4054 6168
219 338 327 405 381
336 364 343 401 ;

215 560 638 638 permolestum.

212 670 269 725 31
342 667 530 723 Posuit
551 666 774 738 pluvias
796 678 993 721 eorum
1010 664 1341 735 grandinem
1371 680 1385 720 :

339 756 520 826 Ignem
537 756 943 811 comburentem
972 756 1030 810 in
1061 763 1212 811 terra
1244 757 1501 827 ipsorum.

272 844 313 900 C
338 843 556 911 Posuit,
584 844 647 898 id
676 847 766 899 est
791 843 1138 911 decrevit,ut
1168 843 1365 916 pluvia
1395 860 1522 916 quae
1552 844 1626 899 ad
1649 843 1844 899 fecun-

211 933 432 990 ditatem
483 931 659 987 terris
704 933 883 988 datur
924 936 1397 989 converterentur
1436 933 1496 988 in
1538 932 1845 1006 grandinis

208 1023 425 1078 noxiam
450 1022 972 1093 vastitatemJgnis
1000 1034 1135 1077 vero
1166 1022 1519 1078 comburens
1551 1022 1846 1094 signiﬁcat

207 1111 459 1180 fulmina,
517 1127 646 1182 quae
695 1109 886 1167 solent
943 1110 1192 1168 excitata
1258 1114 1607 1185 tempestate
1670 1111 1845 1167 desec-

201 1218 329 1256 mre.

200 1299 260 1354 32
324 1302 389 1355 Bt
417 1298 693 1370 percussit
720 1300 908 1353 vineas
934 1314 1125 1355 eorum
1150 1307 1204 1355 et
1222 1299 1493 1370 vﬁculneas
1524 1313 1717 1354 eorum
1749 1316 1769 1354 :

323 1387 391 1442 Et
413 1387 677 1442 contrivit
708 1387 924 1457 tignum
950 1387 1151 1458 ﬁnium
1174 1404 1385 1444 eorum.

259 1486 297 1538 (Ξ
324 1482 479 1552 Quod
506 1483 650 1539 dicit
677 1483 991 1557 percussit,
1037 1485 1111 1540 ad
1143 1485 1485 1559 gandinem
1523 1484 1613 1540 vel
1644 1484 1840 1558 ignem

203 1573 630 1630 comburentem
690 1574 857 1644 refer,
908 1589 982 1629 ne
1020 1578 1216 1630 autem
1269 1579 1505 1631 tantum
1560 1573 1841 1631 ﬁculneae

205 1664 427 1734 putares
458 1677 789 1733 percussas,
823 1661 1049 1718 addidit
1076 1678 1249 1719 omne
1277 1662 1601 1736 lignum,ut
1627 1666 1686 1718 et
1715 1666 1843 1719 sata

201 1767 299 1805 non
327 1749 637 1806 dubitares
664 1766 887 1818 eversa,
915 1751 1016 1806 ubi
1045 1752 1321 1808 arborum
1367 1769 1601 1825 quoque
1632 1753 1843 1809 robora

202 1854 577 1912 cognosceres
607 1837 789 1895 luisse
817 1839 1315 1913 contrita.Majora
1345 1840 1502 1898 enim
1542 1841 1846 1896 continent
1874 1844 1921 1910 Β

206 1926 552 1984 intellectum
580 1926 900 1983 minorum.

198 2016 255 2071 33
318 2017 483 2072 Dixit
512 2020 568 2071 et
596 2018 746 2073 venit
776 2016 984 2072 locusta
1008 2035 1026 2071 :

316 2125 380 2179 Et
409 2122 672 2190 bruchus,
704 2124 861 2194 cujus
887 2141 1000 2180 non
1027 2130 1147 2180 erat
1178 2142 1460 2182 numerus.

256 2214 292 2267 C
319 2212 574 2268 Locusta
604 2215 693 2267 est
722 2216 909 2267 mater
949 2213 1179 2279 bruclii,
1213 2231 1390 2287 quem
1431 2215 1590 2270 mala
1640 2213 1843 2271 fecun-

202 2300 362 2357 ditate
386 2304 743 2374 progenerat
773 2318 900 2373 qua:
931 2302 1002 2357 ad
1034 2302 1195 2358 illam
1218 2303 1673 2376 praedam,quasi
1706 2320 1842 2359 con-

196 2394 415 2445 vocatus
459 2389 915 2461 exercitus,cum
948 2407 1056 2446 sua
1087 2390 1247 2464 prole
1274 2392 1593 2447 descendit.

195 2477 251 2533 3?
316 2482 385 2536 Et
410 2478 654 2536 comedit
678 2494 839 2534 omne
865 2480 1058 2550 fenum
1086 2481 1148 2536 in
1178 2484 1327 2537 terra
1358 2497 1547 2537 eorum
1570 2498 1583 2536 :

425 2569 512 2624 Et
555 2565 785 2623 comedit
827 2574 840 2633 ζ
895 2583 1109 2626 omnem
1151 2577 1207 2636 ἐκ
1252 2572 1497 2641 fructum
1550 2574 1717 2628 terrae
1760 2588 1845 2627 eo-

397 2672 582 2711 rum:

263 2743 393 2801 C'Et
421 2760 506 2800 ne
532 2744 795 2802 crederes
826 2745 1081 2803 inaniter
1108 2747 1426 2804 adductum
1479 2747 1647 2804 illum
1683 2764 1843 2804 exer-

203 2833 386 2902 citum,
451 2833 604 2890 dicit
657 2851 891 2892 omnem
949 2836 1205 2893 fructum
1254 2842 1673 2912 consumptum
1716 2853 1845 2893 esse

202 2924 369 2977 terrae.

201 3010 267 3066 35
330 3012 395 3068 Et
431 3013 710 3080 percussit
764 3029 921 3069 omne
963 3015 1393 3086 primogenitum
1448 3018 1509 3072 in
1562 3022 1707 3072 terra
1754 3032 1843 3072 eo-

395 3117 535 3157 rum
561 3117 581 3156 .’

323 3190 621 3245 Primitias
649 3191 825 3246 omnis
857 3190 1059 3247 laboris
1082 3208 1291 3249 eorum.

260 3278 297 3334 C
320 3277 505 3335 Venit
536 3277 608 3332 ad
637 3277 948 3350 septimam
972 3280 1201 3354 plagam
1228 3283 1285 3337 in
1307 3281 1415 3338 hoc
1438 3282 1666 3356 psalmo
1689 3283 1839 3356 posi-

202 3368 324 3421 tam.
350 3367 553 3423 Movet
606 3365 784 3423 etiam
828 3367 1074 3442 aliquos,
1107 3388 1212 3426 cur
1246 3371 1308 3428 in
1348 3372 1459 3428 isto
1491 3372 1717 3445 psalmo
1749 3391 1837 3430 se-

203 3458 339 3526 ptem
368 3458 780 3524 tantum,cum
811 3456 870 3512 in
901 3457 1075 3514 Exodi
1108 3461 1443 3517 narratione
1473 3462 1839 3531 decem,nar—

201 3545 536 3601 rantur.Sed
567 3544 675 3601 hoc
705 3544 925 3602 factum
956 3552 1045 3603 est
1072 3547 1223 3616 ideo,
1248 3549 1388 3623 quia
1414 3555 1637 3624 septem
1670 3551 1839 3608 bene-

201 3631 315 3688 ﬁcia
342 3632 669 3689 Dominum
714 3633 951 3691 Hebrmo
996 3637 1208 3710 populo
1255 3640 1595 3712 praestitisse
1638 3640 1837 3696 statim

201 3718 446 3777 dicturus
500 3725 636 3778 est:
671 3721 955 3795 praemisit
999 3724 1242 3782 totidem
1296 3726 1496 3801 plagas
1541 3729 1838 3802 (Egyptios

201 3811 511 3883 accepisse.
535 3811 584 3865 A
610 3808 712 3865 Vel
761 3812 903 3884 quia
932 3811 1218 3883 laudanti,
1251 3817 1322 3873 de
1353 3816 1620 3889 pluribus
1652 3835 1839 3890 pauca

202 3896 473 3971 attigisse,
506 3898 767 3968 sufﬁcit;
804 3901 1063 3957 narranti
1093 3904 1454 3970 vero,omnia
1483 3922 1839 3963 commemo-

201 4000 312 4041 rare
328 4004 479 4060 opus
511 3991 627 4043 est.

198 4090 258 4146 ac
321 4095 385 4151 Et
409 4095 643 4152 reduxit
668 4110 755 4151 eos
782 4112 908 4152 cum
927 4106 1151 4171 argento
1178 4103 1233 4156 et
1261 4116 1397 4158 auro
1427 4119 1447 4157 :

322 4184 399 4239 Et
426 4200 543 4241 non
573 4192 697 4240 erat
726 4184 786 4240 in
817 4187 1067 4243 tribubus
1085 4204 1274 4245 eorum
1314 4191 1589 4262 inﬁrmus.

261 4271 299 4323 ϐ
321 4274 554 4328 Aurum
587 4276 647 4328 et
676 4278 985 4347 argentum
1034 4275 1420 4334 Israeliticum
1453 4278 1736 4352 populum
1766 4280 1839 4336 ab

201 4355 469 4433 digyptiis
526 4360 926 4419 discedentem
975 4381 1044 4421 ex
1101 4371 1384 4440 praecepto
1430 4368 1532 4424 Dei
1588 4368 1840 4443 legimus

203 4450 483 4521 accepisse
525 4450 720 4524 (Exod.
757 4451 859 4524 χι),
890 4456 957 4509 ut
1009 4471 1125 4512 non
1158 4457 1463 4529 repentina
1512 4454 1837 4531 subreptio,

204 4534 293 4599 sed
346 4535 538 4612 longa:
590 4539 946 4612 operationis
994 4560 1216 4600 merces
1253 4561 1383 4602 esse
1438 4545 1722 4604 videatur.
1770 4549 1840 4604 Et

201 4625 455 4696 squitur
512 4629 841 4686 secundum
906 4631 1275 4701 beneﬁcium,
1335 4634 1476 4708 quia
1530 4636 1613 4693 ibi
1664 4637 1839 4694 etiam

201 4712 388 4857 Suillius
416 4732 489 4773 ex
510 4717 785 4789 jussione
810 4719 939 4791 ejus
969 4721 1308 4780 inﬁrmitate
1346 4741 1626 4798 corporea
1655 4727 1845 4800 potuit

292 4819 391 4857 un.

292 4819 391 4877 igi.

202 4903 263 4960 37
329 4910 541 4968 Laetata
566 4920 645 4970 est
660 4916 929 4988 ﬂgyptm
958 4918 1020 4972 in
1041 4921 1376 4991 profectione
1400 4927 1456 4987 ξι
1473 4936 1695 4991 eorum;

330 4997 473 5065 Quia
498 5000 753 5058 incubuit
780 5004 945 5061 timor
970 5021 1163 5061 eorum
1190 5025 1354 5081 snper
1378 5026 1485 5066 eos.

265 5083 304 5139 C
328 5086 497 5144 Tunc
509 5088 609 5160 qui
629 5089 688 5145 in
705 5091 949 5166 [Egypto
971 5102 1393 5166 remanserant,
1408 5099 1645 5156 omnino
1668 5100 1843 5158 laetati

211 5179 354 5262 sunt,
388 5178 630 5248 quando
668 5179 754 5234 illi
783 5181 1021 5239 dimersi
1050 5186 1315 5257 sunt,qui
1345 5187 1418 5242 ad
1450 5187 1845 5262 insequendos

208 5257 463 5321 Hebraea
494 5266 578 5322 ire
608 5268 1000 5327 decreverant.
1021 5272 1334 5341 Cur?Quia
1362 5275 1583 5333 similia
1596 5257 1843 5337 minime

208 5352 593 5419 pertulerunt-
622 5357 695 5414 Et
738 5358 1048 5429 timebant,
1099 5364 1240 5437 quia
1283 5368 1342 5421 et
1390 5364 1520 5438 ipsa
1556 5367 1844 5425 elementa

207 5440 411 5533 procis
442 5446 807 5533 pugnabant,
840 5454 905 5504 ut
933 5466 1086 5522 aqua
1113 5452 1313 5522 maris,
1348 5470 1447 5510 aer
1476 5457 1839 5526 tenebrosus,

374 5531 748 5603 comburens,
779 5537 1020 5605 etc.Vel,
1062 5539 1255 5597 lmtata
1288 5546 1378 5599 est
1406 5544 1686 5618 .Egyptus
1717 5565 1842 5620 pro‘

209 5618 325 5685 pter
351 5634 526 5693 apem
556 5621 915 5684 liberationis
937 5644 970 5684 a
1001 5631 1346 5689 morte.ldeo
1375 5633 1533 5691 enim
1564 5650 1664 5693 eos
1685 5618 1841 5693 esire

1420 334 1837 398 EXPOSITIO
1878 331 2395 397 PSALMOHUM.

216 470 538 539 violentior;
568 469 859 544 cinipbes,
904 487 1089 544 genus
1137 468 1393 528 culicum
1452 467 1582 526 ﬁxis
1630 467 1847 526 aculeis
1876 469 1925 535 Α
1961 474 2374 546 coegerunt,ne
2404 468 2618 526 iterum
2649 464 2997 523 homineset
3021 460 3409 538 primogenita
3428 460 3609 521 inter-
3719 532 3731 543 .

3490 326 3633 391 382.

1956 562 2290 618 ﬁcerentur.

1954 652 2024 707 38
2099 650 2378 722 Expendit
2398 651 2598 705 nubem
2628 649 2691 702 in
2714 647 3050 719 proiectione
3071 651 3126 712 σξη
3144 660 3333 701 eorum
3378 652 3394 711 ζ
3440 686 3452 700 .

2096 745 2165 798 Et
2196 742 2375 813 ignem
2406 747 2467 795 ut
2493 740 2678 795 ticeret
2703 743 2758 802 -:-
2777 738 2857 792 eis
2900 743 2913 801 ζ
2952 752 3052 807 per
3080 742 3306 791 noctem.

2026 835 2065 887 C
2094 832 2290 887 Nubes
2318 831 2454 885 data
2481 833 2589 895 est,
2622 832 2689 883 ut
2717 826 2857 883 solis
2904 828 3254 897 temperaret
3296 824 3564 879 ardorem
3590 841 3604 891 ;

1955 922 2109 994 ignis
2141 936 2457 976 concessus
2473 921 2655 985 est,ut
2676 916 3047 973 tenebrarum
3074 913 3360 986 potuisset
3380 913 3609 968 auferre

1955 1009 2287 1084 caliginem.
2331 1009 2399 1064 Et
2443 1007 2552 1063 hoc
2603 1012 2692 1062 est
2739 1005 2976 1062 tertium
3025 1002 3397 1069 beneﬁcium,
3449 1001 3604 1073 quod

1954 1098 2278 1155 Israelitico
2311 1097 2523 1170 pepulo
2555 1100 2784 1152 constat
2808 1111 2936 1151 esse
2966 1108 3332 1150 concessum.

1953 1189 2024 1243 39
2099 1190 2385 1244 Petierunt
2413 1194 2466 1242 et
2491 1188 2639 1242 venit
2658 1186 2917 1241 coturnix
2945 1202 2964 1238 :

2094 1280 2160 1333 Et
2180 1293 2325 1349 pane
2350 1278 2477 1331 caeli
2503 1276 2773 1331 saturavit
2799 1290 2907 1330 eos.
3496 1321 3505 1331 .

2023 1370 2063 1422 C
2112 1367 2399 1439 Superata
2446 1368 2586 1421 sunt
2637 1356 2927 1420 desideria
2980 1360 3325 1435 petentium.
3387 1357 3605 1415 Carnes

1954 1456 2115 1529 petit,
2149 1460 2207 1512 et
2237 1454 2566 1512 coturnices
2599 1452 2822 1525 accepit
2854 1450 3048 1525 (Exod.
3081 1451 3162 1517 vx)
3192 1452 3313 1504 tam
3353 1448 3511 1503 enim
3542 1447 3604 1502 in

1952 1544 2435 1619 quadrupedibus
2467 1560 2645 1617 quam
2692 1540 3030 1597 volatilibus
3072 1554 3279 1594 carnes
3312 1541 3452 1592 sunt
3480 1536 3608 1593 sine

1951 1634 2131 1690 dubio
2162 1632 2744 1705 dulciores),insuper
2765 1634 2823 1687 et
2848 1646 3059 1703 panem
3090 1625 3219 1683 coeli
3252 1628 3606 1698 acceperunt

1951 1724 2139 1797 (Num.
2172 1726 2271 1791 χι).
2306 1723 2455 1777 Sunt
2483 1722 2641 1777 enim
2670 1720 2783 1775 ista
2802 1718 2981 1775 Exodi
3004 1715 3254 1773 lectione
3275 1712 3604 1781 notissima,

1952 1812 2188 1886 quando
2218 1810 2545 1867 coturnices
2595 1810 2654 1866 in
2699 1809 2943 1864 modum
2982 1803 3473 1883 densissimorum
3504 1802 3610 1859 im-

1952 1900 2147 1957 brium
2180 1899 2534 1973 depluerunt
2553 1916 2566 1954 :
2588 1915 2806 1954 manna
2830 1912 3084 1969 quoque,
3117 1898 3185 1951 ut
3210 1891 3493 1949 Judaicus
3512 1907 3608 1965 po-

1953 1989 2129 2064 pulus
2155 1990 2468 2046 satiaretur
2496 1986 2901 2060 depluit,quod
2934 1984 3029 2040 hic
3064 1998 3275 2056 panem
3305 1979 3434 2037 σαεΙί
3466 1979 3610 2036 dicit

1952 2083 2033 2148 (et
2062 2078 2302 2151 optime)
2333 2077 2393 2133 in
2429 2078 2617 2149 ﬁgura
2647 2072 2998 2132 sacramenti
3024 2071 3216 2127 dictus
3237 2073 3327 2126 est
3355 2067 3479 2125 caeli
3509 2085 3607 2141 pa-

1953 2166 2065 2223 nis.
2098 2168 2313 2224 Manna
2342 2166 2500 2223 enim
2531 2163 2763 2231 dicitur,
2797 2163 2928 2237 quid
2960 2169 3039 2217 est
3065 2159 3206 2216 hoc?
3235 2163 3293 2215 et
3321 2162 3605 2230 tanquam

1953 2255 2234 2328 quaerenti
2266 2252 2968 2329 responderetur,dictum
2985 2253 3101 2306 est:
3118 2247 3291 2305 Panis
3312 2245 3564 2303 coelestia
3587 2263 3602 2315 ;

1952 2344 2053 2402 illo
2084 2345 2367 2401 saturavit
2395 2361 2515 2400 eos.

1953 2436 2021 2491 4ο
2100 2436 2349 2506 Disrupit
2374 2438 2591 2507 petram
2616 2441 2669 2490 et
2690 2436 2974 2505 ﬂuxerunt
3001 2443 3164 2502 aquae
3196 2444 3208 2482 :

2099 2526 2375 2580 Abierant
2405 2540 2468 2579 in
2494 2524 2634 2579 sicco
2654 2522 2911 2594 ﬂumina.

2024 2613 2065 2669 Ο
2096 2614 2210 2669 Hoc
2240 2629 2472 2685 quoque
2495 2612 2552 2667 in
2578 2613 2765 2684 ﬁgura
2788 2609 3101 2683 gerebatur
3116 2603 3349 2663 Domini
3370 2600 3604 2668 Christi,

1954 2705 2022 2758 ut
2050 2706 2215 2775 petra
2245 2718 2429 2774 aquas
2458 2700 2817 2774 profudisset
2844 2697 3117 2771 irriguas.
3153 2692 3418 2751 Christus
3447 2690 3605 2748 enim

1956 2790 2237 2847 Dominus
2270 2793 2434 2863 petra
2463 2788 2746 2862 spiritalis
2776 2791 2867 2844 est
2897 2787 2944 2859 (Ι
2974 2787 3095 2842 Cor.
3129 2786 3208 2853 x),
3255 2780 3358 2855 qui
3402 2778 3606 2836 vitales

1954 2897 2138 2953 aquas
2169 2884 2421 2936 emanat.
2468 2880 2602 2945 Quae
2653 2878 2924 2933 abierunt
2967 2875 3026 2930 in
3070 2873 3244 2940 sicco,
3272 2871 3332 2927 id
3382 2875 3493 2940 est,
3541 2869 3603 2926 in

1952 2969 2220 3042 gentium
2251 2972 2601 3041 peccatores,
2632 2968 2733 3040 qui
2765 2964 2970 3021 merito
3002 2962 3141 3019 sicci
3172 2962 3467 3027 dicuntur,
3500 2956 3602 3030 qui

1951 3056 2181 3114 delictis
2213 3056 2518 3113 urentibus
2566 3056 2956 3121 siccabuntur,
2990 3052 3092 3107 sed
3144 3049 3332 3105 imbre
3369 3044 3601 3104 Domini

1949 3147 2169 3203 virente
2195 3146 2255 3201 in
2289 3161 2502 3201 novum
2534 3143 2833 3200 hominem
2864 3138 3251 3214 pullularunt.

1870 3218 1912 3285 Ο
1953 3237 2015 3291 41
2095 3236 2361 3305 Quoniam
2392 3250 2601 3291 memor
2624 3234 2736 3304 fuit
2759 3231 2910 3287 verbi
2940 3229 3116 3285 sancti
3142 3229 3235 3282 sui
3263 3245 3282 3283 :

2087 3334 2143 3391 οὲ·
2164 3325 2312 3394 Quod
2342 3325 2514 3380 habui
2555 3331 2568 3390 ζ
2612 3322 2682 3377 ad
2703 3321 2978 3378 Abraham
3000 3333 3243 3391 puerum
3272 3331 3455 3371 suum.

2018 3414 2066 3470 H
2100 3413 2321 3469 Memor
2368 3411 2478 3467 fuit
2523 3410 2708 3479 verbi,
2740 3410 2896 3483 quod
2954 3404 3215 3479 implevit
3261 3404 3331 3460 de
3379 3418 3601 3460 semme

1946 3500 2159 3574 ejus,id
2190 3504 2278 3557 est
2308 3502 2380 3557 de
2408 3500 2639 3556 Christo
2687 3496 3140 3572 promissionem
3190 3510 3359 3551 suam
3418 3507 3598 3564 quam

1946 3590 2190 3647 Abrahae
2221 3589 2496 3663 promisit
2524 3591 2677 3659 (Gen.
2710 3589 2824 3659 xv).
2857 3590 2897 3643 ϐ
2925 3584 3027 3641 Vel
3071 3599 3312 3640 causam
3343 3581 3599 3637 miracu-

1947 3679 2137 3735 lorum
2171 3679 2461 3734 dictorum
2506 3694 2662 3733 nunc
2693 3674 2912 3732 subdit.
2946 3674 3080 3730 Ideo
3129 3671 3285 3728 enim
3326 3668 3602 3726 dicuntur

1949 3770 2119 3840 facta,
2150 3767 2426 3841 quoniam
2456 3765 2699 3823 Abrahae
2730 3767 2957 3821 constat
2985 3763 3168 3819 fuisse
3200 3758 3509 3833 promissa.

1949 3859 2017 3913 42
2089 3860 2154 3914 Et
2178 3857 2369 3914 eduxit
2395 3856 2660 3929 populum
2687 3870 2851 3910 suum
2879 3855 2940 3909 in
2965 3851 3331 3909 exsultatione
3359 3866 3379 3904 :

2087 3953 2141 4013 ἐ·
2165 3951 2235 4002 Et
2278 3953 2292 4011 ζ
2334 3945 2523 4000 electos
2550 3960 2674 4000 suos
2700 3944 2759 3999 in
2789 3942 3010 4000 laetitia.

2019 4034 2060 4089 C
2089 4032 2297 4090 Eduxit
2324 4032 2535 4088 electos
2558 4048 2697 4088 suos
2736 4030 2795 4086 in
2817 4028 3035 4095 laetitia,
3068 4025 3348 4099 quoniam
3382 4023 3464 4079 illi
3496 4023 3598 4095 qui

1950 4125 2468 4179 murmura‘verunt
2500 4118 2727 4177 Domini
2761 4119 2954 4174 furore
2985 4112 3249 4189 percussi
3277 4114 3436 4178 sunt,
3468 4109 3600 4167 illos

1948 4228 2084 4285 ergo
2108 4229 2224 4268 non
2253 4209 2467 4267 dicitur
2491 4207 2937 4278 eduxisse,quos
2968 4205 3027 4259 in
3049 4218 3243 4260 eremo
3273 4200 3464 4272 culpis
3485 4198 3600 4256 exi-

1947 4301 2223 4375 gentibus
2253 4298 2587 4371 prostravit.

1946 4390 2016 4445 43
2087 4390 2165 4444 Et
2190 4387 2338 4444 dedit
2367 4387 2482 4442 illis
2511 4387 2753 4457 regiones
2776 4384 3025 4456 gentium
3049 4399 3069 4437 .-

2090 4479 2165 4533 Et
2194 4477 2404 4533 labores
2428 4475 2757 4547 populorum
2782 4470 3153 4545 possederunt.

2019 4567 2061 4623 C
2088 4566 2260 4622 Venit
2283 4581 2440 4621 nunc
2461 4564 2531 4620 ad
2555 4563 2874 4636 septimum
2891 4554 3419 4628 beneﬁcium,quod
3442 4552 3598 4632 enim

1952 4655 2095 4712 dicit
2144 4656 2411 4729 regiones
2441 4654 2726 4728 gentium,
2773 4653 2847 4708 ad
2893 4647 3322 4723 possessionem
3369 4644 3600 4699 videtur

1951 4745 2241 4819 pertinere
2270 4750 2598 4811 terrarum;
2634 4742 2864 4798 labores
2911 4754 3045 4795 vero
3094 4734 3467 4810 pepulerum,
3525 4731 3597 4786 ad

1951 4834 2182 4890 divitias
2205 4833 2380 4906 longo
2417 4838 2678 4905 tempore
2706 4831 3107 4901 congregatas.

1951 4925 2019 4979 44
2097 4925 2162 4981 Ut
2186 4923 2494 4980 custodiant
2515 4920 2935 4994 iustiﬁcationes
2958 4917 3074 4989 ejus
3104 4931 3123 4969 :

2095 5016 2162 5068 Et
2190 5013 2355 5083 legem
2387 5011 2505 5083 ejus
2534 5009 2837 5081 requirant.

2022 5105 2063 5156 C
2085 5098 2539 5173 justiﬁcationes
2569 5095 2783 5152 Christi
2817 5096 3046 5160 sunt,ut
3066 5096 3247 5148 Deum
3280 5094 3398 5148 toto
3428 5090 3600 5147 corde

1953 5187 2591 5261 diligamus,proximos
2615 5190 2678 5241 ut
2710 5201 2816 5241 nos
2847 5200 3137 5254 amemus,
3170 5186 3397 5254 patrem
3434 5197 3601 5238 vene-

1953 5279 2294 5335 remur.Lex
2322 5293 2454 5335 vero
2485 5276 2613 5346 ejus
2648 5274 2758 5329 fuit
2796 5274 2890 5329 die
2918 5273 3168 5329 Sabbato
3201 5272 3507 5343 requiesci,
3538 5270 3599 5328 in

1952 5368 2170 5442 pascha
2199 5383 2417 5440 agnum
2464 5362 2778 5420 immolari.
2799 5364 2909 5419 Sed
2941 5363 3061 5419 haec
3092 5362 3433 5436 spiritaliter
3461 5365 3602 5418 sunt

1952 5456 2286 5530 quaerenda,
2317 5455 2447 5511 ideo
2477 5453 2633 5510 enim
2666 5453 2911 5522 addidit,
2943 5453 3263 5526 requirant.

2447 5560 2651 5599 ORATIO
2688 5560 2759 5598 EX
2797 5560 2955 5598 PSAL.
2985 5559 3097 5599 CIV.

2023 5636 2361 5693 Invocantes
2396 5649 2608 5690 nomen
2642 5632 3100 5704 tuum,Domine,
3125 5633 3600 5706 deprecamur,ut
