4068 6160
232 281 376 359 sas
574 297 609 318 “

1499 262 1927 333 EXPOSITIO
1969 264 2497 333 PSALMORUM.

3589 276 3711 343 386

249 416 635 492 peccatorum
660 409 725 467 et
754 404 887 465 odit
908 407 969 463 et
996 404 1277 479 percutit.
1302 402 1575 463 Redemit
1594 404 1941 492 peccatores
1970 403 2024 471 Α
2053 401 2119 455 18
2191 402 2411 492 :lperla
2443 411 2521 458 est
2550 407 2697 461 terra
2725 412 2777 462 et
2801 403 3084 478 deglulivil
3111 408 3325 465 Dathan
3357 426 3377 468 :

250 489 564 577 obnoxios,
597 496 868 581 pretioso
914 494 1235 569 sanguine,
1269 494 1348 550 ab
1397 489 1937 581 imperioqdia‘boli,

246 594 367 651 hoc
395 596 488 647 est
509 590 582 645 de
606 577 801 657 manu
834 582 1180 649 inimioinAd
1200 582 1457 645 litteram
1468 581 1632 637 enim
1658 577 1804 635 illud
1826 578 1942 641 dici

246 700 376 747 non
405 679 797 749 videturmon
828 673 992 739 enim
1021 671 1311 749 (Egyptiis
1336 670 1594 747 pretium
1627 667 1942 724 deditcum

251 772 575 830 liberasset
604 765 870 829 Judazos,
906 761 1068 834 quod
1100 762 1299 817 tamen
1334 759 1601 827 redemit,
1625 757 1943 831 signiﬁcat.

252 855 602 937 prophetico
628 852 820 927 igitur
847 849 1079 915 dictum
1106 847 1423 909 habeatur.

257 961 337 1021 12
400 953 683 1027 stupet-it
709 962 862 1021 aqua
894 946 1229 1009 montanas
1256 961 1348 1004 eos
1376 962 1396 1002 .-

402 1046 561 1107 υκαι
583 1056 661 1103 ea:
684 1040 771 1101 eis
800 1053 915 1097 non
940 1036 1235 1099 remansit.
1834 1074 1839 1079 ι

332 1143 385 1200 Η
412 1141 551 1198 Hoc
580 1153 744 1199 nunc
770 1132 1115 1213 similitudo
1144 1132 1204 1191 in
1227 1135 1435 1191 nostro
1446 1132 1739 1205 baptismo
1752 1132 1947 1203 ﬁt,ubi

252 1230 531 1290 uiuitur
578 1228 766 1287 homo
815 1222 1016 1296 aquis.
1046 1226 1107 1281 et
1142 1221 1308 1295 perit
1356 1221 1628 1281 diabolus
1668 1236 1809 1281 cum
1853 1237 1947 1277 sa-

586 1315 738 1373 euis.
769 1313 819 1371 C
844 1313 936 1370 Ad
962 1311 1222 1371 litteram
1257 1310 1417 1367 enim
1447 1308 1690 1387 planum
1734 1314 1827 1368 est
1857 1309 1948 1366 in-

261 1409 533 1483 telligere
556 1403 885 1463 historiam
902 1399 1194 1459 nascenti.

266 1501 337 1557 13
413 1498 481 1554 Et
510 1493 874 1553 crediderunt
897 1497 955 1557 σξ-
1004 1490 1062 1544 in
1105 1496 1121 1555 ζ
1170 1490 1354 1547 verbis
1379 1490 1505 1548 elus
1536 1508 1550 1546 :

412 1589 481 1644 Et
510 1583 891 1642 ludam
917 1577 1137 1639 tam
1167 1578 1307 1650 ejus.

337 1679 384 1734 ϐ
413 1676 487 1732 Et
534 1670 946 1735 crediderunt,
992 1664 1277 1725 duritiam
1324 1667 1391 1729 in
1444 1667 1556 1727 hoe
1606 1667 1804 1727 cordis
1854 1665 1953 1721 de-

270 1767 592 1832 monstrat,
626 1759 789 1834 quod
831 1764 981 1817 non.
1006 1759 1139 1815 ante
1187 1760 1466 1818 eventum
1508 1757 1615 1825 rei,
1663 1757 1769 1815 sed
1823 1758 1957 1827 post
1982 1771 2035 1837 Β

268 1859 502 1915 factm
524 1850 945 1909 masculorum
974 1845 1205 1905 credam
1226 1845 1662 1907 maluemutEt
1687 1844 1960 1905 laudave-

274 1950 440 2012 runt,
483 1941 715 2003 uilieet
763 1937 1093 1994 cuneum:
1144 1933 1466 1994 Bussenius
1517 1935 1797 2000 Domino,
1839 1931 1962 2006 glo-

278 2038 436 2093 riose
462 2032 623 2091 enim
650 2029 990 2086 honoratus
1006 2027 1103 2081 est
1129 2024 1325 2097 (Exod.
1358 2028 1473 2095 xv).
1500 2077 1515 2092 ,

282 2145 353 2201 Η
418 2141 549 2201 Cito
573 2145 629 2204 *Ξ-
672 2136 933 2211 focorum
967 2137 982 2202 ζ
1024 2132 1194 2189 obliti
1214 2139 1350 2189 sunt
1366 2148 1593 2205 operum
1628 2135 1747 2207 eius
1780 2151 1799 2188 :

426 2232 545 2288 Non
572 2212 962 2284 εαειεηυενιιηι
988 2223 1283 2280 milium
1310 2222 1447 2294 ejus.
1647 2215 1651 2219 '

350 2319 403 2377 ϐ
424 2318 554 2375 cito
584 2316 878 2384 fecerunt,
908 2327 976 2368 ac
1007 2311 1059 2367 si
1089 2310 1348 2368 diceret:
1382 2310 1638 2369 Summa
1666 2312 1967 2369 celeritate

288 2409 507 2469 mutati
538 2408 697 2474 sunt,
720 2408 790 2462 ut
812 2400 924 2477 qui
950 2401 1202 2458 Dommo
1228 2399 1303 2456 de
1332 2398 1557 2457 rolletis
1584 2400 1967 2459 mirabilibus

290 2496 507 2558 laudes
549 2494 866 2561 canebant,
919 2493 1072 2565 post,
1126 2489 1411 2547 nefandas
1458 2491 1968 2548 murmurationes

288 2579 1064 2647 sssumebuntllonsiﬁum
1096 2581 1472 2635 mutaverunt
1520 2578 1580 2635 in
1631 2585 1966 2653 peccatum,

292 2681 438 2736 dum
470 2675 637 2750 prius
671 2673 1255 2749 desperarentquam
1287 2667 1417 2739 ejus
1446 2672 1653 2740 parata
1680 2669 1971 2728 beneﬁcia

295 2761 1032 2843 provenissent.Petierunt
1056 2757 1221 2814 enim
1251 2771 1447 2812 escam
1466 2757 1579 2813 sub
1609 2758 1968 2847 difﬁdentia,

303 2853 574 2931 quamvis
611 2856 769 2919 ante,
802 2849 1030 2906 nullam
1064 2849 1281 2905 famem
1331 2851 1530 2903 essent
1558 2848 1973 2923 passi,divina

296 2958 536 3019 θεωρεῖ·
560 2941 839 3015 largitate
886 2937 1063 3013 pasti.
1100 2936 1187 2994 Ita
1228 2932 1403 2991 hodie
1450 2934 1646 3004 multi,
1681 2939 1823 2995 dum
1856 2938 1971 2994 sibi

299 3018 490 3094 nimia
538 3030 917 3090 destinatione
975 3018 1304 3101 provident,
1366 3024 1585 3082 incauti
1645 3028 1972 3085 divinitatis

304 3121 757 3199 dispositionem
784 3116 1136 3191 anticipant.

316 3234 389 3289 15
458 3228 529 3289 Et
552 3228 946 3302 concupierunt
967 3222 1467 3296 concupiscentiam
1499 3224 1558 3280 in
1587 3223 1793 3287 deserto
1820 3246 1843 3282 :
1936 3304 1949 3319 ι

447 3322 513 3376 Et
541 3322 887 3379 ten‘taverunt
914 3318 1092 3371 Deum
1122 3314 1185 3368 in
1217 3314 1500 3385 inaguoso.

380 3417 421 3473 C
449 3415 521 3473 Et
549 3413 974 3487 concupierunt
1003 3409 1680 3484 conoupiscentias,cum
1712 3414 1971 3487 postula-

314 3507 460 3562 bant
486 3504 597 3571 sibi
629 3502 754 3563 dari
780 3502 891 3559 sub
922 3497 1499 3561 murmurationibus
1527 3515 1748 3573 aquam
1789 3507 1848 3560 et
1875 3520 1977 3560 co-

312 3593 726 3663 messationem
760 3590 820 3648 in
866 3590 1095 3663 deserto
1142 3584 1334 3660 (Exod.
1369 3588 1483 3659 xv).
1517 3588 1789 3649 Ostendit
1816 3593 1976 3650 enim

308 3682 632 3758 geminatio
661 3681 970 3738 verborum
1002 3678 1371 3736 nimietatem
1403 3676 1705 3737 desiderii.
1739 3682 1808 3738 Et
1849 3688 1977 3741 ten-

308 3774 583 3841 taverunt
630 3771 689 3828 in
738 3771 1047 3844 inaquoso.
1088 3765 1139 3824 H
1187 3766 1438 3825 Siccitas
1488 3765 1649 3825 enim
1700 3771 1785 3827 eis
1832 3778 1984 3865 erat,

309 3864 453 3938 quia
481 3880 595 3929 non
626 3858 1024 3934 agnoscebant
1056 3857 1463 3931 irrigationem
1496 3860 1689 3915 sancti
1719 3857 1981 3933 Spiritus

310 3953 374 4008 in
404 3949 677 4011 columna
706 3947 902 4016 nubis,
930 3964 1058 4021 quae
1089 3944 1460 4022 praecedebat
1489 3961 1612 4006 eos.

318 4053 387 4117 16
458 4050 523 4107 Et
550 4047 692 4107 dedit
721 4047 801 4113 eis
823 4046 1148 4121 petitionem
1178 4045 1429 4117 ipsorum
1460 4060 1476 4097 :

461 4138 525 4201 Et
550 4137 698 4194 misit
724 4136 1068 4199 saturitatem
1096 4134 1156 4188 in
1184 4133 1408 4187 animas
1436 4146 1649 4191 eorum.

391 4235 436 4293 C
464 4233 702 4301 Duobus
727 4232 884 4309 enim
914 4229 1385 4299 modisanimam
1403 4226 1655 4293 dicimus
1676 4234 1974 4305 satiatam,

323 4341 465 4391 cum
490 4322 645 4389 oecis.
669 4320 1069 4395 corporalibus
1097 4335 1201 4395 pro
1231 4315 1431 4377 carnis
1462 4316 1805 4383 inﬁrmitate
1851 4325 1979 4383 reﬂ-

325 4415 497 4485 citur,
526 4416 587 4475 et
616 4428 753 4479 eum
797 4408 1052 4483 spiritali
1072 4400 1447 4489 iucunditate
1483 4411 1831 4484 completur.
1865 4414 1975 4475 Sed

2189 489 2251 544 Et
2287 494 2514 563 aperuit
2540 510 2701 566 super
2730 499 3201 567 congregationem.
3219 499 3440 556 Abiron.

2121 580 2164 635 ll
2212 580 2444 651 Aperta
2497 589 2583 638 est
2612 589 2782 652 terra,
2833 588 2984 643 facta
3030 594 3171 645 sunt.
3219 589 3338 644 hcce
3387 587 3710 645 secundum

2051 669 2343 737 litteram,
2375 671 2474 727 sed
2507 676 2564 727 et
2614 690 2770 731 nunc
2799 680 2962 732 vorat
2992 693 3090 734 eos
3129 681 3303 745 terra,
3337 678 3437 749 qui
3486 681 3716 737 teraena

2050 758 2337 832 sapiunt;
2372 762 2430 815 et
2472 762 2757 818 recedunt
2798 781 2833 821 a
2879 766 3172 822 mandatis
3220 766 3358 835 Dei;
3401 782 3549 838 quos
3598 781 3715 825 non

2054 844 2361 905 illuminat
2389 848 2578 923 gratia
2609 849 2862 923 Spiritus
2895 854 3101 926 sancti,
3126 854 3227 910 sed
3256 853 3523 911 accendit
3546 852 3713 915 ﬂam-

2056 953 2155 995 ma
2184 936 2434 1009 peccati.

2058 1025 2127 1081 19
2199 1027 2270 1103 ξι
2297 1028 2509 1085 exarsit
2537 1027 2685 1099 ignis
2711 1032 2771 1084 in
2801 1047 3080 1104 synagoga
3100 1047 3325 1089 eorum:

2200 1117 2451 1172 Flamma
2483 1117 2774 1174 combussit
2798 1130 3120 1191 peccatores.

2131 1204 2174 1259 C
2202 1204 2433 1260 Exarsit
2461 1203 2614 1279 ignis
2645 1205 2756 1263 hoc
2795 1208 3015 1265 factum
3065 1212 3154 1264 est
3203 1224 3404 1280 supra,
3436 1209 3719 1270 ducentos

2060 1292 2501 1366 quinquaginta
2530 1293 2719 1351 socios
2751 1295 2979 1353 Dathan
3007 1302 3065 1352 et
3099 1296 3337 1366 Abiron,
3373 1300 3471 1372 qui
3517 1318 3721 1359 eorum

2061 1380 2377 1437 infeliciter
2405 1386 2539 1438 vota
2568 1384 2751 1439 secuti
2778 1376 3237 1442 sunthlamma
3268 1386 3421 1445 dicta
3446 1395 3533 1448 est
3562 1408 3595 1447 a
3628 1391 3725 1455 fla-

2062 1469 2217 1544 gello
2247 1487 2547 1527 comarum
2580 1474 3188 1547 suarum.Synagoga,
3205 1491 3335 1534 vero
3360 1476 3453 1537 hic
3484 1497 3724 1556 congre-

2064 1560 2363 1634 gationem
2392 1561 2687 1617 sociorum
2718 1562 2955 1619 Dathan
2986 1566 3043 1618 et
3064 1561 3278 1621 Abiron
3308 1565 3615 1643 significat.

2060 1650 2138 1704 20
2209 1657 2264 1716 σεε
2315 1654 2380 1707 Et
2421 1651 2438 1716 ζ
2485 1651 2735 1722 fecerunt
2767 1652 2827 1707 in
2862 1651 3073 1709 Choreb
3103 1671 3122 1708 :
3594 1678 3603 1684 ο

2211 1740 2277 1795 Et
2303 1741 2665 1797 adoraverunl
2694 1741 2987 1813 sculptile.
3314 1736 3329 1745 “

2143 1828 2184 1884 C
2214 1828 2437 1885 Cboreb
2465 1828 2900 1902 interpretatur
2932 1832 3302 1907 calvaria,ubi
3334 1846 3536 1915 postea
3551 1840 3737 1902 Judei

2070 1917 2391 1973 Dominum
2423 1918 2873 2011 cruciﬁxerunt,
2916 1926 2983 1979 ut
3016 1923 3072 1981 in
3105 1929 3303 1988 eodem
3332 1932 3587 2005 nomine,
3612 1937 3737 2011 jam

2070 2009 2215 2061 tunc
2244 2007 2302 2063 in
2336 2006 2436 2064 illo
2457 2008 2685 2065 deserto
2715 2006 2987 2082 Choreb,
3019 2017 3302 2079 culturam
3351 2023 3451 2083 Dei
3491 2006 3743 2090 nefanda

2072 2096 2527 2184 praesumptione
2557 2095 2884 2165 violarent,
2925 2118 3168 2175 quorum
3201 2115 3511 2184 posteritas
3540 2119 3744 2176 eratin

2075 2181 2204 2239 loco
2254 2183 2513 2241 calvaria
2566 2184 2938 2245 crucifixura
2980 2181 3319 2259 Dominum.
3351 2205 3747 2268 Adoraverunt

2075 2272 2369 2373 sculptile,
2405 2291 2520 2332 non
2552 2275 2612 2330 in
2642 2275 2908 2347 deserto,
2944 2285 3045 2339 sed
3080 2285 3139 2342 in
3192 2294 3345 2347 terra
3375 2301 3579 2367 postea
3624 2316 3749 2373 pro-

2077 2379 2402 2419 (11188101118.

2074 2452 2141 2506 21
2222 2454 2664 2512 Etmutaveruul
2691 2454 2939 2525 gloriam
2980 2447 3184 2521 suam:
3212 2469 3270 2525 in
3321 2471 3746 2535 similitudinem

2296 2538 2481 2599 vituli.

2226 2631 2562 2688 Comedentls
2589 2634 2802 2703 fenum.

2151 2721 2194 2812 ς]
2221 2721 2423 2812 Gloria
2451 2738 2652 2812 eorum
2685 2721 2794 2777 fuit
2822 2725 3066 2783 adorata
3097 2730 3397 2804 divinitas,
3429 2755 3607 2812 quam
3651 2744 3743 2799 in.

2080 2808 2236 2901 felici
2268 2810 2725 2867 commutatione
2754 2814 3088 2884 perdentes,
3121 2835 3308 2890 usque
3340 2825 3412 2879 ad
3447 2808 3572 2883 hoc
3608 2846 3738 2901 per-

2078 2899 2277 2956 venire
2332 2904 2700 2972 meruerunt,
2756 2904 2820 2956 ut
2876 2902 3211 2962 deserentes
3268 2909 3397 2966 oculi
3455 2899 3738 2989 terrm—que

2081 2990 2435 3060 Creatorem,
2469 2989 2652 3046 Deum
2702 2990 2814 3047 sibi
2869 2992 3143 3056 facerent.
3178 2996 3631 3057 similitudinem
3657 3003 3737 3058 vi-

2081 3079 2191 3134 tuli
2225 3081 2424 3135 fenum
2456 3078 2837 3135 comedentis.

1996 3145 2046 3212 (ἶ
2081 3171 2155 3224 22
2231 3168 2402 3225 Obliti
2429 3172 2557 3225 sunt
2584 3170 2756 3225 Deum
2783 3171 2882 3241 qui
2906 3172 3137 3228 salvavit
3155 3188 3242 3228 eos
3270 3191 3290 3229 :

2227 3260 2335 3327 Qui
2362 3260 2493 3331 fecit
2521 3259 2807 3331 mag-notia
2836 3260 2898 3314 in
2921 3261 3148 3333 ngypto
3178 3263 3483 3321 mirabilia.

2225 3353 2292 3405 In
2320 3357 2467 3404 terra
2500 3347 2677 3404 Cham
2708 3366 2727 3403 :
2759 3350 3037 3406 terribilia
3066 3352 3128 3406 in
3157 3368 3309 3409 mare
3338 3354 3537 3410 Rubro.

2155 3437 2201 3495 Η
2232 3436 2409 3495 Obliti
2439 3440 2581 3494 sunt
2609 3437 2939 3511 Deum:qui
2971 3440 3292 3521 verberavit
3318 3441 3524 3500 multis
3546 3438 3737 3519 plagis

2084 3530 2493 3602 Egyptummt
2521 3542 2697 3583 suum
2730 3527 3013 3599 populum
3044 3527 3343 3586 liberaret:
3362 3535 3422 3588 et
3451 3531 3736 3591 miracula

2087 3618 2144 3672 in
2179 3623 2333 3674 terra
2362 3617 2544 3675 Gham
2575 3617 2695 3673 sive
2723 3615 3000 3675 Chanaan
3034 3618 3330 3689 fecit,cum
3360 3621 3561 3693 ejectis
3590 3638 3734 3699 gen-

2086 3707 2246 3762 tibus
2276 3706 2437 3778 ipsos
2468 3706 2525 3761 in
2553 3722 2754 3762 eorum
2789 3710 2946 3764 terra
2975 3706 3278 3780 plantavit.
3312 3710 3735 3787 Terribiliaque

2088 3795 2225 3851 fecit
2255 3795 2315 3850 in
2345 3794 2665 3863 mari,cum
2695 3795 2999 3854 Pharaone
3029 3798 3315 3856 exstincto
3363 3797 3447 3857 sic
3476 3817 3610 3858 eum
3633 3818 3735 3876 po-

2086 3883 2242 3959 pulis
2271 3884 2567 3957 praebebat
2596 3884 2914 3941 incessum.

2085 3976 2157 4031 23
2231 3978 2296 4031 Et
2322 3973 2469 4029 dixit
2497 3980 2557 4029 ut
2582 3973 2913 4045 disperderet
2931 3990 3016 4031 eos
3038 3994 3057 4030 :

2228 4065 2294 4120 Si
2313 4079 2425 4119 non
2451 4061 2653 4134 Moyses
2689 4063 2887 4119 electus
2933 4064 3052 4136 ejus
3101 4068 3329 4124 stetisset
3369 4085 3426 4124 tu
3478 4072 3736 4142 confrac-
3802 4120 3813 4125 μ

2299 4153 2442 4209 tione
2469 4152 2532 4206 in
2559 4160 2840 4223 composta
2868 4153 3007 4224 ejus.

2158 4243 2204 4298 H
2234 4240 2479 4297 Attende
2507 4238 2638 4307 hoc,
2670 4257 2703 4295 ο
2733 4241 3005 4297 sacerdos
3034 4259 3047 4297 :
3085 4242 3332 4315 perisset
3358 4242 3519 4302 'euim
3549 4263 3735 4321 popu-

2084 4329 2321 4398 lus,nisi
2351 4327 2679 4417 mitigasset
2708 4329 3113 4403 Moysesiram
3145 4330 3245 4387 Dei
3266 4351 3280 4389 :
3303 4337 3360 4389 et
3386 4338 3450 4391 tu
3482 4351 3616 4391 cum
3649 4335 3734 4391 vi-

2085 4419 2243 4476 deris
2273 4416 2557 4491 populum
2590 4416 3055 4490 delinquentem,
3088 4424 3376 4479 annuntio
3424 4424 3476 4479 ei
3526 4423 3738 4481 delicta

328 4505 425 4562 hic
448 4502 680 4567 animus
708 4515 915 4561 eorum
946 4497 1088 4561 dicit
1114 4497 1396 4573 carnibus
1423 4500 1684 4587 potaque
1735 4502 1975 4577 sagiaa-
2005 4521 2054 4587 D
2085 4525 2193 4568 sua
2226 4524 2239 4564 :
2273 4509 2330 4564 et
2357 4511 2445 4563 sta
2473 4508 2535 4562 in
2564 4506 2866 4577 fractione,
2897 4506 2957 4564 id
2989 4513 3080 4564 est
3107 4508 3168 4565 in
3216 4512 3475 4586 periculo
3526 4529 3738 4587 rogans

328 4598 441 4660 tas,
473 4595 540 4648 ut
564 4606 766 4648 eorum
794 4586 1065 4651 voluntas
1094 4588 1409 4662 desperata
1437 4586 1612 4647 rebus
1632 4591 1976 4665 emergenti-

331 4773 398 4829 17
467 4772 535 4827 Et
562 4772 921 4831 irritavertml
951 4770 1175 4845 Moysen
1206 4768 1268 4824 in
1296 4767 1491 4825 castris
1522 4785 1536 4825 :

469 4859 647 4933 daren
668 4864 923 4925 sanctum
946 4857 1187 4916 Domini.

396 4957 445 5021 (ἶ
875 4954 1095 5020 ventris
1116 4957 1323 5015 secuta
1345 4956 1441 5009 est
1469 4953 1836 5028 seditio,quze
1853 4956 1977 5030 ple.

330 5062 586 5121 rumque
606 5043 1007 5120 Wlwum
1028 5043 1498 5117 .pernioiosorum
1523 5060 1731 5107 causas
1747 5047 1974 5105 excitat.

332 5135 839 5209 nimiam
866 5132 1121 5203 dicimus
1150 5133 1223 5193 ad
1254 5124 1621 5197 iracundiam
1660 5137 1979 5207 provocari,

339 5223 901 5293 inﬂmemntedm
948 5222 1106 5283 viros
1128 5224 1368 5285 sanctos
1397 5219 1625 5278 Dathan
1654 5227 1713 5279 et
1738 5223 1955 5283 Abiron

336 5307 410 5375 qd
434 5305 741 5381 mter-itum,
772 5320 946 5363 suum
976 5304 1162 5376 (Nam.
1193 5302 1334 5376 xvx),
1364 5300 1503 5375 quia
1547 5318 1654 5375 per
1702 5304 1981 5363 invidiam

330 5393 907 5471 legebanturauod
937 5391 1184 5470 Dominp
1214 5388 1582 5465 displicebat.
1607 5392 1677 5448 Et
1703 5391 1815 5452 hoc
1845 5410 1980 5450 con-

333 5501 481 5560 grue
512 5484 665 5540 inter
702 5482 907 5543 laudes
933 5481 1043 5539 Dei
1064 5480 1322 5558 ponitur,
1350 5479 1494 5555 quia
1539 5497 1680 5540 suos
1728 5484 1982 5545 famulos

334 5571 669 5633 vindicasse
699 5570 1045 5631 declaratur.

2085 4596 2423 4663 Dominum,
2455 4598 2521 4651 ut
2545 4600 2843 4653 avertatur
2870 4597 3034 4654 furor
3062 4599 3191 4672 ejus
3222 4602 3295 4658 ab
3325 4602 3431 4659 eis.

2080 4688 2152 4744 24
2228 4688 2294 4745 Ut
2321 4694 2584 4743 averteret
2612 4688 2757 4743 iram
2788 4689 2903 4759 ejus
2930 4705 3000 4745 ne
3027 4689 3359 4768 disperderet
3385 4707 3473 4747 eos
3502 4711 3522 4747 .-

2226 4778 2292 4832 El
2306 4792 2408 4849 pro
2441 4776 2616 4831 nihilo
2646 4774 2957 4831 habuerunt
2988 4781 3192 4833 terram
3221 4778 3655 4836 desiderabilem.
3716 4772 3725 4775 ⁷

2158 4866 2198 4921 C
2230 4866 2336 4922 Pro
2365 4864 2549 4921 nihilo
2581 4863 2917 4919 habuerunt
2944 4864 3328 4935 terramzquia
3353 4882 3584 4937 semper
3613 4882 3737 4924 car-

2087 4954 2298 5011 naliter
2323 4954 2450 5009 visa
2479 4957 2535 5008 et
2567 4951 2773 5007 audita
2803 4952 3264 5024 cegitabant,sed
3296 4954 3528 5011 adverte
3559 4972 3738 5030 quam

2087 5043 2243 5101 bona
2270 5042 2374 5098 illa
2400 5045 2555 5098 terra
2575 5038 3261 5108 fuerit,utdesiderabilis
3282 5060 3410 5100 esse
3426 5044 3740 5106 diceretur.

2090 5133 2137 5188 H
2168 5131 2345 5189 Terra
2375 5128 2531 5188 enim
2560 5127 2878 5186 viventium
2919 5132 3026 5197 est,
3061 5147 3238 5205 quam
3289 5133 3740 5193 desiderabilem

2088 5220 2265 5278 dicit:
2299 5236 2477 5293 quam
2508 5235 2613 5291 pro
2639 5215 2822 5274 nihilo
2853 5218 3316 5295 habebant,quia
3345 5222 3521 5280 istam
3552 5226 3742 5281 trans-

2088 5309 2322 5367 itoriam
2352 5308 2742 5382 diligebant.C
2772 5308 2874 5364 Vel
2906 5314 3060 5368 terra
3092 5310 3206 5369 ista
3236 5317 3439 5371 sancta
3469 5330 3741 5386 corpora-

2090 5399 2424 5473 lis,propter
2453 5398 2735 5471 mysteria
2762 5399 3181 5474 redemptionis
3211 5406 3423 5460 nostris
3454 5403 3739 5461 desidera-

2091 5488 2227 5546 bilis
2256 5486 2719 5563 intelligentibus
2750 5488 2863 5546 fuit
2895 5507 2909 5549 :
2942 5490 3062 5550 illis
3090 5508 3223 5551 vero
3255 5491 3436 5561 nulla,
3451 5492 3555 5567 qui
3583 5492 3641 5549 in
3671 5506 3740 5548 ea

2092 5576 2239 5644 nihil
2271 5576 2533 5659 spiritale
2563 5584 2894 5642 senserunt.
