4068 6160
411 311 531 376 387

409 449 486 504 25
557 449 669 501 Ναί
703 444 1047 500 fraudem”:
1079 440 1238 497 verbo
1266 441 1384 512 ejus
1411 459 1434 494 .'

557 539 620 594 Et
649 539 1132 591 murmuraverunt
1151 533 1212 586 in
1243 529 1608 586 tabernaculis
1634 530 1780 586 suis:

557 627 674 681 Non
701 622 1072 682 exaudierunt
1093 635 1272 675 vocem
1303 619 1548 674 Domini.

485 713 528 772 C
557 714 684 770 Non
716 711 1086 768 crediderunt
1113 708 1173 763 in
1202 707 1378 763 verbo
1410 707 1570 778 ejus:
1591 705 1804 762 Filium
1834 704 2060 780 signifi-

410 803 626 872 eat,eui
658 801 822 876 plebs
853 796 1279 856 nefandissima
1311 812 1425 851 non
1439 794 1837 852 credebat.Vel
1864 793 2062 852 hoead

411 891 687 955 litteram,
723 887 861 962 quia
891 887 1019 942 ideo
1060 885 1533 950 murmurabant,
1565 882 1704 956 quia
1745 883 1876 956 ejus
1925 900 2058 956 pro-

409 977 793 1038 missionibus
824 975 1067 1034 minime
1095 974 1328 1030 credere
1357 971 1872 1029 maluerunt.Dum
1903 988 2061 1028 mur-

409 1067 770 1126 murationes
793 1065 1157 1132 exercebant,
1188 1079 1389 1120 vocem
1443 1061 1674 1118 Domini
1722 1060 2059 1117 nullatenus

409 1155 740 1215 audierunt.
777 1157 838 1212 In
866 1151 1263 1211 tabernaculis
1293 1167 1428 1207 vero
1459 1150 1626 1206 dicit:
1647 1155 1712 1206 ut
1742 1151 1849 1206 hoc
1880 1149 2060 1205 conti-

405 1249 564 1322 gisse
593 1247 1028 1310 videretur,non
1061 1241 1596 1307 laborantibus,sed
1627 1238 2057 1310 otiosis.Majus

407 1337 562 1394 enim
597 1336 817 1393 crimen
850 1337 962 1401 est,
993 1349 1128 1388 cum
1160 1345 1531 1386 murmurare
1561 1328 1805 1401 contigit
1825 1327 2051 1384 otiosis.

407 1428 479 1483 26
551 1427 616 1482 Et
642 1425 872 1482 elevavit
888 1438 1117 1478 manum
1139 1437 1298 1476 suam
1322 1434 1486 1491 super
1513 1434 1599 1475 eos
1630 1434 1644 1472 :

551 1517 614 1572 Ut
638 1519 1001 1585 prosterneret
1031 1525 1114 1565 eos
1143 1510 1200 1563 in
1233 1507 1462 1564 deserto.

476 1601 518 1658 C
553 1599 801 1658 Elevavit
831 1615 1093 1654 manum:
1114 1597 1207 1652 hic
1221 1595 1457 1668 justitia
1485 1594 1714 1651 Domini
1746 1593 2052 1668 praemitti-

402 1695 522 1758 tur,
554 1696 620 1746 ut
647 1693 845 1747 secuta
875 1688 1060 1760 pietas
1091 1684 1316 1758 majore
1342 1683 1526 1757 gloria
1557 1683 1864 1739 sentiatur.
1901 1682 2053 1739 Dicit

403 1780 562 1837 enim
592 1777 979 1836 insurrexisse
1010 1773 1240 1832 Domini
1271 1775 1711 1846 potestatem,ut
1730 1771 2052 1828 vindicaret

401 1869 463 1926 in
494 1867 929 1935 excedentibus,
961 1881 1176 1938 eosque
1220 1866 1632 1936 prosterneret,
1669 1865 1727 1918 et
1775 1859 1890 1918 alia
1920 1878 2049 1934 quae

399 1961 730 2031 sequuntur
759 1957 990 2013 faceret.

397 2050 469 2104 27
539 2049 606 2118 Et
634 2054 695 2104 ut
721 2046 975 2118 dejiceret
998 2058 1180 2100 semen
1211 2058 1397 2099 eorum
1421 2042 1481 2096 in
1506 2041 1828 2100 nationibus
1859 2057 1878 2096 :

538 2138 601 2192 Et
631 2137 960 2208 dispergeret
987 2149 1074 2190 eos
1104 2135 1166 2188 in
1192 2133 1524 2202 regionibus.

468 2225 515 2281 H
547 2224 802 2297 Dispersi
835 2225 974 2279 sunt
1001 2221 1158 2277 enim
1188 2219 1372 2276 Judaei
1407 2220 1464 2274 in
1499 2217 2042 2290 diversispartibus,

395 2318 464 2370 ut
493 2312 810 2385 aliquando
841 2309 1338 2376 bumiliati,suum
1358 2307 1670 2362 Dominum
1693 2304 1858 2378 plebs
1879 2306 2046 2366 casti-

396 2407 532 2476 gata
555 2398 1068 2474 cognosceret.Sed
1100 2403 1156 2453 et
1187 2396 1283 2452 ille
1313 2395 1690 2468 dispergitur,
1713 2396 1883 2466 cujus
1912 2412 2041 2453 sen-
2087 2436 2094 2447 .

396 2509 499 2548 sus
546 2489 707 2547 omni
755 2493 925 2545 vento
973 2487 1168 2544 inanis
1215 2484 1410 2560 gloriae
1441 2483 1529 2540 vel
1569 2483 1904 2557 cupiditatis
1933 2483 2042 2541 cir-

393 2581 733 2638 cumfertur.
1603 2593 1608 2598 ·
2024 2587 2034 2593 ·

392 2672 464 2727 28
537 2675 606 2728 Et
633 2669 850 2726 initiati
875 2676 1004 2724 sunt
1033 2665 1361 2738 Beelphegor
1386 2681 1400 2720 :

535 2761 602 2816 Et
627 2759 974 2817 comederunt
995 2756 1266 2828 sacriﬁcia
1286 2763 1646 2811 mortuorum.

464 2850 511 2906 H
542 2850 614 2906 Et
640 2847 855 2904 initiati
889 2851 1046 2913 sunt,
1081 2845 1139 2900 id
1171 2848 1280 2910 est,
1313 2842 1414 2916 qui
1445 2843 1561 2898 Deo
1591 2859 1653 2898 se
1701 2858 2041 2902 consecrare

390 2939 740 3007 debuerunt,
773 2936 903 2992 ideo
933 2933 1288 3008 Beelphegor
1324 2932 1560 2999 initiati,
1601 2932 1656 2988 id
1705 2937 1795 2987 est
1835 2948 2038 2988 conse-

389 3027 532 3085 crati
565 3031 706 3084 sunt
734 3042 748 3081 :
782 3029 839 3081 et
863 3024 962 3098 qui
997 3039 1206 3098 panem
1231 3022 1426 3078 vivum
1444 3021 1666 3078 esurire
1689 3020 2036 3089 debuerunt,

389 3121 755 3174 mortuorum
785 3112 1073 3172 sacriﬁcia
1101 3111 1500 3168 comederunt.

382 3207 456 3264 29
529 3208 596 3263 Et
621 3207 984 3262 irritaverant
1015 3219 1140 3258 eum
1167 3203 1226 3257 in
1258 3199 1738 3256 adinventionibus
1759 3201 1878 3256 suis
1909 3217 1926 3253 :

531 3296 596 3350 Et
624 3295 993 3365 multiplicata
1021 3298 1096 3346 est
1125 3293 1184 3346 in
1207 3291 1287 3346 eis
1316 3291 1503 3345 ruina.

461 3384 508 3439 Η
542 3381 918 3440 Irritaverunt
945 3395 1079 3434 eum
1113 3379 1172 3434 in
1203 3376 1716 3434 adinventionibus
1746 3377 1894 3443 suis,
1920 3377 2031 3433 sci-

389 3471 528 3528 licet
557 3469 864 3542 perversis,
894 3472 952 3523 et
979 3466 1268 3523 idolorum
1301 3465 1472 3521 ruina
1516 3463 1916 3538 multipliciter
1944 3470 2035 3522 est

389 3562 560 3618 facta.
590 3559 636 3614 A
665 3557 768 3613 Vel
799 3555 1185 3628 multiplicata
1207 3561 1298 3611 est
1327 3553 1386 3610 in
1415 3553 1500 3610 eis
1531 3555 1700 3611 ruina
1725 3571 1736 3610 :
1771 3554 1910 3626 quia
1929 3572 2033 3628 pro

387 3646 755 3723 gravioribus
787 3645 910 3702 suis
942 3644 1194 3717 peccatis
1223 3642 1458 3716 gravius
1487 3644 1887 3700 vastabantur.

387 3739 459 3794 30
529 3739 594 3792 Et
621 3737 764 3792 stetit
785 3735 1015 3790 Phinees
1042 3741 1096 3790 et
1117 3733 1360 3806 placavit
1393 3749 1406 3788 :

531 3827 598 3881 Et
621 3825 850 3880 cessavit
877 3824 1169 3896 quassatio.

458 3914 502 3970 Ο
527 3913 696 3971 Stetit
726 3913 972 3969 Pbinees
1003 3931 1020 3966 :
1051 3911 1161 3967 hoc
1191 3911 1430 3968 verbum
1465 3909 1645 3978 stetit,
1676 3909 2030 3968 soliditatem

388 4001 603 4060 mentis
655 4001 930 4070 ostendit,
976 4001 1078 4074 qui
1126 4017 1196 4056 ex
1242 3999 1362 4056 zelo
1411 3999 1608 4056 divino
1656 3999 2034 4057 fornicatores

387 4091 617 4149 occidit.
649 4091 695 4147 H
726 4087 823 4147 Sic
847 4091 1019 4147 debet
1047 4090 1317 4146 sacerdos
1341 4088 1433 4144 cui
1467 4087 1675 4146 animle
1705 4090 2034 4146 commissa:

386 4185 550 4248 sunt,
579 4179 885 4254 evaginare
913 4179 1197 4252 gladium,
1231 4178 1289 4234 id
1330 4182 1417 4234 est
1463 4177 1720 4250 proferre
1764 4179 2031 4247 verbum,

385 4275 443 4327 et
497 4270 756 4326 occidere
811 4268 1248 4324 fernicationem
1301 4271 1358 4324 et
1415 4267 1919 4340 concupiscentiae
1971 4268 2031 4325 in

385 4364 634 4432 utroque
659 4375 820 4426 sexu,
857 4363 921 4414 ut
950 4357 1064 4413 sibi
1095 4361 1396 4430 reputatur
1423 4358 1496 4412 ad
1519 4357 1837 4429 justitiam.

382 4450 448 4504 31
527 4453 594 4505 Et
625 4451 936 4519 reputatum
964 4447 1108 4502 estei
1129 4449 1190 4502 in
1211 4447 1490 4518 justitiam
1517 4464 1536 4502 :

1319 307 1384 368 S.
1431 303 1828 368 BRUNONIS
1872 293 2495 368 HERBIPOLENSIS
2539 301 2918 369 EPISCOPI.

2089 444 2146 510 Α
2177 440 2301 509 Dei,
2335 457 2511 512 quem
2564 438 2660 495 illc
2708 438 3028 512 praedicat:
3080 437 3232 495 sicut
3281 438 3503 496 Paulus
3547 439 3820 499 dicebat:

2174 529 2315 596 Quis
2344 529 2681 584 infirmatur
2707 532 2766 585 et
2793 545 2899 603 ego
2930 546 3046 585 non
3099 527 3403 586 inﬁrmor?
3433 529 3504 602 (II
3534 531 3658 588 Cor.
3688 531 3784 604 xi).

2171 619 2241 675 33
2313 619 2380 674 Et
2401 618 2662 674 distinxit
2686 625 2742 684 ᾧ·
2786 619 2849 674 in
2892 625 2907 684 ζ
2961 618 3130 674 labiis
3156 619 3274 674 suis
3303 635 3316 674 :

2312 708 2429 764 Non
2466 705 2905 780 disperdiderunt
2931 705 3136 778 'gentes
3179 723 3315 779 quas
3358 707 3508 766 dixit
3557 711 3827 767 Doruinus

2382 797 2521 852 illis.

2239 885 2288 943 H
2315 886 2390 944 Et
2413 883 2682 943 distinxit
2707 883 2767 940 in
2801 882 2974 941 labiis
2993 883 3444 960 suis,utjugiter
3459 885 3831 961 supplicaret

2167 992 2272 1048 pro
2302 975 2410 1032 eis.
2440 975 2488 1032 C
2510 973 2618 1034 Vel
2643 973 2908 1031 distinxit
2934 973 3156 1031 dictum
3197 973 3342 1031 illud
3391 976 3760 1046 diﬂldentiaa,
3791 996 3830 1035 a

2166 1065 2346 1138 priori
2378 1063 2593 1120 mentis
2614 1063 3826 1138 constantimNondisperdidst-untgentes,

2167 1154 2306 1227 quia
2341 1157 2654 1227 postquam
2673 1156 2894 1210 terram
2921 1153 3334 1227 promissionis
3353 1152 3610 1226 populus
3635 1155 3826 1212 intra-

2163 1242 2494 1311 vit,oblitus
2524 1243 2936 1299 mandatorum
2965 1241 3068 1298 Dei
3107 1246 3168 1299 at
3211 1247 3636 1316 Mrem
3655 1244 3824 1316 ejus,

2164 1331 2380 1404 quibus
2405 1336 2760 1406 praceperat
2775 1331 2987 1388 debere
3015 1345 3115 1388 eos
3131 1330 3827 1404 pmptaridolummcul-

2161 1423 2328 1477 turas
2357 1420 2642 1488 occidere,
2674 1437 2810 1476 cum
2842 1419 2960 1476 illis
2987 1435 3054 1476 se
3083 1420 3360 1494 gentibus
3389 1420 3598 1495 magis
3637 1421 3829 1479 vetita

2162 1511 2436 1567 societate
2455 1508 2779 1582 conjunxit.
2955 1561 2962 1567 .

2160 1599 2231 1654 34
2303 1601 2372 1656 Et
2423 1600 2703 1656 commisti
2753 1606 2886 1655 sunt
2938 1600 3081 1656 inter
3119 1601 3305 1668 gentes
3333 1615 3355 1654 :
3403 1605 3454 1654 et
3499 1597 3826 1657 didicerunt

2374 1705 2541 1762 opera
2570 1696 2844 1746 eorumxt
2855 1687 3580 1767 servieruntsctdptibilibus
3600 1704 3822 1746 eorum:

2301 1779 2367 1834 Et
2393 1781 2602 1850 factum
2630 1787 2712 1835 est
2739 1779 2856 1834 illis
2883 1779 2944 1834 in
2974 1777 3316 1833 scandalum.

2081 1819 2130 1884 Β
2231 1867 2273 1923 c
2301 1819 3064 1940 Eoﬁsisuﬁu'g'ﬁtql";
3085 1819 3316 1922 ῖὲὶίιέ
3337 1865 3614 1923 societate
3662 1866 3826 1924 inter

2159 1959 2386 2028 gentes,
2415 1961 2480 2012 ut
2509 1972 2572 2013 se
2621 1971 2824 2014 eorum
2875 1954 3294 2030 superstitione
3342 1953 3693 2028 polluerent,
3725 1956 3816 2012 fa-

2159 2050 2438 2118 ctumque
2462 2049 2554 2101 est
2580 2044 2700 2101 illis
2728 2045 2788 2101 in
2819 2043 3186 2102 scandalum.
3217 2042 3570 2100 Seandalnm
3593 2059 3818 2102 nomen

2157 2133 2420 2191 Graecum
2451 2139 2561 2203 est,
2593 2133 2935 2209 signiﬁcans
2959 2135 3273 2202 sinistrum,
3305 2149 3374 2190 eo
3416 2133 3572 2206 quod
3601 2150 3816 2190 eorum

2158 2225 2384 2278 mentes
2414 2222 2472 2278 in
2505 2222 2704 2280 laevam
2734 2225 2960 2295 partem
2989 2237 3264 2294 perversa
3281 2220 3609 2284 imitatione
3630 2221 3820 2278 dedu-

2154 2309 2407 2368 xit.Ecce
2433 2312 2584 2369 facta
2611 2316 2702 2368 est
2731 2317 2887 2368 terra
2914 2309 3327 2384 promissionis
3354 2309 3416 2367 in
3435 2309 3816 2380 scandalum,

2154 2415 2282 2472 qua:
2310 2401 2422 2457 fuit
2459 2399 2522 2456 in
2563 2416 2844 2475 magnum
2870 2399 3181 2474 praemium
3229 2399 3477 2458 Domino
3522 2398 3816 2473 largiente

2152 2487 2385 2546 collata.
2417 2489 2579 2546 Unde
2609 2505 2919 2546 mouemur
2946 2493 3100 2546 recte
3145 2488 3234 2546 uti
3259 2487 3559 2546 beneﬁciis
3605 2489 3817 2564 divina

2153 2576 2422 2651 largitate
2451 2578 2780 2646 collatis,ne
2807 2577 3000 2651 magis
3013 2577 3150 2636 inde
3165 2593 3475 2652 pereamus
3494 2578 3654 2634 unde
3669 2579 3815 2634 sub-

2151 2665 2321 2722 levati
2352 2667 2537 2724 fuisse
2566 2667 2996 2741 cognoscimur.

2149 2755 2221 2810 35
2290 2757 2357 2812 Et
2385 2757 2808 2814 immolava
2834 2757 2979 2828 ﬁlios
2997 2771 3123 2812 suos
3151 2763 3203 2812 et
3229 2755 3378 2828 ﬁlias
3403 2771 3533 2812 suas
3562 2773 3586 2810 .-

2289 2845 2611 2902 Dmiis.

2220 2933 2267 2988 H
2299 2931 2754 2991 Immolaverunt
2783 2933 2936 2992 ﬁlios
2964 2950 3106 2990 suos
3132 2935 3189 2990 et
3229 2933 3383 2992 tilias
3411 2949 3553 2990 suas
3581 2933 3811 2992 demo—

2148 3021 2285 3078 niis.
2319 3021 2436 3078 Hoc
2481 3022 2928 3097 intelligendum
2975 3027 3066 3080 est
3113 3021 3434 3090 moraliter,
3477 3037 3695 3078 sensus
3745 3025 3812 3079 et

2145 3111 2376 3168 animas
2407 3128 2566 3168 suas.
2599 3111 2641 3168 C
2669 3111 2772 3168 Vel
2803 3113 2875 3168 ad
2905 3109 3183 3180 litteram,
3203 3127 3319 3168 non
3341 3109 3426 3166 illi
3454 3109 3556 3182 qui
3578 3114 3806 3167 terram

2063 3185 2108 3253 C
2147 3200 2556 3272 promissionis
2585 3205 2724 3257 sunt
2754 3199 3026 3274 ingressi,
3056 3201 3158 3256 sed
3190 3199 3499 3274 posteritas
3526 3215 3763 3256 eorum.

2120 3288 2212 3344 -36
2282 3290 2348 3345 Et
2373 3287 2688 3364 effuderunt
2715 3292 3040 3362 sanguinem
3069 3279 3430 3346 innocentem.

2289 3379 2629 3449 Sanguinem
2684 3379 2932 3452 filiorum
2999 3394 3226 3435 suorum
3279 3383 3334 3434 et
3403 3377 3657 3450 ﬁliarum
3687 3379 3788 3457 ᾧ

2353 3485 2581 3524 suarum
2623 3474 2638 3535 ζ
2684 3509 2697 3524 .

2289 3558 2434 3626 Quas
2463 3558 2912 3630 sacriﬁcaverunt
2933 3555 3282 3629 sculptilibus
3313 3555 3596 3612 Chanaan.

2175 3713 2180 3718 ,
2213 3646 2256 3702 C
2287 3646 2629 3702 Ell'uderunt
2657 3645 3026 3720 sanguinem,
3059 3662 3175 3701 non
3215 3648 3409 3702 autem
3453 3643 3674 3716 legitur
3720 3643 3804 3700 ab

2145 3735 2419 3804 Hebraeis,
2471 3739 2689 3791 terram
2735 3733 3146 3808 promissionis
3192 3733 3493 3808 ingressis,
3542 3733 3809 3789 effusum

2092 3841 2104 3866 ι
2145 3824 2492 3898 sanguinem
2522 3823 2849 3881 humanum
2881 3824 2940 3879 in
2966 3822 3272 3886 sacriﬁciis
3297 3823 3631 3878 daemonum
3661 3840 3674 3889 ;
3709 3826 3809 3878 ta-

2144 3930 2279 3970 men
2308 3913 2380 3970 ab
2411 3917 2576 3970 aetate
2605 3913 2871 3986 sequenti
2901 3911 3010 3968 hoc
3041 3911 3166 3968 ﬁeri
3195 3928 3366 3985 posse
3396 3928 3510 3966 non
3541 3909 3808 3966 dubium

2143 4003 2327 4074 est.Et
2351 4018 2422 4058 ne
2452 3999 2800 4076 putarentur
2839 4001 3096 4059 extranei
3126 4000 3308 4057 fuisse
3335 4000 3416 4056 illi
3450 4001 3810 4056 innocentes

2145 4107 2396 4164 quorum
2426 4090 2776 4164 sanguinem
2799 4089 3376 4158 eﬂ'uderant,addidit
3393 4086 3649 4145 ﬁliorum
3669 4105 3811 4145 suo-

2143 4197 2274 4236 rum
2307 4183 2364 4236 et
2394 4179 2648 4236 ﬁliarum
2698 4195 2962 4246 suarum,
2993 4183 3060 4234 ut
3106 4183 3310 4236 contra
3357 4193 3456 4234 eos
3507 4182 3807 4234 cresceret

2143 4269 2384 4338 invidia,
2415 4273 2472 4326 et
2500 4269 2694 4326 scelus
2717 4269 3157 4342 grandesceret;
3177 4271 3235 4324 et
3263 4271 3330 4324 ut
3351 4265 3610 4340 amplius
3626 4282 3808 4340 gran-

2143 4358 2653 4426 desceret,addidit
2679 4356 3053 4431 sculptilibus
3079 4357 3258 4414 istum
3279 4357 3652 4413 innocentem
3666 4371 3807 4412 san-

2143 4449 2382 4522 guinem
2427 4447 2700 4503 effusum.
2732 4444 2978 4501 Auxesis
3027 4446 3184 4502 enim
3233 4445 3421 4520 figura
3467 4444 3581 4501 ista
3639 4444 3804 4517 apud

525 4539 590 4591 In
622 4536 974 4606 generatione
1009 4543 1071 4589 et»
1087 4537 1437 4604 generatione
1463 4550 1632 4606 usque
1661 4535 1721 4590 in
1749 4535 2032 4607 sempiter-
2064 4555 2112 4622 D
2143 4537 2373 4594 Graecos
2397 4534 2632 4604 dicitur,
2650 4535 2884 4608 quando
2910 4533 3000 4590 vel
3024 4534 3156 4590 laus
3179 4533 3267 4590 vel
3297 4533 3518 4590 crimen
3541 4532 3806 4604 adjectis

453 4715 496 4771 C
525 4641 932 4786 RegiiTabatur
957 4711 1040 4768 illi
1064 4712 1351 4768 sacerdoti
1367 4711 1612 4769 Pbinees
1623 4713 1693 4768 ad
1709 4713 2030 4786 justitiam,

383 4804 441 4861 id
467 4803 620 4877 quod
657 4803 930 4876 superius
961 4801 1225 4868 dixit,bic
1257 4806 1315 4856 et
1345 4801 1404 4856 in
1436 4801 1634 4857 futuro
1665 4801 1897 4871 sarculo,
1931 4803 2032 4858 sed

381 4897 438 4950 et
467 4891 753 4950 sacerdoti
805 4891 1045 4947 cuilibet
1089 4891 1228 4946 vitia
1277 4889 1587 4963 corrigenti
1629 4894 1933 4962 reputatur
1961 4891 2032 4946 ad

379 4985 655 5038 aeternam
679 4979 972 5053 justitiam
985 5021 998 5035 .
1805 4968 1824 4978 ’

318 5083 327 5094 ‘
377 5071 449 5126 32
520 5071 586 5126 Et
616 5071 977 5126 irritaverant
1003 5085 1130 5126 eum
1164 5069 1234 5125 ad
1280 5084 1486 5142 aquam
1535 5068 2028 5125 contradictionis:

590 5163 644 5216 et
666 5167 896 5216 vexatus
925 5167 1005 5215 est
1031 5163 1242 5231 Moyses
1269 5167 1487 5232 propter
1512 5173 1600 5213 eos
1623 5175 1636 5213 :

520 5250 665 5319 Quia
691 5249 1154 5307 exacerbaverunt
1177 5249 1436 5320 spiritum
1464 5247 1600 5320 ejus.

448 5338 495 5394 Il
524 5340 690 5410 Aqua
719 5336 1396 5409 contradictionis,aquaa
1425 5335 1701 5410 baptismi
1732 5335 2026 5410 accipiun-

375 5427 573 5496 tur,ad
605 5443 754 5498 quas
784 5423 1016 5480 diabolo
1045 5425 1465 5482 contradicitur
1491 5429 1549 5482 et
1576 5425 1852 5498 operibus
1874 5427 2024 5499 ejus,

377 5519 512 5589 post
539 5531 688 5587 quas
719 5513 769 5570 si
799 5513 932 5587 quis
963 5530 1024 5570 se
1053 5513 1514 5586 coinquinaverit
1543 5515 1720 5583 vitiis,
1755 5517 2027 5573 sacerdos

375 5601 679 5667 vetabitur
721 5619 828 5682 pro
876 5619 964 5677 eo,
1015 5603 1172 5681 quod
1227 5605 1686 5666 exarcerbaverit
1733 5605 2024 5682 Spiritum

2145 4624 2502 4681 dictionibus
2529 4622 2803 4680 increscit
2832 4627 2889 4679 et
2917 4627 3187 4696 augetur.

2143 4715 2213 4770 37
2290 4717 2354 4770 Et
2385 4714 2671 4783 interfecta
2697 4719 2778 4768 est
2803 4719 2953 4768 terra
2993 4713 3056 4767 in
3097 4712 3486 4784 sanguinibus,
3513 4719 3566 4766 et
3612 4719 3805 4767 conta-

2354 4803 2570 4858 minata
2597 4809 2674 4858 est
2702 4803 2762 4856 in
2791 4800 3045 4874 aperilms
3075 4817 3262 4857 eorum
3294 4820 3313 4856 :

2261 4893 2360 4948 -Et
2385 4891 2650 4964 fornicati
2676 4897 2806 4946 sunt
2834 4891 2896 4945 in
2925 4889 3405 4946 adinventionibus
3431 4889 3566 4944 suis;

2213 4978 2254 5035 C
2287 4979 2656 5036 lnterfeetam
2700 4977 2883 5052 igitur
2931 4981 3170 5047 terram,
3203 4978 3486 5034 debemus
3527 4974 3802 5033 crudeles

2141 5067 2409 5126 homines
2440 5067 2721 5142 accipere,
2755 5067 2857 5140 qui
2908 5083 2972 5124 se
3015 5066 3208 5142 magis
3255 5065 3461 5140 iniqua
3490 5063 3806 5122 devotione

2137 5158 2514 5215 trucidabant
2541 5156 2946 5214 interﬁciendo
2975 5155 3147 5213 ﬁlios.
3181 5154 3432 5228 Tropica
3459 5153 3620 5211 enim
3640 5152 3805 5210 locu-

2135 5248 2292 5305 tione
2335 5245 2638 5302 interl‘ecta
2683 5249 2861 5315 terra,
2899 5245 3179 5303 dicuntur
3229 5245 3447 5301 terreni
3499 5240 3799 5312 homines,

2136 5337 2262 5395 suis
2295 5335 2467 5393 malis
2497 5335 2826 5392 actionibus
2850 5335 2911 5391 in
2943 5335 3144 5392 anima
3191 5331 3552 5406 interempti.
3581 5330 3656 5388 Et
3681 5331 3801 5388 hoc

2137 5426 2400 5483 faciendo
2428 5424 2604 5482 etiam
2657 5423 2934 5481 dicuntur
2961 5423 3253 5491 fornicati,
3287 5437 3426 5480 nam
3477 5420 3562 5478 illi
3610 5419 3798 5478 forni-

2135 5517 2248 5574 cati
2279 5515 2549 5572 videntur
2575 5513 2635 5570 in
2665 5514 2931 5584 Domino,
2963 5515 3063 5590 qui
3096 5530 3159 5572 se
3189 5510 3539 5570 adulterinis
3560 5507 3796 5587 pollue~

2133 5610 2272 5666 runt
2301 5602 2843 5683 superstitionibus.
