4068 6160
223 290 335 369 389

1423 282 1869 352 EXPOSITIO
1911 285 2446 355 PSALMORUM.

3543 300 3664 366 390

220 427 286 483 38
357 426 426 481 Et
454 423 633 480 iratus
658 428 741 480 est
775 421 972 494 furore
989 421 1240 481 Dominus
1268 422 1325 477 in
1354 420 1629 493 populum
1681 440 1887 479 suum:
1917 425 1967 491 Α
2002 422 2440 481 charismatum
2466 441 2708 483 munera
2741 432 3165 500 susceperunt;
3193 428 3287 485 alii
3321 430 3478 488 enim
3529 452 3663 506 pro-

356 517 427 571 Et
451 514 809 570 abominatus
838 519 919 568 est
946 512 1313 570 hereditatem
1342 526 1523 566 suam.

282 607 326 660 C
354 602 614 677 Tropiea
642 599 944 657 locutione
976 600 1158 657 iratus
1180 600 1364 655 furore
1395 598 1696 656 Dominus
1746 598 1889 655 diei-

221 700 333 752 tur.
368 694 444 750 Et
472 691 662 748 iratus
692 693 784 747 est
814 690 1016 746 furore
1039 689 1334 761 Dominus,
1368 687 1414 743 H
1445 687 1593 761 quia
1652 688 1893 762 reliquit

220 800 378 852 eum,
401 786 462 839 et
491 798 621 855 qua:
652 779 959 854 quondam
992 779 1180 836 fuerat
1224 776 1383 851 plebs
1422 777 1552 843 Dei,
1585 777 1748 833 facta
1801 781 1893 834 est
1940 808 1951 816 -

218 878 451 930 caterva
474 868 718 927 diaboli.
743 871 786 926 ϐ
807 868 1181 925 Abominatio
1210 871 1401 923 autem
1434 870 1491 922 et
1522 865 1632 922 Dei
1665 867 1893 923 aversio

217 959 516 1027 malorum
530 958 803 1016 omnium
815 961 1051 1015 constat
1068 959 1404 1020 extremum,
1422 954 1567 1029 quia
1578 955 1617 1011 d
1629 972 1729 1011 um
1747 954 1891 1013 illud

217 1050 374 1125 quod
427 1048 698 1106 continet
745 1045 1119 1115 subducitur,
1151 1061 1384 1102 necesse
1440 1048 1532 1101 est
1572 1047 1642 1101 ut
1690 1061 1891 1100 earum

217 1155 418 1196 rerum
449 1154 580 1211 qua:
615 1135 1001 1193 continentur
1024 1135 1193 1191 ruina
1221 1135 1485 1208 protinus
1511 1137 1818 1207 sequatur.

216 1248 290 1302 39
363 1246 433 1300 Et
457 1243 697 1299 tradidit
722 1258 813 1301 eos
834 1244 896 1298 in
924 1258 1126 1298 manus
1153 1243 1400 1311 gentium

359 1337 432 1392 Et
457 1333 741 1390 dominati
762 1339 895 1387 sunt
912 1347 1104 1388 eorum
1130 1333 1227 1404 qui
1251 1330 1484 1388 oderunt
1518 1347 1630 1387 eos.

286 1420 575 1479 CTraditi
600 1425 746 1476 sunt
774 1419 935 1475 enim
969 1419 1279 1494 opprobrio
1311 1420 1749 1494 servitutis,qui
1767 1419 1889 1493 glo-

216 1514 356 1572 riari
385 1510 748 1567 videbantur
775 1509 837 1564 in
870 1508 1373 1566 idolis.Dominati
1401 1513 1543 1566 sunt
1569 1526 1773 1566 eorum
1788 1509 1890 1582 qui

216 1604 476 1661 oderunt
504 1615 631 1666 eos,
661 1597 859 1672 gravis
884 1595 1052 1653 valde
1076 1597 1421 1667 dominatio,
1439 1615 1576 1654 nam
1608 1599 1711 1672 qui
1743 1614 1894 1655 sem-

215 1709 324 1767 per
353 1689 483 1747 odit
511 1703 749 1761 semper
778 1685 967 1742 iratus
998 1689 1123 1753 est;
1155 1687 1254 1759 qui
1279 1704 1419 1744 vero
1450 1704 1681 1761 semper
1709 1688 1894 1743 iratus

214 1786 329 1848 est,
362 1774 763 1863 implacabilis
793 1779 901 1831 est.
940 1773 1261 1832 Durissima
1292 1774 1480 1850 igitur
1509 1781 1599 1833 est
1644 1777 1894 1833 servitus
1924 1797 1973 1863 Β

216 1867 443 1926 servire
475 1881 715 1939 semper
732 1856 995 1920 infenso.

218 1978 293 2033 40
371 1981 441 2034 Et
472 1974 886 2032 tribulaverunt
914 1987 1003 2028 eos
1024 1972 1237 2028 inimici
1262 1990 1486 2030 eorum.

370 2069 449 2122 Et
478 2063 773 2121 humiliati
800 2069 933 2118 sunt
956 2061 1057 2117 sub
1088 2063 1342 2119 manibus
1370 2079 1564 2120 eorum
1594 2081 1613 2119 :

374 2156 538 2228 Saepe
562 2154 821 2210 liberavit
848 2167 957 2209 eos.

299 2247 345 2302 C
377 2245 446 2301 Et
474 2242 911 2300 tribulaverunt
938 2256 1059 2308 eos,
1092 2244 1245 2298 recta
1300 2240 1672 2312 vicissitudo,
1706 2245 1770 2297 ut
1800 2241 1900 2315 qui

232 2335 462 2393 amanti
495 2332 748 2390 Domino
783 2330 1000 2387 servire
1042 2329 1379 2399 noluerunt,
1412 2331 1748 2388 odientibus
1790 2332 1902 2387 ini-

232 2424 411 2482 micis
420 2425 591 2496 justo
621 2419 853 2493 judicio
899 2418 1283 2492 probarentur
1301 2436 1435 2476 esse
1456 2421 1724 2492 subjecti.
1741 2421 1902 2493 Saepe

231 2513 529 2581 liberavit,
544 2513 611 2567 ut
631 2506 1238 2582 intelligamusipsum
1270 2512 1329 2565 et
1358 2508 1514 2564 bona
1541 2510 1901 2582 promittam,

234 2610 291 2659 et
318 2597 639 2676 ﬂagellatis
669 2599 868 2656 denuo
899 2595 1518 2653 subvenire.Promisit
1545 2599 1701 2654 enim
1728 2599 1903 2655 bene-

234 2692 467 2760 ficia,et
495 2690 763 2746 humana
792 2702 909 2743 non
944 2684 1189 2742 cessavit
1219 2685 1525 2758 iniquitas,
1559 2687 1757 2743 intulit
1786 2688 1906 2743 vin-

235 2782 482 2849 dictam,
506 2783 567 2836 et
617 2776 855 2836 afﬂictis
910 2774 1118 2832 iterare
1170 2775 1453 2850 dignatus
1509 2781 1598 2834 est
1651 2776 1903 2834 clemen-

235 2872 404 2930 tiam.

237 2982 302 3039 41
379 2979 495 3052 Ipsi
513 2984 701 3035 autem
727 2975 1195 3034 exrcerbavcrunt
1223 2992 1349 3032 eum
1382 2991 1396 3030 :
1430 2974 1491 3030 in
1519 2976 1747 3034 consilio
1773 2993 1902 3033 suo:

380 3071 448 3126 Et
476 3066 769 3125 humiliati
797 3074 929 3121 sunt
957 3066 1019 3120 in
1048 3060 1436 3138 iniquitatibus
1462 3066 1601 3122 suis.

311 3177 359 3234 Η
391 3176 513 3250 Ipsi
546 3177 744 3230 autem
776 3170 1416 3229 exacerbaveranteum
1440 3169 1500 3226 in
1516 3170 1899 3241 consiliosuo,
1932 3170 1976 3237 C

246 3266 402 3339 quod
432 3264 801 3329 habuerunt,
833 3264 898 3316 ut
928 3277 994 3317 eo
1024 3260 1226 3317 relicto
1276 3259 1451 3316 idolis
1502 3260 1801 3318 servirent.
1835 3263 1907 3318 Et

248 3353 543 3412 bumiliati
590 3355 752 3421 sunt,
807 3366 926 3406 non
975 3366 1009 3405 a
1054 3354 1191 3417 Deo,
1239 3349 1341 3405 sed
1398 3365 1432 3404 a
1488 3349 1714 3406 delictis
1780 3350 1905 3407 suis

247 3442 739 3501 humiliabantur.

249 3536 314 3592 42
384 3535 454 3589 Et
474 3531 618 3588 vidit
642 3547 770 3588 cum
801 3528 1199 3586 lribvlarentur
1218 3546 1238 3584 :

382 3625 454 3679 Et
477 3620 695 3678 audivit
723 3619 1028 3678 orationem
1054 3634 1264 3674 eorum.

315 3713 362 3769 Η
406 3712 479 3769 Et
508 3710 657 3767 vidit
686 3725 822 3766 cum
856 3706 1302 3775 tribularentur,
1338 3709 1718 3779 praecucurrit
1748 3708 1905 3766 enim

250 3803 421 3860 solita
479 3799 784 3856 miseratio
842 3796 1148 3853 clementis
1183 3796 1307 3863 Dei,
1335 3814 1463 3869 quae
1509 3814 1819 3856 conversos
1847 3799 1907 3854 in

251 3889 618 3947 orationibus
669 3886 938 3960 protinus
985 3885 1228 3942 audivit.
1277 3890 1451 3942 Docet
1498 3887 1656 3942 enim
1714 3890 1907 3953 et-te,

252 3981 402 4053 quod
434 3980 487 4035 si
519 3975 1252 4049 conversusingemueris,
1286 3975 1553 4046 protinus
1593 3976 1909 4050 appropin-

255 4073 437 4141 quant
455 4067 635 4124 celsis
661 4065 903 4123 auribus
932 4065 1061 4136 ejus
1091 4079 1295 4137 preces
1323 4063 1679 4121 humilitatis
1700 4070 1834 4122 tute.

258 4176 324 4230 t3
395 4180 464 4233 Et
491 4189 703 4231 memor
727 4173 839 4244 fuit
867 4172 1174 4228 testamenti
1200 4172 1291 4227 sui
1320 4188 1341 4227 :

395 4265 462 4320 ει
485 4263 753 4336 ρωηίιαίι
791 4278 916 4318 eum
956 4259 1257 4317 secundum
1300 4260 1710 4319 multitudinem
1743 4263 1909 4319 mise-

465 4351 733 4410 ricordiae
759 4365 898 4409 suae.
1313 4426 1317 4431 ὓ

333 4443 377 4499 Η
406 4443 636 4499 Memor
659 4439 770 4496 fuit
798 4440 1154 4505 testamenti,
1180 4438 1337 4511 quod
1370 4456 1500 4496 cum
1525 4439 1819 4496 Abraham
1850 4440 1909 4496 in

2002 512 2218 584 phetaz,
2254 513 2356 569 alii
2390 517 2658 587 apostoli,
2695 517 2791 571 alii
2832 523 3135 589 martyres,
3169 517 3264 573 alii
3302 523 3665 580 cont'essores

2001 617 2070 656 ex
2091 602 2227 674 ipso
2252 603 2469 676 populo
2491 605 2677 678 gratia
2699 604 2797 660 Dei
2814 606 3153 662 ﬂoruerunt.
3168 606 3268 663 Vel
3300 610 3370 665 ad
3386 610 3661 680 litteram,

2000 690 2259 763 gentiles
2284 692 2371 748 eis
2400 692 2713 765 placabiles
2730 694 2883 764 fecit,
2915 695 3016 768 qui
3048 696 3419 768 captivarunt
3446 717 3571 771 eos,
3602 707 3668 757 ut

2001 796 2158 853 sepe
2190 780 2370 837 etiam
2395 781 2610 840 liberos
2639 783 3029 857 darent,quos
3060 788 3192 840 ante
3223 788 3483 860 captivos
3513 795 3668 847 tene-

2000 867 2170 925 bant.

2002 958 2075 1012 45
2149 958 2344 1015 Salvos
2370 963 2461 1033 fac
2490 978 2608 1028 nos,
2636 964 2884 1029 Domine,
2912 964 3052 1019 Deus
3075 971 3262 1020 noster
3290 982 3303 1020 :

2149 1049 2230 1102 Et
2259 1063 2529 1121 congrege
2558 1051 2736 1113 nosde
2764 1052 3101 1108 nationibus.

2074 1135 2124 1190 H
2153 1134 2359 1193 Salvos
2379 1156 2484 1196 nos
2514 1139 2625 1207 fac,
2661 1156 2732 1196 ne
2764 1140 2932 1196 nobis
2979 1140 3118 1197 vitia
3164 1142 3562 1202 dominentur.
3595 1147 3664 1202 Et

2001 1240 2299 1298 congrege
2329 1245 2457 1293 nos,
2491 1228 2633 1300 quia
2658 1244 2803 1301 gens
2831 1228 3206 1285 Hebraeorum
3236 1230 3294 1287 in
3324 1233 3661 1307 regionibus

2003 1313 2316 1371 nationum
2353 1320 2444 1373 est
2493 1317 2779 1390 dispersa.
2814 1318 2855 1373 Ο
2894 1317 3150 1391 Populus
3199 1322 3353 1377 enim
3404 1323 3533 1390 iste,
3566 1323 3661 1379 cui

2002 1402 2078 1458 ab
2111 1403 2282 1460 initio
2315 1406 2528 1478 psalmi
2558 1407 2733 1462 verba
2765 1406 3228 1476 dedimus,nunc
3255 1411 3436 1467 Deum
3463 1412 3665 1484 depre-

2002 1496 2194 1561 catur,
2212 1498 2275 1550 ut
2290 1495 2612 1552 Ecclesium
2646 1512 2815 1553 suam
2842 1496 2913 1551 de
2932 1498 3194 1569 gentium
3217 1500 3665 1573 congregatione

2001 1582 2292 1654 perficiat.

2002 1672 2076 1725 46
2156 1673 2221 1729 Ut
2244 1674 2606 1745 conﬁteamur
2626 1675 2842 1730 nomini
2852 1684 3035 1733 sancto
3066 1680 3158 1733 tuo
3189 1694 3202 1734 :

2147 1764 2219 1818 Et
2244 1762 2551 1832 gloriemur
2578 1764 2641 1818 in
2673 1763 2835 1819 laude
2857 1772 2973 1821 tua.
3540 1808 3553 1817 μ

2083 1849 2126 1904 C
2156 1848 2228 1905 Ut
2257 1851 2649 1907 confiteamur
2678 1852 2901 1908 nomini
2922 1858 3043 1924 tuo,
3074 1855 3129 1911 id
3161 1860 3250 1912 est
3282 1855 3425 1912 Filio
3464 1852 3670 1924 utique

2008 1941 2132 2006 tuo,
2169 1939 2267 2011 qui
2300 1944 2357 1995 et
2385 1956 2602 1995 nomen
2633 1944 2691 1996 et
2720 1939 2848 1998 laus
2879 1948 2980 1999 tua
3010 1949 3117 2000 est.
3153 1948 3193 2001 C
3224 1947 3290 2001 Et
3322 1942 3668 2019 gloriemur,

2010 2043 2128 2084 non
2162 2028 2219 2084 in
2248 2028 2512 2084 humana
2533 2030 2841 2101 jactantia,
2868 2033 2969 2088 sed
3000 2032 3075 2093 in.
3091 2038 3168 2106 te,
3201 2035 3301 2091 ubi
3351 2035 3443 2089 est
3472 2044 3673 2085 revera

2010 2117 2125 2172 fixa
2146 2115 2331 2189 gloria
2357 2122 2415 2173 et
2444 2118 2577 2174 sine
2604 2118 2719 2175 fine
2748 2118 2968 2176 laetitia.

2011 2206 2080 2261 47
2156 2205 2474 2262 Benedictus
2539 2207 2803 2264 Dominus
2875 2211 3013 2267 Deus
3071 2213 3240 2268 Israel
3298 2229 3333 2267 a
3378 2206 3580 2263 saeculo
3625 2212 3680 2262 et

2225 2310 2393 2365 usque
2421 2297 2480 2349 in
2511 2298 2783 2353 saeculum
2812 2317 2831 2354 :

2155 2385 2219 2438 Et
2245 2384 2387 2439 dicet
2413 2386 2596 2440 omnis
2621 2388 2854 2458 populus
2882 2390 3004 2445 Fiat
3028 2390 3146 2460 ﬁat.
3634 2446 3639 2449 .

2085 2473 2131 2528 Η
2164 2472 2371 2529 Merito
2401 2472 2749 2531 benedictus
2775 2476 2833 2532 in
2859 2477 3092 2545 saecula,
3128 2495 3241 2550 per
3309 2495 3481 2554 quem
3535 2482 3686 2545 facta

2014 2566 2156 2657 sunt
2185 2560 2424 2657 saecula,
2442 2579 2558 2619 non
2592 2563 2785 2621 solum
2810 2566 2964 2657 facta
2992 2567 3092 2623 sed
3134 2570 3347 2630 etiam
3376 2575 3685 2657 redempta.

2015 2651 2121 2717 Qui
2155 2655 2211 2707 et
2237 2667 2393 2706 nunc
2422 2668 2531 2708 nos
2589 2669 2850 2711 recreare
2900 2655 3168 2733 dignetur
3234 2663 3306 2720 in
3343 2651 3595 2744 salutari,
3629 2675 3687 2735 id

2013 2740 2193 2831 estin
2247 2738 2497 2831 Christo
2533 2742 2676 2799 Jesu
2735 2743 2985 2800 Domino
3044 2749 3291 2821 nostro,
3327 2761 3425 2831 qui
3484 2738 3590 2824 est'
3626 2767 3687 2828 in

2014 2828 2229 2887 saecula
2284 2828 2660 2918 benedictus.
2725 2831 2875 2887 Dicit
2935 2848 3070 2888 vero
3131 2836 3215 2893 ab
3293 2828 3406 2905 i310
3474 2860 3686 2918 εωουιο

2014 2934 2202 2991 usque
2229 2917 2299 2973 ad
2333 2914 2480 2972 illud
2514 2924 2859 2992 perpetuum
2891 2920 3173 2978 saeculum
3212 2928 3403 2993 Deum
3444 2914 3684 3005 benedi;

2015 3008 2287 3075 cendum,
2306 3009 2368 3061 ut
2383 3007 2725 3065 continuata
2741 3008 2871 3065 laus
2888 3026 3196 3082 nunquam
3215 3017 3429 3081 debeat
3457 3030 3678 3093 habere

2015 3095 2338 3153 fastidium.

2511 3211 2716 3252 ORATIO
2753 3213 2824 3251 EX
2863 3213 3021 3253 PSAL.
3062 3213 3150 3253 CV.

2087 3312 2378 3369 Memento
2426 3312 2636 3381 nostri,
2670 3312 2932 3380 Domine,
2960 3314 3018 3369 in
3054 3313 3417 3389 beneplacito
3467 3328 3672 3398 populi

2016 3400 2122 3469 tui,
2145 3405 2204 3457 et
2231 3416 2266 3456 a
2294 3399 2513 3473 peccati
2554 3402 2834 3458 servitute
2883 3419 2989 3459 nos
3038 3402 3342 3464 discussos
3388 3409 3672 3472 salutaris

2015 3490 2102 3546 tui
2133 3488 2463 3547 visitatione
2492 3488 2771 3548 salvifica.
2803 3492 2912 3548 Per
2940 3491 3256 3551 Dominum
3290 3502 3558 3556 nostrum
3580 3502 3674 3558 Je-

2017 3596 2151 3638 sum
2182 3579 2501 3645 Christum,
2534 3583 2645 3636 etc.

2592 3697 2921 3754 PSALMUS
2961 3698 3098 3755 CVI.

2451 3802 2854 3843 ABGUMENTUM
2893 3805 3051 3844 PSAL.
3092 3806 3205 3844 CVI.

2088 3906 2130 3962 Ο
2169 3905 2270 3961 llic
2314 3908 2721 3959 commonetur
2769 3903 3024 3976 populus
3067 3905 3441 3962 Christianus
3472 3912 3539 3964 ut
3569 3926 3672 3983 pro

2018 3994 2249 4052 collatis
2284 3992 2396 4049 sibi
2419 3991 2720 4049 beneficiis
2749 3992 2952 4049 laudes
2982 3993 3270 4050 Domnino
3303 3996 3526 4053 reddat.

2623 4082 2740 4137 TT.
2767 4081 3027 4137 Alleluia.

2020 4175 2047 4230 1
2127 4172 2477 4244 Conﬁtemini
2507 4171 2740 4228 Omnino
2772 4170 3031 4242 quoniam
3063 4171 3234 4226 bonus
3263 4190 3283 4227 :

2160 4262 2433 4333 Quoniam
2463 4262 2522 4316 in
2550 4260 2817 4317 arculum
2844 4259 3221 4316 misericordia
3249 4261 3386 4332 ejus.

2090 4352 2132 4408 C
2170 4349 2537 4407 Confitemini
2587 4348 2854 4416 Domino,
2904 4353 3239 4405 commonet
3281 4349 3570 4423 Propheta
3615 4356 3673 4407 et

2021 4441 2264 4515 prodere
2296 4443 2534 4513 peccata
2563 4455 2692 4506 sua,
2724 4443 2782 4494 et
2811 4436 3014 4494 laudes
3053 4437 3287 4495 Domini
3336 4456 3670 4513 personare.

261 4531 420 4589 initio
448 4530 588 4588 ﬁdei
614 4533 827 4587 nostris
858 4527 1323 4602 pepigit;Cquod
1347 4527 1758 4585 absconditum
1787 4532 1912 4585 erat
1948 4543 1995 4608 ι)
2029 4528 2177 4585 Dicit
2204 4545 2338 4585 vero
2365 4527 2643 4600 quoniam
2676 4526 2969 4596 bonus,ut
2999 4526 3402 4600 peccatoribus
3431 4529 3509 4585 sit
3536 4546 3674 4586 eon-

261 4620 319 4677 in
372 4619 697 4694 prophetis,
731 4618 832 4675 sed
863 4618 923 4674 in
956 4622 1217 4691 tempore
1256 4618 1553 4690 Evangelii
1602 4617 1919 4675 revelatum
2030 4617 2271 4673 fidentia
2292 4620 2422 4690 post
2443 4616 2901 4675 satisfactionem
2924 4634 3027 4689 pro
3049 4617 3295 4673 Domino
3321 4617 3672 4691 supplicare.

260 4714 365 4767 est.
418 4707 699 4766 Pcenituit
745 4712 944 4764 autem
1010 4723 1173 4764 more
1229 4706 1616 4764 humanitatis
1678 4706 1911 4777 dicitur,

261 4798 307 4856 Η
324 4801 466 4873 quia
493 4813 730 4871 semper
750 4812 928 4870 super
946 4797 1298 4869 pcenitentes
1325 4795 1567 4869 paenitet
1582 4800 1756 4866 Deus,
1770 4797 1912 4853 dum

262 4888 415 4945 mala
470 4904 602 4961 qua:
656 4885 890 4943 locutus
949 4884 1140 4942 fuerat
1190 4889 1255 4941 ut
1308 4885 1525 4941 faceret
1574 4901 1691 4940 non
1750 4886 1910 4941 facit.

261 4976 303 5032 C
328 4977 580 5034 Paenitet
605 4991 744 5049 ergo
774 4979 917 5031 tunc
948 4974 1125 5046 Deus,
1156 4974 1393 5047 quando
1443 4991 1543 5031 nos
1574 4973 1914 5047 paenitentes
1941 4961 1951 4970 ’

263 5067 606 5141 cognoscit;
641 5063 778 5121 talis
806 5062 962 5120 enim
994 5061 1094 5120 ille
1113 5062 1285 5120 nobis
1313 5062 1584 5132 efficitur,
1605 5063 1915 5137 qualesnos

262 5156 365 5212 sibi
393 5171 528 5212 esse
556 5152 908 5228 probaverit.
932 5153 1035 5209 Est
1063 5168 1201 5226 ergo
1252 5152 1353 5209 Dei
1409 5152 1748 5225 paenitentia
1797 5152 1914 5223 hic,

264 5261 376 5301 non
404 5242 576 5302 dolor
604 5242 674 5299 de
704 5240 1109 5315 imprudenter
1132 5240 1304 5312 facto,
1320 5242 1417 5299 sed
1450 5240 1721 5300 remissio
1734 5259 1915 5315 pmnie

267 5334 509 5405 peccati.

265 5422 330 5478 44
400 5423 467 5480 Et
492 5420 643 5478 dedit
671 5436 761 5478 eos
789 5421 851 5477 in
878 5420 1285 5478 misericordias
1309 5436 1323 5478 :

400 5512 465 5568 In
488 5518 776 5584 conspectu
804 5512 1054 5567 omnium
1082 5511 1183 5583 qui
1208 5517 1463 5583 ceperant
1492 5525 1600 5567 eos.

331 5602 373 5662 C
404 5601 466 5661 In
496 5597 929 5659 misericordias
949 5599 1116 5659 datos
1167 5615 1268 5657 eos
1315 5599 1479 5670 dicit,
1513 5599 1657 5677 quia
1685 5600 1913 5661 diversa

2026 4706 2088 4763 In
2120 4704 2545 4775 saeculum,hoc
2574 4709 2663 4762 est
2694 4706 2751 4761 in
2783 4706 3244 4778 aaternum,quia
3264 4705 3493 4762 nullum
3525 4710 3671 4763 tem-

2022 4813 2136 4869 pus
2166 4801 2273 4863 est,
2302 4796 2459 4867 quod
2482 4795 2555 4851 ab
2578 4796 2708 4866 ejus
2738 4794 3137 4851 misericordia
3164 4794 3489 4867 reperiatur
3513 4811 3672 4851 exce-

2024 4890 2212 4959 ptum.

2021 4978 2059 5031 2
2129 4976 2326 5031 Dicant
2353 4975 2452 5046 qui
2476 4972 2740 5046 redempti
2766 4977 2897 5029 sunt
2927 4991 2959 5028 a
2988 4973 3220 5029 Domino
3252 4989 3264 5027 :

2169 5065 2308 5132 Quos
2336 5061 2565 5119 redemit
2592 5062 2658 5118 de
2682 5078 2853 5117 manu
2883 5063 3102 5118 inimici
3134 5078 3147 5117 :
3180 5070 3232 5119 et
3255 5061 3320 5119 de
3362 5063 3673 5134 regionibus

2237 5153 2583 5224 congregavit
2605 5168 2691 5208 eos
2720 5168 2740 5207 :

2094 5243 2136 5299 C
2160 5241 2367 5298 Dicant
2414 5240 2619 5313 utique
2668 5238 2920 5310 alleluia,
2954 5242 3111 5314 quod
3151 5241 3361 5299 titulus
3390 5240 3493 5309 ait,
3525 5245 3583 5297 et
3611 5257 3675 5298 se

2015 5330 2299 5406 jucundis
2313 5329 2807 5388 exsultationibus
2818 5330 3217 5400 consolentur,
3231 5331 3332 5406 qui
3346 5331 3418 5388 ad
3440 5330 3672 5388 Domini

2022 5421 2271 5495 gratiam
2296 5420 2491 5478 venire
2520 5425 2898 5478 meruerunt:
2925 5420 3220 5494 significat
3238 5426 3433 5479 tamen
3456 5421 3675 5494 specia-

2021 5511 2153 5569 liter
2177 5509 2460 5585 populum
2490 5509 2892 5584 gentium,qui
2927 5510 3023 5568 Dei
3055 5512 3343 5585 sanguine
3365 5509 3672 5584 redempti,

2020 5605 2078 5661 et
2108 5601 2180 5659 de
2208 5598 2822 5677 potestateinimici,id
2842 5603 2932 5665 est
2960 5600 3202 5674 diaboli,
3224 5601 3411 5679 ipsius
3430 5597 3676 5671 misera-
