4068 6160
436 331 542 392 39'!

1335 329 1400 389 s.
1445 311 1844 390 BnUNoNIs
1885 314 2937 390 HERBIPOLENSIS'EPISCOPI.

3727 316 3860 393 ᾗ,

437 463 592 516 tium
622 459 831 515 sublati
851 459 1479 532 sunt;quidediversis
1495 457 2090 532 reginiouibusvocati
2124 471 2173 534 Α
2207 459 2402 514 saeculi
2433 459 2553 514 vita
2595 457 2826 513 vitiosa.
2857 457 3077 513 Vincta;
3125 458 3185 513 in
3238 457 3636 528 mendicitate,
3671 461 3730 518 id
3773 463 3866 520 est

438 559 600 619 sunt,
637 550 721 606 vel
743 551 847 623 qui
878 547 1163 622 redempti
1185 554 1327 605 sunt
1359 549 1418 602 in
1452 549 1725 621 passione
1749 547 1984 604 Christi.

438 641 473 695 3
543 645 584 696 A
608 639 738 696 solis
761 647 885 696 ortu
903 644 956 694 et
977 653 1168 694 occasu
1197 654 1218 694 :

580 729 662 785 Ab
688 728 945 800 aquilone
973 735 1027 785 et
1055 729 1224 784 mari.

506 818 552 874 C
578 821 624 873 A
655 816 799 873 solis
829 820 1135 884 ortu,cum
1157 820 1276 872 tres
1291 814 1561 872 cardines
1585 816 1792 872 mundi
1825 815 2094 889 designa-

435 907 602 976 verit,
621 921 724 978 pro
754 904 1055 978 quarto,id
1077 908 1167 961 est
1192 921 1297 978 pro
1327 903 1570 961 australi
1593 906 1793 978 posuit
1823 919 2004 972 mare,
2019 904 2091 960 ab

435 994 538 1051 illa
563 999 725 1068 parte
759 993 960 1050 volens
1003 992 1253 1066 intelligi
1305 993 1624 1064 Oceanum,
1649 993 1749 1066 qui
1808 998 2091 1049 cunctum

435 1083 642 1140 mundi
675 1083 998 1156 marginem
1029 1081 1246 1138 dicitur
1274 1081 1540 1138 circuire.

432 1175 467 1228 4
539 1175 878 1229 Erraverunt
907 1174 968 1227 in
997 1171 1295 1228 solitudine
1325 1172 1384 1226 in
1423 1172 1687 1243 inaquoso
1719 1189 1733 1228 :

581 1263 732 1318 Viam
755 1262 997 1317 civitatis
1035 1260 1344 1316 habitaculi
1371 1276 1479 1316 non
1512 1261 1856 1316 interierunt.

506 1351 548 1408 C
581 1351 936 1407 Erraverunt
976 1353 1182 1421 gentes
1232 1347 1289 1402 in
1349 1348 1760 1420 superstitiosa
1806 1349 2088 1417 doctrina,

437 1440 587 1496 aridi
619 1439 690 1496 de
712 1455 848 1495 vera
873 1437 1159 1506 doctrina,
1192 1443 1250 1494 et
1269 1437 1329 1492 in
1356 1437 1698 1505 solitudine,
1729 1454 1865 1494 cum
1893 1435 2090 1494 nullos

435 1529 776 1584 verissimos
806 1528 1072 1584 doctores
1102 1527 1294 1583 adhuc
1326 1526 1540 1582 habere
1582 1527 1987 1604 probarentur.
2020 1526 2091 1582 Et

435 1618 591 1674 viam
623 1617 898 1682 civitatis,
932 1617 986 1671 id
1021 1622 1130 1683 est,
1165 1632 1340 1689 opera
1385 1615 1602 1688 quibus
1650 1616 1984 1689 pervenitur
2015 1615 2086 1672 ad

436 1706 729 1763 calestem
762 1705 1124 1762 Hierusalem
1147 1722 1264 1761 non
1291 1703 1657 1761 invenerunt.
1725 1770 1742 1782 ἢ

432 1798 470 1853 5
540 1799 857 1854 Esuricntes
886 1803 939 1851 et
957 1796 1206 1851 sitientes
1247 1813 1266 1849 :

575 1887 773 1944 Anima
803 1900 992 1942 eorum
1019 1886 1080 1940 in
1110 1884 1246 1957 ipsis
1265 1883 1479 1957 defecit.

505 1976 548 2032 C
577 1975 915 2032 Esurientes
945 1978 1006 2030 et
1033 1973 1318 2042 sitientes,
1354 1972 1793 2030 curiosissimos
1811 1973 1967 2029 viros
1980 1987 2084 2030 ss:-

435 2065 552 2122 cu‘li
581 2065 762 2137 hujus
785 2063 1098 2138 signiﬁcat,
1131 2063 1232 2137 qui
1259 2063 1499 2119 semitas
1541 2061 1802 2118 veritatis
1840 2061 2086 2118 diversis

435 2153 818 2228 Opinionibus
835 2153 1239 2224 exquirebant,
1263 2152 1365 2208 sed
1397 2150 1675 2224 quoniam
1693 2167 1808 2206 non
1831 2149 2089 2206 credide-

435 2247 568 2300 rant
597 2259 730 2298 vero
768 2241 1012 2308 auctori,
1045 2239 1104 2295 in
1152 2256 1291 2295 vera
1335 2239 1626 2312 sapientia
1671 2255 1788 2294 non
1817 2243 2088 2311 poterant

434 2331 702 2388 inveniri.
737 2330 954 2386 Deiecit
983 2315 1207 2384 'anima
1251 2329 1313 2385 in
1364 2329 1530 2401 ipsis,
1567 2328 1772 2400 utique
1821 2343 1954 2382 cum
2002 2327 2086 2384 la-

435 2419 680 2476 boribus
711 2423 886 2492 atque
908 2418 1122 2474 studiis
1143 2433 1346 2474 eorum
1362 2417 1708 2474 animositas
1724 2415 1943 2473 lassata
1958 2432 2086 2472 suc-

433 2507 654 2566 cubuit.

429 2599 468 2654 6
539 2598 608 2654 Et
626 2597 1002 2654 clamauerunt
1029 2596 1100 2652 ad
1128 2598 1422 2653 Dominum
1457 2613 1582 2652 cum
1635 2595 2036 2652 tribularentur
2065 2612 2085 2650 :

580 2692 648 2744 Et
676 2686 746 2743 de
772 2686 1184 2744 necessitatibus
1210 2702 1398 2743 eorum
1421 2687 1625 2758 eripuit
1647 2699 1752 2741 eos.

505 2777 546 2833 C
593 2775 1009 2848 Superioribus
1059 2774 1368 2831 vorsiculis
1430 2773 1742 2846 descripsit
1799 2774 2083 2840 errantes,

434 2881 592 2922 nunc
614 2867 790 2922 refert
818 2865 889 2920 de
914 2863 1297 2920 redeuntibus
1343 2863 1416 2919 ad
1444 2863 1598 2918 dona
1626 2861 1746 2918 Dei.
1783 2861 2086 2918 Clamave-

434 2959 595 3026 runt,
614 2953 909 3028 signiﬁcat
927 2969 1141 3027 magno
1155 2951 1444 3010 desiderio
1461 2951 1840 3024 quaesierunt.
1855 2949 1902 3006 Η
1920 2951 2084 3006 Tunc

435 3057 670 3118 quoque
689 3042 1038 3100 exaudimur
1065 3043 1137 3100 ab
1167 3057 1254 3109 eo,
1287 3041 1524 3114 quando
1555 3057 1672 3097 non
1695 3039 1948 3112 simplex
1978 3055 2085 3096 vox

433 3133 533 3211 sed
565 3131 866 3189 tribulatio
898 3131 1113 3188 clamat
1132 3133 1204 3188 ad
1236 3132 1441 3188 Deum.
1466 3131 1578 3188 Sed
1608 3130 1738 3186 vide
1785 3128 1926 3202 quid
1967 3129 2081 3184 cla-

2201 547 2528 620 indigentia
2558 547 2696 604 boni
2721 546 2934 618 operis,
2959 546 3148 619 ligatae
3180 547 3422 604 funibus
3456 556 3867 622 peccatorum.

2201 636 2441 692 Ferrum
2471 633 2768 709 signiﬁcat
2796 633 3076 692 duritiam
3107 634 3426 692 malorum.

2203 742 2265 798 11
2345 742 2488 812 Quia
2515 743 2980 800 exacerbaverunt
3008 741 3226 816 eloquia
3253 739 3354 800 Dei
3383 759 3396 798 :

2343 831 2407 887 Et
2434 829 2729 887 consilium
2757 832 3025 888 A-lti‘ssimi
3052 833 3434 890 irritaverant.

2267 923 2311 975 C
2339 919 2487 985 Quia
2508 919 3022 985 exacerbaverunt,
3035 921 3273 994 exponit
3291 922 3449 978 enim
3470 921 3866 996 quemadmo~

2199 1009 2344 1064 dum
2373 1013 2758 1083 peccaverunt
2785 1009 2870 1066 illi
2899 1009 2999 1082 qui
3021 1009 3304 1066 sedebant
3323 1011 3382 1066 in
3404 1011 3667 1068 tenebris
3693 1005 3872 1088 ;quia

2201 1103 2402 1154 contra
2428 1097 2661 1154 Domini
2693 1097 2926 1172 eloquia
2945 1098 3242 1166 facientes,
3267 1096 3324 1154 in
3352 1099 3485 1172 ejus
3516 1099 3742 1176 regulis
3774 1100 3870 1158 vi-

2197 1203 2328 1244 vere
2360 1188 2739 1260 respuebant,
2769 1191 2826 1244 ct
2851 1185 2981 1243 ideo
3021 1187 3152 1258 ejus
3181 1187 3430 1244 consilia
3479 1187 3872 1248 irritaverunt

2199 1275 2244 1332 Η
2278 1277 2414 1342 Quae
2444 1277 2531 1332 eis
2561 1275 2800 1332 dederat
2831 1278 2896 1331 ut
2923 1274 3204 1349 eligerent
3230 1275 3490 1333 vitam.C
3519 1276 3653 1335 Fuit
3681 1279 3867 1337 etiam

2198 1365 2299 1421 Dei
2305 1367 2536 1438 justum
2550 1363 2886 1430 consilium,
2900 1363 3288 1421 saluberrima
3299 1365 3615 1435 medicina,
3631 1373 3700 1424 ut
3712 1386 3871 1425 mor-

2197 1454 2310 1511 bus
2339 1453 2438 1510 ille
2449 1453 2740 1510 contrario
2754 1453 3013 1510 remedio
3025 1470 3094 1510 cu
3103 1458 3333 1511 raretur
3353 1472 3369 1524 ;
3391 1457 3678 1530 Superbia
3694 1474 3866 1516 men-

2195 1542 2297 1612 tis;
2327 1543 2604 1617 angustia
2633 1542 2845 1599 cordis.

2196 1651 2264 1707 12
2334 1644 2400 1706 Et
2428 1649 2784 1706 humiliatum
2811 1658 2890 1706 est
2919 1651 2979 1706 in
3009 1649 3280 1708 laboribus
3309 1667 3404 1708 cor
3429 1666 3622 1710 eorum
3653 1671 3670 1710 :

2335 1740 2616 1812 Inﬁrmati
2641 1743 2772 1796 sunt
2799 1753 2900 1796 nec
2927 1741 3040 1812 fuit
3068 1741 3168 1812 qui
3196 1739 3500 1814 adjuvaret.

2111 1841 2162 1907 Β
2263 1828 2304 1884 C
2332 1827 2718 1884 Humiliatum
2744 1832 2833 1886 est
2853 1845 2953 1884 cor
2972 1829 3249 1886 eorumin
3283 1829 3780 1888 tribulationibus
3797 1839 3859 1890 et

2195 1918 2590 1992 angustiis,ut
2619 1917 2719 1991 qui
2744 1917 2805 1975 in
2836 1919 3328 1992 prosperitatibus
3348 1920 3590 1992 superbi
3609 1921 3867 1978 exsiste-

2196 2011 2352 2077 runt,
2368 2007 2428 2062 in
2458 2005 2938 2064 tribulationibus
2958 2012 3016 2064 et
3041 2006 3346 2065 laboribus
3373 2005 3864 2067 humiliarentur.

2195 2095 2482 2152 Inﬁrmati
2511 2100 2670 2163 sunt,
2685 2095 2742 2152 id
2773 2099 2863 2152 est
2885 2113 2918 2152 a
2939 2095 3134 2152 seculi
3153 2097 3614 2172 praesumptione
3643 2099 3866 2171 dejecti

2195 2185 2502 2242 sunt.~Nec
2533 2185 2645 2241 fuit
2674 2185 2774 2258 qui
2806 2185 3862 2259 adjuvaret,subaudiendummliter,

2195 2291 2366 2331 nemo
2395 2274 2556 2331 enim
2587 2276 2825 2348 praestat
2843 2273 3217 2347 periclitanti,
3232 2275 3348 2333 nisi
3363 2275 3458 2332 cui
3481 2276 3866 2351 omaipotens

2196 2370 2348 2422 Deus
2375 2363 2710 2438 praeceperit
2739 2363 3058 2422 subveniri.

2193 2471 2264 2530 l3
2335 2473 2411 2530 Et
2435 2471 2812 2528 clamauerunt
2841 2471 2911 2527 ad
2931 2471 3236 2528 Dominum
3261 2487 3387 2528 cum
3414 2471 3862 2532 tribularehtu‘r:

2336 2563 2400 2617 Et
2427 2559 2492 2616 de
2517 2560 2930 2617 necessitatibus
2950 2575 3139 2618 eorum
3173 2559 3427 2618 liberavit
3455 2578 3564 2619 eos.

2263 2650 2306 2707 C
2332 2648 2740 2706 Clamaverunt
2767 2649 2839 2706 ad
2873 2649 3206 2719 Dominum,
3235 2647 3460 2706 scilicet
3483 2651 3724 2725 propria
3751 2653 3859 2710 de-

2193 2736 2332 2794 licta
2350 2737 2712 2796 confitentes.
2745 2736 3004 2797 Silebant
3035 2739 3199 2812 prius
3225 2737 3284 2794 in
3305 2737 3561 2796 elatione
3584 2741 3762 2814 positi
3798 2746 3861 2798 et

2191 2827 2349 2884 velut
2369 2827 2670 2884 ins‘ensata
2691 2843 2900 2900 pecora
2917 2825 3151 2884 nullum
3173 2827 3432 2884 salutare
3461 2829 3706 2886 verbum
3722 2829 3862 2888 fun-

2193 2916 2428 2972 debant.
2456 2915 2844 2990 Compunctio
2866 2916 3018 2973 facta
3042 2920 3152 2988 est,
3167 2921 3224 2972 et
3243 2921 3383 2972 tunc
3403 2933 3610 2974 vocem
3642 2915 3860 2976 utilem

2192 3005 2591 3073 reddiderunt,
2605 3005 2664 3062 id
2694 3010 2784 3062 est
2812 3005 3150 3063 etliberavit
3175 3021 3276 3063 eos
3297 3005 3400 3078 qni
3420 3008 3860 3080 premebantur

2191 3095 2472 3153 servitute
2502 3092 2742 3151 diaboli.

433 3203 564 3279 mor
587 3221 696 3278 iste
717 3220 1070 3294 prestilerit,
1105 3223 1246 3293 quia
1268 3221 1342 3276 de
1375 3219 1822 3276 necessitatibus
1870 3217 2086 3291 eripuit

2204 3204 2259 3258 [4
2332 3205 2400 3259 Et
2421 3203 2611 3261 eduxit
2637 3218 2726 3260 eos
2751 3203 2820 3260 de
2845 3203 3084 3260 tenebris
3109 3211 3163 3260 et
3186 3203 3385 3293 umbra
3422 3207 3616 3262 mortis
3648 3223 3668 3262 :

433 3327 553 3379 eos,
585 3313 646 3366 et
664 3311 907 3367 semitas
937 3308 1197 3365 veritatis
1225 3324 1542 3382 agnoscere
1571 3307 1726 3365 fecit.

429 3403 464 3454 7
536 3397 741 3454 Edwit
767 3412 854 3453 eos
883 3397 945 3450 in
973 3398 1121 3451 viam
1148 3405 1348 3452 rectam
1381 3413 1394 3453 :

577 3487 641 3542 Ut
668 3487 814 3542 irent
843 3487 903 3540 in
929 3485 1207 3540 civitatem
1237 3485 1616 3542 habitationis.

500 3579 541 3630 C
570 3574 639 3629 Et
662 3573 863 3630 eduxit
891 3590 992 3628 eos
1023 3573 1080 3626 in
1109 3573 1264 3628 viam
1288 3579 1525 3639 rectam,
1545 3573 1770 3630 scilicet
1789 3573 2079 3643 Christus,

431 3667 722 3736 quatenus
765 3661 867 3734 qui
922 3660 1148 3734 pridem
1177 3659 1330 3718 invio
1361 3677 1554 3718 errore
1573 3663 1953 3734 vagabantur,
1985 3681 2080 3720 ac-

430 3757 600 3825 cepta
627 3752 718 3807 via
747 3750 1134 3807 sanctissima:
1162 3749 1480 3822 religionis,
1503 3752 1805 3808 credentes
1825 3752 1883 3808 in
1915 3752 2080 3808 Chri-

430 3847 591 3898 stum
637 3842 710 3898 ad
753 3839 1020 3897 Ecclesia:
1074 3839 1243 3896 beata
1317 3839 1467 3896 atria
1528 3838 1772 3897 feliciter
1821 3844 2082 3914 perveni-

427 3934 572 3988 rent.

429 4022 464 4076 8
537 4019 906 4093 Conﬁteontur
923 4020 1156 4076 Domino
1185 4019 1579 4077 misericordias
1601 4020 1719 4092 ejus
1746 4038 1768 4075 ,ο

570 4112 637 4167 Et
660 4111 951 4166 mirabilia
976 4109 1096 4181 ejus
1115 4109 1252 4182 ﬁliis
1275 4108 1580 4165 hominum.

499 4199 542 4256 C
571 4199 823 4274 Dignum
855 4203 914 4254 et
937 4199 1170 4271 justum
1201 4202 1292 4254 est
1320 4211 1553 4271 semper
1580 4197 1836 4254 csnfiteri
1853 4199 1948 4270 pio
1981 4199 2083 4254 Do.

429 4288 608 4358 mino,
634 4287 736 4362 qui
750 4304 857 4344 nos
877 4303 988 4344 sua
1007 4286 1410 4344 misericordia
1431 4290 1488 4342 et
1502 4303 1537 4342 a
1553 4285 1831 4359 periculis
1847 4285 2076 4358 liberat,

425 4382 486 4435 et
513 4377 824 4451 splendore
853 4393 970 4432 suae
1004 4376 1240 4448 pietatis
1271 4375 1588 4431 illuminat.
1619 4375 1906 4432 Mirabilia
1949 4377 2080 4448 ejus

427 4481 558 4540 quae
586 4465 722 4523 fecit
749 4466 808 4520 in
841 4465 1082 4532 mundo,
1116 4482 1220 4538 per
1245 4463 1636 4538 evangelistas
1658 4469 1716 4521 et
1761 4463 2076 4539 apostolos,

426 4553 677 4628 posteris
705 4553 847 4610 dicit
875 4569 1005 4609 esse
1037 4553 1424 4625 praedicanda.

423 4645 462 4700 9
535 4645 675 4714 Quia
696 4645 918 4700 satiavit
945 4644 1193 4698 animam
1221 4636 1492 4698 inanem':

569 4735 632 4788 Et
661 4733 910 4789 animant
937 4733 1266 4789 esurientem
1291 4733 1516 4788 satiavit
1547 4732 1718 4790 bonis.

495 4823 539 4880 C
569 4823 729 4879 Tunc
757 4827 925 4878 erant
955 4821 1166 4877 animae
1197 4819 1509 4894 gentilium
1542 4820 1750 4878 inanes
1778 4825 1836 4878 et
1861 4837 2075 4892 vacuae,

425 4913 662 4986 quando
692 4911 862 4969 bonis
893 4911 1180 4968 fructibus
1201 4929 1269 4968 ex
1299 4909 1767 4967 cultuidolorum
1790 4912 2082 4986 erantpri-

424 5007 588 5069 vataa,
601 5005 802 5075 postea
823 5001 1150 5060 esurientes
1168 5000 1390 5057 satiata;
1405 5004 1567 5069 sunt,
1591 5001 1827 5074 quando
1843 4990 2078 5057 Domini

426 5089 801 5148 miseratione
847 5091 1238 5160 commonita,
1271 5092 1404 5147 vota
1449 5105 1560 5146 sua
1605 5090 1678 5147 ad
1723 5089 2076 5164 poenitentiae

424 5179 624 5236 studia
653 5179 1104 5238 transtulerunt.

424 5270 496 5326 10
565 5269 817 5326 Sedentes
846 5271 910 5326 in
939 5270 1175 5326 tenebris
1199 5278 1252 5326 et
1277 5270 1476 5326 umbra
1503 5271 1700 5326 mortis
1725 5287 1748 5324 .-

571 5360 780 5416 Vinctos
805 5360 866 5416 in
889 5357 1238 5415 mendicitate
1259 5365 1310 5416 et
1330 5362 1500 5432 ferro.

492 5448 843 5504 CSedebant
871 5450 1076 5520 gentes
1107 5447 1166 5502 in
1198 5447 1477 5517 tenebris,
1510 5447 1792 5520 quoniam
1823 5450 2078 5504 vacuata:

421 5534 644 5595 lumine
672 5535 830 5613 ﬁdei.
857 5535 1004 5592 Cum
1027 5535 1168 5593 dicit
1197 5535 1760 5608 scdentes,ostendit
1787 5535 2078 5611 easlongo

421 5625 540 5693 situ
560 5622 778 5684 ibidem
801 5623 984 5684 fuisse
1002 5627 1284 5686 versatas.
1298 5625 1522 5688 Umbra
1540 5625 1770 5696 mortis,
1785 5624 2078 5688 ﬁtitistius

2108 4583 2156 4650 D

2335 3294 2412 3350 Et
2437 3294 2660 3350 vincula
2688 3305 2878 3350 eorum
2899 3293 3156 3366 disrupit.

2262 3381 2307 3439 D
2338 3382 2550 3439 Eduxit
2577 3398 2677 3438 eos
2706 3383 2779 3440 de
2810 3382 3086 3452 tenebris,
3120 3383 3178 3438 id
3199 3383 3389 3440 estde
3712 3393 3860 3456 per-

2192 3472 2600 3529 ﬁdiaa.Umbra
2625 3473 2832 3528 mortis
2863 3475 2954 3528 est
2974 3471 3092 3529 vita
3112 3471 3366 3546 peccatis
3389 3471 3706 3541 maculata,
3723 3487 3862 3546 quae

2191 3560 2352 3618 illius
2383 3561 2590 3617 futurae
2621 3560 2830 3620 mortis
2859 3560 3215 3618 teterrimam
3260 3563 3454 3634 portat
3502 3561 3858 3634 imaginem.

2191 3649 2722 3724 Disrupitvincula,
2735 3651 2822 3708 sic
2846 3648 3064 3706 diaboli
3085 3649 3391 3724 tyrannica
3410 3653 3672 3723 potestas
3685 3650 3861 3708 Chri-

2191 3746 2280 3797 sto
2306 3739 2570 3796 veniente
2598 3740 2866 3814 disrupta
2895 3743 3004 3809 est,
3019 3742 3086 3794 ut
3115 3755 3418 3812 nunquam
3449 3739 3510 3796 in
3542 3739 3706 3796 illam
3731 3756 3862 3812 quae

2190 3829 2303 3886 fuit
2325 3828 2787 3886 dominationem
2818 3829 3006 3886 redire
3035 3829 3363 3902 pravaleat.

2191 3920 2260 3976 15
2331 3919 2710 3990 Conﬁteantnr
2728 3919 2962 3976 Domino
2988 3918 3391 3976 misericordiae
3415 3918 3535 3991 ejus
3567 3935 3582 3974 :

2331 4009 2399 4065 Et
2423 4007 2716 4065 mirabilia
2743 4009 2862 4081 ejus
2886 4007 3022 4080 ﬁliis
3049 4007 3355 4065 hominum.

2259 4096 2302 4154 α
2329 4097 2616 4155 Admonet
2641 4097 2798 4155 enim
2830 4095 3150 4154 Liberatori
3195 4097 3414 4170 gratias
3473 4111 3672 4170 agere,
3705 4097 3864 4170 quia

2181 4189 2400 4260 januas
2430 4192 2804 4260 peccatorum
2851 4190 2911 4242 et
2947 4185 3240 4244 malorum
3286 4186 3554 4244 omnium
3587 4185 3862 4244 claustra

2186 4277 2376 4335 virtus
2402 4275 2604 4334 divina
2627 4275 2930 4349 confregit.

2189 4367 2260 4422 16
2333 4367 2476 4436 Quia
2503 4367 2765 4422 contrivit
2787 4372 2976 4438 portas
3003 4380 3178 4424 avreus
3209 4384 3230 4422 :

2331 4455 2406 4512 Et
2434 4463 2608 4512 vectes
2630 4457 2842 4528 ferreos
2863 4456 3156 4528 confregit.

2264 4545 2308 4602 C
2333 4546 2518 4602 Portis
2547 4559 2730 4612 mea,
2751 4546 2892 4600 sunt
2917 4543 3376 4602 consuetudines
3415 4542 3735 4600 hominum
3767 4545 3858 4600 vi-

2188 4635 2512 4708 tiosae,quae
2527 4633 2728 4692 nosita
2750 4632 2812 4689 in
2854 4637 3230 4706 peccatorum
3269 4633 3442 4691 atriis
3456 4631 3776 4691 reci-dunt
3787 4641 3860 4692 ut

2187 4724 2436 4782 exeundi
2463 4726 2760 4797 nequeant
2785 4723 3044 4796 prabere
3073 4723 3371 4782 licentem.
3400 4719 3626 4780 Vestes:
3639 4727 3853 4780 autem

2186 4813 2426 4882 ferreos,
2461 4813 2706 4887 spiritus
2733 4811 3076 4870 immundos
3105 4813 3268 4885 dicit,
3299 4812 3402 4886 qui
3446 4811 3586 4870 illas
3624 4811 3858 4884 ianuas

2188 4907 2586 4976 peccatorum,
2618 4919 2694 4958 ne
2709 4902 2864 4959 exire
2895 4901 3089 4972 liceat,
3113 4901 3508 4959 circumdatas
3535 4901 3858 4959 obsonare

2187 4996 2246 5048 et
2274 4991 2544 5049 claudere
2573 5005 2690 5049 non
2720 4991 3119 5050 cessantﬂiec
3137 4992 3293 5048 enim
3323 4991 3442 5048 duo
3471 4989 3716 5048 metatis
3743 4995 3858 5063 pro

2187 5080 2530 5138 iortitudine
2560 5081 2914 5138 delictorum
2942 5077 3217 5138 videntur
3245 5095 3378 5138 esse
3411 5079 3702 5138 adhibita.

2187 5185 2254 5244 17
2326 5190 2578 5262 Suscepit
2603 5205 2696 5246 eos
2723 5187 2790 5246 de
2815 5190 2913 5245 via
2940 5190 3262 5262 iniquitatis
3288 5203 3480 5246 eorum
3510 5206 3530 5242 :

2328 5279 2561 5351 Propter
2588 5279 2894 5352 injustitias
2921 5279 3071 5333 enim
3100 5293 3229 5334 suas
3257 5277 3548 5333 humiliati
3581 5283 3736 5332 sunt.

2261 5368 2302 5422 Β
2335 5367 2625 5440 Suscepit,
2658 5367 2718 5422 id
2749 5371 2840 5423 est
2862 5365 3131 5423 liberavit
3157 5365 3450 5436 Christus,
3493 5379 3645 5438 quos
3671 5364 3857 5420 obse-

2185 5461 2418 5514 raverat
2437 5455 2710 5513 diabolus
2720 5453 3106 5512 validissimis
3125 5453 3272 5513 seris
3289 5454 3587 5512 vitiorum.
3602 5445 3861 5527 Propter

2185 5545 2510 5620 injustitias
2537 5546 2695 5604 enim
2717 5559 2857 5602 suas
2875 5542 3170 5604 humiliati
3185 5549 3344 5618 sunt,
3363 5548 3430 5603 ut
3441 5543 3856 5602 exaltarentur

2187 5635 2250 5695 in
2280 5634 2534 5697 Christo.
