4068 6160
177 314 258 379 393
994 324 997 325 '
1336 292 1556 369 EXPO
1567 307 1783 369 SITIO
1824 304 2356 372 PSALMORUM.

1824 440 1877 506 Α
1907 441 2249 513 suspendit,
2270 458 2340 497 nc
2358 441 2531 498 malis
2549 442 2945 499 crescentibus
2963 440 3306 496 obruamur.
3334 440 3403 495 Et
3427 439 3581 495 exal-

176 453 222 507 l8
274 442 496 505 Omnem
523 461 700 502 escam
726 446 1049 501 abominata
1077 452 1151 499 est
1181 443 1363 497 anima
1392 457 1591 496 eorum
1626 460 1645 496 :

269 542 333 595 Et
356 537 949 610 appropinquaverunt
986 541 1039 599 μὲ
1064 549 1226 608 usque
1274 537 1288 602 ζ
1331 530 1404 587 ad
1426 539 1625 603 portas
1656 546 1825 585 mor--

337 629 429 683 tis.

215 716 244 773 Ο
269 716 365 772 Hic
394 732 593 772 escam
628 712 985 788 spiritalem,
1001 712 1183 787 legem
1206 713 1328 780 Dei,
1349 707 1585 766 scilicet
1619 712 1678 765 et
1708 725 1801 765 sa-

175 806 349 862 lutaria
375 808 668 878 prtecepta
696 804 991 861 debemus
1035 804 1343 871 advertere,
1394 799 1558 855 unde
1610 796 1804 854 ﬁdelis

171 894 333 951 anima
353 894 496 949 vivit
519 912 534 962 ;
560 894 633 949 de
673 910 793 965 qua
829 892 1168 964 iniquarum
1190 907 1356 947 mens
1375 887 1631 945 exitiosa
1652 886 1806 943 fame

163 985 327 1055 jejuna
355 986 465 1039 est.
510 982 717 1038 Gravis
766 970 1017 1037 morbus
1064 979 1413 1036 exsecranda
1463 975 1799 1044 calamitas,

164 1072 330 1128 divine
361 1071 510 1144 legis
542 1070 954 1143 appetentiam
987 1087 1101 1125 non
1147 1070 1375 1125 habere.
1430 1067 1586 1122 Nam
1647 1065 1803 1121 unde

163 1165 315 1234 potest
336 1160 549 1227 vivere,
580 1159 688 1231 qui
724 1176 898 1215 suam
932 1159 1111 1214 vitam
1146 1158 1382 1231 coeperit
1405 1172 1527 1211 non
1556 1170 1757 1211 amare
1776 1154 1805 1209 ?

164 1251 277 1306 Hinc
304 1250 525 1305 factum
561 1252 653 1304 est
683 1251 750 1303 ut
781 1249 854 1303 ad
882 1247 984 1303 illa
1014 1247 1268 1304 claustra
1307 1246 1613 1302 mortifera
1639 1242 1801 1300 veni-

160 1345 302 1409 retur,
331 1338 445 1394 nisi
477 1336 727 1393 Domini
762 1336 1142 1392 miseratione
1172 1339 1370 1392 essent
1398 1334 1655 1391 liberati.

164 1428 205 1483 l9
272 1429 331 1483 Et
353 1427 743 1481 clamauerunt
770 1424 843 1479 ad
875 1426 1175 1481 Dominum
1204 1442 1329 1480 cum
1362 1424 1797 1481 tribularentur:

268 1521 335 1573 Et
360 1515 426 1571 de
454 1514 876 1571 necessitatibus
906 1528 1093 1569 eorum
1123 1514 1379 1570 liberavit
1404 1530 1510 1570 eos.

205 1609 241 1660 C
266 1606 447 1661 Istum
478 1620 718 1659 versum
749 1605 983 1658 constat
1011 1618 1136 1658 esse
1161 1601 1800 1676 repetitum,quoniam

160 1698 195 1750 in
220 1692 398 1751 simili
432 1709 617 1749 causa
647 1708 829 1747 unam
861 1680 1056 1746 decuit
1084 1707 1209 1748 esse
1241 1691 1625 1749 sententiam.

167 1785 210 1838 20
279 1784 428 1839 Misit
456 1782 685 1839 verbum
713 1797 877 1835 suum
908 1786 958 1835 et
986 1782 1201 1837 sanavit
1224 1798 1320 1838 eos
1347 1798 1361 1836 :

265 1877 329 1929 Et
357 1873 570 1944 eripuit
598 1887 687 1927 eos
718 1869 784 1924 de
810 1869 1159 1924 interioribus
1187 1876 1245 1938 ᾧ·
1297 1887 1490 1927 eorum
1563 1874 1613 1939 ζ.

200 1966 250 2017 Η
292 1961 458 2019 Misit
498 1959 759 2016 Verbum
788 1974 989 2026 suum,
1024 1958 1079 2013 id
1104 1963 1190 2014 est
1218 1960 1399 2016 Pater
1435 1960 1661 2027 Filium,
1693 1960 1791 2032 qui

156 2069 238 2108 nos
266 2051 529 2119 reticeret
559 2053 618 2105 et
649 2051 908 2104 sanaret.
942 2048 1012 2102 Et
1040 2048 1250 2121 eripuit
1282 2066 1388 2105 eos
1419 2049 1490 2105 de
1518 2049 1798 2105 interitio-

156 2142 304 2196 nibus
335 2140 393 2195 in
429 2139 652 2212 quibus
682 2154 747 2195 se
772 2136 890 2210 ipsi
921 2135 1328 2194 dimerserant.
1362 2142 1403 2193 C
1434 2138 1577 2194 Ecce
1602 2138 1794 2211 qualis

155 2228 395 2303 languor,
430 2226 777 2301 spirituales
810 2225 1051 2282 delicias
1070 2225 1240 2282 Verbi
1266 2228 1372 2283 Dei
1397 2231 1455 2283 et
1483 2216 1817 2300 propheta--

153 2336 257 2374 rum
286 2317 577 2385 fastidire,
609 2320 676 2372 ut
705 2315 833 2372 sola
888 2312 1138 2371 cmlestis
1188 2316 1409 2371 medici
1463 2318 1791 2388 praesentia,

151 2408 348 2463 scilicet
376 2406 616 2477 Christi,
650 2404 769 2461 tale
801 2403 1089 2477 potuisset
1118 2403 1447 2476 periculum
1496 2406 1793 2479 aegritudi-

152 2497 226 2551 nis
256 2500 587 2575 amputare.

148 2589 192 2642 ‘2l
271 2586 655 2658 Conﬁteanzur
683 2584 918 2639 Domino
945 2583 1336 2653 misericordia?
1365 2585 1483 2656 ejus
1519 2600 1530 2638 :

268 2678 348 2732 Et
369 2675 660 2731 mirabilia
690 2674 810 2745 ejus
839 2672 978 2743 ﬁliis
1006 2672 1306 2726 hominum.

199 2767 417 2831 Quarta
444 2763 661 2839 psalmi
694 2760 877 2818 sectio
910 2761 1171 2832 repetitis
1200 2760 1469 2817 versibus
1497 2762 1790 2819 introitur.

147 2855 479 2912 Commonet
509 2856 709 2908 autem
741 2850 1075 2907 sacerdotes
1107 2853 1172 2905 ut
1199 2850 1449 2906 Domino
1474 2854 1791 2909 confitean-

146 2948 245 3012 tur,
274 2943 331 2998 id
362 2946 453 2999 est
482 2940 822 2997 sacriﬁcent
850 2937 958 3007 illi,
980 2944 1034 2994 et
1066 2938 1361 2995 mirabilia
1390 2940 1520 3010 ejus
1550 2959 1665 2997 non
1693 2942 1791 2999 de-

146 3035 326 3088 sinant
355 3029 595 3104 pOpulis
625 3027 965 3103 praadicare.

146 3124 202 3177 22
274 3124 341 3176 Et
367 3121 684 3192 sacriﬁcent
707 3117 1024 3188 sacriﬁcum
1054 3117 1236 3173 laudis
1268 3134 1281 3171 :

268 3213 332 3266 Et
360 3211 702 3265 annuntient
734 3223 901 3280 opera
930 3208 1043 3278 ejus
1075 3208 1133 3262 in
1162 3207 1546 3264 exsultatione.

199 3300 239 3354 C
267 3299 514 3356 Domino
547 3295 842 3354 sacriﬁciu
862 3312 920 3351 m
951 3296 1317 3368 reddidit,qui
1338 3295 1507 3351 laetus
1540 3298 1790 3355 hostiam

137 3389 316 3446 laudis
345 3387 646 3445 obtulerit.
681 3386 864 3441 Multo
897 3384 1051 3441 enim
1087 3385 1465 3458 praestantius
1505 3392 1613 3456 est,
1654 3404 1787 3443 cum

140 3480 296 3536 bonis
326 3478 562 3536 actibus
599 3474 948 3549 psalmodiis
997 3473 1081 3529 illi
1129 3473 1512 3547 jubilationes
1569 3477 1791 3546 oll‘erre,

142 3585 307 3640 quam
339 3567 641 3642 pecudum
664 3563 937 3620 victimas
960 3563 1360 3620 immolare.Et
1382 3581 1557 3635 opera
1580 3566 1791 3636 ejus,id

137 3656 538 3725 est,beneficia
561 3657 693 3728 ejus
714 3652 1127 3727 praedicatores
1149 3652 1448 3725 proferant
1468 3653 1526 3707 in
1548 3653 1797 3711 exsulta-

138 3745 299 3802 tione.
336 3746 442 3802 llla
463 3743 623 3799 enim
651 3741 900 3799 celerius
926 3742 1161 3797 credere
1184 3740 1637 3813 acquiescimus,
1666 3761 1794 3817 quae

141 3834 413 3903 videmus,
446 3835 715 3889 doctores
748 3832 864 3886 fixa
894 3834 949 3887 et
979 3835 1145 3904 grata
1170 3834 1365 3886 mente
1396 3831 1730 3904 praedicare.

145 3924 209 3977 ‘23
276 3925 381 3992 Qui
409 3921 748 3979 descendunt
777 3936 928 3976 mare
957 3921 1017 3976 in
1045 3920 1280 3976 navibus
1314 3936 1326 3973 :

270 4015 552 4068 Facientes
581 4011 955 4082 operationem
981 4010 1038 4064 in
1072 4011 1232 4081 aquis
1261 4010 1470 4065 multis.

213 4105 249 4155 C
274 4101 381 4167 Qui
416 4099 789 4157 descendunt
821 4097 1311 4171 mare,significat
1332 4100 1794 4174 secerdotes,qui

149 4191 334 4245 πουιί
360 4190 540 4245 istius
571 4188 895 4261 procellosa
925 4188 1311 4244 descendunt.
1346 4187 1391 4242 Η
1433 4189 1496 4244 In
1526 4190 1795 4259 navibus,

149 4278 205 4333 id
233 4283 318 4335 est
345 4277 646 4345 Ecclesiis,
679 4294 807 4349 qua:
838 4276 1133 4332 Christum
1168 4278 1423 4348 portant,
1459 4282 1514 4332 et
1545 4294 1577 4332 a
1610 4277 1796 4334 ﬂucti-

150 4366 256 4421 bus
284 4367 461 4439 hujus
494 4364 703 4422 mundi
751 4365 1103 4421 tunduntur.
1155 4362 1459 4421 Faciontes
1508 4366 1796 4438 operatio-

154 4472 299 4523 nem,
331 4457 371 4512 C
402 4457 460 4512 id
503 4460 596 4512 est
644 4454 963 4529 praedicant
1008 4451 1243 4526 populis
1292 4452 1660 4525 Christianis,
1695 4456 1797 4528 qui

152 4545 313 4616 aquis
342 4545 553 4603 multis
576 4545 977 4618 designantur.

152 4634 215 4687 24
287 4637 394 4707 Ipsi
420 4633 682 4691 viderunt
707 4648 870 4705 opera
899 4633 1130 4688 Domini
1163 4650 1175 4688 :

284 4725 349 4780 Et
374 4723 667 4780 mirabilia
694 4723 813 4793 ejus
843 4722 901 4777 in
928 4720 1225 4794 profundo.

216 4811 257 4867 C.
290 4814 402 4886 Ipsi
433 4813 729 4877 viderunt,
763 4809 875 4883 ipsi
909 4811 1443 4884 praedicatores,qui
1470 4812 1597 4882 ejus
1630 4828 1807 4885 opera

156 4902 398 4972 spiritali
434 4898 826 4973 intelligentia
856 4904 1270 4973 cognoverunt.
1304 4900 1366 4955 In
1400 4900 1723 4972 profundo;
1759 4901 1805 4956 H

156 4986 515 5061 inprofunda
530 4988 688 5046 enim
712 4987 963 5061 caligine
984 5004 1088 5059 per
1107 5005 1308 5043 eorum
1332 4988 1805 5061 praedicationem

154 5075 343 5135 lumen
376 5079 644 5137 veritatis
675 5078 889 5150 illuxit,
913 5082 979 5133 ut
1000 5077 1263 5133 viderent
1294 5077 1352 5133 in
1383 5078 1639 5134 tenebris
1670 5078 1807 5133 den-

157 5165 404 5225 sissimis
435 5168 654 5225 clarere
706 5167 928 5235 lumen,
984 5171 1096 5222 Deo
1146 5171 1441 5239 operante,
1484 5167 1803 5223 verissimae

156 5253 484 5313 Trinitatis.

154 5342 221 5396 23
292 5348 456 5402 Dixit
485 5353 538 5401 et
562 5345 715 5401 stetit
743 5345 975 5416 spiritus
1002 5345 1233 5417 praellae
1268 5363 1281 5399 :

293 5439 361 5492 Bt
389 5436 628 5491 exagitati
654 5441 783 5490 sunt
810 5435 1006 5505 ﬂuctus
1033 5436 1170 5507 ejus.

223 5520 265 5576 C
292 5524 544 5596 Spiritus
569 5522 834 5597 procellae
867 5522 1158 5597 significat
1194 5526 1575 5595 tempestates
1619 5523 1803 5580 tribu-

162 5604 437 5668 lationum
470 5616 825 5682 nostrarum,
855 5628 1004 5685 quas
1062 5613 1217 5669 Deus
1275 5611 1373 5686 pia
1425 5611 1803 5670 miseratione

485 5738 750 5807 ΡΑτιιοι..
800 5740 1029 5806 CXLII.

1833 1814 1881 1879 B

3460 304 3579 366 394
3650 290 3653 293 “

1908 530 2014 585 tati
2045 534 2197 585 sunt
2227 530 2443 588 ﬂuctus
2473 532 2534 588 in
2565 531 2864 589 mentibus
2895 528 3171 586 humanis
3200 530 3441 602 quando
3469 545 3584 603 pu-

1909 622 2109 674 tamus
2145 619 2382 676 meritis
2413 621 2630 678 nostris
2660 620 2921 688 aitribui,
2955 619 3111 676 unde
3157 617 3427 675 videmus
3470 633 3584 678 nos

1911 706 2038 763 sola
2067 706 2274 764 divina
2298 710 2488 782 gratia
2516 727 2687 783 posse
2716 708 2972 768 liberari.

1910 817 1981 869 26
2057 816 2373 871 Ascendunt
2398 834 2570 890 usque
2598 818 2667 874 ad
2696 819 2854 874 caelos
2885 824 2935 873 et
2963 814 3267 872 decendunt
3300 832 3473 890 usque
3514 815 3587 875 ad

2132 906 2358 977 abyssos
2393 922 2406 961 :

2058 995 2269 1050 Anima
2293 1011 2481 1052 eorum
2513 998 2570 1052 in
2603 997 2767 1053 malis
2799 995 3120 1053 tabescebat.
3318 1068 3321 1071 Α

1981 1087 2021 1137 C
2046 1084 2394 1139 Ascendunt
2424 1085 2601 1141 etiam
2633 1085 2731 1141 isti
2762 1086 2978 1141 ﬂuctus
3008 1099 3196 1155 usque
3245 1083 3318 1140 ad
3373 1082 3569 1153 oculos,

1911 1171 2153 1243 quando
2172 1173 2351 1229 seculi
2366 1174 2717 1230 elationibus
2734 1173 3427 1247 eriguntur,descendunt
3437 1188 3570 1231 vero

1911 1278 2104 1333 usque
2136 1262 2208 1317 ad
2242 1263 2509 1336 abyssos,
2544 1279 2678 1319 cum
2709 1263 2769 1318 in
2798 1262 3263 1335 desperationem
3295 1278 3568 1336 pervene-

1910 1354 2073 1407 runt.
2109 1350 2468 1410 Tabescebat
2497 1353 2699 1409 anima
2722 1352 2783 1408 in
2810 1350 2971 1421 mali,
3005 1351 3063 1407 id
3114 1355 3204 1408 est
3255 1352 3315 1407 in
3368 1350 3569 1408 formi-

1910 1439 2071 1508 dine,
2108 1440 2246 1496 etin
2282 1441 2684 1497 recordatione
2734 1438 3024 1496 malorum
3075 1456 3202 1513 quae
3253 1439 3474 1515 gessit;
3506 1437 3568 1494 in

1908 1528 2064 1585 bono
2098 1529 2254 1586 enim
2287 1530 2379 1586 hic
2408 1531 2653 1603 ponitur
2682 1529 2998 1586 tabescere.
3030 1533 3077 1585 H
3107 1530 3571 1597 Ascendunt,au-

1909 1616 2127 1674 dicndo
2158 1635 2172 1675 :
2213 1620 2608 1691 deseundunt,
2642 1618 2925 1675 timendo.

1910 1727 1977 1779 27
2061 1726 2285 1782 Turbati
2311 1731 2441 1782 sunt
2470 1730 2524 1783 et
2554 1727 2691 1783 moti
2717 1733 2845 1783 sunt
2868 1729 3010 1783 sicut
3038 1726 3224 1785 ebrius
3256 1744 3269 1782 :

2055 1817 2122 1871 Et
2146 1818 2327 1872 omnis
2356 1817 2636 1890 sapientia
2665 1832 2853 1872 eorum
2875 1817 3127 1873 devorata
3157 1821 3256 1873 est.

1975 1909 2015 1959 C
2043 1906 2286 1961 Turbati
2317 1910 2476 1974 sunt,
2501 1905 2575 1961 ad
2609 1906 3014 1961 confusionem
3045 1904 3299 1979 pertinet
3328 1912 3562 1959 sensus.
3590 1934 3605 1955 λ

1903 1996 2217 2051 Commotti
2237 1999 2376 2050 sunt
2392 2013 2404 2052 ε
2421 1996 2494 2051 ad
2514 1995 2634 2049 iras
2648 1995 2915 2067 protinus
2929 1986 3568 2056 evomendas.Motitu

1904 2089 2044 2140 sunt
2076 2088 2140 2140 ut
2168 2084 2388 2140 ebrius.
2410 2083 2645 2148 H.Quia
2675 2082 2817 2139 nihil
2853 2083 3085 2153 stabile,
3115 2082 3265 2139 nihil
3298 2072 3568 2136 sobrium

1903 2191 2105 2229 eorum
2135 2190 2347 2230 sensus
2377 2173 2653 2230 hebebat.
2706 2173 3007 2247 Sapientia
3047 2189 3255 2230 eorum
3293 2166 3585 2239 devorata,

1903 2267 2057 2319 est.C
2074 2263 2218 2329 Quia
2242 2262 2495 2318 turbatis
2519 2263 2820 2320 mentibus
2836 2280 2952 2319 non
2975 2260 3570 2336 praevaletappal‘el‘e.

1904 2353 1962 2407 in
1986 2352 2204 2425 quibus
2226 2356 2359 2407 ante
2380 2351 2692 2408 videbatur
2711 2352 2904 2410 inesse
2926 2351 3264 2426 sapientia;
3290 2342 3578 2418 sapientia

1903 2442 2061 2497 enim
2092 2459 2209 2497 non
2241 2444 2435 2513 potest
2462 2441 2579 2496 nisi
2602 2443 2755 2514 apud
2781 2442 3011 2515 quietos
3032 2443 3090 2497 et
3104 2435 3579 2515 imperturbatos

1902 2531 2134 2587 animos
2161 2529 2428 2585 inveniri.
2464 2530 2506 2586 C
2537 2532 2582 2587 Η
2615 2532 2768 2588 Bene
2798 2548 2935 2604 ergo
2966 2545 3171 2586 eorum
3216 2530 3445 2591 dicitur
3489 2550 3605 2595 311-.

1902 2618 2122 2692 picntia
2150 2618 2552 2690 devorata,qui
2584 2624 2717 2675 ante
2748 2619 2863 2675 sibi
2891 2618 3578 2700 videbantur-doctores,

1903 2708 2005 2764 sed
2031 2708 2157 2779 jam
2185 2706 2515 2763 conturbati
2546 2725 2581 2763 a
2601 2707 2888 2782 sapientia
2908 2706 3030 2777 Dei,
3051 2723 3114 2762 se
3137 2709 3381 2773 stultos
3400 2717 3579 2778 fuisse

1902 2799 2285 2869 cognoscunt.
2316 2793 2408 2850 Sic
2439 2794 2578 2851 olim
2619 2796 2794 2852 draco
2839 2795 3024 2867 Moysi
3068 2794 3394 2870 deglutivit
3440 2811 3577 2868 dra-

1903 2900 2078 2941 cones
2109 2882 2509 2957 Egyptiorum
2537 2885 2736 2955 (Exod.
2765 2887 2843 2955 7).

1900 2994 1973 3048 28
2045 2993 2111 3046 Et
2139 2991 2517 3046 clamauerunt
2548 2990 2620 3045 ad
2644 2992 2948 3047 Dominum
2964 3007 3091 3046 eum
3116 2993 3566 3064 tribularentur:

2046 3082 2111 3136 Et
2140 3080 2205 3136 de
2232 3079 2642 3135 necessitatibus
2669 3096 2855 3136 eorum
2883 3079 3077 3136 eduxit
3104 3096 3217 3139 eos.

1820 3187 1864 3253 ρ
1978 3171 2019 3226 ll
2053 3168 2460 3225 Clamaverunt
2492 3168 2565 3223 ad
2591 3168 3002 3253 Dominum,ut
3025 3168 3363 3243 linquentes
3390 3176 3560 3235 luxu-

1904 3263 2121 3318 riosam
2154 3257 2515 3323 ebrietatem,
2548 3252 2902 3331 sapientiam
2932 3258 3032 3315 Dei
3077 3268 3486 3332 sequerentur.
3512 3267 3557 3322 Ο

1902 3352 2045 3406 Ecce
2076 3348 2218 3404 illud
2246 3345 2403 3401 velut
2432 3345 2578 3402 ebrii
2628 3364 2880 3421 quorum
2933 3348 3222 3420 sapientia
3271 3351 3557 3425 deglutita

1901 3438 2226 3503 videbatur,
2260 3433 2512 3491 clamore
2543 3436 2765 3492 salubri
2786 3437 2858 3492 ad
2879 3435 3078 3493 vitalia
3097 3437 3344 3495 cansilia
3375 3441 3558 3496 redie—

1902 3531 2062 3596 runt,
2095 3531 2152 3583 et
2177 3526 2245 3581 ad
2279 3523 2593 3581 Dominum
2626 3525 2909 3591 conversi,
2941 3531 3243 3599 coeperunt
3263 3529 3391 3600 jam
3423 3543 3555 3585 esse

1903 3616 2106 3673 sobrii.
2121 3617 2190 3672 Et
2210 3613 2410 3671 eduxit
2430 3631 2529 3671 eos
2550 3615 2620 3671 de
2641 3614 3090 3671 necessitatibus
3121 3632 3323 3673 eorum
3355 3618 3552 3683 modo,

1904 3705 2005 3779 qui
2037 3705 2323 3778 sequitur,
2355 3703 2667 3777 allegorica
2695 3703 3103 3777 descriptione.

1898 3815 1972 3868 29
2043 3815 2108 3869 Et
2133 3813 2326 3869 statuit
2355 3812 2648 3884 procellam
2677 3812 2796 3884 ejus
2822 3813 2883 3868 in
2914 3828 3112 3869 auram
3144 3828 3158 3870 :

2044 3904 2111 3958 Et
2140 3903 2418 3959 siluerunt
2441 3902 2638 3972 ﬂuctus
2665 3902 2803 3974 ejus.

1977 3996 2016 4046 Ο
2044 3993 2114 4048 Et
2141 3990 2349 4049 statuit
2370 3990 2686 4064 procellam
2717 3992 2847 4063 ejus
2878 3991 2936 4045 in
2968 3992 3262 4059 auram,id
3282 3997 3392 4060 est,
3410 3997 3558 4050 tem-

1905 4085 2103 4154 pestas
2136 4079 2234 4135 illa
2264 4079 2589 4136 saevissima
2620 4079 2769 4151 (quae
2818 4079 2891 4135 ab
2934 4079 3197 4136 humana
3242 4080 3558 4153 fragilitate

1908 4186 2023 4226 non
2056 4173 2283 4243 poterat
2310 4168 2614 4240 sustineri)
2644 4168 2704 4223 in
2735 4185 2909 4225 auras
2931 4168 3106 4240 jussa
3141 4168 3453 4242 diSparuit.
3489 4170 3558 4227 Et

1907 4258 2198 4314 siluerunt
2229 4257 2441 4313 ﬂuctus
2472 4258 2621 4328 ejus,
2656 4257 2713 4312 id
2746 4261 2854 4328 est,
2879 4257 2926 4312 H
2946 4257 3351 4330 pcenitentiam
3384 4259 3557 4332 agen-

1907 4348 2067 4403 tibus
2098 4347 2155 4402 in
2189 4344 2676 4419 tranquillitatem
2710 4346 2971 4403 conversi
3001 4350 3162 4414 sunt,
3194 4347 3295 4419 qui
3328 4350 3368 4401 C
3414 4364 3555 4404 con-

1906 4436 2102 4493 festim
2136 4436 2339 4511 fragor.
2360 4434 2458 4491 ille
2490 4435 2854 4492 saevientium
2876 4435 3165 4495 malorum
3188 4435 3433 4510 imperio
3459 4436 3557 4493 do-

1907 4526 2188 4582 minantis
2218 4524 2533 4581 obmutuit.

1903 4634 1973 4688 30
2061 4639 2116 4699 -j-
2144 4636 2221 4688 Et
2289 4637 2302 4698 ζ
2346 4634 2525 4691 laetati
2550 4641 2681 4691 sunt
2709 4636 2840 4708 quia
2862 4634 3144 4693 siluerunt
3172 4653 3189 4695 :

2052 4725 2118 4777 Et
2147 4722 2375 4779 deduxit
2400 4739 2487 4779 eos
2518 4725 2580 4779 in
2603 4732 2823 4796 portum
2851 4723 3157 4782 voluntatis
3187 4741 3398 4782 earum.

1984 4814 2023 4865 C
2055 4812 2253 4867 Laetati
2286 4816 2444 4877 sunt,
2472 4812 2614 4869 dicit
2633 4813 2787 4886 quod
2811 4814 2957 4870 solet
2975 4818 3108 4886 post
3126 4812 3384 4886 pericula
3404 4812 3559 4868 navi-

1914 4900 2191 4971 gantibus
2216 4900 2461 4966 evenire,
2496 4906 2562 4957 ut
2586 4918 2647 4957 se
2673 4902 2970 4975 gaudeant
3019 4902 3090 4958 ab
3137 4901 3358 4976 ingenti
3396 4900 3559 4958 clade

1914 4988 2215 5054 liberatos,
2241 4990 2475 5060 quando
2507 4991 2577 5046 ad
2606 4995 2840 5062 portum
2872 4990 3154 5063 cmperint
3175 4990 3370 5047 venire
3391 4990 3563 5048 tutis-

1913 5079 2152 5147 simum,
2176 5077 2231 5132 id
2265 5081 2355 5133 est
2375 5079 2445 5134 ad
2469 5076 3001 5134 Christum.Portus
3021 5078 3179 5135 enim
3202 5097 3236 5136 a
3255 5080 3558 5153 portandis

1913 5167 2158 5224 navibus
2192 5165 2385 5222 dictus
2416 5170 2526 5236 est,
2559 5170 2614 5223 et
2640 5167 2875 5222 animus
2905 5167 3210 5225 aastuantis
3239 5168 3300 5225 in
3327 5168 3556 5226 Christo

1911 5258 2180 5328 portatur
2209 5255 2524 5327 quietus.H
2557 5255 3001 5322 Quiescentibus
3029 5258 3419 5315 tentationum
3453 5258 3559 5314 flu-

1913 5343 2126 5412 ctibus,
2161 5343 2433 5399 laetantur
2460 5343 2765 5416 inquietati
2792 5348 2851 5401 et
2906 5344 3154 5416 liberati,
3200 5353 3258 5405 et
3311 5347 3561 5404 deducet

1917 5440 2065 5490 Deus
2090 5433 2366 5490 liberatos
2396 5433 2455 5488 in
2486 5436 2720 5505 portum
2743 5431 3062 5492 voluntatis
3083 5453 3282 5494 eorum
3305 5453 3424 5506 eos,
3446 5435 3558 5493 sci-

1914 5524 2050 5579 licet
2078 5523 2178 5595 qui
2200 5522 2487 5598 integram
2510 5520 2863 5579 voluntatem
2886 5522 2947 5581 in
2968 5541 3103 5582 eum
3127 5529 3559 5598 converterunt,

1914 5612 2040 5689 ipse
2068 5612 2226 5670 enim
2257 5616 2346 5672 est
2372 5629 2544 5670 verus
2573 5615 2799 5689 portus.
3418 5610 3421 5613 ’

3166 5744 3245 5831 5?!
