4068 6160
1363 319 1428 378 8.
1475 318 1874 382 BRUNONIS
1917 316 2542 382 HEBBIPOLENSIS
2585 316 2964 380 EPISCOPI.

2137 453 2186 518 Α
2218 452 2398 507 Terra
2427 451 2554 507 sine
2585 468 2756 524 aqua,
2788 450 3094 506 incredula
3122 449 3414 523 significat
3455 451 3634 506 corda
3681 454 3868 524 genti-

490 453 517 506 1
596 449 976 522 Conﬁtcantur
1001 450 1230 506 Domino
1259 452 1654 509 misericordiae
1683 453 1797 525 ejus
1829 469 1841 508 :

594 541 671 594 Et
695 538 984 596 mirabilia
1009 540 1126 612 ejus
1150 539 1286 610 ﬁliis
1315 540 1620 598 hominum.

501 629 566 704 ,Ο
593 626 823 701 Inspice
853 627 950 684 hic
972 629 1127 701 quod
1142 629 1422 686 eumdem
1443 646 1679 686 versum
1703 634 1910 703 quarto
1939 647 2106 703 repe-

451 715 604 790 tivit,
637 721 706 774 ut
731 717 1094 791 quadrifaria
1123 716 1224 774 illa
1254 719 1461 776 mundi
1493 718 1905 792 divisio,quam
1937 734 2109 792 supe-

451 806 578 870 rius
608 806 754 865 dixit
781 823 816 863 a
845 805 986 864 solis
1017 810 1146 863 ortu
1169 811 1226 863 et
1245 824 1478 877 occasu,
1494 799 1566 865 ab
1588 808 1861 880 aquilone
1880 811 1938 865 et
1957 807 2108 865 mari

451 879 546 954 his
577 889 937 954 concordans
968 891 1236 970 partibus
1265 897 1629 965 redderetur,
1648 879 1938 970 quatenus
1969 915 2106 954 con-

453 984 632 1042 fessio
653 984 842 1042 fidelis
865 985 1084 1058 ubique
1105 984 1556 1059 eadem,ubique
1573 985 1846 1043 ccleberri
1855 1003 1951 1044 ma
1973 1003 2106 1042 can-

450 1077 677 1131 taretur
706 1092 720 1132 :
753 1079 837 1146 ut,
871 1069 1026 1132 sicut
1056 1075 1276 1148 ubique
1304 1079 1395 1131 est
1425 1092 1538 1132 una
1571 1075 1836 1142 ecclesia,
1871 1093 1989 1132 una
2029 1075 2108 1132 sit

452 1160 510 1248 et
542 1165 760 1238 ubique
791 1163 1102 1223 confessio.
1125 1165 1172 1220 H
1199 1164 1597 1220 Conﬁteantur
1615 1164 1861 1221 Domino
1883 1164 2106 1222 miseri-

451 1255 660 1334 cordiae
691 1253 840 1328 ejus,
873 1255 1092 1328 quibus
1133 1254 1384 1328 protegit
1440 1253 1769 1310 humanum
1818 1271 2002 1328 genus
2050 1258 2108 1310 et

453 1343 748 1420 mirabilia
777 1343 929 1401 facta
970 1341 1110 1402 ﬁliis
1167 1343 1506 1412 hominum,
1564 1342 1703 1416 quia
1757 1342 2107 1400 mirabiliter

453 1433 772 1505 compescit
797 1433 906 1490 hos
938 1433 1174 1489 ﬂuctus.

451 1509 524 1596 32
693 1527 764 1578 Et
830 1527 846 1587 ζ
889 1523 1132 1578 exultent
1158 1539 1288 1579 eum
1315 1523 1376 1578 in
1409 1522 1646 1578 Ecclesia
1670 1522 1847 1594 plebis
1879 1539 1894 1579 :

595 1611 662 1666 Et
689 1613 749 1667 in
779 1611 1039 1668 cathedra
1068 1613 1348 1668 seniorum
1382 1611 1607 1668 laudent
1637 1627 1781 1668 eum.

524 1701 564 1753 C
593 1699 911 1756 Ecclesiam
943 1699 1037 1756 hic
1069 1693 1325 1756 nobilem
1349 1699 1515 1762 illam
1544 1705 1601 1756 et
1638 1717 1774 1757 vera
1823 1700 2105 1774 religione

3742 320 3862 384 86

2215 541 2540 613 lium,quae,
2564 540 2962 620 post,irrigata
2995 539 3156 596 unda
3182 539 3556 612 baptismatis
3585 544 3645 596 et
3664 546 3868 602 sancta

2215 629 2626 703 praedicatione
2653 629 2998 686 ﬂoruerunt.
3030 629 3078 686 Η
3109 627 3310 686 Posuit
3337 629 3636 690 desertum
3668 629 3734 687 in
3761 634 3874 688 sta-

2215 735 2333 792 gna
2361 735 2670 792 aquarum,
2706 720 2973 791 praebens
3001 719 3062 775 in
3095 717 3350 776 Ecclesia
3377 717 3769 792 baptismum.
3805 721 3875 777 Et

2215 812 2428 864 terram
2461 807 2590 864 sine
2611 825 2766 882 aqua
2803 807 2864 863 in
2903 809 3094 865 exitus
3115 823 3424 881 aquarum,
3443 807 3504 864 id
3527 812 3636 877 est,
3656 810 3873 882 pradi-

2215 895 2528 952 catoresin
2563 895 2868 952 nationum
2901 897 3172 954 ariditate
3201 895 3526 954 constituit.
3570 899 3644 956 Et
3689 897 3872 956 collo-

2214 983 2364 1040 cavit
2393 983 2512 1042 illic
2541 984 2890 1058 esurientes,
2910 989 2974 1042 ut
3001 985 3174 1043 bonis
3203 984 3873 1048 ccelcstibusreﬁceren-

2213 1077 2331 1130 tur.

2211 1163 2284 1228 36
2354 1165 2420 1220 Et
2447 1165 2730 1221 collocavit
2760 1165 2878 1220 illic
2903 1167 3201 1222 esurientes
3235 1183 3249 1221 :

2356 1253 2424 1308 Et
2453 1254 2851 1310 constituerunt
2877 1254 3151 1310 civitatem
3184 1253 3558 1312 habitatimris.

2284 1343 2325 1396 C
2353 1339 2668 1398 Collocavit
2693 1341 2814 1398 illic
2843 1342 3190 1411 esurientes,
3230 1342 3288 1398 id
3336 1347 3447 1412 est,
3480 1343 3583 1415 qui
3630 1345 3871 1402 Domini

2215 1447 2463 1487 munera
2492 1429 2671 1488 nimis
2699 1429 2956 1504 gloriosa
2984 1431 3258 1488 aviditate
3287 1431 3572 1504 complexi
3603 1437 3769 1490 sunt.
3785 1433 3872 1489 Ci-

2212 1519 2360 1575 vitas
2419 1519 2803 1576 habitationis
2860 1519 3116 1578 Ecclesia
3175 1519 3462 1578 catholica
3517 1526 3628 1589 est,
3658 1521 3873 1595 inqua

2214 1609 2464 1665 ﬁrmiter
2491 1625 2555 1665 se
2586 1609 2952 1666 constituunt
3004 1609 3104 1682 qui
3165 1610 3440 1684 supernis
3490 1611 3872 1682 jussionibns

2214 1697 2516 1755 obediunt.

451 1787 766 1862 pollentem
797 1789 958 1858 dicit,
991 1804 1118 1862 quae
1149 1789 1465 1845 Dominum
1526 1789 1814 1862 religiosis
1872 1791 2103 1846 actibus
2134 1824 2186 1892 Β
2213 1787 2282 1842 37
2357 1789 2420 1892 Et
2442 1789 2852 1892 seminaverunt
2878 1804 3038 1860 agros
3067 1796 3119 1890 et
3138 1789 3526 1891 plantaverunt
3559 1790 3750 1847 vineas
3789 1809 3802 1846 :

452 1893 685 1952 semper
712 1879 946 1936 exaltat'.
981 1879 1048 1934 Et
1077 1879 1136 1934 in
1169 1879 1406 1935 cathera
1446 1878 1541 1934 hic
1585 1895 1790 1936 omnes
1837 1879 2105 1936 doctores

451 1966 726 2040 praecepit
748 1967 953 2024 laudes
984 1967 1214 2024 Domini
1241 1985 1579 2040 personare,
1604 1967 1704 2042 qui
1735 1969 1795 2025 in
1827 1969 2106 2025 cathedra

451 2057 748 2117 seniorum
781 2057 1062 2126 resident,
1085 2057 1144 2112 id
1179 2062 1288 2129 est,
1321 2056 1421 2130 qui
1446 2074 1819 2114 successores
1839 2064 2103 2114 veterum

449 2144 793 2218 pontificum
825 2159 952 2204 esse
973 2147 1388 2203 meruerunt.H
1414 2147 1478 2201 Et
1498 2145 1741 2202 laudent
1766 2163 1902 2203 eum
1926 2147 1984 2203 in
2009 2164 2102 2204 ca-

450 2231 660 2290 thedra
689 2235 1011 2302 seniorum,
1045 2251 1160 2290 non
1194 2234 1251 2289 in
1283 2234 1384 2291 illa
1415 2235 1475 2290 in
1498 2251 1616 2307 qua
1641 2235 1854 2290 Scriba:
1885 2240 1942 2291 et
1964 2235 2106 2292 Pha-

448 2323 599 2383 risaei
623 2323 1032 2396 sederunt,qui
1051 2323 1310 2396 legentes
1331 2324 1663 2397 legem,non
1691 2323 2104 2381 intellexerunt

452 2412 512 2467 in
544 2427 613 2468 ea
642 2411 956 2468 Dominum
985 2413 1342 2480 nuntiatum,
1371 2413 1469 2468 sed
1503 2413 1562 2467 in
1591 2411 1710 2480 illa,
1730 2413 1789 2469 in
1820 2431 1938 2486 qua
1966 2431 2102 2470 cum

449 2501 538 2558 vel
570 2500 864 2576 prophetae
884 2500 972 2557 vel
995 2500 1336 2574 patriarchae
1366 2499 1612 2572 spiritali
1645 2501 1814 2557 oculo
1843 2507 2101 2560 contem-

450 2588 703 2663 plantes,
737 2594 1133 2664 cognoverunt
1161 2589 1222 2645 in
1252 2587 1580 2657 miraculis,
1611 2589 1700 2646 vel
1731 2591 1983 2648 oraculis
2010 2609 2102 2649 ce-

447 2679 738 2738 cinerunt.
1439 2670 1443 2673 ’

448 2753 520 2826 33
594 2771 815 2828 Pcssuit
839 2771 1076 2841 ﬂumina
1107 2770 1166 2826 in
1193 2768 1464 2824 desertum
1496 2785 1509 2822 :

587 2860 654 2916 Et
679 2860 860 2916 exitus
887 2875 1158 2932 aquarum
1189 2861 1250 2914 in
1277 2859 1448 2914 sitim.

463 2978 466 2980 η
519 2949 561 3006 C
591 2949 760 3004 Nunc
791 2964 1033 3005 causam
1059 2945 1446 3004 confessionis
1476 2950 1531 3002 et
1558 2945 1929 3004 exaltationis
1960 2949 2098 3005 sub-

446 3025 941 3110 dit,quia,Juda3is
973 3035 1519 3118 reprobatismmnis
1550 3037 2099 3110 aquarumSpiritus

2357 1877 2422 1932 Et
2449 1879 2698 1950 fecerunt
2721 1879 2970 1950 fractum
2997 1879 3322 1936 nativitatis.

2285 1965 2327 2020 Ο
2358 1965 2666 2022 Seminant
2688 1982 2861 2039 agros
2883 1971 2942 2022 et
2961 1966 3229 2040 plantant
3245 1968 3468 2036 vineas,
3502 1969 3605 2040 qui
3627 1982 3876 2042 corpora

2215 2072 2322 2112 sua
2349 2055 2651 2112 mundatis
2681 2057 2950 2112 sentibus
2969 2061 3360 2130 peccatorum,
3392 2055 3610 2114 calenti
3633 2058 3878 2115 institu-

2215 2144 2370 2202 tione
2400 2145 2737 2218 puriﬂcant.
2770 2146 3017 2203 Fructus
3048 2162 3082 2203 a
3109 2147 3343 2220 fruendo
3368 2146 3602 2216 dicitur,
3634 2153 3694 2204 et
3745 2149 3878 2205 ideo

2213 2235 2316 2307 qui
2345 2235 2603 2290 fructum
2647 2235 2971 2308 spiritalem
3020 2236 3265 2303 faciunt,
3314 2237 3723 2293 benedictione
3781 2239 3879 2294 Dei

2213 2324 2616 2396 perfruuntur.
2651 2325 2806 2392 Quos
2853 2341 2988 2382 vero
3036 2325 3383 2382 infecundus
3420 2323 3736 2392 invenerit,
3777 2327 3878 2384 ab-

2212 2413 2434 2471 scindet
2456 2417 2522 2470 ut
2554 2413 2814 2470 sterilem
2855 2414 3168 2471 ficulneam
3193 2414 3343 2488 (Luc.
3373 2416 3522 2487 xui).
3554 2417 3714 2489 Ager
3743 2433 3881 2474 vero

2212 2503 2288 2557 ab
2313 2502 2522 2572 agendo
2551 2502 2743 2560 dictus
2774 2507 2884 2572 est,
2917 2505 3071 2576 quod
3107 2504 3187 2560 ibi
3220 2505 3448 2561 diversa
3475 2503 3666 2562 victus
3695 2507 3882 2563 causa

2209 2594 2591 2664 peraguntur.

2215 2680 2286 2734 38
2359 2682 2438 2735 Et
2467 2681 2750 2739 benedixit
2777 2683 2856 2738 eis
2882 2689 2936 2738 et
2961 2682 3322 2756 multiplicati
3345 2691 3476 2740 sunt
3501 2685 3676 2740 nimis
3709 2701 3724 2738 :

2247 2830 2254 2836 ,
2351 2771 2428 2825 Et
2445 2769 2699 2840 jumenta
2728 2785 2917 2828 eorum
2945 2786 3054 2826 non
3086 2772 3402 2830 minaravit.

2281 2857 2328 2913 Η
2360 2857 2658 2914 Benedixit
2686 2857 2843 2914 enim
2874 2857 3030 2915 Deus
3059 2857 3197 2930 illis,
3230 2859 3331 2932 qui
3365 2877 3428 2918 se
3458 2878 3494 2918 a
3521 2861 3726 2934 pravis
3777 2878 3901 2941 cog

2207 2945 2592 3018 gitationibus
2620 2947 2980 3003 custodiunt.
3013 2947 3055 3002 C
3083 2949 3153 3004 Et
3178 2947 3551 3022 multiplicati
3583 2954 3732 3007 sunt
3781 2949 3872 3007 ni-

2209 3034 2342 3102 mis,
2377 3035 2731 3092 fecunditate
2763 3036 3407 3096 meritorum.Jumenta
3436 3038 3744 3112 simplices
3764 3039 3874 3096 bo-

447 3128 634 3184 sancti
664 3127 968 3200 plenitudo
985 3126 1143 3183 venit
1172 3126 1242 3182 ad
1265 3125 1548 3198 populum
1568 3125 2098 3184 Christianum.Illa
2133 3189 2169 3200 _
2208 3122 2397 3179 mines
2427 3123 2710 3179 debemus
2739 3123 3019 3196 accipere,
3052 3125 3190 3182 fidei
3221 3127 3508 3199 probitate
3553 3127 3871 3200 pollentes,

447 3189 740 3302 siquidem
771 3217 1038 3284 flumina,
1065 3216 1122 3271 id
1156 3221 1246 3272 est
1265 3189 1570 3288 prophetae
1591 3215 1678 3272 vel
1702 3217 1947 3288 apostoli
1959 3235 2094 3284 ,non
2127 3189 2169 3256 Ο
2210 3227 2326 3302 non
2357 3210 2795 3302 dissertitudine
2823 3189 3238 3284 glorio'sos,sed
3262 3214 3533 3272 meliores
3549 3189 3670 3272 vita
3686 3189 3872 3288 quam

447 3299 822 3360 credentibus
839 3305 1161 3375 Judaeis,ad
1185 3307 1417 3361 deserta
1437 3304 1700 3377 gentium
1715 3305 2096 3376 transierunt,

447 3398 505 3450 et
531 3393 690 3448 velut
719 3394 848 3450 fons
879 3393 1138 3465 irriguus
1155 3393 1549 3459 derivatus,ad
1573 3397 1775 3466 gentes
1796 3396 1989 3452 omnis
2011 3395 2097 3450 di-

447 3483 622 3537 vinus
651 3497 846 3538 sermo
875 3486 964 3537 est
983 3481 1402 3559 translatus.Et
1425 3481 1612 3537 exitus
1633 3499 1922 3554 aquarum
1945 3485 2004 3540 in
2027 3483 2098 3541 si-

450 3571 580 3638 tim,
612 3570 670 3626 id
717 3575 807 3626 est
835 3571 895 3626 in
921 3574 1144 3642 gentes,
1178 3575 1244 3625 ut
1271 3587 1401 3642 quin
1422 3569 1586 3642 prius
1617 3570 1848 3628 fuerant
1870 3573 2098 3630 siccata:

449 3659 719 3716 ariditate
740 3657 1251 3732 peccati,cmlestes
1274 3675 1456 3731 aquas
1483 3657 1747 3715 sitienter
1775 3661 2094 3720 haurirent.

447 3747 496 3804 H
525 3748 735 3804 Merito
765 3746 1018 3803 exaltant
1038 3750 1096 3802 et
1114 3745 1354 3802 laudent
1389 3747 1595 3814 Deum,
1621 3747 1722 3820 qui
1750 3748 1812 3804 in
1843 3749 2100 3808 Ecclesia

447 3854 576 3910 qua;
592 3836 760 3911 prius
777 3836 968 3893 fuerat
987 3836 1286 3893 desertum
1303 3840 1361 3892 et
1383 3835 1514 3892 odio
1531 3835 1732 3914 habita
1748 3839 1944 3912 posuit
1963 3857 2097 3914 apo-

443 3925 755 3999 stolos,qui
779 3942 908 3982 eam
928 3929 986 3982 et
1005 3923 1450 3981 consolarentur
1469 3923 1746 3998 alloquio,
1769 3931 1827 3983 et
1851 3928 2094 3986 verbum

441 4015 843 4072 fecundarent.
876 4015 1048 4071 Dedit
1075 4018 1134 4070 et
1178 4014 1241 4069 in
1285 4013 1513 4070 animas
1557 4013 1823 4071 sitientes
1883 4015 2095 4074 alluvio

440 4105 630 4161 exitus
687 4103 1189 4178 praedicationum,
1248 4108 1308 4158 et
1359 4107 1577 4159 terram
1637 4104 1918 4178 corporis,
1967 4124 2094 4180 qua;

438 4191 604 4266 prius
635 4192 878 4266 protulit
908 4191 1112 4266 spinas
1141 4191 1886 4264 amaritudinis,fructibus
1909 4196 2094 4270 reple-

438 4282 521 4339 vit
551 4282 802 4340 aeternis.

438 4373 509 4428 34
582 4374 802 4429 Terram
831 4374 1180 4446 fructiferam
1210 4374 1272 4428 in
1307 4373 1642 4444 salsuginem
1677 4390 1689 4428 :

579 4463 619 4516 A
651 4461 878 4518 malitia
905 4461 1340 4518 inhabitantium
1370 4463 1430 4516 in
1457 4479 1541 4519 ea.

2209 3299 2431 3372 lingua,
2467 3299 2792 3373 plurimum
2821 3301 3103 3374 valentes,
3132 3320 3247 3359 non
3273 3302 3498 3378 lingua,
3531 3305 3635 3361 sed
3668 3306 3870 3373 corde;

2208 3387 2269 3445 hi
2297 3407 2410 3444 non
2442 3395 2584 3446 sunt
2616 3390 2910 3458 minorati,
2935 3391 3036 3448 sed
3073 3392 3133 3450 in
3165 3392 3374 3450 melius
3403 3394 3684 3466 reparati,
3721 3411 3873 3466 quo-

2208 3477 2367 3534 niam
2398 3494 2673 3551 magnam
2701 3478 2802 3536 Dei
2831 3479 3081 3552 gratiam
3112 3484 3253 3538 sunt
3281 3482 3669 3538 consecuti.H
3691 3482 3878 3540 Bene-

2209 3567 2354 3624 dixit
2382 3567 2832 3642 apostolis,quia
2860 3585 2988 3642 quas
3018 3574 3186 3626 erant
3210 3570 3423 3643 placita
3468 3571 3522 3628 ei
3569 3570 3876 3630 faciebant

2208 3673 2460 3730 semper,
2505 3655 2657 3714 sicut
2703 3660 2760 3714 et
2789 3656 2848 3713 in
2881 3675 3060 3714 manu
3087 3659 3304 3732 Joseph
3335 3659 3634 3717 benedixit
3661 3661 3875 3718 omnia

2207 3745 2382 3801 Deus.

2205 3835 2276 3889 39
2347 3836 2415 3890 Et
2437 3836 2608 3908 pauci
2632 3837 2770 3906 facti
2797 3845 2928 3894 sunt
2960 3853 2974 3894 :

2350 3928 2416 3980 Et
2445 3927 2625 3981 vexati
2649 3929 2778 3981 sunt
2807 3943 2842 3984 a
2871 3927 3229 3985 tribulatione
3255 3928 3531 3984 malorum
3561 3936 3614 3986 ct
3654 3929 3872 3986 dolore.

2275 4016 2315 4068 C
2347 4015 2407 4068 In
2439 4013 2533 4069 bis
2564 4014 2795 4080 duobus
2826 4015 3133 4074 versiculis
3153 4016 3434 4074 describit
3457 4016 3594 4074 illos
3615 4017 3874 4091 quum:-

2205 4101 2385 4158 retica
2413 4103 2696 4174 pravitate
2725 4104 2973 4177 decepti,
3006 4105 3324 4162 Ecclesium
3355 4104 3456 4161 Dei
3489 4105 3870 4179 relinquunt.

2206 4190 2306 4246 Isti
2339 4207 2474 4264 ergo
2505 4193 2674 4264 pauci
2707 4194 3141 4266 sunt,quamvis
3173 4193 3344 4250 multi
3374 4193 3484 4250 sibi
3517 4194 3872 4265 videantur;

2204 4295 2341 4334 nam
2374 4279 2445 4334 ad
2477 4278 2640 4335 illam
2690 4281 3080 4340 universalem
3137 4281 3455 4346 Ecclesium
3505 4286 3872 4357 comparati,

2203 4367 2562 4425 omnimodis
2589 4369 2915 4442 probantur
2960 4371 3174 4444 exigui.
3207 4371 3431 4441 Vexati,
3471 4373 3716 4444 quando
3766 4389 3872 4432 eos

2203 4455 2504 4513 diabolicae
2535 4457 2762 4515 insidiae
2795 4459 3190 4531 perculerunt,
3214 4461 3322 4518 hos
3341 4460 3506 4518 dolor
3533 4465 3594 4518 et
3621 4462 3874 4530 tribula-
3909 4490 3923 4498 ι

511 4549 553 4605 C
582 4550 761 4605 Terra
789 4549 947 4606 enim
975 4549 1274 4606 fructifera
1301 4550 1489 4606 Judea
1517 4554 1660 4618 erat,
1703 4553 1938 4623 quando
1986 4569 2090 4608 su-
2123 4565 2170 4629 Β
2198 4543 2278 4602 tio
2299 4545 2990 4620 subsequitur,quoniam
3003 4553 3299 4612 auctorem
3313 4548 3526 4608 salutis
3544 4549 3874 4624 reliquisse

439 4655 621 4712 perna
650 4637 928 4714 religione
960 4637 1221 4712 ﬂorebat,
1254 4638 1355 4694 sed
1404 4639 1557 4694 facta
1609 4644 1697 4696 est
1744 4639 1923 4718 salsa,
1957 4657 2092 4698 cum

436 4727 540 4785 Dei
571 4731 858 4800 praecepta
878 4729 1106 4783 contem
1113 4726 1479 4798 psit.IIumor
1499 4725 1654 4782 enim
1678 4727 1870 4784 salsus
1897 4728 2092 4784 fructi-

437 4819 550 4882 bus
578 4817 861 4891 probatur
889 4813 1340 4888 adversus,quia
1360 4814 1720 4888 ubicumque
1750 4817 2090 4876 dominatus

435 4907 630 4978 fuerit,
657 4923 896 4980 germen
953 4905 1331 4962 fecunditatis
1382 4903 1696 4978 intercipit.
1757 4906 1919 4970 Quod
1971 4906 2089 4964 illis

435 4997 681 5070 contigit
711 5001 948 5070 propter
980 4993 1268 5052 malitiam
1299 5010 1524 5064 eorum,
1557 4994 1658 5066 qui
1688 4994 1784 5051 Dei
1815 4995 2086 5052 taberna-

433 5081 635 5136 culum
669 5083 934 5140 subdolis
966 5083 1265 5141 montibus
1293 5081 1558 5137 habitare
1587 5082 1953 5140 videbantur.
2060 5147 2064 5152 _

434 5171 507 5226 35
579 5171 770 5226 Posuit
799 5171 1073 5228 desertum
1103 5173 1164 5227 in
1189 5180 1388 5240 stagna
1413 5186 1686 5242 aquarum
1717 5188 1730 5229 :

577 5258 644 5336 Et
673 5267 878 5316 terram
904 5263 1027 5316 sine
1055 5278 1200 5333 aqua
1229 5262 1288 5316 in
1314 5263 1506 5316 exitus
1533 5277 1824 5333 aquarum.

505 5347 548 5402 C
579 5347 694 5404 Iste
722 5364 928 5406 versus
959 5349 1210 5420 pertinet
1240 5351 1313 5405 ad
1346 5348 1628 5422 populum
1649 5347 2083 5419 Christianum;

433 5453 688 5510 quorum
721 5436 970 5494 siccitati
1003 5436 1137 5492 data
1167 5442 1256 5495 est
1285 5439 1446 5496 unda
1474 5437 1752 5496 salutaris
1783 5440 1934 5495 sacri
1983 5441 2084 5495 ba-

433 5524 752 5600 ptismatis.
783 5526 1022 5600 Stagna,
1054 5526 1211 5583 enim
1243 5543 1348 5599 pro
1397 5523 1656 5582 fontibus
1687 5526 2084 5584 Ecclesiarum

433 5597 685 5684 arbitror
697 5597 916 5694 posita;
935 5618 1144 5692 stagna
1163 5597 1454 5691 siquidem
1471 5631 1510 5672 a
1529 5615 1717 5676 stando
1739 5616 1897 5679 dicta
1918 5620 2080 5678 sunt.

2202 4640 2548 4692 noscuntur.
2584 4635 2629 4690 H
2667 4640 2741 4692 De
2769 4637 2992 4700 Judteis
3019 4639 3274 4712 exponit,
3302 4655 3450 4712 quos
3471 4636 3616 4697 dicit
3637 4649 3873 4711 paucos

2199 4723 2402 4794 factos,
2417 4739 2484 4779 eo
2507 4725 2664 4796 quod
2697 4725 2756 4780 in
2789 4725 2936 4798 ipsis
2965 4743 3082 4784 non
3115 4728 3238 4784 sint
3265 4727 3542 4800 deinceps
3559 4737 3744 4800 Opera
3759 4727 3870 4786 Dei

2160 4841 2164 4848 -
2199 4810 2610 4884 multiplicata,
2625 4817 2683 4870 et
2703 4814 2888 4870 vexati
2916 4817 3350 4874 atribulatione
3382 4815 3676 4874 malorum
3719 4817 3872 4889 quia

2196 4899 2491 4960 insontem
2522 4902 2709 4976 iniqui
2739 4909 2880 4960 sunt
2899 4907 3209 4978 persecuti,
3225 4923 3404 4980 super
3425 4915 3680 4978 quorum
3700 4907 3873 4979 prin-

2199 4989 2356 5063 cipes
2387 4991 2574 5048 ell‘usa
2603 4997 2694 5048 est
2723 4995 3080 5067 contemptio
3107 5014 3119 5052 :
3145 5000 3210 5052 ut
3239 4995 3340 5069 qui
3372 4996 3693 5053 Dominum
3725 5011 3876 5053 con-

2197 5083 2562 5154 tempserant
2591 5081 2705 5154 ipsi
2736 5085 3272 5155 contemnerentur,
3294 5089 3351 5142 et
3371 5095 3568 5144 errare
3591 5083 3731 5140 fecit
3759 5100 3874 5142 eos

2197 5167 2258 5224 in
2285 5169 2438 5226 invio
2469 5170 2721 5230 Satanas.

2199 5259 2269 5313 40
2338 5255 2529 5332 Effusa
2557 5264 2636 5316 est
2662 5263 2987 5334 contemptio
3013 5280 3180 5336 super
3200 5265 3486 5336 principes
3519 5281 3532 5320 :

2336 5349 2403 5404 Et
2427 5364 2614 5406 errare
2638 5351 2770 5422 fecit
2793 5365 2880 5407 eos
2909 5353 2971 5408 in
3001 5353 3153 5412 invio
3179 5361 3233 5410 et
3257 5369 3369 5410 non
3398 5355 3462 5410 in
3483 5353 3594 5409 via.

2267 5437 2308 5493 C
2333 5437 2441 5493 Hic
2471 5437 2724 5495 breviter
2750 5439 3158 5500 haereticorum
3189 5443 3523 5518 sacerdotes
3561 5440 3877 5516 designati

2194 5531 2352 5597 sunt,
2387 5543 2566 5601 super
2594 5544 2743 5600 quos
2771 5532 3131 5605 contemptio
3169 5531 3356 5590 eti‘usa
3401 5535 3514 5601 est,
3547 5531 3690 5605 quia
3733 5543 3874 5589 non

2193 5615 2438 5676 salutari
2467 5615 2754 5690 doctrina,
2770 5618 2872 5676 sed
2902 5622 3135 5682 tantum
3166 5620 3470 5681 mortifera
3498 5619 3878 5696 loquacitate
