4068 6160
195 248 301 315 397

1306 232 1315 237 ’
1393 244 1831 311 EXPOSITIO
1875 245 2401 315 PSALMORUM.

3504 267 3626 337 398

191 378 564 436 contendunt.
593 376 653 432 lli
688 376 1016 449 perinvios
1047 366 1314 434 labuntur
1334 395 1589 446 errores;
1620 381 1845 454 quippe
1876 383 1987 449 Α1
2101 383 2382 439 Paratum
2461 403 2552 443 cor
2630 406 2833 459 meum,
2902 394 3045 449 Deus
3110 400 3163 461 v—I-
3212 405 3472 468 paratum
3531 417 3626 458 cor

185 466 272 542 cui
300 468 457 523 viam
493 465 705 523 salutis
736 460 1045 534 deserunt,
1077 472 1132 523 et
1152 467 1425 524 tortuosis
1467 467 1711 525 semitis
1742 470 1847 525 im-

182 560 497 624 morantur,
511 559 569 611 et
599 554 679 611 ita
708 552 914 611 littera
944 555 1264 612 Cassiodori
1314 554 1491 611 habet
1534 558 1844 615 contentio

178 653 225 705 et
251 648 381 719 ejus
417 644 728 718 expositio.
760 645 872 700 Sed
909 661 1115 702 omnes
1141 643 1570 714 translationes,
1607 651 1671 702 et
1715 647 1843 703 Ori-

174 737 325 811 genis
357 739 419 791 et
450 733 790 807 Hieronymi
822 738 881 789 et
910 735 1219 808 Augustini
1241 734 1432 791 littera
1449 734 1683 792 habent
1703 754 1841 794 con-

2172 489 2368 529 meum
2396 494 2416 529 .'

2098 560 2348 618 Cantabo
2388 574 2440 619 et
2462 569 2699 638 psallam
2725 573 2782 626 in
2813 566 2995 643 gloria
3023 575 3147 631 mea
3392 639 3393 642 η
3558 646 3561 649 ὶ

2024 649 2064 747 ς
2097 653 2354 749 Paratus
2404 656 2561 749 enim
2619 658 2885 716 Christus
2942 677 3173 736 semper
3200 658 3426 743 eratad
3459 669 3624 749 talia,

1953 736 2054 825 qui
2087 739 2162 793 ad
2186 742 2483 811 praeconia
2504 744 2693 802 Patris
2715 747 3070 819 perficienda
3091 736 3471 837 obstaculum.
3496 736 3626 845 92c:

174 825 431 899 temptio,
457 829 519 879 et
548 824 631 879 ita
660 823 980 897 exponitur
1008 825 1081 880 ab
1107 825 1208 893 eis,
1237 825 1274 881 ll
1300 828 1362 879 ut
1391 824 1839 896 quiDominum
1949 822 2059 881 cati
2096 844 2217 883 non
2270 828 2540 888 habebat.
2589 836 2866 909 Sequitur
2891 854 2904 892 :
2940 839 3197 901 Cantabo
3231 822 3289 924 et
3316 822 3617 924 psalrﬂui‘n

176 916 645 986 contempserant
672 912 1386 986 ipsicontemnerentur.A
1404 913 1509 968 Vel
1534 914 1839 988 principes
1947 914 2163 971 dicam.
2200 916 2407 974 Merito
2429 919 2525 977 ille
2557 922 2626 979 de
2650 941 2711 980 se
2744 924 2885 982 talia
2924 926 3173 1001 dicebat,
3208 912 3380 1007 ct:st
3420 912 3617 1009 seruio

171 1001 282 1061 esse
304 1002 657 1070 voluerunt,
692 1002 1020 1075 contempti
1055 1007 1192 1059 sunt
1223 1007 1279 1059 et
1324 1003 1393 1058 ab
1426 1002 1691 1061 Ecclesia
1739 1023 1834 1062 re-

170 1091 412 1166 probati,
446 1096 514 1146 ut
543 1090 630 1147 sal
662 1090 1047 1149 infamatum.

172 1186 220 1238 ll
299 1186 367 1238 Et
396 1181 594 1252 adjuvi
619 1197 921 1252 pauperem
952 1181 1019 1237 de
1048 1182 1229 1254 inopia
1263 1199 1283 1237 :

302 1276 368 1327 Et
396 1271 581 1342 posuit
607 1271 754 1325 sicut
783 1284 905 1325 oves
935 1270 1203 1340 familias.

223 1362 260 1418 Ο
297 1359 471 1416 Redit
523 1359 597 1413 ad
646 1355 907 1413 humiles
959 1358 1296 1414 catholicos.
1327 1360 1566 1433 Adjuvit
1612 1379 1826 1435 paupe-

168 1467 296 1511 rem.
326 1449 375 1504 Η
410 1449 467 1503 id
501 1451 612 1513 est,
630 1445 917 1528 populum
951 1444 1345 1504 Christianum
1377 1449 1634 1523 dapibus
1655 1453 1827 1508 satia-

164 1542 227 1594 vit
257 1537 521 1599 aeternis.
552 1536 621 1590 Et
639 1535 843 1607 posuit
863 1535 1020 1597 sicut
1051 1552 1181 1591 oves
1212 1538 1565 1605 familias,ut
1587 1540 1823 1599 audien-

164 1638 229 1687 tes
257 1642 464 1683 vocem
485 1625 605 1685 veri
632 1623 889 1697 pastoris
912 1625 1027 1679 ﬁde
1049 1627 1453 1696 sequantur.C
1484 1632 1597 1683 Istc
1624 1633 1820 1685 autem

160 1734 366 1792 pauper
400 1719 513 1786 est,
546 1713 670 1787 qui,
705 1711 1027 1768 mundanis
1060 1712 1352 1772 illecebris
1395 1716 1709 1786 derelictis,
1743 1719 1813 1774 ad

159 1807 401 1864 cmicstis
435 1801 857 1863 misericordia;
879 1801 1123 1873 januum
1175 1803 1403 1874 pulsat,
1440 1809 1505 1860 ut
1553 1804 1610 1862 in
1657 1806 1815 1862 illam

162 1898 239 1952 Dei
297 1894 595 1951 familiam
652 1893 951 1946 mereatur
998 1890 1246 1961 admitti,
1282 1910 1442 1965 quae,
1477 1895 1627 1950 sicut
1683 1913 1817 1952 oves

161 1986 417 2052 innoxiae,
453 1979 856 2054 simplicitatis
887 1978 1106 2035 honore
1136 1979 1475 2050 decoratur,

163 2080 214 2133 l2
289 2073 562 2132 Videbunt
589 2071 730 2126 recti
754 2077 806 2125 et
838 2068 1174 2125 laztabuntur
1202 2090 1218 2124 :

192 2174 197 2179 '
284 2166 351 2221 Et
385 2164 566 2220 munis
599 2161 869 2232 iniquitas
897 2159 1182 2231 appillabit
1212 2176 1267 2216 os
1296 2177 1484 2220 suum.

216 2259 260 2314 Β
295 2254 599 2310 Videbunt
630 2249 792 2318 recti,
817 2265 1072 2322 quorum
1104 2255 1238 2304 sunt
1268 2250 1369 2306 isti
1404 2253 1813 2323 praedicatione

163 2343 437 2402 conversi.
472 2342 543 2399 Et
572 2338 769 2397 omnis
801 2336 1099 2410 iniquitas,
1133 2338 1189 2393 id
1233 2343 1343 2407 est,
1379 2340 1648 2400 diabolus
1694 2344 1813 2400 sive

162 2435 335 2491 Judaei
369 2436 427 2489 et
454 2428 713 2489 heretici
748 2431 1238 2496 commutescunt,
1269 2429 1311 2484 ϐ
1344 2430 1583 2500 quando
1613 2431 1812 2490 electis

162 2523 382 2580 Domini
414 2537 533 2577 non
565 2519 677 2576 erit
706 2517 865 2591 quod
892 2516 1078 2589 possit
1106 2517 1341 2590 oppeni.

158 2616 216 2671 43
292 2614 427 2682 Quis
454 2610 683 2682 sapiens
711 2616 763 2663 et
792 2603 1055 2662 custodiet
1085 2605 1236 2662 haec?

286 2704 353 2758 Et
382 2699 657 2768 intelliget
688 2693 1093 2753 miseriwrdias
1122 2695 1366 2750 Domini.

216 2793 256 2849 C
284 2791 427 2859 Quis
457 2784 736 2861 sapiens?
766 2801 834 2840 ac
866 2784 916 2839 si
948 2782 1161 2840 diceret
1193 2800 1205 2837 :
1242 2785 1349 2850 Qui
1393 2800 1524 2842 vere
1574 2790 1808 2862 sapiens

157 2889 235 2940 est
252 2879 516 2939 custodit
536 2878 655 2934 ista
680 2892 807 2948 quae
830 2873 989 2931 dicta
1011 2877 1167 2944 sunt,
1193 2877 1259 2930 ut
1281 2874 1495 2929 Christi
1526 2893 1586 2933 se
1618 2878 1807 2952 magis

157 2972 283 3028 velit
312 2987 443 3027 esse
464 2981 785 3043 pauperem
817 2979 998 3037 quam
1031 2963 1433 3021 haereticorum
1458 2964 1802 3039 principem.

160 3063 198 3118 ll
222 3062 279 3117 Si
311 3061 469 3118 enim
503 3056 808 3131 sapienter.
834 3052 1190 3119 consideres,
1223 3057 1283 3110 et
1327 3053 1669 3125 spiritaliter
1715 3056 1806 3112 in-

1945 1006 2003 1057 et
2036 1009 2213 1061 actus
2261 1007 2474 1064 divinis
2526 1011 2746 1085 regulis
2796 1006 3385 1094 consonabant.lpsa
3413 1006 3612 1103 autem

1942 1092 2270 1165 geminatio
2301 1097 2717 1157 conﬁdentiam
2748 1104 3160 1184 promissionis
3184 1092 3610 1185 ostendi_t,duin

1940 1178 2031 1236 bis
2065 1182 2233 1250 dicit,
2268 1190 2537 1256 paratum
2573 1205 2673 1245 cor
2710 1208 2929 1248 meum.
2966 1194 3007 1253 Η
3035 1180 3286 1273 Paratus
3317 1178 3450 1273 sum
3491 1178 3606 1256 non

1939 1269 2137 1326 solum
2163 1276 2465 1345 opere,sed
2497 1278 2684 1334 etinm
2707 1280 2878 1336 corde
2899 1284 2957 1337 et
2978 1297 3177 1350 sensu,
3196 1269 3446 1343 cantabo
3465 1296 3608 1367 ergo

1934 1358 1995 1441 in
2028 1360 2208 1416 corde
2237 1365 2295 1418 et
2327 1363 2577 1435 psallam
2624 1366 2683 1422 in
2731 1385 2922 1440 opere.
2968 1369 3025 1429 Si
3070 1371 3129 1426 in
3179 1373 3454 1444 psalterio
3487 1358 3606 1434 una

1934 1447 2159 1539 chorda
2187 1456 2362 1524 rupta
2393 1454 2590 1520 fuerit,
2611 1450 3039 1516 exterminatur
3066 1460 3409 1535 psatteriu‘m
3429 1482 3443 1533 ;
3466 1469 3522 1539 et
3551 1460 3605 1520 si

1931 1537 1991 1591 in
2025 1539 2260 1596 actibus
2291 1543 2509 1598 nostris
2560 1562 2746 1601 unum
2794 1551 3150 1631 praeceptum
3198 1536 3600 1631 praetergressi

1931 1627 2244 1697 fuerimus,
2279 1630 2631 1702 psalterium
2664 1640 2933 1693 nostrum
2966 1627 3285 1714 rumpitur.

2001 1716 2258 1774 Psallam
2279 1719 2534 1792 igiturin
2558 1721 2749 1793 gloria
2772 1729 3083 1805 mea,un
3106 1714 3263 1786 enim
3284 1731 3601 1800 tibi,Deus,
3662 1736 3665 1749 ’

1928 1805 2119 1877 psallo
2145 1807 2232 1863 vel
2260 1812 2455 1875 canto,
2490 1827 2610 1865 non
2642 1811 2749 1867 tibi
2797 1816 3071 1886 gratiam,
3104 1819 3206 1874 sed
3238 1817 3385 1875 mihi
3426 1808 3599 1886 facio,

1929 1894 2211 1967 quoniam
2238 1896 2529 1954 bonorum
2554 1916 2820 1956 meorum
2846 1920 2960 1958 non
2984 1921 3123 1978 eges
3147 1907 3320 1979 (Picti.
3346 1907 3460 1979 xv).
3483 1903 3599 1975 lgi-

1926 1988 2025 2039 tur
2055 1985 2212 2056 quod
2261 1985 2367 2041 tibi
2417 1986 2630 2055 servio,
2664 1988 2852 2061 gloria
2899 2008 3033 2049 mea
3078 1999 3205 2064 est;
3239 1996 3291 2053 ei
3321 1994 3479 2053 enim
3506 1990 3597 2057 vel

1917 2073 2145 2144 jejuno,
2178 2072 2266 2129 vel
2298 2074 2357 2130 in
2390 2092 2562 2131 sacco
2586 2076 2753 2147 jaceo
2783 2096 2889 2152 pro
2935 2084 3190 2153 peccatis
3214 2090 3215 2093 “
3238 2085 3413 2152 meis,
3442 2078 3597 2136 facto

1924 2163 2035 2218 hoc
2050 2167 2283 2218 tantum
2309 2163 2410 2219 tibi
2434 2168 2837 2239 praesto,quod
2866 2170 3127 2228 animam
3158 2189 3356 2231 meam
3370 2167 3599 2227 salvam

1923 2252 2092 2308 facio.
2126 2257 2202 2308 De
2233 2269 2368 2325 quo,
2402 2257 2467 2308 ut
2518 2254 2713 2312 bonus
2765 2258 3050 2327 medicus,
3083 2264 3337 2335 gaudes,
3360 2258 3593 2332 gaudes

1921 2343 1993 2398 de
2024 2341 2328 2397 sanatione
2358 2359 2510 2411 mea,
2546 2348 2605 2399 et
2632 2360 2739 2419 ego
2768 2349 2997 2421 gaudeo
3031 2350 3103 2407 de
3145 2352 3414 2413 utilitate
3443 2364 3591 2410 mea.
3634 2396 3638 2401 .

1918 2434 1954 2486 2
2062 2433 2334 2500 Exsurge,
2363 2432 2694 2503 psalterium
2727 2446 2778 2493 et
2807 2438 3021 2496 cithara
3056 2457 3069 2494 :

2063 2524 2375 2590 Resurgam
2402 2520 2671 2581 diluculo.

1989 2613 2029 2664 C
2056 2611 2336 2682 Exsurge,
2365 2608 2555 2682 gloria
2583 2629 2737 2682 mea,
2760 2632 2886 2689 quae
2919 2633 3022 2690 per
3050 2618 3425 2691 psalterium
3458 2632 3604 2694 indi-

1919 2702 2084 2793 catur
2111 2702 2168 2754 et
2197 2697 2506 2793 citharam.
2535 2700 2885 2760 Psalterium
2932 2707 3005 2762 ad
3055 2722 3317 2772 morum
3358 2720 3603 2793 pertinet

1917 2786 2297 2893 Ρτοὺὶιιξιθημ
2341 2786 2569 2893 θίῐιξατεξ
2616 2792 2690 2893 ad
2734 2786 3465 2893 al.ﬂictionem_c9ppo},is’
3496 2786 3603 2893 pe;

1916 2876 2037 2932 haec
2060 2876 2377 2932 ostendens
2401 2880 2460 2932 et
2474 2882 2644 2937 actus
2663 2880 2991 2938 laudabiles
3012 2888 3068 2939 et
3085 2876 3593 2967 gloriosissimam

1915 2964 2269 3038 passionem.
2285 2965 2612 3038 Exsurgam
2640 2969 3038 3038 diluculo,hoc
3052 2973 3124 3032 de
3146 2964 3587 3055 meurrectioﬁ;

1915 3053 2129 3111 Christi
2161 3053 2628 3148 potest-intelligi
2659 3061 2717 3114 et
2736 3058 2811 3148 de
2842 3059 3124 3148 membris
3155 3065 3295 3135 eius
3323 3079 3381 3145 et
3400 3053 3584 3148 quoii;

161 3126 719 3224 {enigas’videﬁisin
751 3127 860 3199 hoc
894 3140 1117 3214 psalmo
1138 3141 1571 3232 misericordias
1594 3145 1806 3217 petitas
1834 3126 1879 3195 C
1912 3145 2009 3200 bet
2040 3142 2339 3232 ﬁdeli.Qui
2358 3142 2417 3197 in
2440 3126 2698 3202 Ecclesia
2720 3147 2949 3213 Domini
2971 3126 3576 3232 Ιαυάοῐᾶὺῂεῖᾷεξῖᾆξι

161 3246 213 3295 et
241 3239 556 3296 clementer
587 3230 1049 3290 indultas.CVel
1075 3230 1298 3286 videbis
1328 3230 1388 3286 in
1420 3231 1563 3288 cmlo
1585 3234 1808 3291 miseri-

162 3328 470 3395 cordias,et
499 3323 794 3395 intelliges
826 3320 1142 3376 clementer
1171 3318 1515 3385 indultus,id
1539 3325 1804 3389 est,acci-

164 3417 278 3490 pies
308 3412 745 3472 misericordias
794 3410 852 3465 in
903 3408 1161 3481 prazmio,
1196 3425 1321 3481 qua:
1373 3408 1531 3466 nullo
1557 3408 1807 3483 possunt

164 3513 405 3579 tempore
437 3501 766 3560 terminari.
799 3501 845 3554 A
894 3497 996 3553 Vel
1040 3497 1327 3571 intelliget
1374 3498 1806 3560 misericordias

168 3594 397 3663 Domini,
419 3611 541 3650 non
574 3590 786 3647 merita
809 3605 938 3656 sua,
959 3604 1069 3643 non
1100 3588 1255 3643 vires
1286 3605 1447 3654 suas,
1465 3606 1579 3645 non
1602 3594 1805 3662 poten-

166 3685 310 3751 tiam,
341 3685 445 3740 sed
480 3687 673 3739 totum
707 3678 842 3747 sibi,
876 3676 1162 3751 quidquid
1197 3676 1333 3732 boni
1368 3676 1804 3743 habet,miseri-

136 3794 143 3803 ·
169 3774 343 3829 cordia
372 3770 611 3829 Domini
657 3768 958 3841 largitum,
993 3771 1048 3822 et
1078 3768 1282 3839 gentes
1309 3782 1377 3821 cx
1406 3766 1807 3825 misericordia

170 3862 229 3915 ad
257 3862 425 3917 ﬁdem
458 3858 711 3924 venisse,
745 3860 803 3913 et
831 3873 1036 3912 omnes
1085 3855 1339 3911 salvatos
1391 3859 1446 3912 et
1494 3855 1807 3915 salvandos

171 3948 277 4004 sola
302 3947 713 4005 misericordia
740 3962 871 4001 esse
900 3945 1120 4011 beatos,
1155 3948 1391 4017 propter
1439 3947 1593 4019 quod
1634 3948 1805 4004 toties

166 4038 323 4108 jussit
353 4037 606 4096 Domino
637 4034 1071 4092 misericordias
1102 4034 1231 4105 ejus
1263 4034 1544 4093 conﬁteri.

641 4141 847 4183 ORATIO
884 4141 955 4179 EX
993 4140 1156 4180 PSAL.
1206 4139 1313 4178 CVI.

230 4217 603 4285 Conﬁtemur,
623 4214 889 4280 Domine,
918 4212 1352 4269 misericordias
1384 4218 1694 4288 tuas,quas
1707 4218 1806 4289 ju-

175 4304 305 4375 giler
330 4306 482 4362 circa
534 4309 767 4360 nostras
813 4318 1042 4361 exerces
1090 4301 1343 4373 inopiae,
1374 4308 1677 4374 precantes
1718 4310 1802 4375 ut,

177 4396 280 4465 qui,
302 4396 585 4453 exaltatus
620 4395 677 4450 in
709 4391 1005 4461 Ecclesiis,
1038 4392 1260 4448 resides
1290 4392 1362 4447 ad
1393 4394 1690 4450 dexteram
1708 4396 1809 4451 Pa-

1914 3232 2191 3306 operibus
2223 3230 2553 3324 piis;nam,
2588 3233 2724 3324 licet
2777 3236 3068 3309 profunda
3124 3244 3295 3303 nocte
3351 3230 3573 3324 laudet,

1914 3320 2172 3377 diluculo
2203 3320 2473 3393 praeconii
2506 3321 2608 3379 Dei
2637 3324 2970 3383 irradiatur.

1915 3413 1949 3466 3
2058 3410 2358 3481 Conﬁtebor
2384 3411 2488 3466 tibi
2516 3413 2578 3468 in
2603 3415 2846 3487 populis,
2878 3417 3107 3474 Domine
3138 3436 3158 3475 :

2055 3504 2124 3557 Et
2153 3500 2392 3572 psallam
2420 3502 2523 3557 tibi
2554 3503 2614 3557 in
2642 3506 2980 3561 nationibus.

1985 3590 2026 3645 C
2057 3587 2330 3647 Conﬁteri
2376 3606 2440 3647 se
2490 3590 2631 3647 dicit
2684 3593 2743 3648 in
2803 3593 3021 3666 populo
3077 3596 3440 3675 Judaeorum,
3470 3605 3574 3665 ubi

1915 3680 2151 3752 propria
2178 3695 2316 3735 voce
2343 3677 2574 3736 locutus
2603 3686 2720 3751 est;
2755 3683 3003 3756 psallere
3043 3690 3241 3747 autem
3274 3690 3336 3749 in
3383 3694 3572 3764 genti-

1915 3769 2047 3836 bus,
2080 3770 2153 3825 ad
2184 3785 2331 3841 quas
2362 3769 2565 3827 directi
2596 3772 2843 3843 apostoli
2875 3773 3106 3831 Domini
3137 3783 3427 3853 pracepta
3452 3780 3566 3845 im,-

1914 3858 2241 3930 ploverunt,
2271 3862 2329 3914 et
2358 3858 2485 3916 ideo
2535 3858 2677 3916 dicit
2718 3877 2779 3918 se
2798 3856 3081 3922 'videlicet
3131 3866 3384 3938 psallere
3413 3872 3571 3943 quod

1915 3963 2019 4020 per
2048 3947 2125 4002 mi
2137 3947 2350 4004 nistros
2382 3965 2521 4004 suos
2551 3950 2926 4021 cognoscitur
2963 3954 3246 4013 effecisse.
3282 3957 3328 4014 Η
3375 3962 3571 4023 Conﬁ-

1912 4036 2081 4092 tebor
2113 4036 2217 4091 tibi
2242 4034 2301 4091 in
2332 4036 2589 4108 populis,
2621 4038 2679 4093 id
2711 4044 2801 4094 est
2829 4040 3069 4108 Judeis,
3099 4042 3200 4113 qui
3232 4046 3423 4118 primo
3454 4058 3573 4109 cre-

1915 4124 2213 4191 diderunt,
2244 4124 2456 4180 deinde
2485 4125 2661 4182 etiam
2693 4126 2754 4181 in
2786 4127 3123 4186 nationibus
3153 4133 3441 4207 gentium.

1915 4215 1949 4269 4
2012 4273 2019 4279 ,
2058 4214 2339 4284 Quoniam
2365 4230 2567 4285 magna
2597 4230 2762 4286 super
2789 4217 2944 4272 caelos
2974 4219 3356 4285 misericordia
3385 4210 3481 4287 tua
3511 4241 3535 4283 :

2055 4304 2121 4358 Et
2148 4318 2317 4374 usque
2346 4302 2415 4357 ad
2443 4303 2612 4359 nubes
2638 4306 2840 4362 veritas
2868 4312 2984 4362 tua.
3518 4378 3523 4383 ν

1986 4390 2027 4447 C
2061 4391 2434 4475 Magnificam
2461 4395 2550 4449 est
2580 4392 2983 4453 misericordia
3012 4413 3202 4473 usque
3236 4399 3335 4475 ad,
3370 4400 3566 4478 caelos,

177 4483 266 4539 tris
290 4484 345 4540 in
375 4485 610 4552 throno,
642 4482 811 4539 nobis
842 4485 1013 4537 tanta:
1046 4480 1438 4537 miserationis
1487 4486 1544 4538 et
1591 4482 1805 4539 intelli-
1839 4499 1883 4563 Ι)
1915 4481 2149 4553 quando
2209 4496 2473 4553 supernae
2532 4485 2849 4554 potestates
2908 4486 3037 4565 ejus
3092 4486 3395 4547 beneficiis
3426 4505 3570 4566 per—

174 4587 288 4642 gere
315 4579 367 4631 et
402 4571 701 4630 custodire
730 4571 1016 4628 concedas
1066 4586 1367 4626 arcanum.
1402 4570 1508 4634 Qui
1553 4572 1699 4626 vivis
1747 4577 1801 4628 et
1913 4570 2421 4643 fruuntur.Usque
2437 4571 2509 4627 ad
2530 4571 2718 4629 nubes
2740 4575 2972 4646 quando
2994 4576 3574 4659 praedicatoresvelut

173 4678 378 4734 regnas,
410 4667 523 4719 etc.

708 4749 1035 4806 PSALMUS
1082 4748 1246 4805 CVII.

596 4855 982 4897 ARGUMENTUM
1023 4856 1183 4893 PSAL.
1224 4855 1351 4895 CVII.

230 4929 267 4984 C
294 4931 558 4988 Christus
581 4929 737 4986 Patri
769 4928 987 5002 gratias
1019 4928 1323 5001 agit,quod
1355 4932 1486 5000 post
1508 4929 1802 5002 passionis

171 5020 516 5095 triumphum
549 5024 888 5095 perpetuam
921 5017 1238 5074 resurrexit
1266 5017 1325 5071 in
1351 5015 1620 5091 gloriam.

532 5108 646 5166 TT.
680 5109 969 5165 Canticum
992 5108 1200 5179 psalmi
1226 5105 1418 5162 David.

229 5202 266 5252 C
290 5200 592 5256 Canticum
615 5198 771 5255 enim
796 5198 1141 5270 frequenter
1167 5196 1427 5252 diximus
1477 5197 1546 5252 ad
1579 5196 1802 5252 divina-

172 5301 284 5343 rum
306 5305 501 5344 rerum
522 5284 1076 5359 contemplationem
1101 5284 1301 5341 referri
1320 5283 1645 5356 ;psalmum
1668 5301 1802 5340 vero

170 5375 230 5428 ad
260 5394 457 5450 operas
509 5375 792 5443 actuales,
824 5391 952 5447 qua:
1004 5376 1199 5429 tamen
1232 5372 1450 5430 divinis
1484 5378 1807 5429 noscuntur

170 5467 454 5523 convenire
487 5464 801 5522 mandatis.
835 5462 1010 5521 David
1044 5461 1340 5535 signiﬁcat
1372 5478 1566 5536 regem
1603 5461 1803 5520 Chris-

189 5553 297 5627 uin,
331 5553 429 5633 qui
460 5572 564 5635 per
592 5557 781 5611 totum
809 5552 1108 5630 psalmum
1141 5550 1421 5626 loquitur.

1909 4659 2221 4716 imbrifera
2275 4661 2463 4719 nubes
2519 4660 2786 4719 infideles
2833 4664 3083 4741 populos
3142 4665 3489 4743 irrlgabant,
3522 4667 3571 4725 Η

1856 4802 1859 4803 ,
1909 4749 2055 4816 Quia
2084 4766 2299 4822 magna
2329 4749 2730 4808 misericordia
2751 4755 2854 4808 tua
2885 4769 3064 4829 super
3094 4754 3290 4827 cmlos,
3325 4772 3440 4817 non
3474 4758 3573 4827 est

1909 4842 2175 4894 creatura
2205 4856 2333 4911 quae
2363 4857 2479 4895 non
2509 4840 2769 4915 indigeat
2794 4841 3200 4919 misericordia
3243 4844 3366 4917 Dei,
3391 4844 3569 4913 etiam

1911 4926 2163 4996 Gabriel,
2187 4927 2455 4995 Michael,
2480 4928 2814 4995 Cherubim,
2833 4929 3165 5003 Seraphim.
3181 4931 3307 4989 Non
3329 4931 3571 4991 detraho

1912 5015 2157 5089 angelis,
2191 5017 2289 5071 sed
2320 5016 2649 5072 Creatorem
2684 5017 2958 5092 praedico,
2991 5019 3064 5075 de
3110 5036 3226 5094 quo
3275 5025 3332 5077 et
3370 5019 3573 5099 angeli

1908 5103 2428 5178 gaudent,scilicet
2459 5105 2613 5177 quod
2647 5104 2886 5164 Greater
2916 5108 3289 5180 praedicatur.
3327 5110 3430 5167 Vel
3460 5109 3571 5169 mi-

1911 5194 2225 5251 sericordia
2249 5198 2351 5249 tua
2381 5194 2452 5250 de
2479 5199 2633 5251 terra
2660 5194 2845 5252 elevat
2874 5198 2946 5254 ad
2978 5196 3175 5255 caelos.

1910 5286 1947 5340 5
2054 5282 2314 5339 Exaltarc
2337 5299 2499 5354 super
2527 5286 2703 5353 caelos,
2737 5286 2882 5342 Deus
2913 5306 2931 5342 :
2961 5295 3015 5344 et
3039 5304 3207 5362 super
3234 5304 3448 5347 omnem
3468 5286 3574 5345 ter-

2132 5388 2253 5428 ram
2279 5372 2458 5443 glorza
2491 5381 2584 5428 tua
2620 5391 2632 5428 :

2060 5462 2123 5519 Ut
2153 5461 2455 5517 liberentur
2477 5447 2663 5517 dilecti
2691 5464 2793 5519 tui.

1984 5551 2025 5609 Ο
2053 5548 2316 5619 Exaltare
2342 5563 2519 5627 super
2543 5548 2742 5623 cmlos,
2757 5551 2931 5628 Deus,
2948 5558 3013 5613 ut
3039 5554 3210 5634 cuius
3241 5551 3571 5641 miserrlog‘.
