  <div class='ocr_page' id='page_1' title='image "/cluster/home/n/w/nwhite01/storage/ocr_20150623/142/hvd.32044054760020/205.png"; bbox 0 0 4068 6160; ppageno 0'>
   <div class='ocr_carea' id='block_1_1' title="bbox 426 320 634 384">
    <p class='ocr_par' dir='ltr' id='par_1_1' title="bbox 426 320 634 384">
     <span class='ocr_line' id='line_1_1' title="bbox 426 320 634 384; baseline 0 0"><span class='ocrx_word' id='word_1_1' title='bbox 426 320 548 384; x_wconf 83' lang='grc'><strong>399</strong></span> <span class='ocrx_word' id='word_1_2' title='bbox 625 376 634 384; x_wconf 92' lang='grc'><em>.</em></span> 
     </span>
    </p>
   </div>
   <div class='ocr_carea' id='block_1_2' title="bbox 1342 265 2933 382">
    <p class='ocr_par' dir='ltr' id='par_1_2' title="bbox 1342 265 2933 382">
     <span class='ocr_line' id='line_1_2' title="bbox 1342 265 2933 382; baseline 0 -2"><span class='ocrx_word' id='word_1_3' title='bbox 1342 320 1408 380; x_wconf 88' lang='lat' dir='ltr'><strong>S.</strong></span> <span class='ocrx_word' id='word_1_4' title='bbox 1455 265 1852 381; x_wconf 74' lang='lat' dir='ltr'><strong>BRUNONIS</strong></span> <span class='ocrx_word' id='word_1_5' title='bbox 1895 317 2514 382; x_wconf 75' lang='lat' dir='ltr'><strong>HERBIPOLENSIS</strong></span> <span class='ocrx_word' id='word_1_6' title='bbox 2557 315 2933 380; x_wconf 87' lang='lat' dir='ltr'><strong>EPISCOPI.</strong></span> 
     </span>
    </p>
   </div>
   <div class='ocr_carea' id='block_1_3' title="bbox 3721 313 3861 402">
    <p class='ocr_par' dir='ltr' id='par_1_3' title="bbox 3721 313 3861 402">
     <span class='ocr_line' id='line_1_3' title="bbox 3721 313 3861 402; baseline 0 0"><span class='ocrx_word' id='word_1_7' title='bbox 3721 313 3861 402; x_wconf 64' lang='lat' dir='ltr'><strong>me.</strong></span> 
     </span>
    </p>
   </div>
   <div class='ocr_carea' id='block_1_4' title="bbox 429 447 3855 525">
    <p class='ocr_par' dir='ltr' id='par_1_4' title="bbox 429 447 3855 525">
     <span class='ocr_line' id='line_1_4' title="bbox 429 447 3855 525; baseline 0.001 -18"><span class='ocrx_word' id='word_1_8' title='bbox 429 453 528 510; x_wconf 84' lang='lat' dir='ltr'><strong>dia</strong></span> <span class='ocrx_word' id='word_1_9' title='bbox 559 452 816 510; x_wconf 78' lang='lat' dir='ltr'><strong>cmlestia</strong></span> <span class='ocrx_word' id='word_1_10' title='bbox 847 451 1471 524; x_wconf 87' lang='lat' dir='ltr'><strong>continentur,justum</strong></span> <span class='ocrx_word' id='word_1_11' title='bbox 1505 455 1594 508; x_wconf 90' lang='lat' dir='ltr'><strong>est</strong></span> <span class='ocrx_word' id='word_1_12' title='bbox 1623 455 1688 506; x_wconf 92' lang='lat' dir='ltr'><strong>ut</strong></span> <span class='ocrx_word' id='word_1_13' title='bbox 1718 451 2084 524; x_wconf 82' lang='lat' dir='ltr'><strong>superccelos</strong></span> <span class='ocrx_word' id='word_1_14' title='bbox 2113 454 2166 520; x_wconf 76' lang='grc' dir='ltr'><strong>Α</strong></span> <span class='ocrx_word' id='word_1_15' title='bbox 2197 469 2366 508; x_wconf 86' lang='lat' dir='ltr'><strong>suam</strong></span> <span class='ocrx_word' id='word_1_16' title='bbox 2395 456 2450 508; x_wconf 87' lang='lat' dir='ltr'><strong>et</strong></span> <span class='ocrx_word' id='word_1_17' title='bbox 2479 450 2884 525; x_wconf 77' lang='lat' dir='ltr'><strong>Evangelium,</strong></span> <span class='ocrx_word' id='word_1_18' title='bbox 2920 450 3210 506; x_wconf 89' lang='lat' dir='ltr'><strong>mundum</strong></span> <span class='ocrx_word' id='word_1_19' title='bbox 3237 447 3551 506; x_wconf 79' lang='lat' dir='ltr'><strong>universali</strong></span> <span class='ocrx_word' id='word_1_20' title='bbox 3579 451 3855 524; x_wconf 52' lang='lat' dir='ltr'><strong>pradicas</strong></span> 
     </span>
    </p>
   </div>
   <div class='ocr_carea' id='block_1_5' title="bbox 428 539 2087 614">
    <p class='ocr_par' dir='ltr' id='par_1_5' title="bbox 428 539 2087 614">
     <span class='ocr_line' id='line_1_5' title="bbox 428 539 2087 614; baseline -0.003 -13"><span class='ocrx_word' id='word_1_21' title='bbox 428 543 644 601; x_wconf 83' lang='lat' dir='ltr'><strong>debeat</strong></span> <span class='ocrx_word' id='word_1_22' title='bbox 673 542 935 600; x_wconf 81' lang='lat' dir='ltr'><strong>exaltari.</strong></span> <span class='ocrx_word' id='word_1_23' title='bbox 951 542 1019 598; x_wconf 85' lang='lat' dir='ltr'><strong>Et</strong></span> <span class='ocrx_word' id='word_1_24' title='bbox 1049 557 1226 614; x_wconf 85' lang='lat' dir='ltr'><strong>super</strong></span> <span class='ocrx_word' id='word_1_25' title='bbox 1255 557 1491 596; x_wconf 91' lang='lat' dir='ltr'><strong>omnem</strong></span> <span class='ocrx_word' id='word_1_26' title='bbox 1516 545 1754 611; x_wconf 89' lang='lat' dir='ltr'><strong>terram,</strong></span> <span class='ocrx_word' id='word_1_27' title='bbox 1777 558 1907 597; x_wconf 90' lang='lat' dir='ltr'><strong>cum</strong></span> <span class='ocrx_word' id='word_1_28' title='bbox 1931 539 2087 598; x_wconf 80' lang='lat' dir='ltr'><strong>exal-</strong></span> 
     </span>
    </p>
   </div>
   <div class='ocr_carea' id='block_1_6' title="bbox 425 629 2091 703">
    <p class='ocr_par' dir='ltr' id='par_1_6' title="bbox 425 629 2091 703">
     <span class='ocr_line' id='line_1_6' title="bbox 425 629 2091 703; baseline -0.002 -13"><span class='ocrx_word' id='word_1_29' title='bbox 425 635 590 690; x_wconf 86' lang='lat' dir='ltr'><strong>tatus</strong></span> <span class='ocrx_word' id='word_1_30' title='bbox 614 633 798 689; x_wconf 92' lang='lat' dir='ltr'><strong>fuero.</strong></span> <span class='ocrx_word' id='word_1_31' title='bbox 823 634 874 686; x_wconf 85' lang='grc' dir='ltr'><strong>Η</strong></span> <span class='ocrx_word' id='word_1_32' title='bbox 903 630 961 686; x_wconf 90' lang='lat' dir='ltr'><strong>id</strong></span> <span class='ocrx_word' id='word_1_33' title='bbox 992 633 1101 700; x_wconf 90' lang='lat' dir='ltr'><strong>est,</strong></span> <span class='ocrx_word' id='word_1_34' title='bbox 1125 629 1362 703; x_wconf 86' lang='lat' dir='ltr'><strong>quando</strong></span> <span class='ocrx_word' id='word_1_35' title='bbox 1393 629 1712 686; x_wconf 79' lang='lat' dir='ltr'><strong>crucifixus</strong></span> <span class='ocrx_word' id='word_1_36' title='bbox 1743 647 1864 699; x_wconf 90' lang='lat' dir='ltr'><strong>ero,</strong></span> <span class='ocrx_word' id='word_1_37' title='bbox 1892 629 2091 686; x_wconf 86' lang='lat' dir='ltr'><strong>omnia</strong></span> 
     </span>
    </p>
   </div>
   <div class='ocr_carea' id='block_1_7' title="bbox 429 717 2089 794">
    <p class='ocr_par' dir='ltr' id='par_1_7' title="bbox 429 717 2089 794">
     <span class='ocr_line' id='line_1_7' title="bbox 429 717 2089 794; baseline -0.002 -14"><span class='ocrx_word' id='word_1_38' title='bbox 429 719 666 780; x_wconf 84' lang='lat' dir='ltr'><strong>traham</strong></span> <span class='ocrx_word' id='word_1_39' title='bbox 697 721 770 780; x_wconf 90' lang='lat' dir='ltr'><strong>ad</strong></span> <span class='ocrx_word' id='word_1_40' title='bbox 801 737 894 776; x_wconf 91' lang='lat' dir='ltr'><strong>me</strong></span> <span class='ocrx_word' id='word_1_41' title='bbox 925 720 1104 794; x_wconf 82' lang='lat' dir='ltr'><strong>(Joan.</strong></span> <span class='ocrx_word' id='word_1_42' title='bbox 1137 719 1260 791; x_wconf 87' lang='lat' dir='ltr'><strong>xu).</strong></span> <span class='ocrx_word' id='word_1_43' title='bbox 1288 719 1361 774; x_wconf 87' lang='lat' dir='ltr'><strong>Ut</strong></span> <span class='ocrx_word' id='word_1_44' title='bbox 1389 717 1714 775; x_wconf 85' lang='lat' dir='ltr'><strong>liberentur</strong></span> <span class='ocrx_word' id='word_1_45' title='bbox 1737 718 2089 786; x_wconf 89' lang='lat' dir='ltr'><strong>dilecti,ideo</strong></span> 
     </span>
    </p>
   </div>
   <div class='ocr_carea' id='block_1_8' title="bbox 429 807 2087 884">
    <p class='ocr_par' dir='ltr' id='par_1_8' title="bbox 429 807 2087 884">
     <span class='ocr_line' id='line_1_8' title="bbox 429 807 2087 884; baseline -0.004 -15"><span class='ocrx_word' id='word_1_46' title='bbox 429 808 796 884; x_wconf 72' lang='lat' dir='ltr'><strong>crudiflgitur</strong></span> <span class='ocrx_word' id='word_1_47' title='bbox 813 809 1122 881; x_wconf 86' lang='lat' dir='ltr'><strong>Dominus,</strong></span> <span class='ocrx_word' id='word_1_48' title='bbox 1155 812 1212 864; x_wconf 90' lang='lat' dir='ltr'><strong>et</strong></span> <span class='ocrx_word' id='word_1_49' title='bbox 1241 808 1528 864; x_wconf 85' lang='lat' dir='ltr'><strong>exaltatur</strong></span> <span class='ocrx_word' id='word_1_50' title='bbox 1556 811 1619 864; x_wconf 91' lang='lat' dir='ltr'><strong>ut</strong></span> <span class='ocrx_word' id='word_1_51' title='bbox 1647 807 1969 866; x_wconf 84' lang='lat' dir='ltr'><strong>liberentur</strong></span> <span class='ocrx_word' id='word_1_52' title='bbox 2000 807 2087 864; x_wconf 86' lang='lat' dir='ltr'><strong>di-</strong></span> 
     </span>
    </p>
   </div>
   <div class='ocr_carea' id='block_1_9' title="bbox 427 897 2090 972">
    <p class='ocr_par' dir='ltr' id='par_1_9' title="bbox 427 897 2090 972">
     <span class='ocr_line' id='line_1_9' title="bbox 427 897 2090 972; baseline -0.001 -16"><span class='ocrx_word' id='word_1_53' title='bbox 427 899 584 972; x_wconf 81' lang='lat' dir='ltr'><strong>lecti,</strong></span> <span class='ocrx_word' id='word_1_54' title='bbox 617 899 834 956; x_wconf 88' lang='lat' dir='ltr'><strong>faetum</strong></span> <span class='ocrx_word' id='word_1_55' title='bbox 867 901 956 956; x_wconf 90' lang='lat' dir='ltr'><strong>est</strong></span> <span class='ocrx_word' id='word_1_56' title='bbox 985 898 1142 955; x_wconf 90' lang='lat' dir='ltr'><strong>enim</strong></span> <span class='ocrx_word' id='word_1_57' title='bbox 1175 901 1240 954; x_wconf 92' lang='lat' dir='ltr'><strong>ut</strong></span> <span class='ocrx_word' id='word_1_58' title='bbox 1278 897 1622 970; x_wconf 80' lang='lat' dir='ltr'><strong>petivimus;</strong></span> <span class='ocrx_word' id='word_1_59' title='bbox 1657 897 1754 954; x_wconf 89' lang='lat' dir='ltr'><strong>ille</strong></span> <span class='ocrx_word' id='word_1_60' title='bbox 1801 897 2090 954; x_wconf 81' lang='lat' dir='ltr'><strong>exaltatus</strong></span> 
     </span>
    </p>
   </div>
   <div class='ocr_carea' id='block_1_10' title="bbox 429 985 2088 1056">
    <p class='ocr_par' dir='ltr' id='par_1_10' title="bbox 429 985 2088 1056">
     <span class='ocr_line' id='line_1_10' title="bbox 429 985 2088 1056; baseline -0.001 -10"><span class='ocrx_word' id='word_1_61' title='bbox 429 993 539 1056; x_wconf 86' lang='lat' dir='ltr'><strong>est,</strong></span> <span class='ocrx_word' id='word_1_62' title='bbox 570 992 629 1045; x_wconf 90' lang='lat' dir='ltr'><strong>et</strong></span> <span class='ocrx_word' id='word_1_63' title='bbox 659 1005 767 1044; x_wconf 91' lang='lat' dir='ltr'><strong>nos</strong></span> <span class='ocrx_word' id='word_1_64' title='bbox 817 985 1049 1044; x_wconf 86' lang='lat' dir='ltr'><strong>liberati</strong></span> <span class='ocrx_word' id='word_1_65' title='bbox 1099 1003 1330 1044; x_wconf 89' lang='lat' dir='ltr'><strong>sumus.</strong></span> <span class='ocrx_word' id='word_1_66' title='bbox 1367 987 1630 1044; x_wconf 85' lang='lat' dir='ltr'><strong>Exaltare</strong></span> <span class='ocrx_word' id='word_1_67' title='bbox 1679 1005 1849 1044; x_wconf 88' lang='lat' dir='ltr'><strong>surer</strong></span> <span class='ocrx_word' id='word_1_68' title='bbox 1891 987 2088 1055; x_wconf 72' lang='lat' dir='ltr'><strong>cmlos,</strong></span> 
     </span>
    </p>
   </div>
   <div class='ocr_carea' id='block_1_11' title="bbox 431 1075 2092 1150">
    <p class='ocr_par' dir='ltr' id='par_1_11' title="bbox 431 1075 2092 1150">
     <span class='ocr_line' id='line_1_11' title="bbox 431 1075 2092 1150; baseline -0.002 -15"><span class='ocrx_word' id='word_1_69' title='bbox 431 1083 583 1135; x_wconf 92' lang='lat' dir='ltr'><strong>Deus</strong></span> <span class='ocrx_word' id='word_1_70' title='bbox 608 1094 725 1134; x_wconf 90' lang='lat' dir='ltr'><strong>non</strong></span> <span class='ocrx_word' id='word_1_71' title='bbox 755 1076 1045 1134; x_wconf 84' lang='lat' dir='ltr'><strong>exaltatur</strong></span> <span class='ocrx_word' id='word_1_72' title='bbox 1082 1077 1196 1133; x_wconf 88' lang='lat' dir='ltr'><strong>nisi</strong></span> <span class='ocrx_word' id='word_1_73' title='bbox 1231 1094 1408 1150; x_wconf 89' lang='lat' dir='ltr'><strong>super</strong></span> <span class='ocrx_word' id='word_1_74' title='bbox 1437 1075 1638 1144; x_wconf 83' lang='lat' dir='ltr'><strong>caelos,</strong></span> <span class='ocrx_word' id='word_1_75' title='bbox 1661 1095 1776 1134; x_wconf 87' lang='lat' dir='ltr'><strong>non</strong></span> <span class='ocrx_word' id='word_1_76' title='bbox 1803 1076 2092 1134; x_wconf 81' lang='lat' dir='ltr'><strong>exaltatur</strong></span> 
     </span>
    </p>
   </div>
   <div class='ocr_carea' id='block_1_12' title="bbox 428 1167 2090 1245">
    <p class='ocr_par' dir='ltr' id='par_1_12' title="bbox 428 1167 2090 1245">
     <span class='ocr_line' id='line_1_12' title="bbox 428 1167 2090 1245; baseline -0.003 -17"><span class='ocrx_word' id='word_1_77' title='bbox 428 1186 608 1245; x_wconf 85' lang='lat' dir='ltr'><strong>super</strong></span> <span class='ocrx_word' id='word_1_78' title='bbox 652 1173 902 1238; x_wconf 89' lang='lat' dir='ltr'><strong>terram;</strong></span> <span class='ocrx_word' id='word_1_79' title='bbox 934 1169 1170 1242; x_wconf 85' lang='lat' dir='ltr'><strong>quando</strong></span> <span class='ocrx_word' id='word_1_80' title='bbox 1223 1167 1380 1225; x_wconf 90' lang='lat' dir='ltr'><strong>enim</strong></span> <span class='ocrx_word' id='word_1_81' title='bbox 1429 1167 1646 1224; x_wconf 88' lang='lat' dir='ltr'><strong>terreni</strong></span> <span class='ocrx_word' id='word_1_82' title='bbox 1693 1185 1922 1236; x_wconf 89' lang='lat' dir='ltr'><strong>sumus,</strong></span> <span class='ocrx_word' id='word_1_83' title='bbox 1973 1184 2090 1223; x_wconf 92' lang='lat' dir='ltr'><strong>non</strong></span> 
     </span>
    </p>
   </div>
   <div class='ocr_carea' id='block_1_13' title="bbox 428 1256 2092 1331">
    <p class='ocr_par' dir='ltr' id='par_1_13' title="bbox 428 1256 2092 1331">
     <span class='ocr_line' id='line_1_13' title="bbox 428 1256 2092 1331; baseline -0.003 -14"><span class='ocrx_word' id='word_1_84' title='bbox 428 1259 754 1317; x_wconf 88' lang='lat' dir='ltr'><strong>exaltamus</strong></span> <span class='ocrx_word' id='word_1_85' title='bbox 785 1259 992 1328; x_wconf 91' lang='lat' dir='ltr'><strong>Deum,</strong></span> <span class='ocrx_word' id='word_1_86' title='bbox 1011 1258 1113 1314; x_wconf 89' lang='lat' dir='ltr'><strong>sed</strong></span> <span class='ocrx_word' id='word_1_87' title='bbox 1147 1257 1384 1331; x_wconf 86' lang='lat' dir='ltr'><strong>quando</strong></span> <span class='ocrx_word' id='word_1_88' title='bbox 1416 1274 1626 1314; x_wconf 88' lang='lat' dir='ltr'><strong>sumus</strong></span> <span class='ocrx_word' id='word_1_89' title='bbox 1655 1256 2092 1314; x_wconf 81' lang='lat' dir='ltr'><strong>conversatione</strong></span> 
     </span>
    </p>
   </div>
   <div class='ocr_carea' id='block_1_14' title="bbox 429 1349 712 1406">
    <p class='ocr_par' dir='ltr' id='par_1_14' title="bbox 429 1349 712 1406">
     <span class='ocr_line' id='line_1_14' title="bbox 429 1349 712 1406; baseline -0.007 0"><span class='ocrx_word' id='word_1_90' title='bbox 429 1349 712 1406; x_wconf 60' lang='lat' dir='ltr'><strong>caelestes.</strong></span> 
     </span>
    </p>
   </div>
   <div class='ocr_carea' id='block_1_15' title="bbox 429 1453 1782 1529">
    <p class='ocr_par' dir='ltr' id='par_1_15' title="bbox 429 1453 1782 1529">
     <span class='ocr_line' id='line_1_15' title="bbox 429 1453 1782 1529; baseline -0.002 -17"><span class='ocrx_word' id='word_1_91' title='bbox 429 1458 466 1512; x_wconf 85' lang='lat'>6</span> <span class='ocrx_word' id='word_1_92' title='bbox 575 1456 802 1513; x_wconf 83' lang='lat' dir='ltr'><strong>Salvum</strong></span> <span class='ocrx_word' id='word_1_93' title='bbox 831 1456 924 1529; x_wconf 76' lang='lat' dir='ltr'><strong>[ac</strong></span> <span class='ocrx_word' id='word_1_94' title='bbox 951 1453 1177 1511; x_wconf 76' lang='lat' dir='ltr'><strong>dextera</strong></span> <span class='ocrx_word' id='word_1_95' title='bbox 1208 1459 1308 1510; x_wconf 87' lang='lat' dir='ltr'><strong>tua</strong></span> <span class='ocrx_word' id='word_1_96' title='bbox 1336 1461 1390 1510; x_wconf 88' lang='lat' dir='ltr'><strong>et</strong></span> <span class='ocrx_word' id='word_1_97' title='bbox 1415 1453 1622 1510; x_wconf 67' lang='lat' dir='ltr'><strong>exaudi</strong></span> <span class='ocrx_word' id='word_1_98' title='bbox 1647 1470 1734 1510; x_wconf 90' lang='lat' dir='ltr'><strong>me</strong></span> <span class='ocrx_word' id='word_1_99' title='bbox 1763 1472 1782 1509; x_wconf 92' lang='lat'><strong><em>:</em></strong></span> 
     </span>
    </p>
   </div>
   <div class='ocr_carea' id='block_1_16' title="bbox 577 1543 1515 1600">
    <p class='ocr_par' dir='ltr' id='par_1_16' title="bbox 577 1543 1515 1600">
     <span class='ocr_line' id='line_1_16' title="bbox 577 1543 1515 1600; baseline -0.001 0"><span class='ocrx_word' id='word_1_100' title='bbox 577 1543 720 1600; x_wconf 87' lang='lat' dir='ltr'><strong>Deus</strong></span> <span class='ocrx_word' id='word_1_101' title='bbox 751 1544 962 1600; x_wconf 88' lang='lat' dir='ltr'><strong>locutus</strong></span> <span class='ocrx_word' id='word_1_102' title='bbox 989 1551 1069 1600; x_wconf 88' lang='lat' dir='ltr'><strong>est</strong></span> <span class='ocrx_word' id='word_1_103' title='bbox 1094 1545 1156 1600; x_wconf 86' lang='lat' dir='ltr'><strong>in</strong></span> <span class='ocrx_word' id='word_1_104' title='bbox 1183 1551 1367 1599; x_wconf 89' lang='lat' dir='ltr'><strong>sancto</strong></span> <span class='ocrx_word' id='word_1_105' title='bbox 1396 1559 1515 1599; x_wconf 86' lang='lat' dir='ltr'><strong>suo.</strong></span> 
     </span>
    </p>
   </div>
   <div class='ocr_carea' id='block_1_17' title="bbox 506 1630 2092 1705">
    <p class='ocr_par' dir='ltr' id='par_1_17' title="bbox 506 1630 2092 1705">
     <span class='ocr_line' id='line_1_17' title="bbox 506 1630 2092 1705; baseline -0.003 -15"><span class='ocrx_word' id='word_1_106' title='bbox 506 1633 548 1690; x_wconf 90' lang='lat' dir='ltr'><strong>C</strong></span> <span class='ocrx_word' id='word_1_107' title='bbox 577 1630 816 1689; x_wconf 89' lang='lat' dir='ltr'><strong>Salvum</strong></span> <span class='ocrx_word' id='word_1_108' title='bbox 847 1632 960 1705; x_wconf 88' lang='lat' dir='ltr'><strong>fac,</strong></span> <span class='ocrx_word' id='word_1_109' title='bbox 986 1631 1214 1688; x_wconf 87' lang='lat' dir='ltr'><strong>salvum</strong></span> <span class='ocrx_word' id='word_1_110' title='bbox 1247 1649 1309 1688; x_wconf 88' lang='lat' dir='ltr'><strong>se</strong></span> <span class='ocrx_word' id='word_1_111' title='bbox 1339 1631 1463 1688; x_wconf 82' lang='lat' dir='ltr'><strong>fieri</strong></span> <span class='ocrx_word' id='word_1_112' title='bbox 1493 1631 1840 1704; x_wconf 84' lang='lat' dir='ltr'><strong>deprecatur</strong></span> <span class='ocrx_word' id='word_1_113' title='bbox 1868 1631 1930 1686; x_wconf 88' lang='lat' dir='ltr'><strong>in</strong></span> <span class='ocrx_word' id='word_1_114' title='bbox 1960 1646 2092 1703; x_wconf 92' lang='lat' dir='ltr'><strong>pas-</strong></span> 
     </span>
    </p>
   </div>
   <div class='ocr_carea' id='block_1_18' title="bbox 436 1720 2096 1789">
    <p class='ocr_par' dir='ltr' id='par_1_18' title="bbox 436 1720 2096 1789">
     <span class='ocr_line' id='line_1_18' title="bbox 436 1720 2096 1789; baseline -0.001 -11"><span class='ocrx_word' id='word_1_115' title='bbox 436 1721 620 1789; x_wconf 85' lang='lat' dir='ltr'><strong>sione,</strong></span> <span class='ocrx_word' id='word_1_116' title='bbox 653 1724 718 1777; x_wconf 93' lang='lat' dir='ltr'><strong>ut</strong></span> <span class='ocrx_word' id='word_1_117' title='bbox 747 1720 1112 1778; x_wconf 89' lang='lat' dir='ltr'><strong>credentium</strong></span> <span class='ocrx_word' id='word_1_118' title='bbox 1146 1723 1320 1777; x_wconf 90' lang='lat' dir='ltr'><strong>turba</strong></span> <span class='ocrx_word' id='word_1_119' title='bbox 1350 1721 1716 1777; x_wconf 83' lang='lat' dir='ltr'><strong>liberaretur.</strong></span> <span class='ocrx_word' id='word_1_120' title='bbox 1749 1721 1904 1777; x_wconf 90' lang='lat' dir='ltr'><strong>Deus</strong></span> <span class='ocrx_word' id='word_1_121' title='bbox 1935 1721 2096 1776; x_wconf 86' lang='lat' dir='ltr'><strong>locu-</strong></span> 
     </span>
    </p>
   </div>
   <div class='ocr_carea' id='block_1_19' title="bbox 2197 537 3696 614">
    <p class='ocr_par' dir='ltr' id='par_1_19' title="bbox 2197 537 3696 614">
     <span class='ocr_line' id='line_1_19' title="bbox 2197 537 3696 614; baseline -0.001 -18"><span class='ocrx_word' id='word_1_122' title='bbox 2197 540 2352 596; x_wconf 85' lang='lat' dir='ltr'><strong>tione</strong></span> <span class='ocrx_word' id='word_1_123' title='bbox 2381 539 2716 614; x_wconf 84' lang='lat' dir='ltr'><strong>complevit,</strong></span> <span class='ocrx_word' id='word_1_124' title='bbox 2745 537 3083 612; x_wconf 66' lang='lat' dir='ltr'><strong>alienigenae</strong></span> <span class='ocrx_word' id='word_1_125' title='bbox 3114 539 3271 595; x_wconf 90' lang='lat' dir='ltr'><strong>enim</strong></span> <span class='ocrx_word' id='word_1_126' title='bbox 3302 543 3507 612; x_wconf 86' lang='lat' dir='ltr'><strong>gentes</strong></span> <span class='ocrx_word' id='word_1_127' title='bbox 3538 545 3696 594; x_wconf 90' lang='lat' dir='ltr'><strong>sunt.</strong></span> 
     </span>
    </p>
   </div>
   <div class='ocr_carea' id='block_1_20' title="bbox 2197 629 3590 700">
    <p class='ocr_par' dir='ltr' id='par_1_20' title="bbox 2197 629 3590 700">
     <span class='ocr_line' id='line_1_20' title="bbox 2197 629 3590 700; baseline -0.002 -15"><span class='ocrx_word' id='word_1_128' title='bbox 2197 630 2258 685; x_wconf 89' lang='grc'>11</span> <span class='ocrx_word' id='word_1_129' title='bbox 2335 631 2474 700; x_wconf 84' lang='lat' dir='ltr'><strong>Quis</strong></span> <span class='ocrx_word' id='word_1_130' title='bbox 2502 629 2729 686; x_wconf 79' lang='lat' dir='ltr'><strong>deducet</strong></span> <span class='ocrx_word' id='word_1_131' title='bbox 2750 646 2838 685; x_wconf 87' lang='lat' dir='ltr'><strong>me</strong></span> <span class='ocrx_word' id='word_1_132' title='bbox 2866 630 2928 684; x_wconf 86' lang='lat' dir='ltr'><strong>in</strong></span> <span class='ocrx_word' id='word_1_133' title='bbox 2957 629 3236 685; x_wconf 79' lang='lat' dir='ltr'><strong>civitatem</strong></span> <span class='ocrx_word' id='word_1_134' title='bbox 3263 629 3539 684; x_wconf 81' lang='lat' dir='ltr'><strong>munitam</strong></span> <span class='ocrx_word' id='word_1_135' title='bbox 3569 645 3590 682; x_wconf 91' lang='lat'><strong><em>:</em></strong></span> 
     </span>
    </p>
   </div>
   <div class='ocr_carea' id='block_1_21' title="bbox 2340 717 3506 792">
    <p class='ocr_par' dir='ltr' id='par_1_21' title="bbox 2340 717 3506 792">
     <span class='ocr_line' id='line_1_21' title="bbox 2340 717 3506 792; baseline 0.001 -19"><span class='ocrx_word' id='word_1_136' title='bbox 2340 720 2482 792; x_wconf 85' lang='lat' dir='ltr'><strong>Quis</strong></span> <span class='ocrx_word' id='word_1_137' title='bbox 2507 717 2734 774; x_wconf 81' lang='lat' dir='ltr'><strong>deducet</strong></span> <span class='ocrx_word' id='word_1_138' title='bbox 2759 735 2848 775; x_wconf 86' lang='lat' dir='ltr'><strong>me</strong></span> <span class='ocrx_word' id='word_1_139' title='bbox 2875 734 3046 791; x_wconf 85' lang='lat' dir='ltr'><strong>usque</strong></span> <span class='ocrx_word' id='word_1_140' title='bbox 3073 719 3136 774; x_wconf 87' lang='lat' dir='ltr'><strong>in</strong></span> <span class='ocrx_word' id='word_1_141' title='bbox 3165 717 3506 776; x_wconf 67' lang='lat' dir='ltr'><strong>Idumaeam?</strong></span> 
     </span>
    </p>
   </div>
   <div class='ocr_carea' id='block_1_22' title="bbox 2268 806 3862 880">
    <p class='ocr_par' dir='ltr' id='par_1_22' title="bbox 2268 806 3862 880">
     <span class='ocr_line' id='line_1_22' title="bbox 2268 806 3862 880; baseline 0.001 -18"><span class='ocrx_word' id='word_1_142' title='bbox 2268 806 2310 862; x_wconf 94' lang='lat' dir='ltr'><strong>C</strong></span> <span class='ocrx_word' id='word_1_143' title='bbox 2340 806 2482 871; x_wconf 84' lang='lat' dir='ltr'><strong>Quis</strong></span> <span class='ocrx_word' id='word_1_144' title='bbox 2502 806 2753 863; x_wconf 88' lang='lat' dir='ltr'><strong>deducet</strong></span> <span class='ocrx_word' id='word_1_145' title='bbox 2773 823 2928 876; x_wconf 91' lang='lat' dir='ltr'><strong>me,a</strong></span> <span class='ocrx_word' id='word_1_146' title='bbox 2948 811 3112 880; x_wconf 91' lang='lat' dir='ltr'><strong>parte</strong></span> <span class='ocrx_word' id='word_1_147' title='bbox 3136 807 3527 864; x_wconf 76' lang='lat' dir='ltr'><strong>humanitatis</strong></span> <span class='ocrx_word' id='word_1_148' title='bbox 3547 806 3862 880; x_wconf 88' lang='lat' dir='ltr'><strong>aptissima</strong></span> 
     </span>
    </p>
   </div>
   <div class='ocr_carea' id='block_1_23' title="bbox 2197 895 3860 971">
    <p class='ocr_par' dir='ltr' id='par_1_23' title="bbox 2197 895 3860 971">
     <span class='ocr_line' id='line_1_23' title="bbox 2197 895 3860 971; baseline 0.002 -21"><span class='ocrx_word' id='word_1_149' title='bbox 2197 895 2575 968; x_wconf 83' lang='lat' dir='ltr'><strong>interrogatio</strong></span> <span class='ocrx_word' id='word_1_150' title='bbox 2625 895 3016 968; x_wconf 68' lang='lat' dir='ltr'><strong>praemittitur,</strong></span> <span class='ocrx_word' id='word_1_151' title='bbox 3048 899 3114 954; x_wconf 91' lang='lat' dir='ltr'><strong>ut</strong></span> <span class='ocrx_word' id='word_1_152' title='bbox 3153 912 3518 970; x_wconf 89' lang='lat' dir='ltr'><strong>consequens</strong></span> <span class='ocrx_word' id='word_1_153' title='bbox 3546 896 3860 971; x_wconf 86' lang='lat' dir='ltr'><strong>responsio</strong></span> 
     </span>
    </p>
   </div>
   <div class='ocr_carea' id='block_1_24' title="bbox 2199 983 3862 1060">
    <p class='ocr_par' dir='ltr' id='par_1_24' title="bbox 2199 983 3862 1060">
     <span class='ocr_line' id='line_1_24' title="bbox 2199 983 3862 1060; baseline 0.001 -20"><span class='ocrx_word' id='word_1_154' title='bbox 2199 984 2617 1057; x_wconf 86' lang='lat' dir='ltr'><strong>subsequatur.</strong></span> <span class='ocrx_word' id='word_1_155' title='bbox 2643 984 2688 1040; x_wconf 88' lang='lat' dir='ltr'>H</span> <span class='ocrx_word' id='word_1_156' title='bbox 2711 983 2752 1041; x_wconf 91' lang='lat' dir='ltr'><strong>C</strong></span> <span class='ocrx_word' id='word_1_157' title='bbox 2773 985 2988 1042; x_wconf 86' lang='lat' dir='ltr'><strong>Civitas</strong></span> <span class='ocrx_word' id='word_1_158' title='bbox 3009 986 3240 1042; x_wconf 86' lang='lat' dir='ltr'><strong>munita</strong></span> <span class='ocrx_word' id='word_1_159' title='bbox 3263 986 3411 1042; x_wconf 86' lang='lat' dir='ltr'><strong>forte</strong></span> <span class='ocrx_word' id='word_1_160' title='bbox 3451 985 3750 1060; x_wconf 79' lang='lat' dir='ltr'><strong>signiﬁcat</strong></span> <span class='ocrx_word' id='word_1_161' title='bbox 3771 985 3862 1042; x_wconf 90' lang='lat' dir='ltr'><strong>in-</strong></span> 
     </span>
    </p>
   </div>
   <div class='ocr_carea' id='block_1_25' title="bbox 2199 1073 3863 1148">
    <p class='ocr_par' dir='ltr' id='par_1_25' title="bbox 2199 1073 3863 1148">
     <span class='ocr_line' id='line_1_25' title="bbox 2199 1073 3863 1148; baseline 0.002 -19"><span class='ocrx_word' id='word_1_162' title='bbox 2199 1073 2453 1142; x_wconf 89' lang='lat' dir='ltr'><strong>fernum,</strong></span> <span class='ocrx_word' id='word_1_163' title='bbox 2477 1089 2654 1146; x_wconf 86' lang='lat' dir='ltr'><strong>quem</strong></span> <span class='ocrx_word' id='word_1_164' title='bbox 2679 1073 2842 1131; x_wconf 89' lang='lat' dir='ltr'><strong>nulla</strong></span> <span class='ocrx_word' id='word_1_165' title='bbox 2869 1075 2956 1131; x_wconf 92' lang='lat' dir='ltr'><strong>vis</strong></span> <span class='ocrx_word' id='word_1_166' title='bbox 2985 1075 3248 1132; x_wconf 91' lang='lat' dir='ltr'><strong>humana</strong></span> <span class='ocrx_word' id='word_1_167' title='bbox 3269 1074 3462 1148; x_wconf 90' lang='lat' dir='ltr'><strong>potuit</strong></span> <span class='ocrx_word' id='word_1_168' title='bbox 3489 1073 3863 1148; x_wconf 87' lang='lat' dir='ltr'><strong>aperire,nisi</strong></span> 
     </span>
    </p>
   </div>
   <div class='ocr_carea' id='block_1_26' title="bbox 2201 1161 3862 1237">
    <p class='ocr_par' dir='ltr' id='par_1_26' title="bbox 2201 1161 3862 1237">
     <span class='ocr_line' id='line_1_26' title="bbox 2201 1161 3862 1237; baseline 0.003 -21"><span class='ocrx_word' id='word_1_169' title='bbox 2201 1161 2303 1235; x_wconf 90' lang='lat' dir='ltr'><strong>qui</strong></span> <span class='ocrx_word' id='word_1_170' title='bbox 2333 1166 2532 1234; x_wconf 87' lang='lat' dir='ltr'><strong>portas</strong></span> <span class='ocrx_word' id='word_1_171' title='bbox 2561 1163 2690 1235; x_wconf 87' lang='lat' dir='ltr'><strong>ejus</strong></span> <span class='ocrx_word' id='word_1_172' title='bbox 2719 1162 2910 1236; x_wconf 83' lang='lat' dir='ltr'><strong>fregit.</strong></span> <span class='ocrx_word' id='word_1_173' title='bbox 2943 1162 3056 1220; x_wconf 89' lang='lat' dir='ltr'><strong>Ista</strong></span> <span class='ocrx_word' id='word_1_174' title='bbox 3083 1162 3288 1220; x_wconf 84' lang='lat' dir='ltr'><strong>civitas</strong></span> <span class='ocrx_word' id='word_1_175' title='bbox 3312 1164 3385 1219; x_wconf 90' lang='lat' dir='ltr'><strong>ad</strong></span> <span class='ocrx_word' id='word_1_176' title='bbox 3435 1163 3862 1237; x_wconf 88' lang='lat' dir='ltr'><strong>egrediendum</strong></span> 
     </span>
    </p>
   </div>
   <div class='ocr_carea' id='block_1_27' title="bbox 2201 1250 3865 1324">
    <p class='ocr_par' dir='ltr' id='par_1_27' title="bbox 2201 1250 3865 1324">
     <span class='ocr_line' id='line_1_27' title="bbox 2201 1250 3865 1324; baseline 0.002 -17"><span class='ocrx_word' id='word_1_177' title='bbox 2201 1250 2430 1307; x_wconf 85' lang='lat' dir='ltr'><strong>munita</strong></span> <span class='ocrx_word' id='word_1_178' title='bbox 2458 1255 2567 1322; x_wconf 89' lang='lat' dir='ltr'><strong>est,</strong></span> <span class='ocrx_word' id='word_1_179' title='bbox 2595 1255 2796 1324; x_wconf 88' lang='lat' dir='ltr'><strong>aperta</strong></span> <span class='ocrx_word' id='word_1_180' title='bbox 2825 1255 2917 1308; x_wconf 88' lang='lat' dir='ltr'><strong>est</strong></span> <span class='ocrx_word' id='word_1_181' title='bbox 2944 1252 3015 1310; x_wconf 91' lang='lat' dir='ltr'><strong>ad</strong></span> <span class='ocrx_word' id='word_1_182' title='bbox 3063 1251 3502 1308; x_wconf 90' lang='lat' dir='ltr'><strong>introeundum.</strong></span> <span class='ocrx_word' id='word_1_183' title='bbox 3525 1251 3572 1307; x_wconf 84' lang='grc' dir='ltr'><strong>Η</strong></span> <span class='ocrx_word' id='word_1_184' title='bbox 3603 1252 3865 1310; x_wconf 70' lang='lat' dir='ltr'><strong>Idumaa</strong></span> 
     </span>
    </p>
   </div>
   <div class='ocr_carea' id='block_1_28' title="bbox 2202 1340 3864 1416">
    <p class='ocr_par' dir='ltr' id='par_1_28' title="bbox 2202 1340 3864 1416">
     <span class='ocr_line' id='line_1_28' title="bbox 2202 1340 3864 1416; baseline 0.001 -20"><span class='ocrx_word' id='word_1_185' title='bbox 2202 1357 2436 1413; x_wconf 90' lang='lat' dir='ltr'><strong>quoque</strong></span> <span class='ocrx_word' id='word_1_186' title='bbox 2469 1340 2886 1414; x_wconf 84' lang='lat' dir='ltr'><strong>interpretatur</strong></span> <span class='ocrx_word' id='word_1_187' title='bbox 2914 1340 3257 1415; x_wconf 89' lang='lat' dir='ltr'><strong>sanguinea,</strong></span> <span class='ocrx_word' id='word_1_188' title='bbox 3291 1341 3637 1416; x_wconf 78' lang='lat' dir='ltr'><strong>significans</strong></span> <span class='ocrx_word' id='word_1_189' title='bbox 3663 1341 3864 1400; x_wconf 87' lang='lat' dir='ltr'><strong>locum</strong></span> 
     </span>
    </p>
   </div>
   <div class='ocr_carea' id='block_1_29' title="bbox 2201 1429 3794 1504">
    <p class='ocr_par' dir='ltr' id='par_1_29' title="bbox 2201 1429 3794 1504">
     <span class='ocr_line' id='line_1_29' title="bbox 2201 1429 3794 1504; baseline 0.001 -19"><span class='ocrx_word' id='word_1_190' title='bbox 2201 1429 2650 1504; x_wconf 75' lang='lat' dir='ltr'><strong>pmnarum,ubi</strong></span> <span class='ocrx_word' id='word_1_191' title='bbox 2682 1429 3117 1488; x_wconf 84' lang='lat' dir='ltr'><strong>interficiuntur</strong></span> <span class='ocrx_word' id='word_1_192' title='bbox 3145 1429 3352 1487; x_wconf 66' lang='lat' dir='ltr'><strong>animae</strong></span> <span class='ocrx_word' id='word_1_193' title='bbox 3382 1434 3794 1504; x_wconf 88' lang='lat' dir='ltr'><strong>peccatorum.</strong></span> 
     </span>
    </p>
   </div>
   <div class='ocr_carea' id='block_1_30' title="bbox 2205 1519 3424 1594">
    <p class='ocr_par' dir='ltr' id='par_1_30' title="bbox 2205 1519 3424 1594">
     <span class='ocr_line' id='line_1_30' title="bbox 2205 1519 3424 1594; baseline 0.002 -19"><span class='ocrx_word' id='word_1_194' title='bbox 2205 1519 2276 1576; x_wconf 81' lang='grc'>12</span> <span class='ocrx_word' id='word_1_195' title='bbox 2345 1519 2538 1576; x_wconf 81' lang='lat' dir='ltr'><strong>Nonne</strong></span> <span class='ocrx_word' id='word_1_196' title='bbox 2565 1523 2645 1586; x_wconf 86' lang='lat' dir='ltr'><strong>tu,</strong></span> <span class='ocrx_word' id='word_1_197' title='bbox 2676 1521 2840 1590; x_wconf 86' lang='lat' dir='ltr'><strong>Deus,</strong></span> <span class='ocrx_word' id='word_1_198' title='bbox 2869 1522 2968 1594; x_wconf 83' lang='lat' dir='ltr'><strong>qui</strong></span> <span class='ocrx_word' id='word_1_199' title='bbox 2992 1521 3246 1593; x_wconf 84' lang='lat' dir='ltr'><strong>repulisti</strong></span> <span class='ocrx_word' id='word_1_200' title='bbox 3272 1536 3374 1576; x_wconf 89' lang='lat' dir='ltr'><strong>nos</strong></span> <span class='ocrx_word' id='word_1_201' title='bbox 3403 1537 3424 1578; x_wconf 88' lang='lat'><strong><em>:</em></strong></span> 
     </span>
    </p>
   </div>
   <div class='ocr_carea' id='block_1_31' title="bbox 2345 1609 3644 1678">
    <p class='ocr_par' dir='ltr' id='par_1_31' title="bbox 2345 1609 3644 1678">
     <span class='ocr_line' id='line_1_31' title="bbox 2345 1609 3644 1678; baseline 0.002 -15"><span class='ocrx_word' id='word_1_202' title='bbox 2345 1609 2411 1664; x_wconf 86' lang='lat' dir='ltr'><strong>Et</strong></span> <span class='ocrx_word' id='word_1_203' title='bbox 2437 1625 2550 1666; x_wconf 86' lang='lat' dir='ltr'><strong>non</strong></span> <span class='ocrx_word' id='word_1_204' title='bbox 2579 1609 2782 1678; x_wconf 70' lang='lat' dir='ltr'><strong>exibis,</strong></span> <span class='ocrx_word' id='word_1_205' title='bbox 2813 1611 2974 1677; x_wconf 83' lang='lat' dir='ltr'><strong>Deus,</strong></span> <span class='ocrx_word' id='word_1_206' title='bbox 3008 1611 3070 1666; x_wconf 86' lang='lat' dir='ltr'><strong>in</strong></span> <span class='ocrx_word' id='word_1_207' title='bbox 3096 1610 3392 1667; x_wconf 79' lang='lat' dir='ltr'><strong>virtutibus</strong></span> <span class='ocrx_word' id='word_1_208' title='bbox 3418 1611 3644 1666; x_wconf 84' lang='lat' dir='ltr'><strong>nostris.</strong></span> 
     </span>
    </p>
   </div>
   <div class='ocr_carea' id='block_1_32' title="bbox 2273 1697 3868 1774">
    <p class='ocr_par' dir='ltr' id='par_1_32' title="bbox 2273 1697 3868 1774">
     <span class='ocr_line' id='line_1_32' title="bbox 2273 1697 3868 1774; baseline 0.002 -20"><span class='ocrx_word' id='word_1_209' title='bbox 2273 1697 2316 1754; x_wconf 90' lang='lat' dir='ltr'><strong>C</strong></span> <span class='ocrx_word' id='word_1_210' title='bbox 2343 1698 2486 1763; x_wconf 87' lang='lat' dir='ltr'><strong>Quis</strong></span> <span class='ocrx_word' id='word_1_211' title='bbox 2517 1697 2674 1754; x_wconf 91' lang='lat' dir='ltr'><strong>enim</strong></span> <span class='ocrx_word' id='word_1_212' title='bbox 2706 1697 3031 1756; x_wconf 89' lang='lat' dir='ltr'><strong>claustrum</strong></span> <span class='ocrx_word' id='word_1_213' title='bbox 3070 1699 3278 1756; x_wconf 89' lang='lat' dir='ltr'><strong>mortis</strong></span> <span class='ocrx_word' id='word_1_214' title='bbox 3322 1697 3692 1774; x_wconf 82' lang='lat' dir='ltr'><strong>infringeret,</strong></span> <span class='ocrx_word' id='word_1_215' title='bbox 3726 1700 3868 1772; x_wconf 87' lang='lat' dir='ltr'><strong>quis</strong></span> 
     </span>
    </p>
   </div>
   <div class='ocr_carea' id='block_1_33' title="bbox 435 1786 3872 1895">
    <p class='ocr_par' dir='ltr' id='par_1_33' title="bbox 435 1786 3872 1895">
     <span class='ocr_line' id='line_1_33' title="bbox 435 1786 3872 1895; baseline -0.001 -29"><span class='ocrx_word' id='word_1_216' title='bbox 435 1815 534 1866; x_wconf 85' lang='lat' dir='ltr'><strong>tus</strong></span> <span class='ocrx_word' id='word_1_217' title='bbox 565 1786 654 1867; x_wconf 84' lang='lat' dir='ltr'><strong>est</strong></span> <span class='ocrx_word' id='word_1_218' title='bbox 683 1811 742 1866; x_wconf 90' lang='lat' dir='ltr'><strong>in</strong></span> <span class='ocrx_word' id='word_1_219' title='bbox 773 1813 974 1867; x_wconf 89' lang='lat' dir='ltr'><strong>sancto</strong></span> <span class='ocrx_word' id='word_1_220' title='bbox 1001 1828 1130 1880; x_wconf 91' lang='lat' dir='ltr'><strong>suo,</strong></span> <span class='ocrx_word' id='word_1_221' title='bbox 1161 1809 1219 1866; x_wconf 88' lang='lat' dir='ltr'><strong>id</strong></span> <span class='ocrx_word' id='word_1_222' title='bbox 1253 1815 1342 1867; x_wconf 90' lang='lat' dir='ltr'><strong>est</strong></span> <span class='ocrx_word' id='word_1_223' title='bbox 1374 1809 1542 1880; x_wconf 82' lang='lat' dir='ltr'><strong>Filio,</strong></span> <span class='ocrx_word' id='word_1_224' title='bbox 1573 1813 1638 1864; x_wconf 91' lang='lat' dir='ltr'><strong>ut</strong></span> <span class='ocrx_word' id='word_1_225' title='bbox 1669 1809 1926 1866; x_wconf 86' lang='lat' dir='ltr'><strong>Verbum</strong></span> <span class='ocrx_word' id='word_1_226' title='bbox 1959 1825 2094 1865; x_wconf 89' lang='lat' dir='ltr'><strong>caro</strong></span> <span class='ocrx_word' id='word_1_227' title='bbox 2124 1829 2172 1895; x_wconf 79' lang='grc' dir='ltr'><strong>Β</strong></span> <span class='ocrx_word' id='word_1_228' title='bbox 2195 1787 2412 1895; x_wconf 57' lang='grc' dir='ltr'><strong>ξξλωλτξες</strong></span> <span class='ocrx_word' id='word_1_229' title='bbox 2434 1786 2674 1895; x_wconf 47' lang='lat' dir='ltr'><strong>Tum“?</strong></span> <span class='ocrx_word' id='word_1_230' title='bbox 2700 1787 2954 1895; x_wconf 60' lang='grc' dir='ltr'><strong>ςίνίιδιίίε</strong></span> <span class='ocrx_word' id='word_1_231' title='bbox 2983 1787 3872 1895; x_wconf 42' lang='grc' dir='ltr'><strong>θορῗτίῗθξιηίείηίρεθ.εἶδτίξῐιξῗῗ</strong></span> 
     </span>
    </p>
   </div>
   <div class='ocr_carea' id='block_1_34' title="bbox 438 1898 1878 1972">
    <p class='ocr_par' dir='ltr' id='par_1_34' title="bbox 438 1898 1878 1972">
     <span class='ocr_line' id='line_1_34' title="bbox 438 1898 1878 1972; baseline -0.001 -17"><span class='ocrx_word' id='word_1_232' title='bbox 438 1900 656 1961; x_wconf 87' lang='lat' dir='ltr'><strong>factum</strong></span> <span class='ocrx_word' id='word_1_233' title='bbox 689 1917 808 1957; x_wconf 85' lang='lat' dir='ltr'><strong>una</strong></span> <span class='ocrx_word' id='word_1_234' title='bbox 829 1899 1127 1957; x_wconf 87' lang='lat' dir='ltr'><strong>voluntate</strong></span> <span class='ocrx_word' id='word_1_235' title='bbox 1157 1917 1289 1956; x_wconf 92' lang='lat' dir='ltr'><strong>cum</strong></span> <span class='ocrx_word' id='word_1_236' title='bbox 1323 1899 1491 1955; x_wconf 87' lang='lat' dir='ltr'><strong>Patre</strong></span> <span class='ocrx_word' id='word_1_237' title='bbox 1521 1898 1878 1972; x_wconf 88' lang='lat' dir='ltr'><strong>loqueretur.</strong></span> 
     </span>
    </p>
   </div>
   <div class='ocr_carea' id='block_1_35' title="bbox 435 2005 1784 2076">
    <p class='ocr_par' dir='ltr' id='par_1_35' title="bbox 435 2005 1784 2076">
     <span class='ocr_line' id='line_1_35' title="bbox 435 2005 1784 2076; baseline 0 -14"><span class='ocrx_word' id='word_1_238' title='bbox 435 2011 470 2062; x_wconf 90' lang='lat'><strong>7</strong></span> <span class='ocrx_word' id='word_1_239' title='bbox 525 2065 535 2076; x_wconf 65' lang='grc'><em>,</em></span> <span class='ocrx_word' id='word_1_240' title='bbox 577 2007 876 2064; x_wconf 74' lang='lat' dir='ltr'><strong>Exsultabo</strong></span> <span class='ocrx_word' id='word_1_241' title='bbox 920 2013 976 2074; x_wconf 61' lang='grc' dir='ltr'><strong>σξη</strong></span> <span class='ocrx_word' id='word_1_242' title='bbox 1005 2012 1058 2063; x_wconf 90' lang='lat' dir='ltr'><strong>et</strong></span> <span class='ocrx_word' id='word_1_243' title='bbox 1099 2013 1114 2072; x_wconf 73' lang='grc' dir='ltr'>ζ</span> <span class='ocrx_word' id='word_1_244' title='bbox 1159 2007 1402 2064; x_wconf 82' lang='lat' dir='ltr'><strong>dividam</strong></span> <span class='ocrx_word' id='word_1_245' title='bbox 1429 2005 1732 2064; x_wconf 87' lang='lat' dir='ltr'><strong>Sichimam</strong></span> <span class='ocrx_word' id='word_1_246' title='bbox 1762 2025 1784 2062; x_wconf 85' lang='lat'><em>:</em></span> 
     </span>
    </p>
   </div>
   <div class='ocr_carea' id='block_1_36' title="bbox 577 2095 1790 2154">
    <p class='ocr_par' dir='ltr' id='par_1_36' title="bbox 577 2095 1790 2154">
     <span class='ocr_line' id='line_1_36' title="bbox 577 2095 1790 2154; baseline 0 -2"><span class='ocrx_word' id='word_1_247' title='bbox 577 2098 642 2152; x_wconf 87' lang='lat' dir='ltr'><strong>Et</strong></span> <span class='ocrx_word' id='word_1_248' title='bbox 670 2097 974 2154; x_wconf 81' lang='lat' dir='ltr'><strong>convallem</strong></span> <span class='ocrx_word' id='word_1_249' title='bbox 1002 2095 1484 2154; x_wconf 84' lang='lat' dir='ltr'><strong>tabernaculorum</strong></span> <span class='ocrx_word' id='word_1_250' title='bbox 1513 2097 1790 2152; x_wconf 82' lang='lat' dir='ltr'><strong>dimetiar.</strong></span> 
     </span>
    </p>
   </div>
   <div class='ocr_carea' id='block_1_37' title="bbox 507 2183 2094 2257">
    <p class='ocr_par' dir='ltr' id='par_1_37' title="bbox 507 2183 2094 2257">
     <span class='ocr_line' id='line_1_37' title="bbox 507 2183 2094 2257; baseline 0 -17"><span class='ocrx_word' id='word_1_251' title='bbox 507 2185 556 2240; x_wconf 88' lang='lat' dir='ltr'><strong>H</strong></span> <span class='ocrx_word' id='word_1_252' title='bbox 584 2183 844 2241; x_wconf 89' lang='lat' dir='ltr'><strong>Sichima</strong></span> <span class='ocrx_word' id='word_1_253' title='bbox 870 2183 1294 2257; x_wconf 88' lang='lat' dir='ltr'><strong>interpretatur</strong></span> <span class='ocrx_word' id='word_1_254' title='bbox 1321 2185 1559 2254; x_wconf 81' lang='lat' dir='ltr'><strong>humeri,</strong></span> <span class='ocrx_word' id='word_1_255' title='bbox 1591 2183 1825 2240; x_wconf 87' lang='lat' dir='ltr'><strong>humeri</strong></span> <span class='ocrx_word' id='word_1_256' title='bbox 1877 2187 2094 2251; x_wconf 89' lang='lat' dir='ltr'><strong>autem,</strong></span> 
     </span>
    </p>
   </div>
   <div class='ocr_carea' id='block_1_38' title="bbox 437 2266 2100 2346">
    <p class='ocr_par' dir='ltr' id='par_1_38' title="bbox 437 2266 2100 2346">
     <span class='ocr_line' id='line_1_38' title="bbox 437 2266 2100 2346; baseline 0 -18"><span class='ocrx_word' id='word_1_257' title='bbox 437 2266 734 2346; x_wconf 80' lang='lat' dir='ltr'><strong>signiﬁcat</strong></span> <span class='ocrx_word' id='word_1_258' title='bbox 763 2288 962 2346; x_wconf 87' lang='lat' dir='ltr'><strong>opera,</strong></span> <span class='ocrx_word' id='word_1_259' title='bbox 994 2288 1206 2328; x_wconf 87' lang='lat' dir='ltr'><strong>sensus</strong></span> <span class='ocrx_word' id='word_1_260' title='bbox 1254 2289 1390 2344; x_wconf 89' lang='lat' dir='ltr'><strong>ergo</strong></span> <span class='ocrx_word' id='word_1_261' title='bbox 1444 2272 1582 2328; x_wconf 87' lang='lat' dir='ltr'><strong>talis</strong></span> <span class='ocrx_word' id='word_1_262' title='bbox 1624 2277 1715 2328; x_wconf 91' lang='lat' dir='ltr'><strong>est</strong></span> <span class='ocrx_word' id='word_1_263' title='bbox 1747 2291 1760 2329; x_wconf 92' lang='lat'><strong>:</strong></span> <span class='ocrx_word' id='word_1_264' title='bbox 1795 2275 2100 2345; x_wconf 86' lang='lat' dir='ltr'><strong>propterea</strong></span> 
     </span>
    </p>
   </div>
   <div class='ocr_carea' id='block_1_39' title="bbox 437 2360 2098 2434">
    <p class='ocr_par' dir='ltr' id='par_1_39' title="bbox 437 2360 2098 2434">
     <span class='ocr_line' id='line_1_39' title="bbox 437 2360 2098 2434; baseline 0.001 -18"><span class='ocrx_word' id='word_1_265' title='bbox 437 2360 769 2434; x_wconf 71' lang='lat' dir='ltr'><strong>crucifigor,</strong></span> <span class='ocrx_word' id='word_1_266' title='bbox 801 2363 869 2416; x_wconf 92' lang='lat' dir='ltr'><strong>ut</strong></span> <span class='ocrx_word' id='word_1_267' title='bbox 896 2377 1073 2432; x_wconf 86' lang='lat' dir='ltr'><strong>opera</strong></span> <span class='ocrx_word' id='word_1_268' title='bbox 1103 2377 1236 2416; x_wconf 89' lang='lat' dir='ltr'><strong>mea</strong></span> <span class='ocrx_word' id='word_1_269' title='bbox 1283 2360 1542 2416; x_wconf 87' lang='lat' dir='ltr'><strong>dividam</strong></span> <span class='ocrx_word' id='word_1_270' title='bbox 1587 2361 1810 2418; x_wconf 86' lang='lat' dir='ltr'><strong>sanctis</strong></span> <span class='ocrx_word' id='word_1_271' title='bbox 1860 2361 2026 2418; x_wconf 88' lang='lat' dir='ltr'><strong>meis.</strong></span> <span class='ocrx_word' id='word_1_272' title='bbox 2055 2361 2098 2418; x_wconf 92' lang='lat' dir='ltr'><strong>C</strong></span> 
     </span>
    </p>
   </div>
   <div class='ocr_carea' id='block_1_40' title="bbox 438 2447 2100 2522">
    <p class='ocr_par' dir='ltr' id='par_1_40' title="bbox 438 2447 2100 2522">
     <span class='ocr_line' id='line_1_40' title="bbox 438 2447 2100 2522; baseline 0.001 -18"><span class='ocrx_word' id='word_1_273' title='bbox 438 2447 563 2517; x_wconf 89' lang='lat' dir='ltr'><strong>Vel,</strong></span> <span class='ocrx_word' id='word_1_274' title='bbox 584 2454 716 2522; x_wconf 90' lang='lat' dir='ltr'><strong>post</strong></span> <span class='ocrx_word' id='word_1_275' title='bbox 735 2449 1224 2506; x_wconf 87' lang='lat' dir='ltr'><strong>resurrectionem</strong></span> <span class='ocrx_word' id='word_1_276' title='bbox 1251 2466 1419 2505; x_wconf 88' lang='lat' dir='ltr'><strong>suam</strong></span> <span class='ocrx_word' id='word_1_277' title='bbox 1441 2449 1774 2506; x_wconf 60' lang='lat' dir='ltr'><strong>laetaturum</strong></span> <span class='ocrx_word' id='word_1_278' title='bbox 1797 2467 1860 2506; x_wconf 90' lang='lat' dir='ltr'><strong>se</strong></span> <span class='ocrx_word' id='word_1_279' title='bbox 1882 2454 1940 2506; x_wconf 90' lang='lat' dir='ltr'><strong>et</strong></span> <span class='ocrx_word' id='word_1_280' title='bbox 1956 2449 2100 2506; x_wconf 85' lang='lat' dir='ltr'><strong>divi-</strong></span> 
     </span>
    </p>
   </div>
   <div class='ocr_carea' id='block_1_41' title="bbox 439 2537 2102 2611">
    <p class='ocr_par' dir='ltr' id='par_1_41' title="bbox 439 2537 2102 2611">
     <span class='ocr_line' id='line_1_41' title="bbox 439 2537 2102 2611; baseline -0.001 -16"><span class='ocrx_word' id='word_1_281' title='bbox 439 2555 646 2595; x_wconf 89' lang='lat' dir='ltr'><strong>surum</strong></span> <span class='ocrx_word' id='word_1_282' title='bbox 677 2537 822 2594; x_wconf 89' lang='lat' dir='ltr'><strong>dicit</strong></span> <span class='ocrx_word' id='word_1_283' title='bbox 851 2554 1048 2610; x_wconf 87' lang='lat' dir='ltr'><strong>opera,</strong></span> <span class='ocrx_word' id='word_1_284' title='bbox 1087 2537 1145 2594; x_wconf 92' lang='lat' dir='ltr'><strong>id</strong></span> <span class='ocrx_word' id='word_1_285' title='bbox 1175 2543 1283 2600; x_wconf 83' lang='lat' dir='ltr'><strong>est.</strong></span> <span class='ocrx_word' id='word_1_286' title='bbox 1316 2537 1535 2610; x_wconf 86' lang='lat' dir='ltr'><strong>gratias</strong></span> <span class='ocrx_word' id='word_1_287' title='bbox 1567 2555 1708 2594; x_wconf 92' lang='lat' dir='ltr'><strong>suas</strong></span> <span class='ocrx_word' id='word_1_288' title='bbox 1739 2537 2018 2611; x_wconf 87' lang='lat' dir='ltr'><strong>apostolis</strong></span> <span class='ocrx_word' id='word_1_289' title='bbox 2045 2543 2102 2594; x_wconf 92' lang='lat' dir='ltr'><strong>et</strong></span> 
     </span>
    </p>
   </div>
   <div class='ocr_carea' id='block_1_42' title="bbox 441 2626 2099 2701">
    <p class='ocr_par' dir='ltr' id='par_1_42' title="bbox 441 2626 2099 2701">
     <span class='ocr_line' id='line_1_42' title="bbox 441 2626 2099 2701; baseline 0 -17"><span class='ocrx_word' id='word_1_290' title='bbox 441 2626 823 2684; x_wconf 84' lang='lat' dir='ltr'><strong>ﬁdelibus.Et</strong></span> <span class='ocrx_word' id='word_1_291' title='bbox 849 2626 1366 2696; x_wconf 88' lang='lat' dir='ltr'><strong>addit,convallem</strong></span> <span class='ocrx_word' id='word_1_292' title='bbox 1399 2627 2099 2701; x_wconf 88' lang='lat' dir='ltr'><strong>tabernaculorum,quod</strong></span> 
     </span>
    </p>
   </div>
   <div class='ocr_carea' id='block_1_43' title="bbox 443 2714 2100 2790">
    <p class='ocr_par' dir='ltr' id='par_1_43' title="bbox 443 2714 2100 2790">
     <span class='ocr_line' id='line_1_43' title="bbox 443 2714 2100 2790; baseline -0.001 -16"><span class='ocrx_word' id='word_1_293' title='bbox 443 2715 740 2790; x_wconf 84' lang='lat' dir='ltr'><strong>signiﬁcat</strong></span> <span class='ocrx_word' id='word_1_294' title='bbox 768 2714 1162 2772; x_wconf 87' lang='lat' dir='ltr'><strong>humilitatem</strong></span> <span class='ocrx_word' id='word_1_295' title='bbox 1195 2715 1601 2772; x_wconf 83' lang='lat' dir='ltr'><strong>ecclesiarum.</strong></span> <span class='ocrx_word' id='word_1_296' title='bbox 1637 2717 1795 2772; x_wconf 82' lang='lat' dir='ltr'><strong>Hanc</strong></span> <span class='ocrx_word' id='word_1_297' title='bbox 1826 2733 1961 2790; x_wconf 85' lang='lat' dir='ltr'><strong>ergo</strong></span> <span class='ocrx_word' id='word_1_298' title='bbox 1991 2717 2100 2772; x_wconf 90' lang='lat' dir='ltr'><strong>hu-</strong></span> 
     </span>
    </p>
   </div>
   <div class='ocr_carea' id='block_1_44' title="bbox 444 2804 2102 2878">
    <p class='ocr_par' dir='ltr' id='par_1_44' title="bbox 444 2804 2102 2878">
     <span class='ocr_line' id='line_1_44' title="bbox 444 2804 2102 2878; baseline 0.001 -18"><span class='ocrx_word' id='word_1_299' title='bbox 444 2805 754 2862; x_wconf 89' lang='lat' dir='ltr'><strong>militatem</strong></span> <span class='ocrx_word' id='word_1_300' title='bbox 787 2804 1029 2860; x_wconf 89' lang='lat' dir='ltr'><strong>metitus</strong></span> <span class='ocrx_word' id='word_1_301' title='bbox 1059 2807 1150 2860; x_wconf 90' lang='lat' dir='ltr'><strong>est</strong></span> <span class='ocrx_word' id='word_1_302' title='bbox 1179 2805 1488 2872; x_wconf 88' lang='lat' dir='ltr'><strong>Dominus,</strong></span> <span class='ocrx_word' id='word_1_303' title='bbox 1515 2805 1753 2877; x_wconf 91' lang='lat' dir='ltr'><strong>quando</strong></span> <span class='ocrx_word' id='word_1_304' title='bbox 1785 2805 2102 2878; x_wconf 89' lang='lat' dir='ltr'><strong>unicuique</strong></span> 
     </span>
    </p>
   </div>
   <div class='ocr_carea' id='block_1_45' title="bbox 444 2892 1708 2972">
    <p class='ocr_par' dir='ltr' id='par_1_45' title="bbox 444 2892 1708 2972">
     <span class='ocr_line' id='line_1_45' title="bbox 444 2892 1708 2972; baseline -0.002 -20"><span class='ocrx_word' id='word_1_305' title='bbox 444 2892 732 2972; x_wconf 80' lang='lat' dir='ltr'><strong>fidelium,</strong></span> <span class='ocrx_word' id='word_1_306' title='bbox 764 2897 940 2967; x_wconf 87' lang='lat' dir='ltr'><strong>prout</strong></span> <span class='ocrx_word' id='word_1_307' title='bbox 968 2892 1172 2966; x_wconf 91' lang='lat' dir='ltr'><strong>voluit,</strong></span> <span class='ocrx_word' id='word_1_308' title='bbox 1203 2894 1358 2950; x_wconf 91' lang='lat' dir='ltr'><strong>dona</strong></span> <span class='ocrx_word' id='word_1_309' title='bbox 1387 2893 1708 2950; x_wconf 89' lang='lat' dir='ltr'><strong>distribuit.</strong></span> 
     </span>
    </p>
   </div>
   <div class='ocr_carea' id='block_1_46' title="bbox 447 3000 1776 3072">
    <p class='ocr_par' dir='ltr' id='par_1_46' title="bbox 447 3000 1776 3072">
     <span class='ocr_line' id='line_1_46' title="bbox 447 3000 1776 3072; baseline 0.003 -18"><span class='ocrx_word' id='word_1_310' title='bbox 447 3002 482 3054; x_wconf 93' lang='lat'>8</span> <span class='ocrx_word' id='word_1_311' title='bbox 525 3068 528 3072; x_wconf 25' lang='grc' dir='ltr'>ι</span> <span class='ocrx_word' id='word_1_312' title='bbox 590 3005 748 3062; x_wconf 81' lang='lat' dir='ltr'><strong>Meus</strong></span> <span class='ocrx_word' id='word_1_313' title='bbox 773 3007 854 3058; x_wconf 87' lang='lat' dir='ltr'><strong>est</strong></span> <span class='ocrx_word' id='word_1_314' title='bbox 877 3000 1089 3058; x_wconf 85' lang='lat' dir='ltr'><strong>Galaad</strong></span> <span class='ocrx_word' id='word_1_315' title='bbox 1117 3009 1170 3058; x_wconf 90' lang='lat' dir='ltr'><strong>et</strong></span> <span class='ocrx_word' id='word_1_316' title='bbox 1192 3017 1346 3057; x_wconf 87' lang='lat' dir='ltr'><strong>meus</strong></span> <span class='ocrx_word' id='word_1_317' title='bbox 1371 3009 1450 3058; x_wconf 88' lang='lat' dir='ltr'><strong>est</strong></span> <span class='ocrx_word' id='word_1_318' title='bbox 1467 3003 1734 3057; x_wconf 78' lang='lat' dir='ltr'><strong>Manasses</strong></span> <span class='ocrx_word' id='word_1_319' title='bbox 1763 3019 1776 3058; x_wconf 91' lang='lat'><strong>:</strong></span> 
     </span>
    </p>
   </div>
   <div class='ocr_carea' id='block_1_47' title="bbox 589 3089 1627 3164">
    <p class='ocr_par' dir='ltr' id='par_1_47' title="bbox 589 3089 1627 3164">
     <span class='ocr_line' id='line_1_47' title="bbox 589 3089 1627 3164; baseline 0 -18"><span class='ocrx_word' id='word_1_320' title='bbox 589 3091 654 3148; x_wconf 83' lang='lat' dir='ltr'><strong>Et</strong></span> <span class='ocrx_word' id='word_1_321' title='bbox 681 3089 952 3164; x_wconf 83' lang='lat' dir='ltr'><strong>Ephraim</strong></span> <span class='ocrx_word' id='word_1_322' title='bbox 977 3093 1245 3164; x_wconf 71' lang='lat' dir='ltr'><strong>susceptio</strong></span> <span class='ocrx_word' id='word_1_323' title='bbox 1272 3091 1472 3163; x_wconf 85' lang='lat' dir='ltr'><strong>capitis</strong></span> <span class='ocrx_word' id='word_1_324' title='bbox 1498 3091 1627 3146; x_wconf 87' lang='lat' dir='ltr'><strong>mei.</strong></span> 
     </span>
    </p>
   </div>
   <div class='ocr_carea' id='block_1_48' title="bbox 2205 1875 3871 1957">
    <p class='ocr_par' dir='ltr' id='par_1_48' title="bbox 2205 1875 3871 1957">
     <span class='ocr_line' id='line_1_48' title="bbox 2205 1875 3871 1957; baseline 0.001 -25"><span class='ocrx_word' id='word_1_325' title='bbox 2205 1875 2514 1950; x_wconf 82' lang='lat' dir='ltr'><strong>Repulisti,</strong></span> <span class='ocrx_word' id='word_1_326' title='bbox 2549 1880 2726 1949; x_wconf 75' lang='lat' dir='ltr'><strong>caput</strong></span> <span class='ocrx_word' id='word_1_327' title='bbox 2753 1892 2888 1934; x_wconf 89' lang='lat' dir='ltr'><strong>cum</strong></span> <span class='ocrx_word' id='word_1_328' title='bbox 2914 1876 3202 1957; x_wconf 61' lang='lat' dir='ltr'><strong>membgis</strong></span> <span class='ocrx_word' id='word_1_329' title='bbox 3229 1875 3585 1950; x_wconf 90' lang='lat' dir='ltr'><strong>loquitur,id</strong></span> <span class='ocrx_word' id='word_1_330' title='bbox 3633 1881 3724 1934; x_wconf 90' lang='lat' dir='ltr'><strong>est</strong></span> <span class='ocrx_word' id='word_1_331' title='bbox 3759 1876 3871 1934; x_wconf 87' lang='lat' dir='ltr'><strong>dis-</strong></span> 
     </span>
    </p>
   </div>
   <div class='ocr_carea' id='block_1_49' title="bbox 2205 1964 3873 2040">
    <p class='ocr_par' dir='ltr' id='par_1_49' title="bbox 2205 1964 3873 2040">
     <span class='ocr_line' id='line_1_49' title="bbox 2205 1964 3873 2040; baseline 0.001 -19"><span class='ocrx_word' id='word_1_332' title='bbox 2205 1966 2402 2032; x_wconf 86' lang='lat' dir='ltr'><strong>tulisti,</strong></span> <span class='ocrx_word' id='word_1_333' title='bbox 2434 1966 2573 2038; x_wconf 90' lang='lat' dir='ltr'><strong>quia</strong></span> <span class='ocrx_word' id='word_1_334' title='bbox 2602 1969 2661 2023; x_wconf 89' lang='lat' dir='ltr'><strong>et</strong></span> <span class='ocrx_word' id='word_1_335' title='bbox 2701 1965 2896 2038; x_wconf 90' lang='lat' dir='ltr'><strong>ipsum</strong></span> <span class='ocrx_word' id='word_1_336' title='bbox 2944 1965 3243 2021; x_wconf 87' lang='lat' dir='ltr'><strong>Christum</strong></span> <span class='ocrx_word' id='word_1_337' title='bbox 3275 1965 3348 2024; x_wconf 91' lang='lat' dir='ltr'><strong>ad</strong></span> <span class='ocrx_word' id='word_1_338' title='bbox 3378 1964 3873 2040; x_wconf 80' lang='lat' dir='ltr'><strong>gloriﬁcationem</strong></span> 
     </span>
    </p>
   </div>
   <div class='ocr_carea' id='block_1_50' title="bbox 2206 2053 3874 2123">
    <p class='ocr_par' dir='ltr' id='par_1_50' title="bbox 2206 2053 3874 2123">
     <span class='ocr_line' id='line_1_50' title="bbox 2206 2053 3874 2123; baseline 0.001 -11"><span class='ocrx_word' id='word_1_339' title='bbox 2206 2067 2376 2112; x_wconf 89' lang='lat' dir='ltr'><strong>suam</strong></span> <span class='ocrx_word' id='word_1_340' title='bbox 2403 2058 2634 2112; x_wconf 88' lang='lat' dir='ltr'><strong>constat</strong></span> <span class='ocrx_word' id='word_1_341' title='bbox 2659 2071 2788 2112; x_wconf 87' lang='lat' dir='ltr'><strong>esse</strong></span> <span class='ocrx_word' id='word_1_342' title='bbox 2816 2053 3088 2123; x_wconf 89' lang='lat' dir='ltr'><strong>dilatum,</strong></span> <span class='ocrx_word' id='word_1_343' title='bbox 3124 2072 3258 2112; x_wconf 90' lang='lat' dir='ltr'><strong>cum</strong></span> <span class='ocrx_word' id='word_1_344' title='bbox 3289 2054 3348 2110; x_wconf 90' lang='lat' dir='ltr'><strong>in</strong></span> <span class='ocrx_word' id='word_1_345' title='bbox 3381 2055 3490 2111; x_wconf 89' lang='lat' dir='ltr'><strong>hac</strong></span> <span class='ocrx_word' id='word_1_346' title='bbox 3519 2056 3641 2112; x_wconf 90' lang='lat' dir='ltr'><strong>vita</strong></span> <span class='ocrx_word' id='word_1_347' title='bbox 3665 2056 3874 2112; x_wconf 89' lang='lat' dir='ltr'><strong>demo-</strong></span> 
     </span>
    </p>
   </div>
   <div class='ocr_carea' id='block_1_51' title="bbox 2207 2142 3871 2219">
    <p class='ocr_par' dir='ltr' id='par_1_51' title="bbox 2207 2142 3871 2219">
     <span class='ocr_line' id='line_1_51' title="bbox 2207 2142 3871 2219; baseline 0.002 -21"><span class='ocrx_word' id='word_1_348' title='bbox 2207 2148 2454 2200; x_wconf 88' lang='lat' dir='ltr'><strong>raretur.</strong></span> <span class='ocrx_word' id='word_1_349' title='bbox 2483 2143 2549 2200; x_wconf 90' lang='lat' dir='ltr'><strong>Et</strong></span> <span class='ocrx_word' id='word_1_350' title='bbox 2579 2162 2696 2201; x_wconf 92' lang='lat' dir='ltr'><strong>non</strong></span> <span class='ocrx_word' id='word_1_351' title='bbox 2727 2142 3064 2218; x_wconf 83' lang='lat' dir='ltr'><strong>egredieris,</strong></span> <span class='ocrx_word' id='word_1_352' title='bbox 3095 2148 3330 2218; x_wconf 89' lang='lat' dir='ltr'><strong>tempus</strong></span> <span class='ocrx_word' id='word_1_353' title='bbox 3358 2143 3504 2200; x_wconf 92' lang='lat' dir='ltr'><strong>illud</strong></span> <span class='ocrx_word' id='word_1_354' title='bbox 3549 2143 3871 2219; x_wconf 83' lang='lat' dir='ltr'><strong>signiﬁcat,</strong></span> 
     </span>
    </p>
   </div>
   <div class='ocr_carea' id='block_1_52' title="bbox 2208 2231 3872 2305">
    <p class='ocr_par' dir='ltr' id='par_1_52' title="bbox 2208 2231 3872 2305">
     <span class='ocr_line' id='line_1_52' title="bbox 2208 2231 3872 2305; baseline 0 -17"><span class='ocrx_word' id='word_1_355' title='bbox 2208 2233 2442 2305; x_wconf 89' lang='lat' dir='ltr'><strong>quando</strong></span> <span class='ocrx_word' id='word_1_356' title='bbox 2475 2236 2674 2289; x_wconf 90' lang='lat' dir='ltr'><strong>tentus</strong></span> <span class='ocrx_word' id='word_1_357' title='bbox 2703 2249 2738 2288; x_wconf 90' lang='lat' dir='ltr'><strong>a</strong></span> <span class='ocrx_word' id='word_1_358' title='bbox 2765 2231 3198 2305; x_wconf 83' lang='lat' dir='ltr'><strong>Judaeis,sputa</strong></span> <span class='ocrx_word' id='word_1_359' title='bbox 3218 2235 3276 2289; x_wconf 90' lang='lat' dir='ltr'><strong>et</strong></span> <span class='ocrx_word' id='word_1_360' title='bbox 3304 2231 3536 2305; x_wconf 83' lang='lat' dir='ltr'><strong>ﬂagella</strong></span> <span class='ocrx_word' id='word_1_361' title='bbox 3557 2231 3872 2288; x_wconf 87' lang='lat' dir='ltr'><strong>sustinuit.</strong></span> 
     </span>
    </p>
   </div>
   <div class='ocr_carea' id='block_1_53' title="bbox 2206 2320 3872 2394">
    <p class='ocr_par' dir='ltr' id='par_1_53' title="bbox 2206 2320 3872 2394">
     <span class='ocr_line' id='line_1_53' title="bbox 2206 2320 3872 2394; baseline 0.001 -18"><span class='ocrx_word' id='word_1_362' title='bbox 2206 2322 2370 2378; x_wconf 90' lang='lat' dir='ltr'><strong>Tunc</strong></span> <span class='ocrx_word' id='word_1_363' title='bbox 2402 2320 2560 2378; x_wconf 90' lang='lat' dir='ltr'><strong>enim</strong></span> <span class='ocrx_word' id='word_1_364' title='bbox 2590 2323 2638 2378; x_wconf 93' lang='lat' dir='ltr'><strong>si</strong></span> <span class='ocrx_word' id='word_1_365' title='bbox 2670 2321 2956 2378; x_wconf 90' lang='lat' dir='ltr'><strong>voluisset</strong></span> <span class='ocrx_word' id='word_1_366' title='bbox 2985 2321 3263 2379; x_wconf 87' lang='lat' dir='ltr'><strong>divinitas</strong></span> <span class='ocrx_word' id='word_1_367' title='bbox 3292 2321 3393 2378; x_wconf 89' lang='lat' dir='ltr'><strong>illa</strong></span> <span class='ocrx_word' id='word_1_368' title='bbox 3421 2320 3872 2394; x_wconf 88' lang='lat' dir='ltr'><strong>repulisset,sed</strong></span> 
     </span>
    </p>
   </div>
   <div class='ocr_carea' id='block_1_54' title="bbox 2209 2410 3873 2485">
    <p class='ocr_par' dir='ltr' id='par_1_54' title="bbox 2209 2410 3873 2485">
     <span class='ocr_line' id='line_1_54' title="bbox 2209 2410 3873 2485; baseline 0.001 -19"><span class='ocrx_word' id='word_1_369' title='bbox 2209 2410 2444 2467; x_wconf 89' lang='lat' dir='ltr'><strong>distulit</strong></span> <span class='ocrx_word' id='word_1_370' title='bbox 2469 2411 2822 2468; x_wconf 89' lang='lat' dir='ltr'><strong>miraculum</strong></span> <span class='ocrx_word' id='word_1_371' title='bbox 2853 2411 3183 2480; x_wconf 88' lang='lat' dir='ltr'><strong>ostendere,</strong></span> <span class='ocrx_word' id='word_1_372' title='bbox 3202 2416 3268 2467; x_wconf 88' lang='lat' dir='ltr'><strong>ut</strong></span> <span class='ocrx_word' id='word_1_373' title='bbox 3296 2410 3562 2468; x_wconf 88' lang='lat' dir='ltr'><strong>ordinem</strong></span> <span class='ocrx_word' id='word_1_374' title='bbox 3595 2411 3873 2485; x_wconf 75' lang='lat' dir='ltr'><strong>proficus:</strong></span> 
     </span>
    </p>
   </div>
   <div class='ocr_carea' id='block_1_55' title="bbox 2210 2499 2824 2574">
    <p class='ocr_par' dir='ltr' id='par_1_55' title="bbox 2210 2499 2824 2574">
     <span class='ocr_line' id='line_1_55' title="bbox 2210 2499 2824 2574; baseline -0.002 -17"><span class='ocrx_word' id='word_1_375' title='bbox 2210 2500 2506 2574; x_wconf 89' lang='lat' dir='ltr'><strong>passionis</strong></span> <span class='ocrx_word' id='word_1_376' title='bbox 2535 2499 2824 2574; x_wconf 88' lang='lat' dir='ltr'><strong>impleret.</strong></span> 
     </span>
    </p>
   </div>
   <div class='ocr_carea' id='block_1_56' title="bbox 2211 2589 3474 2648">
    <p class='ocr_par' dir='ltr' id='par_1_56' title="bbox 2211 2589 3474 2648">
     <span class='ocr_line' id='line_1_56' title="bbox 2211 2589 3474 2648; baseline 0.002 -3"><span class='ocrx_word' id='word_1_377' title='bbox 2211 2591 2278 2645; x_wconf 88' lang='grc'><strong>13</strong></span> <span class='ocrx_word' id='word_1_378' title='bbox 2356 2595 2438 2646; x_wconf 87' lang='lat' dir='ltr'><strong>Da</strong></span> <span class='ocrx_word' id='word_1_379' title='bbox 2466 2590 2624 2646; x_wconf 88' lang='lat' dir='ltr'><strong>nobis</strong></span> <span class='ocrx_word' id='word_1_380' title='bbox 2654 2589 2934 2646; x_wconf 71' lang='lat' dir='ltr'><strong>auxilium</strong></span> <span class='ocrx_word' id='word_1_381' title='bbox 2967 2589 3032 2646; x_wconf 82' lang='lat' dir='ltr'><strong>de</strong></span> <span class='ocrx_word' id='word_1_382' title='bbox 3067 2590 3426 2648; x_wconf 73' lang='lat' dir='ltr'><strong>tribulatione</strong></span> <span class='ocrx_word' id='word_1_383' title='bbox 3455 2609 3474 2647; x_wconf 92' lang='lat'><em>:</em></span> 
     </span>
    </p>
   </div>
   <div class='ocr_carea' id='block_1_57' title="bbox 2356 2679 3280 2748">
    <p class='ocr_par' dir='ltr' id='par_1_57' title="bbox 2356 2679 3280 2748">
     <span class='ocr_line' id='line_1_57' title="bbox 2356 2679 3280 2748; baseline 0.004 -14"><span class='ocrx_word' id='word_1_384' title='bbox 2356 2680 2494 2748; x_wconf 85' lang='lat' dir='ltr'><strong>Quia</strong></span> <span class='ocrx_word' id='word_1_385' title='bbox 2525 2696 2670 2735; x_wconf 85' lang='lat' dir='ltr'><strong>vana</strong></span> <span class='ocrx_word' id='word_1_386' title='bbox 2698 2679 2850 2736; x_wconf 83' lang='lat' dir='ltr'><strong>salus</strong></span> <span class='ocrx_word' id='word_1_387' title='bbox 2877 2680 3139 2737; x_wconf 82' lang='lat' dir='ltr'><strong>hominis.</strong></span> <span class='ocrx_word' id='word_1_388' title='bbox 3273 2732 3280 2738; x_wconf 95' lang='lat'><strong>.</strong></span> 
     </span>
    </p>
   </div>
   <div class='ocr_carea' id='block_1_58' title="bbox 2281 2767 3876 2842">
    <p class='ocr_par' dir='ltr' id='par_1_58' title="bbox 2281 2767 3876 2842">
     <span class='ocr_line' id='line_1_58' title="bbox 2281 2767 3876 2842; baseline 0.001 -18"><span class='ocrx_word' id='word_1_389' title='bbox 2281 2773 2321 2824; x_wconf 89' lang='lat' dir='ltr'><strong>C</strong></span> <span class='ocrx_word' id='word_1_390' title='bbox 2350 2768 2434 2826; x_wconf 91' lang='lat' dir='ltr'><strong>Da</strong></span> <span class='ocrx_word' id='word_1_391' title='bbox 2457 2768 2628 2826; x_wconf 90' lang='lat' dir='ltr'><strong>nobis</strong></span> <span class='ocrx_word' id='word_1_392' title='bbox 2658 2767 2967 2842; x_wconf 84' lang='lat' dir='ltr'><strong>auxilium,</strong></span> <span class='ocrx_word' id='word_1_393' title='bbox 2993 2768 3338 2826; x_wconf 86' lang='lat' dir='ltr'><strong>humanitas</strong></span> <span class='ocrx_word' id='word_1_394' title='bbox 3369 2768 3586 2826; x_wconf 88' lang='lat' dir='ltr'><strong>Christi</strong></span> <span class='ocrx_word' id='word_1_395' title='bbox 3620 2768 3715 2826; x_wconf 91' lang='lat' dir='ltr'><strong>hic</strong></span> <span class='ocrx_word' id='word_1_396' title='bbox 3752 2769 3876 2826; x_wconf 88' lang='lat' dir='ltr'><strong>cla-</strong></span> 
     </span>
    </p>
   </div>
   <div class='ocr_carea' id='block_1_59' title="bbox 2211 2857 3878 2933">
    <p class='ocr_par' dir='ltr' id='par_1_59' title="bbox 2211 2857 3878 2933">
     <span class='ocr_line' id='line_1_59' title="bbox 2211 2857 3878 2933; baseline 0.002 -21"><span class='ocrx_word' id='word_1_397' title='bbox 2211 2862 2335 2914; x_wconf 88' lang='lat' dir='ltr'><strong>mat</strong></span> <span class='ocrx_word' id='word_1_398' title='bbox 2355 2874 2491 2914; x_wconf 90' lang='lat' dir='ltr'><strong>cum</strong></span> <span class='ocrx_word' id='word_1_399' title='bbox 2515 2857 2798 2916; x_wconf 90' lang='lat' dir='ltr'><strong>membris</strong></span> <span class='ocrx_word' id='word_1_400' title='bbox 2815 2857 2964 2926; x_wconf 88' lang='lat' dir='ltr'><strong>suis,</strong></span> <span class='ocrx_word' id='word_1_401' title='bbox 2979 2863 3269 2932; x_wconf 89' lang='lat' dir='ltr'><strong>quatenus</strong></span> <span class='ocrx_word' id='word_1_402' title='bbox 3287 2859 3527 2915; x_wconf 88' lang='lat' dir='ltr'><strong>tandem</strong></span> <span class='ocrx_word' id='word_1_403' title='bbox 3555 2857 3878 2933; x_wconf 80' lang='lat' dir='ltr'><strong>aliquando</strong></span> 
     </span>
    </p>
   </div>
   <div class='ocr_carea' id='block_1_60' title="bbox 2211 2946 3879 3022">
    <p class='ocr_par' dir='ltr' id='par_1_60' title="bbox 2211 2946 3879 3022">
     <span class='ocr_line' id='line_1_60' title="bbox 2211 2946 3879 3022; baseline 0.002 -20"><span class='ocrx_word' id='word_1_404' title='bbox 2211 2951 2532 3020; x_wconf 81' lang='lat' dir='ltr'><strong>tempestas</strong></span> <span class='ocrx_word' id='word_1_405' title='bbox 2553 2946 2734 3019; x_wconf 88' lang='lat' dir='ltr'><strong>hujus</strong></span> <span class='ocrx_word' id='word_1_406' title='bbox 2763 2946 2958 3004; x_wconf 82' lang='lat' dir='ltr'><strong>saeculi</strong></span> <span class='ocrx_word' id='word_1_407' title='bbox 2993 2947 3385 3022; x_wconf 88' lang='lat' dir='ltr'><strong>conquiescat.</strong></span> <span class='ocrx_word' id='word_1_408' title='bbox 3418 2947 3568 3014; x_wconf 88' lang='lat' dir='ltr'><strong>Quia</strong></span> <span class='ocrx_word' id='word_1_409' title='bbox 3593 2965 3756 3004; x_wconf 83' lang='lat' dir='ltr'><strong>vana</strong></span> <span class='ocrx_word' id='word_1_410' title='bbox 3785 2966 3879 3006; x_wconf 86' lang='lat' dir='ltr'><strong>sa-</strong></span> 
     </span>
    </p>
   </div>
   <div class='ocr_carea' id='block_1_61' title="bbox 2209 3035 3878 3111">
    <p class='ocr_par' dir='ltr' id='par_1_61' title="bbox 2209 3035 3878 3111">
     <span class='ocr_line' id='line_1_61' title="bbox 2209 3035 3878 3111; baseline 0.001 -18"><span class='ocrx_word' id='word_1_411' title='bbox 2209 3035 2304 3093; x_wconf 92' lang='lat' dir='ltr'><strong>lus</strong></span> <span class='ocrx_word' id='word_1_412' title='bbox 2334 3035 2612 3102; x_wconf 87' lang='lat' dir='ltr'><strong>hominis,</strong></span> <span class='ocrx_word' id='word_1_413' title='bbox 2645 3035 2704 3091; x_wconf 91' lang='lat' dir='ltr'><strong>id</strong></span> <span class='ocrx_word' id='word_1_414' title='bbox 2734 3041 2846 3106; x_wconf 89' lang='lat' dir='ltr'><strong>est,</strong></span> <span class='ocrx_word' id='word_1_415' title='bbox 2876 3037 2924 3093; x_wconf 89' lang='lat' dir='ltr'>H</span> <span class='ocrx_word' id='word_1_416' title='bbox 2957 3036 3303 3094; x_wconf 86' lang='lat' dir='ltr'><strong>maledictus</strong></span> <span class='ocrx_word' id='word_1_417' title='bbox 3350 3036 3530 3093; x_wconf 87' lang='lat' dir='ltr'><strong>homo</strong></span> <span class='ocrx_word' id='word_1_418' title='bbox 3569 3037 3672 3110; x_wconf 90' lang='lat' dir='ltr'><strong>qui</strong></span> <span class='ocrx_word' id='word_1_419' title='bbox 3703 3053 3878 3111; x_wconf 87' lang='lat' dir='ltr'><strong>spem</strong></span> 
     </span>
    </p>
   </div>
   <div class='ocr_carea' id='block_1_62' title="bbox 2211 3124 3882 3199">
    <p class='ocr_par' dir='ltr' id='par_1_62' title="bbox 2211 3124 3882 3199">
     <span class='ocr_line' id='line_1_62' title="bbox 2211 3124 3882 3199; baseline 0.001 -16"><span class='ocrx_word' id='word_1_420' title='bbox 2211 3141 2380 3183; x_wconf 89' lang='lat' dir='ltr'><strong>suam</strong></span> <span class='ocrx_word' id='word_1_421' title='bbox 2414 3124 2576 3198; x_wconf 88' lang='lat' dir='ltr'><strong>ponit</strong></span> <span class='ocrx_word' id='word_1_422' title='bbox 2597 3125 2656 3180; x_wconf 88' lang='lat' dir='ltr'><strong>in</strong></span> <span class='ocrx_word' id='word_1_423' title='bbox 2687 3124 2987 3183; x_wconf 87' lang='lat' dir='ltr'><strong>hominem</strong></span> <span class='ocrx_word' id='word_1_424' title='bbox 3017 3127 3154 3196; x_wconf 81' lang='lat' dir='ltr'><strong>(Jer.</strong></span> <span class='ocrx_word' id='word_1_425' title='bbox 3188 3130 3344 3198; x_wconf 78' lang='lat' dir='ltr'><strong>xvu),</strong></span> <span class='ocrx_word' id='word_1_426' title='bbox 3377 3125 3520 3199; x_wconf 91' lang='lat' dir='ltr'><strong>quia</strong></span> <span class='ocrx_word' id='word_1_427' title='bbox 3549 3143 3667 3184; x_wconf 89' lang='lat' dir='ltr'><strong>non</strong></span> <span class='ocrx_word' id='word_1_428' title='bbox 3698 3126 3882 3184; x_wconf 84' lang='lat' dir='ltr'><strong>babe-</strong></span> 
     </span>
    </p>
   </div>
   <div class='ocr_carea' id='block_1_63' title="bbox 514 3174 2943 3287">
    <p class='ocr_par' dir='ltr' id='par_1_63' title="bbox 514 3174 2943 3287">
     <span class='ocr_line' id='line_1_63' title="bbox 514 3174 2943 3287; baseline 0.005 -50"><span class='ocrx_word' id='word_1_429' title='bbox 514 3179 557 3237; x_wconf 90' lang='lat' dir='ltr'><strong>C</strong></span> <span class='ocrx_word' id='word_1_430' title='bbox 583 3179 826 3249; x_wconf 87' lang='lat' dir='ltr'><strong>Galaad,</strong></span> <span class='ocrx_word' id='word_1_431' title='bbox 848 3177 1269 3287; x_wconf 64' lang='lat' dir='ltr'><strong>interpretatur</strong></span> <span class='ocrx_word' id='word_1_432' title='bbox 1294 3181 1858 3280; x_wconf 74' lang='lat' dir='ltr'><strong>transmigratio,qua</strong></span> <span class='ocrx_word' id='word_1_433' title='bbox 1875 3174 2099 3287; x_wconf 51' lang='lat' dir='ltr'><strong>:n&#39;igra-</strong></span> <span class='ocrx_word' id='word_1_434' title='bbox 2131 3199 2176 3268; x_wconf 68' lang='grc' dir='ltr'>ρ</span> 
     </span>
    </p>
   </div>
   <div class='ocr_carea' id='block_1_64' title="bbox 447 3267 2417 3361">
    <p class='ocr_par' dir='ltr' id='par_1_64' title="bbox 447 3267 2417 3361">
     <span class='ocr_line' id='line_1_64' title="bbox 447 3267 2417 3361; baseline 0 -37"><span class='ocrx_word' id='word_1_435' title='bbox 447 3268 613 3361; x_wconf 35' lang='lat' dir='ltr'><strong>tio-ne</strong></span> <span class='ocrx_word' id='word_1_436' title='bbox 635 3273 838 3361; x_wconf 77' lang='lat' dir='ltr'><strong>gentes</strong></span> <span class='ocrx_word' id='word_1_437' title='bbox 854 3267 1107 3361; x_wconf 85' lang='lat' dir='ltr'><strong>Domini</strong></span> <span class='ocrx_word' id='word_1_438' title='bbox 1122 3269 1423 3361; x_wconf 79' lang='lat' dir='ltr'><strong>vocatione</strong></span> <span class='ocrx_word' id='word_1_439' title='bbox 1445 3273 1808 3361; x_wconf 61' lang='lat' dir='ltr'><strong>compunctus</strong></span> <span class='ocrx_word' id='word_1_440' title='bbox 1831 3269 1901 3326; x_wconf 90' lang='lat' dir='ltr'><strong>ad</strong></span> <span class='ocrx_word' id='word_1_441' title='bbox 1918 3269 2102 3361; x_wconf 78' lang='lat' dir='ltr'><strong>Deum</strong></span> <span class='ocrx_word' id='word_1_442' title='bbox 2152 3267 2157 3268; x_wconf 14' lang='lat'><em>7</em></span> <span class='ocrx_word' id='word_1_443' title='bbox 2214 3267 2417 3361; x_wconf 51' lang='lat' dir='ltr'><strong>ﬁ“</strong></span> 
     </span>
    </p>
   </div>
   <div class='ocr_carea' id='block_1_65' title="bbox 442 3355 2102 3430">
    <p class='ocr_par' dir='ltr' id='par_1_65' title="bbox 442 3355 2102 3430">
     <span class='ocr_line' id='line_1_65' title="bbox 442 3355 2102 3430; baseline 0.002 -20"><span class='ocrx_word' id='word_1_444' title='bbox 442 3355 688 3412; x_wconf 84' lang='lat' dir='ltr'><strong>feliciter</strong></span> <span class='ocrx_word' id='word_1_445' title='bbox 711 3355 791 3411; x_wconf 92' lang='lat' dir='ltr'><strong>mi</strong></span> <span class='ocrx_word' id='word_1_446' title='bbox 801 3360 1136 3428; x_wconf 87' lang='lat' dir='ltr'><strong>graverunt.</strong></span> <span class='ocrx_word' id='word_1_447' title='bbox 1161 3357 1484 3422; x_wconf 90' lang='lat' dir='ltr'><strong>Manasses,</strong></span> <span class='ocrx_word' id='word_1_448' title='bbox 1517 3357 1754 3421; x_wconf 85' lang='lat' dir='ltr'><strong>oblivio;</strong></span> <span class='ocrx_word' id='word_1_449' title='bbox 1783 3373 1900 3430; x_wconf 92' lang='lat' dir='ltr'><strong>quo</strong></span> <span class='ocrx_word' id='word_1_450' title='bbox 1926 3357 2102 3414; x_wconf 90' lang='lat' dir='ltr'><strong>verbo</strong></span> 
     </span>
    </p>
   </div>
   <div class='ocr_carea' id='block_1_66' title="bbox 441 3441 2106 3517">
    <p class='ocr_par' dir='ltr' id='par_1_66' title="bbox 441 3441 2106 3517">
     <span class='ocr_line' id='line_1_66' title="bbox 441 3441 2106 3517; baseline 0.002 -19"><span class='ocrx_word' id='word_1_451' title='bbox 441 3441 740 3515; x_wconf 82' lang='lat' dir='ltr'><strong>significat</strong></span> <span class='ocrx_word' id='word_1_452' title='bbox 768 3443 1052 3516; x_wconf 92' lang='lat' dir='ltr'><strong>populum</strong></span> <span class='ocrx_word' id='word_1_453' title='bbox 1081 3444 1549 3517; x_wconf 63' lang='lat' dir='ltr'><strong>Judworum,qui</strong></span> <span class='ocrx_word' id='word_1_454' title='bbox 1577 3444 1798 3502; x_wconf 90' lang='lat' dir='ltr'><strong>oblitus</strong></span> <span class='ocrx_word' id='word_1_455' title='bbox 1822 3445 2106 3502; x_wconf 81' lang='lat' dir='ltr'><strong>beneﬁcia</strong></span> 
     </span>
    </p>
   </div>
   <div class='ocr_carea' id='block_1_67' title="bbox 441 3530 2102 3606">
    <p class='ocr_par' dir='ltr' id='par_1_67' title="bbox 441 3530 2102 3606">
     <span class='ocr_line' id='line_1_67' title="bbox 441 3530 2102 3606; baseline 0.002 -20"><span class='ocrx_word' id='word_1_456' title='bbox 441 3531 641 3586; x_wconf 82' lang='lat' dir='ltr'><strong>divina</strong></span> <span class='ocrx_word' id='word_1_457' title='bbox 671 3530 970 3588; x_wconf 89' lang='lat' dir='ltr'><strong>Christum</strong></span> <span class='ocrx_word' id='word_1_458' title='bbox 1005 3531 1316 3600; x_wconf 82' lang='lat' dir='ltr'><strong>cruciﬁxit,</strong></span> <span class='ocrx_word' id='word_1_459' title='bbox 1353 3533 1454 3606; x_wconf 89' lang='lat' dir='ltr'><strong>qui</strong></span> <span class='ocrx_word' id='word_1_460' title='bbox 1480 3538 1678 3591; x_wconf 88' lang='lat' dir='ltr'><strong>tamen</strong></span> <span class='ocrx_word' id='word_1_461' title='bbox 1717 3551 1824 3590; x_wconf 90' lang='lat' dir='ltr'><strong>sua</strong></span> <span class='ocrx_word' id='word_1_462' title='bbox 1853 3535 2102 3590; x_wconf 78' lang='lat' dir='ltr'><strong>misera-</strong></span> 
     </span>
    </p>
   </div>
   <div class='ocr_carea' id='block_1_68' title="bbox 442 3619 2104 3697">
    <p class='ocr_par' dir='ltr' id='par_1_68' title="bbox 442 3619 2104 3697">
     <span class='ocr_line' id='line_1_68' title="bbox 442 3619 2104 3697; baseline 0.004 -23"><span class='ocrx_word' id='word_1_463' title='bbox 442 3619 603 3676; x_wconf 89' lang='lat' dir='ltr'><strong>tione</strong></span> <span class='ocrx_word' id='word_1_464' title='bbox 631 3619 704 3676; x_wconf 89' lang='lat' dir='ltr'><strong>ad</strong></span> <span class='ocrx_word' id='word_1_465' title='bbox 731 3620 861 3691; x_wconf 88' lang='lat' dir='ltr'><strong>ejus</strong></span> <span class='ocrx_word' id='word_1_466' title='bbox 891 3619 1183 3678; x_wconf 82' lang='lat' dir='ltr'><strong>culturam</strong></span> <span class='ocrx_word' id='word_1_467' title='bbox 1216 3623 1512 3678; x_wconf 85' lang='lat' dir='ltr'><strong>remeavit.</strong></span> <span class='ocrx_word' id='word_1_468' title='bbox 1535 3624 1630 3680; x_wconf 91' lang='lat' dir='ltr'><strong>Sic</strong></span> <span class='ocrx_word' id='word_1_469' title='bbox 1654 3628 1975 3697; x_wconf 84' lang='lat' dir='ltr'><strong>utrumque</strong></span> <span class='ocrx_word' id='word_1_470' title='bbox 2004 3641 2104 3697; x_wconf 92' lang='lat' dir='ltr'><strong>po-</strong></span> 
     </span>
    </p>
   </div>
   <div class='ocr_carea' id='block_1_69' title="bbox 441 3707 2098 3784">
    <p class='ocr_par' dir='ltr' id='par_1_69' title="bbox 441 3707 2098 3784">
     <span class='ocr_line' id='line_1_69' title="bbox 441 3707 2098 3784; baseline 0.004 -20"><span class='ocrx_word' id='word_1_471' title='bbox 441 3707 668 3782; x_wconf 88' lang='lat' dir='ltr'><strong>pulum,</strong></span> <span class='ocrx_word' id='word_1_472' title='bbox 703 3709 1009 3766; x_wconf 91' lang='lat' dir='ltr'><strong>nominum</strong></span> <span class='ocrx_word' id='word_1_473' title='bbox 1040 3710 1287 3766; x_wconf 84' lang='lat' dir='ltr'><strong>istorum</strong></span> <span class='ocrx_word' id='word_1_474' title='bbox 1319 3713 1898 3784; x_wconf 90' lang='lat' dir='ltr'><strong>commemoratione,</strong></span> <span class='ocrx_word' id='word_1_475' title='bbox 1924 3729 2098 3772; x_wconf 88' lang='lat' dir='ltr'><strong>suum</strong></span> 
     </span>
    </p>
   </div>
   <div class='ocr_carea' id='block_1_70' title="bbox 439 3799 2101 3874">
    <p class='ocr_par' dir='ltr' id='par_1_70' title="bbox 439 3799 2101 3874">
     <span class='ocr_line' id='line_1_70' title="bbox 439 3799 2101 3874; baseline 0.002 -20"><span class='ocrx_word' id='word_1_476' title='bbox 439 3812 570 3854; x_wconf 90' lang='lat' dir='ltr'><strong>esse</strong></span> <span class='ocrx_word' id='word_1_477' title='bbox 603 3801 870 3855; x_wconf 89' lang='lat' dir='ltr'><strong>testatur.</strong></span> <span class='ocrx_word' id='word_1_478' title='bbox 904 3799 951 3854; x_wconf 90' lang='lat' dir='ltr'><strong>H</strong></span> <span class='ocrx_word' id='word_1_479' title='bbox 977 3803 1017 3854; x_wconf 90' lang='lat' dir='ltr'><strong>C</strong></span> <span class='ocrx_word' id='word_1_480' title='bbox 1066 3799 1341 3872; x_wconf 88' lang='lat' dir='ltr'><strong>Ephrem,</strong></span> <span class='ocrx_word' id='word_1_481' title='bbox 1373 3803 1724 3874; x_wconf 79' lang='lat' dir='ltr'><strong>fructiﬁcatio</strong></span> <span class='ocrx_word' id='word_1_482' title='bbox 1771 3801 2009 3869; x_wconf 90' lang='lat' dir='ltr'><strong>dicitur,</strong></span> <span class='ocrx_word' id='word_1_483' title='bbox 2043 3806 2101 3858; x_wconf 90' lang='lat' dir='ltr'><strong>et</strong></span> 
     </span>
    </p>
   </div>
   <div class='ocr_carea' id='block_1_71' title="bbox 439 3885 2099 3961">
    <p class='ocr_par' dir='ltr' id='par_1_71' title="bbox 439 3885 2099 3961">
     <span class='ocr_line' id='line_1_71' title="bbox 439 3885 2099 3961; baseline 0.002 -18"><span class='ocrx_word' id='word_1_484' title='bbox 439 3885 736 3960; x_wconf 81' lang='lat' dir='ltr'><strong>signiﬁcat</strong></span> <span class='ocrx_word' id='word_1_485' title='bbox 763 3887 1032 3961; x_wconf 77' lang='lat' dir='ltr'><strong>Spineam</strong></span> <span class='ocrx_word' id='word_1_486' title='bbox 1054 3905 1360 3959; x_wconf 88' lang='lat' dir='ltr'><strong>coronam;</strong></span> <span class='ocrx_word' id='word_1_487' title='bbox 1384 3889 1505 3946; x_wconf 56' lang='lat' dir='ltr'><strong>haec</strong></span> <span class='ocrx_word' id='word_1_488' title='bbox 1526 3890 1682 3946; x_wconf 90' lang='lat' dir='ltr'><strong>enim</strong></span> <span class='ocrx_word' id='word_1_489' title='bbox 1715 3889 1924 3947; x_wconf 88' lang='lat' dir='ltr'><strong>fertilis</strong></span> <span class='ocrx_word' id='word_1_490' title='bbox 1947 3891 2099 3948; x_wconf 91' lang='lat' dir='ltr'><strong>ultra</strong></span> 
     </span>
    </p>
   </div>
   <div class='ocr_carea' id='block_1_72' title="bbox 439 3975 2096 4050">
    <p class='ocr_par' dir='ltr' id='par_1_72' title="bbox 439 3975 2096 4050">
     <span class='ocr_line' id='line_1_72' title="bbox 439 3975 2096 4050; baseline 0.002 -18"><span class='ocrx_word' id='word_1_491' title='bbox 439 3990 646 4032; x_wconf 88' lang='lat' dir='ltr'><strong>omnes</strong></span> <span class='ocrx_word' id='word_1_492' title='bbox 673 3975 900 4034; x_wconf 87' lang='lat' dir='ltr'><strong>fructus</strong></span> <span class='ocrx_word' id='word_1_493' title='bbox 930 3976 1060 4042; x_wconf 91' lang='lat' dir='ltr'><strong>fuit,</strong></span> <span class='ocrx_word' id='word_1_494' title='bbox 1097 3977 1376 4050; x_wconf 89' lang='lat' dir='ltr'><strong>quoniam</strong></span> <span class='ocrx_word' id='word_1_495' title='bbox 1408 3996 1516 4036; x_wconf 91' lang='lat' dir='ltr'><strong>nos</strong></span> <span class='ocrx_word' id='word_1_496' title='bbox 1547 3978 1815 4036; x_wconf 90' lang='lat' dir='ltr'><strong>liberavit</strong></span> <span class='ocrx_word' id='word_1_497' title='bbox 1845 3979 1960 4036; x_wconf 88' lang='lat' dir='ltr'><strong>ista</strong></span> <span class='ocrx_word' id='word_1_498' title='bbox 1985 3979 2096 4036; x_wconf 83' lang='lat' dir='ltr'><strong>hu-</strong></span> 
     </span>
    </p>
   </div>
   <div class='ocr_carea' id='block_1_73' title="bbox 439 4058 1894 4140">
    <p class='ocr_par' dir='ltr' id='par_1_73' title="bbox 439 4058 1894 4140">
     <span class='ocr_line' id='line_1_73' title="bbox 439 4058 1894 4140; baseline 0.001 -19"><span class='ocrx_word' id='word_1_499' title='bbox 439 4062 712 4135; x_wconf 86' lang='lat' dir='ltr'><strong>militate,</strong></span> <span class='ocrx_word' id='word_1_500' title='bbox 743 4068 801 4121; x_wconf 91' lang='lat' dir='ltr'><strong>et</strong></span> <span class='ocrx_word' id='word_1_501' title='bbox 830 4065 1265 4139; x_wconf 72' lang='lat' dir='ltr'><strong>susceptibnem</strong></span> <span class='ocrx_word' id='word_1_502' title='bbox 1299 4083 1402 4140; x_wconf 91' lang='lat' dir='ltr'><strong>pro</strong></span> <span class='ocrx_word' id='word_1_503' title='bbox 1432 4083 1647 4124; x_wconf 87' lang='lat' dir='ltr'><strong>corona</strong></span> <span class='ocrx_word' id='word_1_504' title='bbox 1676 4058 1894 4139; x_wconf 83' lang='lat' dir='ltr'><strong>posuit.</strong></span> 
     </span>
    </p>
   </div>
   <div class='ocr_carea' id='block_1_74' title="bbox 438 4169 1089 4241">
    <p class='ocr_par' dir='ltr' id='par_1_74' title="bbox 438 4169 1089 4241">
     <span class='ocr_line' id='line_1_74' title="bbox 438 4169 1089 4241; baseline 0.008 -17"><span class='ocrx_word' id='word_1_505' title='bbox 438 4169 475 4224; x_wconf 85' lang='lat'>9</span> <span class='ocrx_word' id='word_1_506' title='bbox 580 4171 740 4241; x_wconf 75' lang='lat' dir='ltr'><strong>ludo,</strong></span> <span class='ocrx_word' id='word_1_507' title='bbox 771 4187 858 4230; x_wconf 87' lang='lat' dir='ltr'><strong>res</strong></span> <span class='ocrx_word' id='word_1_508' title='bbox 883 4188 1038 4230; x_wconf 88' lang='lat' dir='ltr'><strong>meus</strong></span> <span class='ocrx_word' id='word_1_509' title='bbox 1069 4190 1089 4229; x_wconf 87' lang='lat'><strong><em>:</em></strong></span> 
     </span>
    </p>
   </div>
   <div class='ocr_carea' id='block_1_75' title="bbox 574 4258 1232 4335">
    <p class='ocr_par' dir='ltr' id='par_1_75' title="bbox 574 4258 1232 4335">
     <span class='ocr_line' id='line_1_75' title="bbox 574 4258 1232 4335; baseline 0.008 -21"><span class='ocrx_word' id='word_1_510' title='bbox 574 4258 726 4318; x_wconf 64' lang='lat' dir='ltr'><strong>Moab</strong></span> <span class='ocrx_word' id='word_1_511' title='bbox 755 4260 900 4318; x_wconf 84' lang='lat' dir='ltr'><strong>lebes</strong></span> <span class='ocrx_word' id='word_1_512' title='bbox 929 4263 1050 4335; x_wconf 84' lang='lat' dir='ltr'><strong>spei</strong></span> <span class='ocrx_word' id='word_1_513' title='bbox 1073 4277 1232 4320; x_wconf 76' lang='lat' dir='ltr'><strong>meae.</strong></span> 
     </span>
    </p>
   </div>
   <div class='ocr_carea' id='block_1_76' title="bbox 503 4347 2090 4428">
    <p class='ocr_par' dir='ltr' id='par_1_76' title="bbox 503 4347 2090 4428">
     <span class='ocr_line' id='line_1_76' title="bbox 503 4347 2090 4428; baseline 0.004 -24"><span class='ocrx_word' id='word_1_514' title='bbox 503 4347 544 4403; x_wconf 88' lang='lat' dir='ltr'><strong>C</strong></span> <span class='ocrx_word' id='word_1_515' title='bbox 572 4348 790 4405; x_wconf 84' lang='lat' dir='ltr'><strong>Judam</strong></span> <span class='ocrx_word' id='word_1_516' title='bbox 822 4367 1017 4424; x_wconf 90' lang='lat' dir='ltr'><strong>regem</strong></span> <span class='ocrx_word' id='word_1_517' title='bbox 1047 4367 1224 4407; x_wconf 90' lang='lat' dir='ltr'><strong>suum</strong></span> <span class='ocrx_word' id='word_1_518' title='bbox 1257 4351 1422 4418; x_wconf 85' lang='lat' dir='ltr'><strong>dixit,</strong></span> <span class='ocrx_word' id='word_1_519' title='bbox 1457 4351 1596 4424; x_wconf 87' lang='lat' dir='ltr'><strong>quia</strong></span> <span class='ocrx_word' id='word_1_520' title='bbox 1639 4353 1710 4408; x_wconf 89' lang='lat' dir='ltr'><strong>de</strong></span> <span class='ocrx_word' id='word_1_521' title='bbox 1750 4353 1880 4426; x_wconf 89' lang='lat' dir='ltr'><strong>ejus</strong></span> <span class='ocrx_word' id='word_1_522' title='bbox 1911 4354 2090 4428; x_wconf 91' lang='lat' dir='ltr'><strong>stirpe</strong></span> 
     </span>
    </p>
   </div>
   <div class='ocr_carea' id='block_1_77' title="bbox 433 4436 2088 4512">
    <p class='ocr_par' dir='ltr' id='par_1_77' title="bbox 433 4436 2088 4512">
     <span class='ocr_line' id='line_1_77' title="bbox 433 4436 2088 4512; baseline 0.004 -20"><span class='ocrx_word' id='word_1_523' title='bbox 433 4436 757 4494; x_wconf 89' lang='lat' dir='ltr'><strong>descendit.</strong></span> <span class='ocrx_word' id='word_1_524' title='bbox 782 4437 829 4493; x_wconf 88' lang='grc' dir='ltr'><strong>Η</strong></span> <span class='ocrx_word' id='word_1_525' title='bbox 861 4439 1032 4496; x_wconf 91' lang='lat' dir='ltr'><strong>Moab</strong></span> <span class='ocrx_word' id='word_1_526' title='bbox 1062 4456 1130 4496; x_wconf 75' lang='lat' dir='ltr'><strong>ea:</strong></span> <span class='ocrx_word' id='word_1_527' title='bbox 1156 4449 1314 4512; x_wconf 85' lang='lat' dir='ltr'><strong>patre</strong></span> <span class='ocrx_word' id='word_1_528' title='bbox 1342 4441 1578 4508; x_wconf 90' lang='lat' dir='ltr'><strong>dicitur,</strong></span> <span class='ocrx_word' id='word_1_529' title='bbox 1610 4457 1698 4498; x_wconf 91' lang='lat' dir='ltr'><strong>mo</strong></span> <span class='ocrx_word' id='word_1_530' title='bbox 1717 4443 1876 4498; x_wconf 89' lang='lat' dir='ltr'><strong>enim</strong></span> <span class='ocrx_word' id='word_1_531' title='bbox 1909 4443 2088 4499; x_wconf 88' lang='lat' dir='ltr'><strong>inter-</strong></span> 
     </span>
    </p>
   </div>
   <div class='ocr_carea' id='block_1_78' title="bbox 430 4525 2086 4605">
    <p class='ocr_par' dir='ltr' id='par_1_78' title="bbox 430 4525 2086 4605">
     <span class='ocr_line' id='line_1_78' title="bbox 430 4525 2086 4605; baseline 0.006 -25"><span class='ocrx_word' id='word_1_532' title='bbox 430 4529 724 4598; x_wconf 88' lang='lat' dir='ltr'><strong>pretatum</strong></span> <span class='ocrx_word' id='word_1_533' title='bbox 755 4525 972 4583; x_wconf 89' lang='lat' dir='ltr'><strong>dicitur</strong></span> <span class='ocrx_word' id='word_1_534' title='bbox 998 4544 1102 4592; x_wconf 72' lang='lat' dir='ltr'><strong>ex;</strong></span> <span class='ocrx_word' id='word_1_535' title='bbox 1126 4530 1193 4585; x_wconf 91' lang='lat' dir='ltr'><strong>ab</strong></span> <span class='ocrx_word' id='word_1_536' title='bbox 1217 4546 1372 4598; x_wconf 89' lang='lat' dir='ltr'><strong>vero,</strong></span> <span class='ocrx_word' id='word_1_537' title='bbox 1400 4538 1575 4602; x_wconf 83' lang='lat' dir='ltr'><strong>pater,</strong></span> <span class='ocrx_word' id='word_1_538' title='bbox 1610 4531 1762 4602; x_wconf 90' lang='lat' dir='ltr'><strong>quod</strong></span> <span class='ocrx_word' id='word_1_539' title='bbox 1795 4535 1979 4600; x_wconf 74' lang='lat' dir='ltr'><strong>est,e.-c</strong></span> <span class='ocrx_word' id='word_1_540' title='bbox 1992 4549 2086 4605; x_wconf 87' lang='lat' dir='ltr'><strong>pa-</strong></span> 
     </span>
    </p>
   </div>
   <div class='ocr_carea' id='block_1_79' title="bbox 428 4613 2086 4693">
    <p class='ocr_par' dir='ltr' id='par_1_79' title="bbox 428 4613 2086 4693">
     <span class='ocr_line' id='line_1_79' title="bbox 428 4613 2086 4693; baseline 0.005 -24"><span class='ocrx_word' id='word_1_541' title='bbox 428 4618 530 4671; x_wconf 82' lang='lat' dir='ltr'><strong>tre.</strong></span> <span class='ocrx_word' id='word_1_542' title='bbox 556 4615 624 4669; x_wconf 90' lang='lat' dir='ltr'><strong>Et</strong></span> <span class='ocrx_word' id='word_1_543' title='bbox 654 4613 788 4688; x_wconf 91' lang='lat' dir='ltr'><strong>quis</strong></span> <span class='ocrx_word' id='word_1_544' title='bbox 805 4620 894 4672; x_wconf 91' lang='lat' dir='ltr'><strong>est</strong></span> <span class='ocrx_word' id='word_1_545' title='bbox 919 4615 1020 4671; x_wconf 91' lang='lat' dir='ltr'><strong>ille</strong></span> <span class='ocrx_word' id='word_1_546' title='bbox 1049 4617 1149 4688; x_wconf 91' lang='lat' dir='ltr'><strong>qui</strong></span> <span class='ocrx_word' id='word_1_547' title='bbox 1177 4622 1266 4674; x_wconf 91' lang='lat' dir='ltr'><strong>est</strong></span> <span class='ocrx_word' id='word_1_548' title='bbox 1295 4635 1362 4672; x_wconf 80' lang='lat' dir='ltr'><strong>ex</strong></span> <span class='ocrx_word' id='word_1_549' title='bbox 1393 4618 1594 4690; x_wconf 82' lang='lat' dir='ltr'><strong>patre?</strong></span> <span class='ocrx_word' id='word_1_550' title='bbox 1615 4617 1714 4674; x_wconf 64' lang='lat' dir='ltr'><strong>ille</strong></span> <span class='ocrx_word' id='word_1_551' title='bbox 1735 4624 1823 4676; x_wconf 91' lang='lat' dir='ltr'><strong>est</strong></span> <span class='ocrx_word' id='word_1_552' title='bbox 1843 4621 1943 4693; x_wconf 90' lang='lat' dir='ltr'><strong>qui</strong></span> <span class='ocrx_word' id='word_1_553' title='bbox 1961 4637 2086 4679; x_wconf 89' lang='lat' dir='ltr'><strong>ma-</strong></span> 
     </span>
    </p>
   </div>
   <div class='ocr_carea' id='block_1_80' title="bbox 427 4703 2082 4778">
    <p class='ocr_par' dir='ltr' id='par_1_80' title="bbox 427 4703 2082 4778">
     <span class='ocr_line' id='line_1_80' title="bbox 427 4703 2082 4778; baseline 0.004 -19"><span class='ocrx_word' id='word_1_554' title='bbox 427 4703 502 4759; x_wconf 92' lang='lat' dir='ltr'><strong>lis</strong></span> <span class='ocrx_word' id='word_1_555' title='bbox 533 4704 809 4777; x_wconf 88' lang='lat' dir='ltr'><strong>operibus</strong></span> <span class='ocrx_word' id='word_1_556' title='bbox 839 4703 1098 4778; x_wconf 89' lang='lat' dir='ltr'><strong>perdidit</strong></span> <span class='ocrx_word' id='word_1_557' title='bbox 1127 4711 1376 4778; x_wconf 87' lang='lat' dir='ltr'><strong>patrem,</strong></span> <span class='ocrx_word' id='word_1_558' title='bbox 1410 4723 1516 4762; x_wconf 86' lang='lat' dir='ltr'><strong>neo</strong></span> <span class='ocrx_word' id='word_1_559' title='bbox 1565 4723 1833 4764; x_wconf 90' lang='lat' dir='ltr'><strong>reversus</strong></span> <span class='ocrx_word' id='word_1_560' title='bbox 1881 4714 1969 4764; x_wconf 89' lang='lat' dir='ltr'><strong>est</strong></span> <span class='ocrx_word' id='word_1_561' title='bbox 2011 4711 2082 4766; x_wconf 91' lang='lat' dir='ltr'><strong>ad</strong></span> 
     </span>
    </p>
   </div>
   <div class='ocr_carea' id='block_1_81' title="bbox 425 4791 2082 4866">
    <p class='ocr_par' dir='ltr' id='par_1_81' title="bbox 425 4791 2082 4866">
     <span class='ocr_line' id='line_1_81' title="bbox 425 4791 2082 4866; baseline 0.003 -17"><span class='ocrx_word' id='word_1_562' title='bbox 425 4796 672 4864; x_wconf 88' lang='lat' dir='ltr'><strong>patrem,</strong></span> <span class='ocrx_word' id='word_1_563' title='bbox 694 4791 986 4860; x_wconf 90' lang='lat' dir='ltr'><strong>diabolus,</strong></span> <span class='ocrx_word' id='word_1_564' title='bbox 1011 4792 1260 4861; x_wconf 89' lang='lat' dir='ltr'><strong>scilicet;</strong></span> <span class='ocrx_word' id='word_1_565' title='bbox 1285 4793 1582 4866; x_wconf 78' lang='lat' dir='ltr'><strong>significat</strong></span> <span class='ocrx_word' id='word_1_566' title='bbox 1603 4795 1759 4852; x_wconf 91' lang='lat' dir='ltr'><strong>enim</strong></span> <span class='ocrx_word' id='word_1_567' title='bbox 1783 4795 2082 4854; x_wconf 90' lang='lat' dir='ltr'><strong>diabolum</strong></span> 
     </span>
    </p>
   </div>
   <div class='ocr_carea' id='block_1_82' title="bbox 424 4881 2078 4958">
    <p class='ocr_par' dir='ltr' id='par_1_82' title="bbox 424 4881 2078 4958">
     <span class='ocr_line' id='line_1_82' title="bbox 424 4881 2078 4958; baseline 0.005 -21"><span class='ocrx_word' id='word_1_568' title='bbox 424 4883 522 4955; x_wconf 89' lang='lat' dir='ltr'><strong>qui</strong></span> <span class='ocrx_word' id='word_1_569' title='bbox 557 4882 716 4940; x_wconf 89' lang='lat' dir='ltr'><strong>lebes</strong></span> <span class='ocrx_word' id='word_1_570' title='bbox 747 4882 870 4956; x_wconf 89' lang='lat' dir='ltr'><strong>spei</strong></span> <span class='ocrx_word' id='word_1_571' title='bbox 905 4881 1130 4940; x_wconf 91' lang='lat' dir='ltr'><strong>Domini</strong></span> <span class='ocrx_word' id='word_1_572' title='bbox 1161 4887 1268 4939; x_wconf 87' lang='lat' dir='ltr'><strong>est.</strong></span> <span class='ocrx_word' id='word_1_573' title='bbox 1296 4883 1481 4940; x_wconf 85' lang='lat' dir='ltr'><strong>Labes</strong></span> <span class='ocrx_word' id='word_1_574' title='bbox 1510 4883 1928 4958; x_wconf 88' lang='lat' dir='ltr'><strong>interpretatur</strong></span> <span class='ocrx_word' id='word_1_575' title='bbox 1947 4887 2078 4944; x_wconf 86' lang='lat' dir='ltr'><strong>olla.</strong></span> 
     </span>
    </p>
   </div>
   <div class='ocr_carea' id='block_1_83' title="bbox 423 4971 2080 5048">
    <p class='ocr_par' dir='ltr' id='par_1_83' title="bbox 423 4971 2080 5048">
     <span class='ocr_line' id='line_1_83' title="bbox 423 4971 2080 5048; baseline 0.003 -20"><span class='ocrx_word' id='word_1_576' title='bbox 423 4973 723 5038; x_wconf 88' lang='lat' dir='ltr'><strong>Quomodo</strong></span> <span class='ocrx_word' id='word_1_577' title='bbox 751 4971 864 5030; x_wconf 88' lang='lat' dir='ltr'><strong>olla</strong></span> <span class='ocrx_word' id='word_1_578' title='bbox 886 4971 1013 5045; x_wconf 87' lang='lat' dir='ltr'><strong>spei</strong></span> <span class='ocrx_word' id='word_1_579' title='bbox 1044 4971 1272 5028; x_wconf 89' lang='lat' dir='ltr'><strong>Domini</strong></span> <span class='ocrx_word' id='word_1_580' title='bbox 1305 4972 1431 5029; x_wconf 83' lang='lat' dir='ltr'><strong>est?</strong></span> <span class='ocrx_word' id='word_1_581' title='bbox 1461 4971 1544 5028; x_wconf 89' lang='lat' dir='ltr'><strong>sic</strong></span> <span class='ocrx_word' id='word_1_582' title='bbox 1574 4976 1684 5042; x_wconf 91' lang='lat' dir='ltr'><strong>est,</strong></span> <span class='ocrx_word' id='word_1_583' title='bbox 1718 4979 1784 5030; x_wconf 90' lang='lat' dir='ltr'><strong>ut</strong></span> <span class='ocrx_word' id='word_1_584' title='bbox 1812 4975 1913 5048; x_wconf 92' lang='lat' dir='ltr'><strong>qui</strong></span> <span class='ocrx_word' id='word_1_585' title='bbox 1964 4993 2080 5033; x_wconf 92' lang='lat' dir='ltr'><strong>non</strong></span> 
     </span>
    </p>
   </div>
   <div class='ocr_carea' id='block_1_84' title="bbox 435 5060 2080 5136">
    <p class='ocr_par' dir='ltr' id='par_1_84' title="bbox 435 5060 2080 5136">
     <span class='ocr_line' id='line_1_84' title="bbox 435 5060 2080 5136; baseline 0.005 -22"><span class='ocrx_word' id='word_1_586' title='bbox 435 5065 590 5116; x_wconf 89' lang='lat' dir='ltr'><strong>recte</strong></span> <span class='ocrx_word' id='word_1_587' title='bbox 619 5060 926 5118; x_wconf 89' lang='lat' dir='ltr'><strong>ambulant</strong></span> <span class='ocrx_word' id='word_1_588' title='bbox 953 5061 1264 5118; x_wconf 85' lang='lat' dir='ltr'><strong>tradantur</strong></span> <span class='ocrx_word' id='word_1_589' title='bbox 1293 5061 1546 5132; x_wconf 87' lang='lat' dir='ltr'><strong>diabolo,</strong></span> <span class='ocrx_word' id='word_1_590' title='bbox 1582 5065 1646 5116; x_wconf 91' lang='lat' dir='ltr'><strong>ut</strong></span> <span class='ocrx_word' id='word_1_591' title='bbox 1683 5063 1756 5118; x_wconf 92' lang='lat' dir='ltr'><strong>ab</strong></span> <span class='ocrx_word' id='word_1_592' title='bbox 1787 5064 1914 5136; x_wconf 91' lang='lat' dir='ltr'><strong>ipso</strong></span> <span class='ocrx_word' id='word_1_593' title='bbox 1945 5082 2080 5122; x_wconf 86' lang='lat' dir='ltr'><strong>cru-</strong></span> 
     </span>
    </p>
   </div>
   <div class='ocr_carea' id='block_1_85' title="bbox 434 5147 1482 5206">
    <p class='ocr_par' dir='ltr' id='par_1_85' title="bbox 434 5147 1482 5206">
     <span class='ocr_line' id='line_1_85' title="bbox 434 5147 1482 5206; baseline 0.004 -4"><span class='ocrx_word' id='word_1_594' title='bbox 434 5147 571 5204; x_wconf 91' lang='lat' dir='ltr'><strong>ciati</strong></span> <span class='ocrx_word' id='word_1_595' title='bbox 600 5153 1014 5205; x_wconf 87' lang='lat' dir='ltr'><strong>convertantur</strong></span> <span class='ocrx_word' id='word_1_596' title='bbox 1043 5151 1114 5206; x_wconf 88' lang='lat' dir='ltr'><strong>ad</strong></span> <span class='ocrx_word' id='word_1_597' title='bbox 1147 5150 1482 5206; x_wconf 89' lang='lat' dir='ltr'><strong>Dominum.</strong></span> 
     </span>
    </p>
   </div>
   <div class='ocr_carea' id='block_1_86' title="bbox 422 5251 1974 5319">
    <p class='ocr_par' dir='ltr' id='par_1_86' title="bbox 422 5251 1974 5319">
     <span class='ocr_line' id='line_1_86' title="bbox 422 5251 1974 5319; baseline 0.008 -12"><span class='ocrx_word' id='word_1_598' title='bbox 422 5253 492 5307; x_wconf 89' lang='grc'><strong>10</strong></span> <span class='ocrx_word' id='word_1_599' title='bbox 562 5253 625 5308; x_wconf 86' lang='lat' dir='ltr'><strong>In</strong></span> <span class='ocrx_word' id='word_1_600' title='bbox 654 5251 962 5310; x_wconf 65' lang='lat' dir='ltr'><strong>Iduma’am</strong></span> <span class='ocrx_word' id='word_1_601' title='bbox 981 5257 1268 5312; x_wconf 77' lang='lat' dir='ltr'><strong>extendam</strong></span> <span class='ocrx_word' id='word_1_602' title='bbox 1297 5258 1724 5314; x_wconf 82' lang='lat' dir='ltr'><strong>calceamentum</strong></span> <span class='ocrx_word' id='word_1_603' title='bbox 1750 5275 1974 5319; x_wconf 88' lang='lat' dir='ltr'><strong>meum:</strong></span> 
     </span>
    </p>
   </div>
   <div class='ocr_carea' id='block_1_87' title="bbox 565 5339 1592 5416">
    <p class='ocr_par' dir='ltr' id='par_1_87' title="bbox 565 5339 1592 5416">
     <span class='ocr_line' id='line_1_87' title="bbox 565 5339 1592 5416; baseline 0.007 -21"><span class='ocrx_word' id='word_1_604' title='bbox 565 5339 702 5396; x_wconf 75' lang='lat' dir='ltr'><strong>Mihi</strong></span> <span class='ocrx_word' id='word_1_605' title='bbox 727 5341 1061 5411; x_wconf 68' lang='lat' dir='ltr'><strong>alienigenae</strong></span> <span class='ocrx_word' id='word_1_606' title='bbox 1089 5347 1256 5400; x_wconf 89' lang='lat' dir='ltr'><strong>amici</strong></span> <span class='ocrx_word' id='word_1_607' title='bbox 1281 5347 1417 5416; x_wconf 77' lang='lat' dir='ltr'><strong>facti</strong></span> <span class='ocrx_word' id='word_1_608' title='bbox 1444 5355 1592 5402; x_wconf 84' lang='lat' dir='ltr'><strong>sunt.</strong></span> 
     </span>
    </p>
   </div>
   <div class='ocr_carea' id='block_1_88' title="bbox 491 5429 2072 5505">
    <p class='ocr_par' dir='ltr' id='par_1_88' title="bbox 491 5429 2072 5505">
     <span class='ocr_line' id='line_1_88' title="bbox 491 5429 2072 5505; baseline 0.006 -20"><span class='ocrx_word' id='word_1_609' title='bbox 491 5429 538 5485; x_wconf 90' lang='lat' dir='ltr'>H</span> <span class='ocrx_word' id='word_1_610' title='bbox 570 5429 829 5486; x_wconf 67' lang='lat' dir='ltr'><strong>Idumaea</strong></span> <span class='ocrx_word' id='word_1_611' title='bbox 857 5429 1270 5504; x_wconf 88' lang='lat' dir='ltr'><strong>interpretatur</strong></span> <span class='ocrx_word' id='word_1_612' title='bbox 1297 5443 1532 5505; x_wconf 83' lang='lat' dir='ltr'><strong>terrena,</strong></span> <span class='ocrx_word' id='word_1_613' title='bbox 1550 5433 1882 5494; x_wconf 89' lang='lat' dir='ltr'><strong>misericors</strong></span> <span class='ocrx_word' id='word_1_614' title='bbox 1917 5437 2072 5494; x_wconf 90' lang='lat' dir='ltr'><strong>enim</strong></span> 
     </span>
    </p>
   </div>
   <div class='ocr_carea' id='block_1_89' title="bbox 419 5517 2070 5596">
    <p class='ocr_par' dir='ltr' id='par_1_89' title="bbox 419 5517 2070 5596">
     <span class='ocr_line' id='line_1_89' title="bbox 419 5517 2070 5596; baseline 0.005 -22"><span class='ocrx_word' id='word_1_615' title='bbox 419 5523 720 5575; x_wconf 86' lang='lat' dir='ltr'><strong>Deus.non</strong></span> <span class='ocrx_word' id='word_1_616' title='bbox 752 5517 946 5576; x_wconf 90' lang='lat' dir='ltr'><strong>solum</strong></span> <span class='ocrx_word' id='word_1_617' title='bbox 977 5520 1233 5578; x_wconf 84' lang='lat' dir='ltr'><strong>coelestia</strong></span> <span class='ocrx_word' id='word_1_618' title='bbox 1262 5523 1386 5578; x_wconf 88' lang='lat' dir='ltr'><strong>vult</strong></span> <span class='ocrx_word' id='word_1_619' title='bbox 1416 5525 1844 5596; x_wconf 73' lang='lat' dir='ltr'><strong>possidore,sed</strong></span> <span class='ocrx_word' id='word_1_620' title='bbox 1877 5530 1933 5582; x_wconf 90' lang='lat' dir='ltr'><strong>et</strong></span> <span class='ocrx_word' id='word_1_621' title='bbox 1957 5530 2070 5582; x_wconf 89' lang='lat' dir='ltr'><strong>ter-</strong></span> 
     </span>
    </p>
   </div>
   <div class='ocr_carea' id='block_1_90' title="bbox 2448 3305 3394 3376">
    <p class='ocr_par' dir='ltr' id='par_1_90' title="bbox 2448 3305 3394 3376">
     <span class='ocr_line' id='line_1_90' title="bbox 2448 3305 3394 3376; baseline 0.006 -16"><span class='ocrx_word' id='word_1_622' title='bbox 2448 3308 2560 3363; x_wconf 86' lang='lat' dir='ltr'><strong>Deo</strong></span> <span class='ocrx_word' id='word_1_623' title='bbox 2587 3305 2850 3376; x_wconf 81' lang='lat' dir='ltr'><strong>faciemus</strong></span> <span class='ocrx_word' id='word_1_624' title='bbox 2873 3306 3137 3362; x_wconf 86' lang='lat' dir='ltr'><strong>virtutem</strong></span> <span class='ocrx_word' id='word_1_625' title='bbox 3171 3326 3190 3362; x_wconf 93' lang='lat'><strong><em>:</em></strong></span> <span class='ocrx_word' id='word_1_626' title='bbox 3385 3359 3394 3366; x_wconf 92' lang='lat'><strong>.</strong></span> 
     </span>
    </p>
   </div>
   <div class='ocr_carea' id='block_1_91' title="bbox 2354 3393 3732 3466">
    <p class='ocr_par' dir='ltr' id='par_1_91' title="bbox 2354 3393 3732 3466">
     <span class='ocr_line' id='line_1_91' title="bbox 2354 3393 3732 3466; baseline 0.001 -17"><span class='ocrx_word' id='word_1_627' title='bbox 2354 3395 2419 3450; x_wconf 87' lang='lat' dir='ltr'><strong>Et</strong></span> <span class='ocrx_word' id='word_1_628' title='bbox 2447 3395 2558 3466; x_wconf 84' lang='lat' dir='ltr'><strong>ipse</strong></span> <span class='ocrx_word' id='word_1_629' title='bbox 2587 3393 2658 3449; x_wconf 86' lang='lat' dir='ltr'><strong>ad</strong></span> <span class='ocrx_word' id='word_1_630' title='bbox 2687 3394 2931 3450; x_wconf 82' lang='lat' dir='ltr'><strong>nihilum</strong></span> <span class='ocrx_word' id='word_1_631' title='bbox 2955 3393 3181 3452; x_wconf 86' lang='lat' dir='ltr'><strong>deducet</strong></span> <span class='ocrx_word' id='word_1_632' title='bbox 3207 3395 3465 3452; x_wconf 81' lang='lat' dir='ltr'><strong>inimicos</strong></span> <span class='ocrx_word' id='word_1_633' title='bbox 3494 3404 3732 3452; x_wconf 82' lang='lat' dir='ltr'><strong>nostros.</strong></span> 
     </span>
    </p>
   </div>
   <div class='ocr_carea' id='block_1_92' title="bbox 2284 3482 3882 3557">
    <p class='ocr_par' dir='ltr' id='par_1_92' title="bbox 2284 3482 3882 3557">
     <span class='ocr_line' id='line_1_92' title="bbox 2284 3482 3882 3557; baseline 0.002 -19"><span class='ocrx_word' id='word_1_634' title='bbox 2284 3483 2330 3538; x_wconf 89' lang='grc' dir='ltr'>Η</span> <span class='ocrx_word' id='word_1_635' title='bbox 2368 3483 2432 3539; x_wconf 91' lang='lat' dir='ltr'><strong>ln</strong></span> <span class='ocrx_word' id='word_1_636' title='bbox 2464 3487 2580 3539; x_wconf 90' lang='lat' dir='ltr'><strong>Deo</strong></span> <span class='ocrx_word' id='word_1_637' title='bbox 2612 3482 2896 3540; x_wconf 88' lang='lat' dir='ltr'><strong>faciemus</strong></span> <span class='ocrx_word' id='word_1_638' title='bbox 2917 3484 3213 3554; x_wconf 87' lang='lat' dir='ltr'><strong>virtutem,</strong></span> <span class='ocrx_word' id='word_1_639' title='bbox 3235 3484 3362 3557; x_wconf 89' lang='lat' dir='ltr'><strong>ipse</strong></span> <span class='ocrx_word' id='word_1_640' title='bbox 3386 3483 3498 3541; x_wconf 89' lang='lat' dir='ltr'><strong>erit</strong></span> <span class='ocrx_word' id='word_1_641' title='bbox 3519 3483 3710 3540; x_wconf 87' lang='lat' dir='ltr'><strong>virtus</strong></span> <span class='ocrx_word' id='word_1_642' title='bbox 3745 3500 3882 3542; x_wconf 84' lang='lat' dir='ltr'><strong>nos-</strong></span> 
     </span>
    </p>
   </div>
   <div class='ocr_carea' id='block_1_93' title="bbox 2209 3571 3884 3652">
    <p class='ocr_par' dir='ltr' id='par_1_93' title="bbox 2209 3571 3884 3652">
     <span class='ocr_line' id='line_1_93' title="bbox 2209 3571 3884 3652; baseline 0.001 -24"><span class='ocrx_word' id='word_1_643' title='bbox 2209 3571 2454 3652; x_wconf 75' lang='lat' dir='ltr'><strong>tra,ipse</strong></span> <span class='ocrx_word' id='word_1_644' title='bbox 2483 3571 2654 3645; x_wconf 91' lang='lat' dir='ltr'><strong>panis</strong></span> <span class='ocrx_word' id='word_1_645' title='bbox 2677 3577 2878 3630; x_wconf 89' lang='lat' dir='ltr'><strong>noster</strong></span> <span class='ocrx_word' id='word_1_646' title='bbox 2897 3572 2996 3648; x_wconf 88' lang='lat' dir='ltr'><strong>qui</strong></span> <span class='ocrx_word' id='word_1_647' title='bbox 3021 3589 3122 3630; x_wconf 92' lang='lat' dir='ltr'><strong>cor</strong></span> <span class='ocrx_word' id='word_1_648' title='bbox 3143 3574 3586 3647; x_wconf 87' lang='lat' dir='ltr'><strong>confortat,ipsc</strong></span> <span class='ocrx_word' id='word_1_649' title='bbox 3605 3579 3663 3630; x_wconf 93' lang='lat' dir='ltr'><strong>et</strong></span> <span class='ocrx_word' id='word_1_650' title='bbox 3682 3579 3884 3631; x_wconf 83' lang='lat' dir='ltr'><strong>rector</strong></span> 
     </span>
    </p>
   </div>
   <div class='ocr_carea' id='block_1_94' title="bbox 2211 3661 3881 3734">
    <p class='ocr_par' dir='ltr' id='par_1_94' title="bbox 2211 3661 3881 3734">
     <span class='ocr_line' id='line_1_94' title="bbox 2211 3661 3881 3734; baseline 0.001 -18"><span class='ocrx_word' id='word_1_651' title='bbox 2211 3665 2426 3717; x_wconf 76' lang='lat' dir='ltr'><strong>noster-</strong></span> <span class='ocrx_word' id='word_1_652' title='bbox 2441 3662 2512 3717; x_wconf 88' lang='lat' dir='ltr'><strong>Et</strong></span> <span class='ocrx_word' id='word_1_653' title='bbox 2527 3661 2652 3734; x_wconf 89' lang='lat' dir='ltr'><strong>ipse</strong></span> <span class='ocrx_word' id='word_1_654' title='bbox 2671 3662 2743 3718; x_wconf 88' lang='lat' dir='ltr'><strong>ad</strong></span> <span class='ocrx_word' id='word_1_655' title='bbox 2761 3661 3012 3718; x_wconf 90' lang='lat' dir='ltr'><strong>nihilum</strong></span> <span class='ocrx_word' id='word_1_656' title='bbox 3039 3663 3289 3720; x_wconf 89' lang='lat' dir='ltr'><strong>deducet</strong></span> <span class='ocrx_word' id='word_1_657' title='bbox 3315 3662 3588 3720; x_wconf 85' lang='lat' dir='ltr'><strong>inimicos</strong></span> <span class='ocrx_word' id='word_1_658' title='bbox 3615 3667 3881 3733; x_wconf 85' lang='lat' dir='ltr'><strong>nostros,</strong></span> 
     </span>
    </p>
   </div>
   <div class='ocr_carea' id='block_1_95' title="bbox 2209 3749 3883 3826">
    <p class='ocr_par' dir='ltr' id='par_1_95' title="bbox 2209 3749 3883 3826">
     <span class='ocr_line' id='line_1_95' title="bbox 2209 3749 3883 3826; baseline 0.002 -22"><span class='ocrx_word' id='word_1_659' title='bbox 2209 3749 2350 3822; x_wconf 94' lang='lat' dir='ltr'><strong>quia</strong></span> <span class='ocrx_word' id='word_1_660' title='bbox 2396 3750 2523 3822; x_wconf 87' lang='lat' dir='ltr'><strong>ipse</strong></span> <span class='ocrx_word' id='word_1_661' title='bbox 2571 3767 2678 3808; x_wconf 92' lang='lat' dir='ltr'><strong>nos</strong></span> <span class='ocrx_word' id='word_1_662' title='bbox 2724 3757 2962 3808; x_wconf 90' lang='lat' dir='ltr'><strong>coronat</strong></span> <span class='ocrx_word' id='word_1_663' title='bbox 3000 3755 3058 3808; x_wconf 88' lang='lat' dir='ltr'><strong>et</strong></span> <span class='ocrx_word' id='word_1_664' title='bbox 3104 3751 3407 3809; x_wconf 90' lang='lat' dir='ltr'><strong>diabolum</strong></span> <span class='ocrx_word' id='word_1_665' title='bbox 3455 3757 3722 3825; x_wconf 84' lang='lat' dir='ltr'><strong>superat,</strong></span> <span class='ocrx_word' id='word_1_666' title='bbox 3755 3753 3883 3826; x_wconf 87' lang='lat' dir='ltr'><strong>ipse</strong></span> 
     </span>
    </p>
   </div>
   <div class='ocr_carea' id='block_1_96' title="bbox 2208 3839 3876 3914">
    <p class='ocr_par' dir='ltr' id='par_1_96' title="bbox 2208 3839 3876 3914">
     <span class='ocr_line' id='line_1_96' title="bbox 2208 3839 3876 3914; baseline 0.002 -20"><span class='ocrx_word' id='word_1_667' title='bbox 2208 3842 2429 3911; x_wconf 89' lang='lat' dir='ltr'><strong>pugnat</strong></span> <span class='ocrx_word' id='word_1_668' title='bbox 2460 3839 2519 3894; x_wconf 91' lang='lat' dir='ltr'><strong>in</strong></span> <span class='ocrx_word' id='word_1_669' title='bbox 2553 3839 2743 3908; x_wconf 89' lang='lat' dir='ltr'><strong>nobis,</strong></span> <span class='ocrx_word' id='word_1_670' title='bbox 2765 3840 2956 3914; x_wconf 88' lang='lat' dir='ltr'><strong>magis</strong></span> <span class='ocrx_word' id='word_1_671' title='bbox 2986 3843 3182 3896; x_wconf 89' lang='lat' dir='ltr'><strong>autem</strong></span> <span class='ocrx_word' id='word_1_672' title='bbox 3214 3839 3339 3913; x_wconf 88' lang='lat' dir='ltr'><strong>ipse</strong></span> <span class='ocrx_word' id='word_1_673' title='bbox 3369 3841 3548 3896; x_wconf 81' lang='lat' dir='ltr'><strong>vincit</strong></span> <span class='ocrx_word' id='word_1_674' title='bbox 3579 3841 3641 3897; x_wconf 93' lang='lat' dir='ltr'><strong>in</strong></span> <span class='ocrx_word' id='word_1_675' title='bbox 3675 3841 3876 3898; x_wconf 90' lang='lat' dir='ltr'><strong>nobis.</strong></span> 
     </span>
    </p>
   </div>
   <div class='ocr_carea' id='block_1_97' title="bbox 2683 3971 3366 4012">
    <p class='ocr_par' dir='ltr' id='par_1_97' title="bbox 2683 3971 3366 4012">
     <span class='ocr_line' id='line_1_97' title="bbox 2683 3971 3366 4012; baseline 0.003 -2"><span class='ocrx_word' id='word_1_676' title='bbox 2683 3971 2887 4012; x_wconf 79' lang='lat' dir='ltr'><strong>ORATIO</strong></span> <span class='ocrx_word' id='word_1_677' title='bbox 2924 3973 2997 4012; x_wconf 77' lang='lat' dir='ltr'><strong>EX</strong></span> <span class='ocrx_word' id='word_1_678' title='bbox 3034 3972 3192 4012; x_wconf 75' lang='lat' dir='ltr'><strong>PSAL.</strong></span> <span class='ocrx_word' id='word_1_679' title='bbox 3233 3973 3366 4012; x_wconf 76' lang='lat' dir='ltr'><strong>CVII.</strong></span> 
     </span>
    </p>
   </div>
   <div class='ocr_carea' id='block_1_98' title="bbox 2276 4060 3870 4134">
    <p class='ocr_par' dir='ltr' id='par_1_98' title="bbox 2276 4060 3870 4134">
     <span class='ocr_line' id='line_1_98' title="bbox 2276 4060 3870 4134; baseline 0.002 -19"><span class='ocrx_word' id='word_1_680' title='bbox 2276 4060 2601 4134; x_wconf 62' lang='lat' dir='ltr'><strong>Praeparata</strong></span> <span class='ocrx_word' id='word_1_681' title='bbox 2627 4060 3032 4132; x_wconf 88' lang='lat' dir='ltr'><strong>tibi,Domine,</strong></span> <span class='ocrx_word' id='word_1_682' title='bbox 3061 4078 3160 4118; x_wconf 93' lang='lat' dir='ltr'><strong>cor</strong></span> <span class='ocrx_word' id='word_1_683' title='bbox 3189 4066 3454 4118; x_wconf 89' lang='lat' dir='ltr'><strong>nostrum</strong></span> <span class='ocrx_word' id='word_1_684' title='bbox 3484 4062 3558 4118; x_wconf 91' lang='lat' dir='ltr'><strong>ad</strong></span> <span class='ocrx_word' id='word_1_685' title='bbox 3579 4061 3870 4120; x_wconf 83' lang='lat' dir='ltr'><strong>conﬁten-</strong></span> 
     </span>
    </p>
   </div>
   <div class='ocr_carea' id='block_1_99' title="bbox 2202 4148 3869 4224">
    <p class='ocr_par' dir='ltr' id='par_1_99' title="bbox 2202 4148 3869 4224">
     <span class='ocr_line' id='line_1_99' title="bbox 2202 4148 3869 4224; baseline 0.003 -21"><span class='ocrx_word' id='word_1_686' title='bbox 2202 4148 2344 4205; x_wconf 91' lang='lat' dir='ltr'><strong>dum</strong></span> <span class='ocrx_word' id='word_1_687' title='bbox 2368 4149 2593 4205; x_wconf 90' lang='lat' dir='ltr'><strong>nomini</strong></span> <span class='ocrx_word' id='word_1_688' title='bbox 2623 4154 2746 4219; x_wconf 86' lang='lat' dir='ltr'><strong>tuo,</strong></span> <span class='ocrx_word' id='word_1_689' title='bbox 2779 4153 2845 4204; x_wconf 89' lang='lat' dir='ltr'><strong>ut</strong></span> <span class='ocrx_word' id='word_1_690' title='bbox 2873 4154 2930 4206; x_wconf 91' lang='lat' dir='ltr'><strong>te</strong></span> <span class='ocrx_word' id='word_1_691' title='bbox 2957 4149 3347 4224; x_wconf 84' lang='lat' dir='ltr'><strong>intelligentes</strong></span> <span class='ocrx_word' id='word_1_692' title='bbox 3367 4151 3694 4208; x_wconf 76' lang='lat' dir='ltr'><strong>surrexisse</strong></span> <span class='ocrx_word' id='word_1_693' title='bbox 3713 4151 3869 4208; x_wconf 84' lang='lat' dir='ltr'><strong>dilu-</strong></span> 
     </span>
    </p>
   </div>
   <div class='ocr_carea' id='block_1_100' title="bbox 2203 4237 3859 4312">
    <p class='ocr_par' dir='ltr' id='par_1_100' title="bbox 2203 4237 3859 4312">
     <span class='ocr_line' id='line_1_100' title="bbox 2203 4237 3859 4312; baseline 0.002 -19"><span class='ocrx_word' id='word_1_694' title='bbox 2203 4237 2509 4306; x_wconf 87' lang='lat' dir='ltr'><strong>culo,illuc</strong></span> <span class='ocrx_word' id='word_1_695' title='bbox 2540 4238 2854 4296; x_wconf 90' lang='lat' dir='ltr'><strong>tendamus</strong></span> <span class='ocrx_word' id='word_1_696' title='bbox 2886 4239 3093 4296; x_wconf 89' lang='lat' dir='ltr'><strong>merito</strong></span> <span class='ocrx_word' id='word_1_697' title='bbox 3121 4257 3238 4312; x_wconf 92' lang='lat' dir='ltr'><strong>quo</strong></span> <span class='ocrx_word' id='word_1_698' title='bbox 3271 4244 3334 4296; x_wconf 90' lang='lat' dir='ltr'><strong>tu</strong></span> <span class='ocrx_word' id='word_1_699' title='bbox 3363 4239 3560 4297; x_wconf 89' lang='lat' dir='ltr'><strong>eluces</strong></span> <span class='ocrx_word' id='word_1_700' title='bbox 3583 4241 3778 4297; x_wconf 86' lang='lat' dir='ltr'><strong>victor</strong></span> <span class='ocrx_word' id='word_1_701' title='bbox 3795 4241 3859 4297; x_wconf 79' lang='lat' dir='ltr'><strong>in</strong></span> 
     </span>
    </p>
   </div>
   <div class='ocr_carea' id='block_1_101' title="bbox 2200 4326 3424 4402">
    <p class='ocr_par' dir='ltr' id='par_1_101' title="bbox 2200 4326 3424 4402">
     <span class='ocr_line' id='line_1_101' title="bbox 2200 4326 3424 4402; baseline 0.003 -21"><span class='ocrx_word' id='word_1_702' title='bbox 2200 4342 2400 4400; x_wconf 88' lang='lat' dir='ltr'><strong>regno.</strong></span> <span class='ocrx_word' id='word_1_703' title='bbox 2433 4326 2540 4390; x_wconf 91' lang='lat' dir='ltr'><strong>Qui</strong></span> <span class='ocrx_word' id='word_1_704' title='bbox 2573 4326 2716 4384; x_wconf 84' lang='lat' dir='ltr'><strong>vivis</strong></span> <span class='ocrx_word' id='word_1_705' title='bbox 2745 4331 2804 4383; x_wconf 91' lang='lat' dir='ltr'><strong>et</strong></span> <span class='ocrx_word' id='word_1_706' title='bbox 2833 4343 3066 4402; x_wconf 86' lang='lat' dir='ltr'><strong>regnas,</strong></span> <span class='ocrx_word' id='word_1_707' title='bbox 3097 4333 3208 4385; x_wconf 88' lang='lat' dir='ltr'><strong>etc.</strong></span> <span class='ocrx_word' id='word_1_708' title='bbox 3421 4340 3424 4344; x_wconf 86' lang='lat'>‘</span> 
     </span>
    </p>
   </div>
   <div class='ocr_carea' id='block_1_102' title="bbox 2739 4441 3304 4501">
    <p class='ocr_par' dir='ltr' id='par_1_102' title="bbox 2739 4441 3304 4501">
     <span class='ocr_line' id='line_1_102' title="bbox 2739 4441 3304 4501; baseline 0.007 -4"><span class='ocrx_word' id='word_1_709' title='bbox 2739 4441 3070 4500; x_wconf 85' lang='lat' dir='ltr'><strong>PSALMUS</strong></span> <span class='ocrx_word' id='word_1_710' title='bbox 3111 4443 3304 4501; x_wconf 85' lang='lat' dir='ltr'><strong>CVIII.</strong></span> 
     </span>
    </p>
   </div>
   <div class='ocr_carea' id='block_1_103' title="bbox 2625 4547 3427 4590">
    <p class='ocr_par' dir='ltr' id='par_1_103' title="bbox 2625 4547 3427 4590">
     <span class='ocr_line' id='line_1_103' title="bbox 2625 4547 3427 4590; baseline 0.001 -2"><span class='ocrx_word' id='word_1_711' title='bbox 2625 4547 3030 4588; x_wconf 80' lang='lat' dir='ltr'><strong>ARGUMENTUM</strong></span> <span class='ocrx_word' id='word_1_712' title='bbox 3070 4549 3228 4589; x_wconf 82' lang='lat' dir='ltr'><strong>PSAL.</strong></span> <span class='ocrx_word' id='word_1_713' title='bbox 3270 4549 3427 4590; x_wconf 77' lang='lat' dir='ltr'><strong>CVIII.</strong></span> 
     </span>
    </p>
   </div>
   <div class='ocr_carea' id='block_1_104' title="bbox 2265 4637 3860 4714">
    <p class='ocr_par' dir='ltr' id='par_1_104' title="bbox 2265 4637 3860 4714">
     <span class='ocr_line' id='line_1_104' title="bbox 2265 4637 3860 4714; baseline 0.003 -21"><span class='ocrx_word' id='word_1_714' title='bbox 2265 4641 2306 4693; x_wconf 92' lang='lat' dir='ltr'><strong>C</strong></span> <span class='ocrx_word' id='word_1_715' title='bbox 2333 4637 2600 4694; x_wconf 87' lang='lat' dir='ltr'><strong>Christus</strong></span> <span class='ocrx_word' id='word_1_716' title='bbox 2627 4638 2888 4710; x_wconf 90' lang='lat' dir='ltr'><strong>increpat</strong></span> <span class='ocrx_word' id='word_1_717' title='bbox 2917 4637 3280 4712; x_wconf 64' lang='lat' dir='ltr'><strong>Judaos,qui</strong></span> <span class='ocrx_word' id='word_1_718' title='bbox 3311 4638 3423 4696; x_wconf 90' lang='lat' dir='ltr'><strong>sibi</strong></span> <span class='ocrx_word' id='word_1_719' title='bbox 3451 4639 3608 4696; x_wconf 89' lang='lat' dir='ltr'><strong>mala</strong></span> <span class='ocrx_word' id='word_1_720' title='bbox 3628 4657 3735 4714; x_wconf 86' lang='lat' dir='ltr'><strong>pro</strong></span> <span class='ocrx_word' id='word_1_721' title='bbox 3758 4641 3860 4697; x_wconf 79' lang='lat' dir='ltr'><strong>bo-</strong></span> 
     </span>
    </p>
   </div>
   <div class='ocr_carea' id='block_1_105' title="bbox 2191 4726 3859 4804">
    <p class='ocr_par' dir='ltr' id='par_1_105' title="bbox 2191 4726 3859 4804">
     <span class='ocr_line' id='line_1_105' title="bbox 2191 4726 3859 4804; baseline 0.002 -22"><span class='ocrx_word' id='word_1_722' title='bbox 2191 4727 2284 4782; x_wconf 88' lang='lat' dir='ltr'><strong>nis</strong></span> <span class='ocrx_word' id='word_1_723' title='bbox 2309 4726 2780 4797; x_wconf 87' lang='lat' dir='ltr'><strong>reddiderunt,et</strong></span> <span class='ocrx_word' id='word_1_724' title='bbox 2804 4726 2967 4784; x_wconf 70' lang='lat' dir='ltr'><strong>Juda:</strong></span> <span class='ocrx_word' id='word_1_725' title='bbox 2995 4732 3171 4802; x_wconf 88' lang='lat' dir='ltr'><strong>atque</strong></span> <span class='ocrx_word' id='word_1_726' title='bbox 3201 4728 3386 4801; x_wconf 89' lang='lat' dir='ltr'><strong>ipsius</strong></span> <span class='ocrx_word' id='word_1_727' title='bbox 3415 4727 3618 4804; x_wconf 90' lang='lat' dir='ltr'><strong>populi</strong></span> <span class='ocrx_word' id='word_1_728' title='bbox 3653 4732 3859 4786; x_wconf 85' lang='lat' dir='ltr'><strong>narrat</strong></span> 
     </span>
    </p>
   </div>
   <div class='ocr_carea' id='block_1_106' title="bbox 2191 4815 2516 4872">
    <p class='ocr_par' dir='ltr' id='par_1_106' title="bbox 2191 4815 2516 4872">
     <span class='ocr_line' id='line_1_106' title="bbox 2191 4815 2516 4872; baseline 0 -2"><span class='ocrx_word' id='word_1_729' title='bbox 2191 4815 2516 4872; x_wconf 90' lang='lat' dir='ltr'><strong>interitum.</strong></span> 
     </span>
    </p>
   </div>
   <div class='ocr_carea' id='block_1_107' title="bbox 2570 4905 3468 4979">
    <p class='ocr_par' dir='ltr' id='par_1_107' title="bbox 2570 4905 3468 4979">
     <span class='ocr_line' id='line_1_107' title="bbox 2570 4905 3468 4979; baseline 0.001 -18"><span class='ocrx_word' id='word_1_730' title='bbox 2570 4906 2686 4961; x_wconf 90' lang='lat' dir='ltr'><strong>TT.</strong></span> <span class='ocrx_word' id='word_1_731' title='bbox 2719 4907 2779 4961; x_wconf 85' lang='lat' dir='ltr'><strong>In</strong></span> <span class='ocrx_word' id='word_1_732' title='bbox 2811 4907 2978 4978; x_wconf 83' lang='lat' dir='ltr'><strong>ﬁnem</strong></span> <span class='ocrx_word' id='word_1_733' title='bbox 3003 4907 3250 4979; x_wconf 86' lang='lat' dir='ltr'><strong>psalmus</strong></span> <span class='ocrx_word' id='word_1_734' title='bbox 3276 4905 3468 4964; x_wconf 84' lang='lat' dir='ltr'><strong>David.</strong></span> 
     </span>
    </p>
   </div>
   <div class='ocr_carea' id='block_1_108' title="bbox 2261 4992 3857 5070">
    <p class='ocr_par' dir='ltr' id='par_1_108' title="bbox 2261 4992 3857 5070">
     <span class='ocr_line' id='line_1_108' title="bbox 2261 4992 3857 5070; baseline 0.001 -20"><span class='ocrx_word' id='word_1_735' title='bbox 2261 4992 2302 5050; x_wconf 90' lang='lat' dir='ltr'><strong>C</strong></span> <span class='ocrx_word' id='word_1_736' title='bbox 2335 4997 2448 5051; x_wconf 76' lang='lat' dir='ltr'><strong>Iste</strong></span> <span class='ocrx_word' id='word_1_737' title='bbox 2471 4993 2738 5068; x_wconf 87' lang='lat' dir='ltr'><strong>psalmus</strong></span> <span class='ocrx_word' id='word_1_738' title='bbox 2767 4995 3107 5052; x_wconf 83' lang='lat' dir='ltr'><strong>referendus</strong></span> <span class='ocrx_word' id='word_1_739' title='bbox 3150 5000 3240 5053; x_wconf 90' lang='lat' dir='ltr'><strong>est</strong></span> <span class='ocrx_word' id='word_1_740' title='bbox 3287 4996 3360 5069; x_wconf 79' lang='lat' dir='ltr'><strong>ad</strong></span> <span class='ocrx_word' id='word_1_741' title='bbox 3410 5011 3610 5070; x_wconf 84' lang='lat' dir='ltr'><strong>regem</strong></span> <span class='ocrx_word' id='word_1_742' title='bbox 3641 5013 3857 5070; x_wconf 82' lang='lat' dir='ltr'><strong>super-</strong></span> 
     </span>
    </p>
   </div>
   <div class='ocr_carea' id='block_1_109' title="bbox 2189 5081 3854 5157">
    <p class='ocr_par' dir='ltr' id='par_1_109' title="bbox 2189 5081 3854 5157">
     <span class='ocr_line' id='line_1_109' title="bbox 2189 5081 3854 5157; baseline 0.001 -19"><span class='ocrx_word' id='word_1_743' title='bbox 2189 5098 2333 5138; x_wconf 90' lang='lat' dir='ltr'><strong>num</strong></span> <span class='ocrx_word' id='word_1_744' title='bbox 2368 5100 2381 5139; x_wconf 90' lang='lat'><strong>:</strong></span> <span class='ocrx_word' id='word_1_745' title='bbox 2415 5081 2694 5155; x_wconf 90' lang='lat' dir='ltr'><strong>quoniam</strong></span> <span class='ocrx_word' id='word_1_746' title='bbox 2724 5099 2930 5140; x_wconf 89' lang='lat' dir='ltr'><strong>omnes</strong></span> <span class='ocrx_word' id='word_1_747' title='bbox 2970 5100 3270 5142; x_wconf 90' lang='lat' dir='ltr'><strong>sermones</strong></span> <span class='ocrx_word' id='word_1_748' title='bbox 3318 5085 3449 5157; x_wconf 88' lang='lat' dir='ltr'><strong>ejus</strong></span> <span class='ocrx_word' id='word_1_749' title='bbox 3491 5084 3747 5142; x_wconf 89' lang='lat' dir='ltr'><strong>tendunt</strong></span> <span class='ocrx_word' id='word_1_750' title='bbox 3776 5084 3854 5141; x_wconf 88' lang='lat' dir='ltr'><strong>ad</strong></span> 
     </span>
    </p>
   </div>
   <div class='ocr_carea' id='block_1_110' title="bbox 2191 5169 2861 5229">
    <p class='ocr_par' dir='ltr' id='par_1_110' title="bbox 2191 5169 2861 5229">
     <span class='ocr_line' id='line_1_110' title="bbox 2191 5169 2861 5229; baseline 0.007 -5"><span class='ocrx_word' id='word_1_751' title='bbox 2191 5169 2488 5228; x_wconf 86' lang='lat' dir='ltr'><strong>Christum</strong></span> <span class='ocrx_word' id='word_1_752' title='bbox 2520 5170 2861 5229; x_wconf 91' lang='lat' dir='ltr'><strong>Dominum.</strong></span> 
     </span>
    </p>
   </div>
   <div class='ocr_carea' id='block_1_111' title="bbox 2189 5260 3330 5319">
    <p class='ocr_par' dir='ltr' id='par_1_111' title="bbox 2189 5260 3330 5319">
     <span class='ocr_line' id='line_1_111' title="bbox 2189 5260 3330 5319; baseline 0.002 -2"><span class='ocrx_word' id='word_1_753' title='bbox 2189 5260 2212 5317; x_wconf 75' lang='grc'><strong>4</strong></span> <span class='ocrx_word' id='word_1_754' title='bbox 2329 5261 2468 5316; x_wconf 82' lang='lat' dir='ltr'><strong>Deus</strong></span> <span class='ocrx_word' id='word_1_755' title='bbox 2499 5260 2719 5318; x_wconf 87' lang='lat' dir='ltr'><strong>laudem</strong></span> <span class='ocrx_word' id='word_1_756' title='bbox 2745 5277 2923 5318; x_wconf 89' lang='lat' dir='ltr'><strong>meam</strong></span> <span class='ocrx_word' id='word_1_757' title='bbox 2949 5277 3020 5318; x_wconf 84' lang='lat' dir='ltr'><strong>ne</strong></span> <span class='ocrx_word' id='word_1_758' title='bbox 3049 5263 3286 5318; x_wconf 88' lang='lat' dir='ltr'><strong>tacueris</strong></span> <span class='ocrx_word' id='word_1_759' title='bbox 3316 5280 3330 5319; x_wconf 89' lang='lat'><strong>:</strong></span> 
     </span>
    </p>
   </div>
   <div class='ocr_carea' id='block_1_112' title="bbox 2328 5349 3851 5424">
    <p class='ocr_par' dir='ltr' id='par_1_112' title="bbox 2328 5349 3851 5424">
     <span class='ocr_line' id='line_1_112' title="bbox 2328 5349 3851 5424; baseline 0.001 -20"><span class='ocrx_word' id='word_1_760' title='bbox 2328 5349 2471 5418; x_wconf 80' lang='lat' dir='ltr'><strong>Quia</strong></span> <span class='ocrx_word' id='word_1_761' title='bbox 2498 5365 2556 5406; x_wconf 91' lang='lat' dir='ltr'><strong>os</strong></span> <span class='ocrx_word' id='word_1_762' title='bbox 2580 5351 2884 5422; x_wconf 79' lang='lat' dir='ltr'><strong>peccatoris</strong></span> <span class='ocrx_word' id='word_1_763' title='bbox 2903 5353 2957 5406; x_wconf 88' lang='lat' dir='ltr'><strong>et</strong></span> <span class='ocrx_word' id='word_1_764' title='bbox 2983 5349 3160 5408; x_wconf 79' lang='lat' dir='ltr'><strong>dolosi</strong></span> <span class='ocrx_word' id='word_1_765' title='bbox 3176 5368 3342 5424; x_wconf 85' lang='lat' dir='ltr'><strong>super</strong></span> <span class='ocrx_word' id='word_1_766' title='bbox 3358 5368 3446 5408; x_wconf 88' lang='lat' dir='ltr'><strong>me</strong></span> <span class='ocrx_word' id='word_1_767' title='bbox 3470 5356 3725 5424; x_wconf 87' lang='lat' dir='ltr'><strong>apertum</strong></span> <span class='ocrx_word' id='word_1_768' title='bbox 3741 5356 3851 5407; x_wconf 78' lang='lat' dir='ltr'><strong>est.</strong></span> 
     </span>
    </p>
   </div>
   <div class='ocr_carea' id='block_1_113' title="bbox 2253 5437 3858 5509">
    <p class='ocr_par' dir='ltr' id='par_1_113' title="bbox 2253 5437 3858 5509">
     <span class='ocr_line' id='line_1_113' title="bbox 2253 5437 3858 5509; baseline 0.002 -17"><span class='ocrx_word' id='word_1_769' title='bbox 2253 5441 2294 5492; x_wconf 91' lang='lat' dir='ltr'><strong>C</strong></span> <span class='ocrx_word' id='word_1_770' title='bbox 2325 5437 2606 5494; x_wconf 90' lang='lat' dir='ltr'><strong>Dominus</strong></span> <span class='ocrx_word' id='word_1_771' title='bbox 2625 5437 2890 5495; x_wconf 87' lang='lat' dir='ltr'><strong>Salvator</strong></span> <span class='ocrx_word' id='word_1_772' title='bbox 2910 5439 3233 5495; x_wconf 89' lang='lat' dir='ltr'><strong>secundum</strong></span> <span class='ocrx_word' id='word_1_773' title='bbox 3256 5439 3710 5509; x_wconf 88' lang='lat' dir='ltr'><strong>humanitatem,</strong></span> <span class='ocrx_word' id='word_1_774' title='bbox 3727 5439 3858 5496; x_wconf 82' lang='lat' dir='ltr'><strong>lau-</strong></span> 
     </span>
    </p>
   </div>
   <div class='ocr_carea' id='block_1_114' title="bbox 2181 5527 3851 5600">
    <p class='ocr_par' dir='ltr' id='par_1_114' title="bbox 2181 5527 3851 5600">
     <span class='ocr_line' id='line_1_114' title="bbox 2181 5527 3851 5600; baseline 0.001 -17"><span class='ocrx_word' id='word_1_775' title='bbox 2181 5528 2314 5584; x_wconf 91' lang='lat' dir='ltr'><strong>dem</strong></span> <span class='ocrx_word' id='word_1_776' title='bbox 2329 5527 2770 5585; x_wconf 88' lang='lat' dir='ltr'><strong>resurrectionis</strong></span> <span class='ocrx_word' id='word_1_777' title='bbox 2783 5545 2900 5585; x_wconf 60' lang='lat' dir='ltr'><strong>suae</strong></span> <span class='ocrx_word' id='word_1_778' title='bbox 2914 5529 3062 5600; x_wconf 89' lang='lat' dir='ltr'><strong>petit</strong></span> <span class='ocrx_word' id='word_1_779' title='bbox 3074 5545 3190 5585; x_wconf 92' lang='lat' dir='ltr'><strong>non</strong></span> <span class='ocrx_word' id='word_1_780' title='bbox 3207 5530 3619 5598; x_wconf 89' lang='lat' dir='ltr'><strong>taceri,dicens</strong></span> <span class='ocrx_word' id='word_1_781' title='bbox 3635 5547 3647 5586; x_wconf 92' lang='lat'><strong>:</strong></span> <span class='ocrx_word' id='word_1_782' title='bbox 3663 5529 3851 5598; x_wconf 85' lang='lat' dir='ltr'><strong>Deus,</strong></span> 
     </span>
    </p>
   </div>
   <div class='ocr_carea' id='block_1_115' title="bbox 415 5603 3852 5696">
    <p class='ocr_par' dir='ltr' id='par_1_115' title="bbox 415 5603 3852 5696">
     <span class='ocr_line' id='line_1_115' title="bbox 415 5603 3852 5696; baseline 0.004 -32"><span class='ocrx_word' id='word_1_783' title='bbox 415 5603 577 5674; x_wconf 70' lang='lat' dir='ltr'><strong>ren‘a.</strong></span> <span class='ocrx_word' id='word_1_784' title='bbox 601 5605 644 5665; x_wconf 90' lang='lat' dir='ltr'><strong>C</strong></span> <span class='ocrx_word' id='word_1_785' title='bbox 697 5606 1028 5670; x_wconf 85' lang='lat' dir='ltr'><strong>Extendens</strong></span> <span class='ocrx_word' id='word_1_786' title='bbox 1085 5609 1568 5689; x_wconf 88' lang='lat' dir='ltr'><strong>calceamentum,</strong></span> <span class='ocrx_word' id='word_1_787' title='bbox 1617 5613 1675 5672; x_wconf 90' lang='lat' dir='ltr'><strong>id</strong></span> <span class='ocrx_word' id='word_1_788' title='bbox 1737 5618 1846 5684; x_wconf 79' lang='lat' dir='ltr'><strong>est,</strong></span> <span class='ocrx_word' id='word_1_789' title='bbox 1878 5613 2068 5692; x_wconf 83' lang='lat' dir='ltr'><strong>legem</strong></span> <span class='ocrx_word' id='word_1_790' title='bbox 2181 5616 2415 5676; x_wconf 87' lang='lat' dir='ltr'><strong>laudem</strong></span> <span class='ocrx_word' id='word_1_791' title='bbox 2441 5632 2634 5678; x_wconf 87' lang='lat' dir='ltr'><strong>meam</strong></span> <span class='ocrx_word' id='word_1_792' title='bbox 2661 5633 2734 5676; x_wconf 90' lang='lat' dir='ltr'><strong>ne</strong></span> <span class='ocrx_word' id='word_1_793' title='bbox 2765 5616 3039 5693; x_wconf 86' lang='lat' dir='ltr'><strong>tacueris,</strong></span> <span class='ocrx_word' id='word_1_794' title='bbox 3073 5618 3132 5676; x_wconf 91' lang='lat' dir='ltr'><strong>id</strong></span> <span class='ocrx_word' id='word_1_795' title='bbox 3162 5621 3272 5690; x_wconf 88' lang='lat' dir='ltr'><strong>est,</strong></span> <span class='ocrx_word' id='word_1_796' title='bbox 3306 5636 3380 5678; x_wconf 88' lang='lat' dir='ltr'><strong>ne</strong></span> <span class='ocrx_word' id='word_1_797' title='bbox 3411 5624 3604 5678; x_wconf 86' lang='lat' dir='ltr'><strong>tacere</strong></span> <span class='ocrx_word' id='word_1_798' title='bbox 3639 5618 3852 5696; x_wconf 65' lang='lat' dir='ltr'><strong>facias,</strong></span> 
     </span>
    </p>
   </div>
  </div>
