4068 6160
463 377 590 445 103

470 515 534 592 11
567 580 577 586 _
613 515 732 573 Non
757 516 835 572 sit
861 513 951 570 an
971 511 1190 588 adjutor
1217 530 1236 567 .-

610 605 718 663 Nec
743 606 814 662 sit
841 597 939 678 qui
965 604 1290 659 misereatur
1315 599 1546 673 pupillis
1573 599 1710 671 ejus.

538 695 586 752 H
616 694 744 752 Non
774 693 852 750 sit
879 691 962 748 illi
993 691 1246 762 adjutor.
1279 688 1384 746 Illo
1414 693 1674 761 tempore
1699 685 1904 744 habuit
1933 703 2117 760 popu-

465 783 562 842 lus
578 777 922 842 Judteorum'
939 777 1534 852 adjutorem,quando
1548 777 1659 832 fuit
1680 776 1740 832 in
1762 775 2118 850 Babylonica

463 871 795 950 captivitate
825 867 1199 942 septuaginta
1228 865 1420 935 annis,
1445 865 1655 922 habuit
1683 865 1842 922 enim
1863 864 1944 922 ibi
1975 866 2116 922 Eze-

463 955 612 1032 chiel
645 965 702 1018 et
729 954 934 1016 Daniel
962 956 1307 1032 prophetas:
1324 961 1380 1012 et
1409 956 1678 1030 quamvis
1700 959 1841 1011 tunc
1863 955 2119 1012 colerent

463 1047 638 1118 idola,
671 1053 871 1107 tamen
897 1064 1100 1106 eorum
1131 1047 1286 1103 Deus
1316 1045 1900 1101 miserebatur.l\'unc
1920 1049 2116 1100 autem

465 1135 876 1215 quadringenti
905 1136 1046 1194 anni
1076 1138 1218 1192 sunt
1247 1153 1282 1190 a
1309 1133 1524 1192 Christi
1567 1133 1879 1202 occisione,
1913 1137 1970 1190 et
2001 1150 2117 1188 non

465 1223 665 1304 colunt
692 1225 888 1286 idola:
925 1242 1105 1300 quare
1153 1223 1466 1296 dereliquit
1510 1239 1610 1278 eos
1639 1222 1949 1290 Dominus,
1981 1219 2120 1294 quia

465 1300 765 1378 Christum
795 1315 1154 1381 occiderunt,
1189 1317 1246 1369 et
1273 1311 1402 1368 ideo
1453 1328 1568 1367 non
1616 1315 1707 1366 est
1745 1311 1831 1366 eis
1862 1309 2116 1382 adjutor.

467 1408 510 1468 ϐ
535 1399 748 1488 i‘upil‘li
777 1422 910 1462 vero
941 1403 1080 1459 dicti
1111 1406 1250 1459 sunt
1281 1399 1448 1474 quasi
1480 1398 1817 1472 pusilli,qui
1839 1397 2120 1474 parvitate

471 1492 659 1554 artatis
689 1496 762 1552 ad
794 1509 858 1550 se
886 1492 1171 1566 regendos
1203 1490 1526 1564 probantur
1555 1488 1797 1544 infirmi.

475 1583 550 1643 12'
614 1581 775 1642 Fiant
803 1583 927 1652 nati
956 1579 1072 1654 ejus
1098 1581 1156 1636 in
1188 1581 1476 1636 interitum
1507 1597 1525 1633 :

546 1669 552 1678 ’
613 1677 682 1731 1n
711 1672 1061 1744 generatione
1090 1685 1202 1724 una
1229 1667 1478 1725 deleatur
1502 1683 1697 1723 nomen
1727 1668 1860 1740 ejus.

545 1764 592 1820 Η
623 1763 667 1822 0
697 1760 1026 1836 prophetia,
1050 1777 1083 1816 ο
1114 1761 1549 1815 sacramentum
1581 1755 1920 1830 prOphetiaa!
1945 1753 2004 1810 in
2028 1771 2124 1828 ge-

474 1853 773 1910 neratione
793 1867 912 1907 una
929 1848 1193 1936 deleatur
1212 1863 1424 1903 nomen
1445 1845 1782 1902 Judteorum
1804 1863 1816 1902 :
1842 1847 1974 1918 post
1995 1860 2124 1918 pas-
2152 1881 2204 1952 Β

474 1943 699 2013 sionem
739 1937 970 1996 Domini
1003 1927 1394 2011 quadraginta
1422 1935 1537 1990 duo
1569 1933 1709 1991 anni
1739 1933 2121 2002 transierunt,

472 2033 531 2090 et
555 2029 808 2109 populus
836 2022 935 2084 ille
967 2023 1196 2084 deletus
1225 2029 1338 2091 est,
1370 2040 1436 2081 ac
1463 2022 1865 2096 Hierosolyma
1894 2023 2122 2078 destru-

475 2123 568 2178 cta
598 2123 718 2176 est:
737 2115 837 2174 sed
861 2115 920 2172 in
947 2112 1058 2173 hoc
1079 2113 1393 2171 clementia
1427 2113 1523 2171 Dei
1549 2117 1695 2180 erat,
1721 2111 2126 2184 quiaquadrao

474 2211 640 2284 ginta
668 2207 818 2262 duos
848 2221 1034 2262 annos
1060 2202 1220 2260 dedit
1249 2201 1333 2259 eis
1365 2202 1436 2258 ad
1468 2201 1892 2274 paenitendum,
1925 2204 2128 2274 postea

475 2285 677 2354 nullus
707 2291 999 2354 remansit
1017 2309 1086 2349 ex
1114 2291 1200 2348 eis
1229 2290 1290 2346 in
1322 2289 1424 2346 illa
1454 2289 1708 2362 regione.

475 2385 547 2444 48
619 2383 680 2440 1η
732 2380 1056 2439 memoriam
1104 2381 1290 2437 redeat
1337 2381 1602 2452 iniquitas
1651 2387 1879 2451 patrum
1922 2379 2038 2450 ejus
2068 2379 2124 2433 in

691 2477 973 2545 conspectu
997 2470 1222 2528 Domini
1243 2489 1262 2525 .-

619 2565 686 2621 Et
713 2569 994 2636 peccatum
1017 2560 1212 2616 matris
1241 2559 1361 2630 ejus
1388 2574 1498 2614 non
1525 2556 1788 2614 deleatur.

550 2653 598 2710 ll
626 2651 810 2708 Judas
855 2647 1243 2715 maledicitur,
1276 2651 1341 2703 ut
1370 2647 1429 2702 in
1458 2647 1490 2702 J
1499 2646 1614 2702 uda
1643 2645 1828 2702 Judaei
1878 2643 2126 2701 maledi-

478 2743 709 2798 cantur.
727 2740 1117 2815 Peccaverunt
1135 2735 1321 2792 Judaei
1353 2735 1410 2791 in
1436 2736 1686 2802 deserto,
1711 2734 1812 2792 sed
1835 2734 1989 2790 Deus
2009 2733 2128 2790 illis

479 2824 724 2897 dimisit,
758 2844 913 2884 nunc
944 2828 1314 2900 precatur,ut
1337 2823 1454 2880 illis
1487 2827 1792 2896 reputetur
1809 2823 1965 2895 quod
1987 2827 2127 2878 tunc

477 2913 815 2994 peccarunt,
850 2917 1132 2988 tanquam
1165 2931 1380 2971 novum
1411 2911 1624 2982 scelus,
1650 2913 1710 2968 in
1741 2912 2127 2968 interitum.C

476 3003 787 3081 Peccatum
819 3003 1074 3081 matris:
1105 3007 1194 3060 est
1223 3007 1362 3059 nota
1411 3002 1757 3076 protervitas
1799 3018 2124 3076 synagogas,

477 3114 606 3172 qua:
638 3075 953 3172 prophetas
985 3075 1198 3150 occidit
1229 3109 1243 3148 :
1277 3095 1334 3148 et
1385 3075 1454 3148 ex
1511 3090 1612 3146 illa
1667 3095 1828 3164 parte
1875 3075 2128 3164 genitrix

475 3177 792 3272 proditoris
821 3184 976 3240 dicta
1003 3186 1112 3252 est,
1145 3181 1286 3255 quia
1331 3179 1733 3238 innocentium
1777 3179 2125 3253 sanguinem

1373 375 1440 439 S.
1485 373 1885 440 BRUNONIS
1927 371 2548 440 HERBIPOLENSIS
2591 375 2976 440 EPISCOPI.

2147 509 2202 580 Α
2230 515 2328 566 tur
2359 527 2372 568 :
2410 515 2477 568 ut
2503 511 2798 584 Stephano
2827 513 2888 566 et
2917 507 3092 567 Paulo
3121 511 3182 565 et
3211 505 3339 564 aliis
3363 522 3517 580 quos
3539 503 3728 563 Judzei
3759 521 3892 579 per-

3767 372 3893 434 404

2223 601 2409 658 secuti
2439 606 2579 658 sunt
2607 601 2667 656 in
2694 599 2946 656 Christo.

2226 690 2294 746 16
2364 692 2431 746 Et
2457 690 2655 746 dilexit
2683 687 3144 758 maledictionem,
3169 691 3224 745 et
3247 688 3427 744 veniet
3449 687 3508 742 ei
3538 703 3552 742 :

2364 780 2427 835 Et
2455 780 2638 834 noluit
2661 777 3112 846 benedictionem,
3142 785 3198 833 et
3225 775 3580 847 elongabitur
3606 775 3676 831 ab
3700 791 3786 832 eo.

2295 868 2336 924 C
2368 867 2573 924 Adhuc
2605 869 2676 924 de
2708 867 2930 940 perfido
2963 865 3179 940 populo
3211 864 3544 938 dicitzquia
3560 864 3900 921 dilexitma-

2226 955 2615 1025 ledictionem,
2649 955 2884 1028 quando
2923 955 3039 1012 ait:
3063 955 3318 1028 Sanguis
3347 955 3479 1026 ejus
3510 971 3692 1027 super
3709 970 3826 1010 nos
3843 959 3898 1010 et

2227 1061 2404 1117 super
2454 1044 2605 1101 filios
2663 1049 2900 1101 nostros
2933 1044 3142 1117 (Matth.
3174 1045 3372 1112 xxvn).
3403 1040 3606 1098 Noluit
3651 1041 3895 1098 benedi-

2227 1133 2479 1190 ctionem
2515 1151 2527 1190 :
2561 1134 2798 1206 quando
2829 1135 2902 1190 ab
2943 1131 3274 1189 illuminato
3324 1132 3554 1188 dictum
3609 1135 3714 1188 est‘
3749 1129 3891 1202 illis,

2227 1223 2508 1295 Nunquid
2533 1227 2589 1279 et
2612 1239 2713 1280 vos
2735 1222 2914 1279 vultis
2936 1221 3209 1295 discipuli
3230 1223 3358 1294 ejus
3379 1221 3505 1276 ﬁeri
3529 1223 3557 1276 Τ
3577 1225 3768 1290 (Joan.
3791 1226 3894 1290 Ix.)

2225 1309 2396 1367 Atilli
2423 1311 2616 1384 (quasi
2637 1311 2748 1368 sub
2787 1311 3096 1368 maledicto
3128 1311 3411 1367 acerrimo
3444 1309 3769 1382 provocati)
3804 1311 3892 1366 di-

2229 1399 2460 1470 cebant,
2484 1401 2571 1456 Tu
2593 1401 2676 1456 sis
2697 1399 3023 1472 discipulus
3042 1400 3312 1471 cjus,nos
3329 1403 3527 1454 autem
3553 1399 3891 1472 Moysi.0uo

2229 1489 2406 1555 dicto,
2431 1489 2774 1562 prolongata
2802 1494 2891 1545 est
2921 1489 2992 1545 ab
3025 1489 3112 1545 eis
3141 1485 3493 1556 benedictio,
3515 1489 3760 1560 quando
3777 1487 3892 1544 illis

2231 1577 2525 1634 derelictis
2553 1578 2712 1634 venit
2741 1577 2814 1633 ad
2844 1577 3108 1650 gentium
3142 1578 3338 1633 ﬁdem.

2235 1667 2301 1722 17
2373 1668 2438 1722 Et
2467 1667 2650 1723 induit
2679 1667 3116 1724 maledictionem
3145 1668 3287 1722 sicut
3314 1669 3699 1722 vestimentum
3733 1685 3748 1723 :

2443 1762 2496 1812 et
2530 1757 2760 1813 intravit
2786 1757 2928 1812 sicut
2957 1771 3103 1828 aqua
3133 1758 3194 1812 in
3225 1757 3493 1812 interiora
3514 1757 3657 1829 ejus.

2374 1847 2440 1901 Et
2466 1847 2610 1902 sicut
2635 1847 2815 1902 oleum
2847 1847 2908 1900 in
2935 1845 3148 1903 ossibus
3176 1845 3316 1917 ejus.

2304 1934 2345 1990 C
2375 1935 2570 1991 Induit
2597 1953 2659 1990 se
2689 1934 3003 2008 praedictus
3027 1933 3282 2008 populus
3305 1933 3720 1992 maledic-tione
3743 1935 3900 1992 sicut

2232 2024 2611 2082 vestimento:
2636 2025 2894 2098 quando,
2927 2023 3245 2096 instigante
3274 2023 3896 2091 diabolo,consensum

2235 2113 2503 2186 praebuit,
2519 2117 2584 2169 ut
2602 2113 2913 2169 Dominum
2947 2113 3152 2168 Pontio
3175 2111 3360 2168 Pilato
3383 2113 3618 2169 tradere
3649 2111 3897 2170 maluis-

2235 2206 2342 2258 set.
2378 2201 2461 2258 lbi
2491 2201 2648 2258 enim
2681 2201 2927 2258 indutus
2971 2206 3062 2258 est
3113 2200 3282 2274 quasi
3331 2217 3507 2258 onere
3536 2203 3725 2259 vestis
3758 2219 3773 2257 :
3801 2203 3898 2258 ubi

2235 2289 2336 2346 tali
2365 2290 2663 2347 voluntate
2694 2307 2755 2348 se
2787 2289 3043 2347 involvit.
3080 2290 3324 2346 Intravit
3369 2307 3506 2347 vero
3554 2292 3713 2348 sicut
3743 2307 3897 2364 aqua

2237 2378 2596 2436 maledictio:
2621 2381 2856 2453 quando
2879 2379 3222 2436 deliberavit
3242 2378 3614 2453 facere,quod
3631 2381 3694 2437 ei
3709 2380 3896 2438 fuerat

2235 2467 2616 2542 iniquissima
2645 2467 3029 2541 inspiratione
3064 2472 3430 2542 suggestum,
3465 2469 3708 2541 quando
3739 2469 3895 2526 enim

2235 2574 2390 2630 aqua
2407 2557 2728 2614 visceribus
2749 2556 3002 2614 infirmis
3014 2557 3901 2632 recipitur,semperingreditur

2235 2647 2309 2702 ad
2341 2647 2690 2704 nocendum.
2725 2646 2930 2704 Oleum
2978 2647 3071 2704 hic
3111 2647 3405 2721 signiﬁcat
3445 2647 3898 2706 delectationem

2237 2735 2511 2792 facinoris
2544 2753 2557 2791 ε
2591 2735 2746 2791 unde
2775 2740 2832 2792 et
2861 2736 3030 2792 tertio
3072 2735 3304 2792 inﬂuxit
3351 2735 3642 2810 iniquitas
3670 2737 3734 2794 in
3767 2754 3900 2795 ossa

2236 2829 2304 2880 ut
2333 2824 2526 2881 oleum
2555 2825 2788 2898 quando
2817 2825 3093 2882 ell'ectum
3125 2825 3207 2882 rei
3232 2825 3496 2882 inaudita
3518 2827 3897 2901 perversitate

2236 2913 2565 2986 complevit,
2599 2918 2666 2970 ut
2703 2915 2830 2986 jam
2879 2932 2996 2971 non
3029 2914 3087 2970 in
3121 2913 3400 2971 interiora
3431 2913 3634 2972 solum
3677 2915 3900 2984 carnis,

2237 3003 2338 3059 sed
2371 3003 2546 3058 etiam
2576 3004 2801 3060 ossium
2831 3003 3074 3061 venerit.

2239 3094 2306 3148 18
2379 3093 2501 3150 Fiat
2520 3095 2574 3148 ei
2598 3094 2742 3150 sicut
2771 3096 3153 3150 vestimentum
3177 3110 3280 3166 quo
3309 3095 3556 3167 operitur
3589 3109 3607 3149 :

2380 3183 2445 3238 Et
2469 3183 2612 3238 sicut
2640 3199 2779 3240 zona
2806 3200 2917 3256 qua
2941 3199 3154 3256 semper
3175 3184 3570 3256 praecingitur.

479 3251 662 3343 ludit:
689 3291 805 3331 non
827 3269 1016 3330 exilia
1037 3251 1201 3344 parte
1221 3271 1350 3343 ejus
1372 3273 1560 3326 mater
1582 3269 1816 3336 dicitur,
1839 3251 1958 3342 qua
1973 3267 2126 3324 viros
2157 3251 2202 3323 C
2308 3269 2350 3326 C
2379 3271 2568 3344 SUpra
2599 3271 2745 3327 dixit
2776 3251 2984 3340 induit,
3009 3251 3450 3346 quod'pertinet
3481 3273 3560 3329 ad
3591 3273 3858 3330 tunicam
3882 3290 3898 3328 :

480 3365 716 3444 sanctos
747 3360 1123 3435 protulit,sed
1141 3361 1364 3433 qua(ut
1382 3360 1606 3415 dictum
1637 3359 1746 3430 est)
1780 3357 2126 3432 sanguinem

369 3483 391 3508 ο
479 3449 661 3507 fudit:
683 3450 742 3506 in
765 3465 883 3522 qua
904 3452 1064 3522 parte
1092 3465 1218 3504 eam
1251 3447 1432 3503 Judas
1463 3452 1529 3504 ut
1556 3446 1712 3503 ﬁlius
1730 3447 1994 3504 imitatus
2014 3449 2124 3503 est.

477 3539 553 3595 ’14
625 3538 794 3596 Fiant
821 3545 1010 3594 contra
1037 3539 1330 3593 Dominum
1375 3552 1602 3608 semper.
1637 3537 1700 3591 Et
1743 3536 2010 3608 dispereat
2063 3535 2128 3591 de

691 3632 845 3684 terra
872 3627 1136 3682 memoria
1166 3641 1354 3681 eorum
1381 3641 1395 3680 :

619 3723 732 3774 Pro
759 3732 822 3773 eo
851 3714 992 3788 quod
1019 3730 1131 3770 non
1174 3721 1252 3770 est
1302 3713 1612 3770 recordatus
1665 3715 1846 3784 facere
1900 3715 2123 3770 miseri-

688 3804 950 3861 eordiam.

544 3893 586 3951 C
615 3891 789 3951 Fiunt
808 3907 944 3966 ergo
967 3893 1301 3966 peccatores
1322 3893 1524 3946 contra
1543 3889 1857 3946 Dominum
1870 3907 2120 3964 semper,

470 3982 706 4058 quando
737 3979 810 4038 de
840 3997 1018 4056 regno
1065 3979 1194 4056 ejus
1245 3977 1503 4046 alienati,
1533 3983 1591 4034 et
1619 3979 1690 4034 ab
1721 3995 1788 4036 eo
1837 3979 2030 4051 divisi,
2061 3980 2122 4035 in

463 4063 799 4148 gehennam
837 4069 1108 4128 mittendi
1144 4072 1304 4137 sunt,
1339 4085 1475 4124 nam
1507 4084 1642 4124 cum
1675 4067 1771 4124 ille
1801 4068 1879 4124 sit
1907 4073 2122 4125 aeterna

465 4157 786 4231 beatitudo,
813 4161 1020 4216 contra
1050 4157 1246 4232 ipsum
1278 4156 1559 4213 dicuntur
1579 4155 1724 4224 fieri,
1749 4157 1847 4230 qui
1881 4158 2122 4231 perenni

465 4243 687 4308 ultione
717 4243 1367 4320 damnantur.Disperit
1387 4249 1582 4302 autem
1606 4246 1890 4302 memoria
1917 4264 2120 4304 eorum

465 4341 540 4396 de
567 4339 723 4396 terra
745 4337 1062 4410 viventium
1097 4354 1110 4392 :
1143 4335 1244 4410 qui
1275 4336 1332 4391 in
1365 4335 1536 4392 beata
1564 4336 1755 4408 patria
1786 4351 1900 4392 non
1927 4336 2122 4392 viden-

464 4429 582 4496 tur,
617 4443 724 4483 nec
755 4409 937 4482 tiliam
969 4409 1216 4482 ulterius
1250 4423 1712 4480 misericordiam
1745 4441 2120 4498 consequun-

465 4519 581 4591 tur.
601 4513 711 4571 Pro
739 4515 990 4591 eoiquod
1021 4531 1135 4570 non
1166 4519 1274 4582 est,
1299 4517 1411 4570 etc.
1435 4513 1587 4569 Dicit
1615 4531 1854 4570 causam
1877 4513 2119 4571 ultionis

2237 3375 2393 3415 nunc
2425 3359 2565 3416 dicit
2595 3361 2874 3434 operitur,
2908 3362 3064 3434 quod
3095 3360 3322 3418 videtur
3352 3361 3534 3436 pallio
3563 3363 3897 3419 convenire.

2238 3448 2546 3506 Geminata
2591 3451 2749 3506 enim
2797 3450 2974 3507 vestis
3021 3450 3316 3524 significat
3354 3468 3533 3508 onera
3565 3452 3899 3526 ingentium

2235 3542 2627 3610 peccatorum.
2643 3539 2712 3594 Et
2735 3539 3049 3596 sicutzona
3069 3557 3188 3613 qua
3216 3557 3448 3612 semper
3479 3541 3895 3614 prascingitur:

2235 3642 2353 3698 qua
2375 3625 2762 3686 similitudine
2784 3628 3038 3696 dieit,sic
3053 3629 3306 3702 peccatis
3326 3627 3699 3702 illigantibus
3713 3629 3898 3686 fuisse

2234 3713 2419 3772 iatum
2443 3715 2724 3788 populum
2749 3717 3225 3788 constrictum,ut
3237 3734 3544 3790 nunquam
3565 3737 3602 3774 a
3623 3719 3751 3774 suis
3763 3735 3896 3775 one—

2235 3803 2399 3860 ribus
2419 3803 2831 3863 obstinationis
2848 3805 3097 3879 perﬁdia
3115 3811 3389 3878 gravatus
3412 3811 3747 3863 exueretur.
3763 3805 3896 3863 Istae

2233 3897 2422 3949 vestes
2452 3897 2610 3960 sunt,
2643 3911 2769 3966 quae
2802 3895 3205 3966 peccatoribus
3257 3894 3460 3952 ardere
3493 3895 3742 3962 faciunt,
3777 3912 3894 3951 non

2232 3980 2457 4038 calere:
2491 3998 2619 4054 qua:
2651 3981 2710 4037 in
2741 3983 3043 4038 flammam
3075 3981 3337 4052 mittunt,
3355 3999 3472 4039 non
3505 4001 3540 4038 a
3568 3983 3784 4057 frigore
3801 3983 3896 4038 de-

2233 4071 2367 4152 tend
2377 4076 2502 4128 unt.

2233 4161 2302 4216 19
2372 4163 2482 4217 Hoc
2509 4177 2641 4232 opus
2681 4177 2867 4218 eorum
2927 4164 3027 4234 qui
3072 4161 3368 4217 detrahunt
3423 4161 3568 4217 mihi
3619 4162 3766 4235 apud
3794 4164 3897 4219 Do-

2445 4251 2660 4305 minam
2691 4267 2708 4304 :

2371 4341 2437 4394 Et
2465 4339 2562 4410 qui
2591 4339 2894 4410 loquuntur
2920 4340 3072 4395 mala
3119 4338 3376 4396 adversus
3403 4340 3665 4394 animam
3691 4356 3889 4396 mm.

2299 4427 2340 4483 C
2369 4427 2533 4482 Hunc
2563 4443 2796 4483 versum
2829 4445 2943 4484 non
2977 4427 3168 4485 solum
3201 4431 3407 4484 contra
3435 4427 3695 4496 Judzeos,
3715 4429 3814 4485 sed
3835 4432 3896 4485 et

2219 4511 2431 4572 contra
2451 4531 2656 4572 omnes
2678 4517 2932 4588 perfidos
2949 4517 3234 4574 debemus
3256 4515 3539 4589 accipere.
3564 4515 3896 4574 Detrahunt

456 4581 1132 4677 j'ustissimaazquoniam
1161 4603 1436 4676 pietatem
1470 4619 1585 4658 non
1619 4606 1806 4674 potest
1835 4603 2114 4673 invenire,
2148 4627 2196 4692 Β
2229 4604 2384 4659 enim
2417 4602 2560 4660 Filio
2591 4604 2745 4676 apud
2780 4604 3008 4661 Patrem
3038 4605 3260 4673 Ariani,
3293 4605 3395 4678 qui
3425 4623 3578 4690 eum’
3601 4605 3894 4662 minorem

463 4691 564 4768 qui
579 4708 708 4750 eam
741 4691 872 4749 aliis
898 4691 1221 4748 contemnit
1250 4690 1728 4762 impendere,per
1756 4689 2114 4762 singularem
2148 4689 2185 4692 “
2227 4707 2360 4748 esse
2405 4691 2628 4748 dicunt.
2665 4693 3012 4766 Loquuntur
3039 4699 3097 4750 et
3126 4694 3280 4750 mala
3311 4689 3600 4751 adversus
3631 4696 3894 4751 animam

458 4773 594 4840 vero
615 4777 952 4849 numerum,
968 4795 1082 4836 non
1105 4777 1302 4853 ipsum
1325 4778 1539 4835 Judam
1563 4776 1780 4845 solum,
1802 4779 1902 4844 sed
1927 4783 2114 4834 totum

459 4870 742 4946 populum
771 4871 832 4927 in
861 4867 1026 4928 Judaa
1057 4867 1269 4925 delicto
1301 4883 1484 4924 unum
1520 4866 1804 4922 debemus
1833 4866 2116 4940 accipere.

459 4957 528 5015 f5
598 4961 666 5016 Et
690 4967 1003 5032 persecutus
1031 4965 1108 5016 est
1138 4959 1413 5014 hominem
1439 4958 1654 5028 inopem
1682 4964 1732 5012 et
1759 4955 2074 5012 mendicum
2100 4975 2119 5012 :

599 5049 666 5103 Et
693 5037 1074 5122 compunctum
1097 5048 1255 5105 corde
1283 5048 1634 5119 mortiﬁcare.

527 5135 569 5191 C
599 5135 757 5192 More
778 5142 975 5194 autem
998 5154 1106 5194 suo
1129 5153 1444 5210 pauperem
1473 5153 1535 5191 se
1561 5135 1850 5192 Dominus
1871 5138 1930 5190 et
1952 5151 2120 5190 men-

455 5223 654 5280 dicum
681 5239 810 5282 esse
843 5231 1164 5282 memorat:
1199 5225 1505 5282 mendicus
1531 5225 1602 5280 de
1634 5223 2025 5291 nostro,dives
2041 5223 2113 5280 de

465 5313 594 5369 suo.
625 5294 1126 5385 H‘Compunclum
1155 5315 1325 5370 corde
1360 5332 1372 5370 :
1407 5319 1471 5370 ut
1502 5314 1560 5368 in
1591 5312 1904 5385 Evangelia
1939 5329 1952 5368 :
1987 5312 2112 5368 Tri-

461 5399 570 5457 stis
602 5397 691 5457 est
719 5402 918 5458 anima
947 5418 1076 5457 mea
1105 5419 1291 5474 usque
1317 5403 1388 5458 ad
1422 5407 1670 5458 mortem
1703 5401 2110 5474 (Matth.xxv1).

463 5487 648 5547 Aliter
681 5507 695 5546 :
729 5489 840 5546 hoc
864 5489 1157 5556 dolebant,
1182 5491 1320 5562 quia
1349 5509 1486 5547 eum
1519 5496 1932 5564 persequentes
1963 5489 2117 5547 nole-

455 5579 1027 5654 bantpmnitentiam
1059 5595 1247 5652 agere.
1283 5582 1320 5636 Α
1353 5580 1393 5634 C
1420 5580 1545 5647 Vel,
1581 5579 1721 5652 quia
1744 5582 2115 5653 aompunctio

458 5669 699 5744 proprio
730 5669 802 5726 de
831 5669 1086 5742 peccatis
1116 5671 1222 5738 est,
1251 5669 1322 5725 de
1353 5668 1561 5726 Christi
1595 5667 1878 5726 membris
1913 5669 2116 5744 accipi~

2232 4779 2466 4837 Domini
2499 4781 3058 4856 Apollinaristaz,qui
3082 4783 3286 4839 dicunt
3315 4784 3446 4856 ejus
3475 4784 3751 4840 deitatem
3768 4801 3899 4840 car-

2233 4886 2368 4926 nem
2400 4869 2586 4926 solam
2617 4870 2873 4927 hominis
2904 4871 3238 4945 suscepisse
3269 4889 3386 4929 non
3413 4873 3698 4930 animam.

2232 4960 2302 5013 20
2377 4963 2442 5016 Et
2473 4967 2554 5026 tu,
2586 4959 2830 5029 Domine,
2862 4962 3113 5030 Domine,
3143 4964 3236 5034 [ac
3281 4977 3495 5019 meeum
3536 4966 3758 5035 propter
3787 4977 3892 5016 no-

2443 5065 2569 5104 men
2598 5055 2752 5104 tuum
2787 5067 2801 5105 :

2372 5138 2517 5206 Quia
2544 5139 2728 5194 suavis
2759 5147 2838 5195 est
2869 5139 3254 5197 misericordia
3282 5147 3399 5194 tua.

2295 5227 2334 5280 C
2363 5225 2433 5280 Et
2463 5229 2546 5294 tu,
2583 5226 2824 5284 Domine
2855 5243 2868 5283 :
2899 5227 3008 5284 hoc
3039 5232 3130 5284 est
3163 5245 3176 5284 :
3219 5227 3269 5284 si
3315 5227 3502 5284 Judas
3541 5225 3799 5294 tradidit,
3836 5228 3892 5284 si

2223 5314 2462 5370 Judaeus
2494 5315 2819 5372 cruciﬁxit:
2853 5321 2914 5372 tu
2957 5318 3047 5374 l‘ac
3078 5309 3567 5384 misericordiam,
3591 5320 3653 5374 ut
3681 5320 3895 5373 contra

2227 5403 2329 5460 illa
2360 5422 2487 5478 qua:
2521 5405 2672 5460 facta
2702 5413 2844 5462 sunt
2893 5407 3245 5464 resurrectio
3273 5405 3532 5482 gloriosa
3559 5404 3896 5481 proveniat.

2224 5494 2356 5550 Sive
2379 5493 2506 5550 ideo
2531 5493 2672 5549 dicit
2695 5513 2920 5552 uiscum
2951 5495 3128 5570 :quia
3159 5496 3358 5552 omnia
3389 5514 3518 5570 quae
3549 5495 3684 5552 facit
3713 5493 3898 5550 Pater

2225 5587 2500 5656 operatur
2529 5587 2587 5638 et
2615 5583 2814 5642 Filius.
2847 5586 3052 5643 Suavis
3083 5591 3173 5643 est
3208 5585 3367 5643 enim
3395 5581 3794 5642 misericordia
3821 5584 3895 5640 in

2224 5670 2380 5728 vasis
2409 5669 2820 5730 misericordia
2853 5674 3028 5748 (Rom.
3059 5674 3162 5748 ιχ),
3195 5691 3372 5748 quam
3414 5670 3894 5733 misericordiam
