4068 6160
206 338 321 409 ωε
1424 336 1865 405 EXPOSITIO
1906 314 2433 409 PSALMORUM.
3530 348 3649 414 406

205 482 257 538 in
286 477 419 537 istis
449 475 608 535 vasis
636 472 819 533 simul
851 473 996 531 facit
1029 475 1193 532 Pater
1219 476 1275 531 et
1303 470 1484 530 Filius
1514 475 1575 528 et
1602 473 1868 548 Spiritus
1895 478 1953 547 Α
1981 482 2366 535 transeuntes
2398 478 2885 553 blasphemabant
2913 497 3068 538 eum.
3102 478 3270 541 Pater
3298 480 3514 543 Filium
3544 486 3647 553 be,-

203 574 439 629 sanctus
474 586 486 625 :
521 564 607 623 vel
641 564 865 638 suavis,
900 565 960 621 in
994 564 1181 621 carnis
1209 561 1635 636 assumptione.
1980 567 2230 635 nedixit,
2266 586 2403 625 cum
2448 569 2527 625 ait
2555 588 2567 625 ε
2598 572 2663 626 Et
2704 570 3013 628 clariﬁcavi
3064 574 3121 627 et
3168 571 3380 629 iterum
3431 540 3645 633 clarii}:
3706 592 3715 601 .

199 661 254 718 21
334 659 534 717 Libera
565 673 650 712 me
675 657 809 729 quia
838 672 1043 724 egenus
1071 658 1122 711 et
1144 669 1348 731 pauper
1368 667 1463 723 ego
1493 668 1624 707 sum
1658 673 1677 707 :
1979 658 2121 713 cabo
2151 656 2338 730 (Joan.
2370 660 2493 730 xu).
2525 660 2967 717 Insurrexerunt
2994 660 3180 717 Judaei
3224 662 3506 722 adversus
3528 666 3644 725 Do-

335 753 404 806 Et
435 764 532 803 cor
560 762 745 802 meum
772 746 1161 801 conturbatum
1191 748 1266 800 est
1296 744 1441 797 intra
1468 757 1578 797 me.
1978 745 2238 814 minum,
2292 749 2357 801 ut
2414 764 2548 803 eum
2605 749 2728 804 neci
2788 750 3101 806 traderent.
3162 748 3398 807 Confusi
3452 760 3593 812 sunt
3627 773 3641 814 :

257 839 303 895 C
334 838 550 895 Libera
579 852 693 903 me,
730 835 790 889 in
818 833 1098 907 passione
1138 832 1452 889 saevissima
1491 830 1865 888 Judaeorum.
1977 835 2221 905 quando
2254 834 2697 893 resurreCtionis
2726 839 2855 911 ejus
2895 837 3182 894 miracula
3225 851 3640 913 cognoverunt.

196 930 455 1002 Egenum
486 931 545 983 et
574 939 903 997 pauperem
937 940 1001 980 se
1031 922 1171 979 dicit
1191 940 1258 978 ex
1280 919 1621 977 humilitate
1646 921 1863 977 carnis.
1978 923 2198 979 Servus
2229 941 2242 979 :
2274 926 2598 982 secundum
2638 926 2958 995 hominem,
2994 930 3057 983 ut
3106 926 3288 984 Isaias
3335 929 3416 985 ait
3449 948 3461 988 :
3496 933 3640 997 Ecce

195 999 299 1073 Cc:-
326 1014 754 1072 conturbatum
787 1011 1063 1079 est,sicut
1090 1011 1215 1084 ipse
1242 1009 1541 1083 professus
1574 1012 1670 1065 est
1704 1025 1717 1066 :
1750 1010 1870 1066 Tri-
1976 1029 2185 1069 servus
2210 1030 2398 1083 meus,
2432 1016 2753 1089 suscipiam
2802 1033 2937 1093 epm
2970 1016 3095 1089 (Isa.
3126 999 3296 1088 XLII).
3318 1017 3364 1073 Η
3397 1017 3636 1076 Maledi-

196 1106 296 1162 stis
327 1108 421 1162 est
450 1104 654 1159 anima
683 1118 820 1159 mea
848 1118 1040 1173 usque
1071 1101 1139 1157 ad
1182 1103 1423 1156 mortem
1455 1100 1648 1169 (Marc.
1685 1100 1829 1172 xxv.)
1975 1106 2110 1157 cent
2142 1103 2229 1158 illi
2264 1121 2277 1160 :
2312 1122 2498 1179 usque
2530 1106 2701 1162 hodie
2732 1106 2840 1161 hoc
2871 1106 2935 1161 fit
2964 1104 3049 1161 illi
3082 1104 3439 1165 maledicunt
3468 1108 3527 1165 in
3552 1127 3637 1185 sy-

194 1198 251 1251 22
331 1195 491 1250 Sicut
528 1192 731 1247 umbra
750 1208 877 1247 cum
907 1190 1150 1246 declinat
1176 1190 1389 1245 ablatus
1418 1206 1545 1245 sum
1572 1207 1592 1244 :
1975 1208 2242 1265 nagoga;
2280 1192 2548 1251 Christus
2578 1194 2869 1250 benedicit
2898 1194 2958 1249 in
2990 1192 3263 1251 Ecclesia.

1973 1281 2044 1334 28
2120 1281 2431 1339 Induantur
2458 1286 2557 1357 qui
2584 1284 2877 1339 detrahunt
2904 1284 3045 1339 mihi
3068 1284 3273 1356 pudore
3304 1305 3322 1339 :

2121 1373 2198 1428 Et
2227 1375 2551 1445 aperiantur
2575 1374 2718 1429 sicut
2736 1371 2977 1445 diploide
3004 1372 3324 1447 confusione
3350 1392 3468 1431 sua.

2046 1460 2095 1516 H
2126 1466 2167 1517 G
2196 1461 2526 1519 Induantur
2582 1462 2803 1535 pudore
2860 1461 3213 1517 detractores
3251 1480 3263 1519 :
3297 1463 3406 1525 hoc
3446 1470 3531 1521 est
3554 1467 3629 1529 ut

1971 1548 2308 1623 intelligant
2335 1569 2593 1607 errorem
2624 1555 2682 1606 et
2711 1550 3147 1609 confundantur
3166 1540 3473 1624 pudore,et
3495 1538 3629 1608 inde

1971 1638 2262 1712 incipiant
2290 1641 2487 1697 venire
2520 1642 2591 1696 ad
2626 1639 3047 1712 pcenitentiam.
3081 1640 3187 1704 Qui
3221 1641 3375 1697 enim
3410 1624 3629 1715 pudore

335 1286 403 1341 Et
430 1297 696 1338 excussus
723 1297 847 1336 sum
874 1282 1019 1336 sieut
1048 1280 1269 1335 locusta.

257 1374 303 1429 C
331 1372 440 1429 llic
491 1368 863 1425 velocitatem
918 1366 1335 1440 persecutionis
1385 1368 1690 1424 ostendit:
1726 1386 1865 1441 quo-

194 1463 349 1520 niam
384 1463 556 1516 tanta
580 1456 879 1514 celeritate
903 1457 977 1513 de
1000 1456 1190 1514 medio
1211 1455 1636 1529 discipulorum
1660 1462 1863 1531 raptus

192 1552 531 1623 est,quanta
560 1546 868 1603 velocitate
900 1543 1051 1600 solet
1081 1545 1289 1601 umbra
1318 1546 1510 1601 noctis
1542 1546 1860 1616 discedere,

190 1641 454 1697 veniente
487 1635 631 1709 solis
660 1633 1209 1690 lumine.Excussus
1241 1634 1400 1691 sicut
1430 1634 1657 1692 locusta
1689 1653 1701 1691 :
1734 1653 1862 1709 qua:

192 1745 402 1786 manus
431 1721 941 1799 apprehendentis
964 1722 1585 1797 evitans,quibusdam
1609 1724 1861 1782 saltibus
1968 1726 2258 1796 induitur,
2292 1746 2470 1802 prope
2503 1732 2595 1784 est
2626 1728 2801 1784 saluti
2838 1745 2850 1784 :
2880 1728 2927 1789 si
2955 1730 3088 1801 quis
3118 1730 3275 1787 enim
3306 1744 3437 1787 vere
3485 1745 3628 1784 con-

190 1818 398 1877 evolat.
432 1817 494 1912 Η.
513 1820 554 1871 C
584 1813 694 1912 Sic.
718 1811 987 1912 Christus
1010 1828 1051 1912 a
1080 1813 1591 1884 persecutionihus
1639 1814 1861 1912 crebris
1888 1845 1937 1912 Β
1971 1817 2260 1886 funditur,
2290 1818 2499 1891 incipit
2530 1817 2883 1889 pmnitereli
2906 1818 2952 1872 A
2979 1817 3019 1873 C
3040 1818 3261 1891 Diplois
3286 1838 3299 1875 :
3332 1834 3519 1892 genus
3541 1818 3633 1871 est

193 1908 441 1982 fugiens,
478 1905 608 1961 loca
643 1901 954 1958 videbatur
994 1899 1216 1958 diversa
1267 1906 1527 1972 mutare,
1560 1920 1631 1959 ne
1660 1902 1851 1960 zelum
1888 1899 1936 1912 ”
1964 1904 2149 1978 pallii,
2183 1906 2405 1962 scilicet
2463 1904 2681 1977 duplex
2739 1904 3003 1977 pallium.
3053 1906 3092 1962 C
3153 1906 3297 1963 Petit
3348 1921 3505 1977 ergo,
3565 1906 3633 1957 ut

191 2014 362 2054 suum
380 1990 1221 2069 poulusimpleret,antequam
1238 1991 1373 2064 ipse
1392 1991 1853 2049 morivoluisset.
1963 1996 2276 2068 utriusque
2323 1994 2468 2067 legis
2520 1992 2911 2067 intelligentia
2952 1995 3298 2063 vestiantur,
3326 1994 3428 2068 qui
3468 2007 3630 2045 nunc

189 2088 256 2144 23
327 2085 520 2143 Genua
544 2098 667 2138 mea
691 2081 978 2152 inﬁrmata
1004 2084 1131 2135 sunt
1160 2098 1193 2136 a
1221 2082 1440 2152 jejunio
1472 2099 1491 2136 :
1966 2086 2215 2157 utroque
2247 2084 2523 2156 (faciente
2569 2084 2834 2156 perfidia)
2867 2084 3070 2140 nudati
3124 2090 3285 2141 sunt.
3327 2074 3633 2138 Confessio

326 2175 392 2231 Et
420 2189 549 2229 caro
578 2187 699 2227 mea
729 2170 1023 2226 immutata
1050 2177 1124 2225 est
1142 2174 1372 2242 propter
1402 2171 1603 2227 oleum.

252 2267 299 2321 Α
333 2265 543 2321 Genua
572 2261 753 2318 fortes
784 2259 1059 2315 videntur
1089 2257 1231 2314 mihi
1262 2259 1325 2315 in
1356 2259 1708 2330 Ecclesia,ut
1738 2260 1855 2316 fue-

188 2357 322 2411 runt
355 2347 1170 2425 apostoli.Ergo,Cinﬁrmata
1190 2352 1331 2404 sunt
1362 2365 1593 2422 genua:
1619 2350 1853 2422 quando

188 2440 434 2519 apostoli
467 2442 597 2513 ejus
628 2439 688 2494 in
717 2436 999 2512 passione
1030 2439 1167 2492 sunt
1195 2436 1471 2509 dispersi.
1506 2439 1654 2504 Quid
1696 2439 1852 2496 enim

188 2531 375 2608 potuit
403 2546 535 2587 esse
566 2526 889 2594 inﬁrmius,
924 2541 1103 2599 quam
1142 2529 1206 2580 ut
1253 2526 1464 2581 Petrus
1506 2533 1766 2600 negaret,
1798 2533 1855 2584 et

188 2620 411 2694 reliqua
431 2618 610 2675 turba
631 2615 901 2673 fidelium
930 2612 1237 2671 latuisset?
1249 2612 1298 2669 H
1316 2612 1525 2669 Oleum
1544 2616 1638 2671 hic
1660 2616 1852 2691 imago

186 2717 277 2771 est
305 2707 594 2783 claritatis
624 2705 750 2761 Dei.
784 2706 826 2760 C
856 2701 988 2759 Sive
1016 2701 1204 2776 gratia
1247 2702 1466 2769 divina,
1503 2722 1632 2777 quze
1659 2706 1853 2763 carnis

188 2799 595 2858 inﬁrmitatem
614 2794 677 2850 in
693 2793 945 2869 gloriam
970 2790 1428 2848 immortalitatis
1449 2796 1849 2851 commutavit.

188 2892 233 2946 Α
260 2887 467 2945 Oleum
494 2883 641 2941 illud
674 2886 764 2939 est
796 2879 1097 2954 plenitudo
1127 2881 1328 2954 gratiae
1351 2879 1411 2935 in
1432 2879 1658 2938 Christo
1684 2901 1696 2938 :
1724 2901 1851 2956 quae

196 2981 487 3034 mortuam
516 2972 849 3028 humanam
883 2972 1151 3024 naturam
1177 2968 1237 3023 in
1268 2967 1517 3042 gloriam
1569 2987 1854 3028 resurrec-

194 3066 366 3123 tionis
392 3061 664 3120 mutavit.

194 3158 261 3211 24
332 3155 444 3224 Ego
466 3155 655 3225 factus
682 3166 807 3206 sum
827 3147 1178 3221 opprobrium
1207 3147 1324 3203 illis
1356 3163 1369 3200 :

335 3242 603 3299 Viderunt
632 3257 719 3313 me
749 3246 799 3295 et
828 3243 1112 3294 moverunt
1138 3237 1324 3309 capita
1351 3252 1473 3291 sua.

263 3337 300 3388 C
324 3334 539 3389 Factus
570 3333 660 3385 est
688 3326 955 3383 Christus
987 3326 1045 3380 in
1083 3322 1464 3399 opprobrium
1508 3326 1847 3385 Judaeorum

203 3421 512 3479 dicentium
551 3437 564 3474 :
595 3417 719 3473 Vah
751 3415 853 3489 qui
885 3413 1139 3471 destruis
1182 3413 1470 3487 templum
1505 3415 1601 3471 Dei
1632 3417 1845 3490 (Matth.

202 3512 384 3582 nm),
413 3513 473 3566 et
503 3511 730 3573 cetera,
763 3522 893 3578 qua:
922 3502 1144 3559 insanis
1170 3503 1473 3560 mentibus
1502 3504 1851 3562 videbantur

204 3598 501 3674 opprobria
522 3616 535 3654 :
557 3596 657 3654 sed
676 3595 805 3668 ipsa
828 3592 1064 3649 fuerunt
1085 3610 1213 3667 qua:
1246 3592 1418 3647 nobis
1447 3593 1691 3665 probata
1713 3599 1851 3652 sunt

205 3689 451 3745 conferre
480 3684 857 3757 medicinam.
888 3682 1191 3738 Moverunt
1219 3680 1411 3753 capita
1444 3698 1457 3737 :
1490 3684 1561 3738 ad
1604 3700 1847 3740 consue~

204 3779 457 3834 tudinem
489 3773 743 3849 pertinet
773 3770 950 3827 nimis
980 3769 1525 3843 irascentium,quia
1545 3769 1627 3826 illi
1651 3773 1848 3829 turbu-

204 3865 345 3923 lenta
372 3863 587 3937 capitis
617 3859 1009 3937 commotione
1040 3860 1363 3916 minantur.

206 3954 267 4011 ᾗ
331 3954 548 4027 Adjuva
573 3967 677 4018 me,
709 3950 934 4007 Domine
958 3949 1101 4003 Deus
1124 3963 1276 4003 meus
1307 3965 1326 4002 :

334 4043 562 4099 Salvum
585 4056 671 4097 me
695 4038 791 4113 [ac
808 4037 1105 4094 secundum
1134 4034 1573 4092 misericordiam
1602 4045 1772 4095 tuam.

268 4136 303 4186 C
328 4127 601 4203 Adjuvari
637 4146 699 4185 se
729 4126 874 4202 petit
903 4128 1179 4199 suscepta
1210 4124 1544 4182 inﬁrmitas.
1571 4126 1615 4181 H
1646 4127 1686 4183 Ο
1720 4133 1849 4202 Ipse

208 4220 346 4276 enim
378 4216 842 4275 misericordiam
875 4215 1038 4288 petit,
1063 4212 1165 4287 qui
1198 4216 1255 4269 et
1284 4214 1567 4271 auxilium
1602 4215 1845 4285 tribuit;

210 4314 356 4382 rogat
386 4312 449 4365 ut
476 4307 673 4375 homo,
708 4308 944 4379 praestat
972 4307 1038 4360 ut
1067 4303 1224 4359 Deus
1253 4319 1264 4358 :
1301 4304 1444 4375 petit
1481 4320 1619 4377 ergo
1650 4322 1844 4362 resur-

210 4400 503 4455 rectionem
534 4395 814 4468 corporis.
1168 4459 1179 4469 ί

207 4490 271 4544 26
334 4494 398 4546 Et
422 4489 604 4549 sciant
631 4488 766 4558 quia
792 4501 991 4541 manus
1021 4491 1115 4539 tua
1143 4483 1263 4541 haec
1291 4501 1311 4537 :

334 4581 394 4635 Et
420 4587 500 4643 tu,
530 4578 781 4647 Domine,
811 4575 996 4646 fecisti
1026 4589 1167 4629 eam.

268 4667 311 4723 li
335 4668 403 4723 Et
431 4666 641 4733 sciant,
675 4664 731 4719 id
783 4668 873 4720 est
914 4660 1249 4735 intelligant
1295 4660 1481 4717 Judaei
1518 4679 1529 4718 :
1565 4662 1846 4734 quoniam

206 4772 309 4812 non
337 4755 448 4829 ipsi
480 4746 910 4827 praivaluerunt
940 4751 998 4806 in
1043 4750 1405 4818 Christo,sed
1436 4766 1543 4807 sua
1572 4754 1629 4807 et
1657 4751 1846 4808 Patris

146 4886 151 4889 -
204 4844 456 4901 voluntas
486 4845 633 4909 erat,
664 4845 731 4897 ut
759 4838 1080 4897 sustineret
1105 4855 1339 4896 crucem
1370 4856 1474 4912 pro
1508 4840 1848 4913 nobis,quia

206 4946 400 4990 manus
424 4937 529 4988 tua
556 4928 745 4986 haec.C
777 4930 835 4985 ld
865 4924 957 4985 est
987 4931 1246 5001 potestas
1276 4932 1461 4995 tua,et
1490 4928 1846 4985 subaudien-

206 5022 331 5077 dum
361 5020 601 5095 operata
630 5023 719 5075 est
748 5019 890 5075 haec.
926 5017 971 5073 H
1004 5015 1106 5074 Vel
1151 5033 1364 5072 manus
1411 5021 1514 5074 tua
1562 5017 1682 5073 haec
1733 5021 1841 5085 est,

205 5109 408 5166 scilicet
432 5108 493 5164 in
523 5107 792 5180 passione
822 5123 956 5164 mea
984 5110 1041 5162 et
1087 5104 1531 5163 resurrectione.
1563 5107 1611 5161 A
1640 5107 1706 5161 Et
1736 5105 1842 5162 hec

204 5198 376 5254 sciant
411 5202 616 5272 postea
663 5189 963 5254 credentes
1013 5194 1071 5250 in
1126 5211 1219 5251 me
1253 5210 1265 5249 :
1299 5194 1400 5266 qui
1451 5211 1609 5251 nunc
1656 5211 1844 5267 perse-

203 5292 451 5365 quuntur
479 5302 594 5344 me.

200 5377 264 5431 27
330 5372 661 5433 Maledicent
687 5375 779 5431 illi
805 5382 857 5431 et
885 5383 943 5431 tu
973 5374 1249 5431 benedices
1282 5390 1295 5428 :

400 5468 499 5539 qui
517 5468 810 5537 insurgunt
843 5467 901 5520 in
921 5481 1007 5521 me
1032 5463 1447 5535 confundantur
1476 5481 1495 5517 :

332 5560 528 5611 Servus
558 5563 741 5612 autem
768 5563 949 5612 autem
979 5562 1103 5610 tuus
1134 5553 1431 5611 laetabitur.

270 5643 673 5703 CMaledicent
719 5642 803 5702 illi
838 5660 850 5701 :
884 5641 1107 5701 scilicet
1154 5642 1254 5715 qui
1306 5645 1603 5700 moventes
1653 5642 1845 5714 capita

1963 2172 2121 2227 enim
2151 2171 2489 2227 Judzeorum
2520 2175 2631 2237 est,
2654 2170 2841 2245 legem
2874 2188 2989 2227 non
3019 2170 3369 2245 intelligere,
3397 2182 3523 2239 quae
3553 2169 3636 2221 to-

1962 2261 2073 2316 ties
2106 2259 2460 2323 Salvatorem
2498 2259 2808 2332 praecinuit
2841 2258 3131 2315 advenire.
3167 2260 3305 2329 Sive
3356 2251 3630 2327 diploide,

1963 2350 2021 2405 id
2054 2353 2144 2406 est
2172 2347 2390 2421 duplici
2420 2348 2785 2418 confusione,
2820 2347 3040 2405 scilicet
3069 2353 3202 2405 aute
3227 2349 3425 2405 Deum
3455 2347 3512 2401 et
3535 2344 3635 2403 ho—

1963 2456 2173 2495 mines.

1960 2528 2033 2583 29
2109 2525 2410 2598 Conﬁtebor
2440 2529 2681 2583 Domino
2705 2529 2874 2583 nimis
2906 2528 2966 2581 in
2994 2542 3087 2582 ore
3111 2543 3244 2585 meo
3282 2547 3304 2586 .·

2104 2617 2167 2671 Et
2197 2618 2255 2671 in
2287 2613 2463 2670 medio
2494 2618 2793 2672 multorum
2824 2614 3060 2670 laudabo
3089 2631 3261 2675 eum.

2033 2705 2074 2760 C
2099 2704 2217 2763 Hoc
2248 2702 2465 2796 dicitur
2485 2721 2520 2759 a
2540 2709 2703 2777 parte
2724 2704 3126 2796 membrorum
3151 2717 3166 2758 ε
3201 2713 3492 2796 quoniam
3515 2724 3645 2796 post

1961 2792 2445 2850 resurrectionem
2480 2797 2687 2849 sancta
2728 2792 2829 2848 Dei
2861 2791 3140 2860 Ecclesia,
3178 2800 3321 2857 toto
3368 2791 3639 2871 orbé'dif.

1963 2884 2113 2952 fusa,
2146 2884 2332 2939 Deum
2388 2880 2737 2953 deprecatur
2783 2884 2841 2936 et
2888 2898 2985 2936 ore
3033 2885 3091 2936 et
3136 2888 3535 2963 confessione.
3568 2909 3633 2962 In

1962 2972 2153 3030 medio
2185 2969 2507 3027 multorum
2541 2988 2553 3025 :
2590 2970 2778 3042 ipsam
2820 2984 3054 3041 quoque
3103 2970 3434 3051 Ecclesium
3483 2991 3633 3048 ἀθεί,

1961 3058 2718 3136 gnat,qua3,circumpositis
2749 3057 2940 3113 adhuc
2960 3057 3230 3131 perﬁdis,
3263 3081 3380 3124 non
3411 3073 3627 3135 desinit

1962 3150 2078 3207 Deo
2110 3146 2442 3206 confiteri.A
2472 3146 2663 3203 Nimis
2693 3146 2806 3202 dici
2838 3145 2984 3203 solet
3014 3142 3466 3218 (consuetudine
3496 3179 3621 3220 ser-

1878 3215 1923 3281 C
1962 3238 2153 3296 monis
2184 3234 2397 3305 Latini)
2426 3236 2582 3306 quod
2607 3235 2739 3308 plus
2760 3238 2850 3291 est
2870 3215 3048 3308 quam
3070 3220 3373 3299 debet.Cui
3395 3215 3619 3306 contra.

1958 3329 2108 3384 rium
2141 3330 2229 3383 est
2255 3340 2464 3398 parum
2501 3342 2513 3379 :
2549 3325 2705 3396 quod
2731 3324 2928 3379 minus
2959 3326 3045 3380 est
3072 3340 3251 3396 quam
3286 3328 3476 3386 debet.
3500 3326 3615 3392 Sed

1959 3415 2155 3484 nimis,
2189 3415 2383 3471 Graece
2414 3429 2561 3485 agan
2589 3413 2821 3469 dicitur.
2859 3412 2972 3468 Istc
3004 3416 3201 3469 autem
3230 3412 3613 3494 versus,agan

1958 3523 2074 3563 non
2099 3505 2293 3571 habet,
2329 3503 2431 3559 sed
2462 3501 2639 3557 habet
2669 3503 2799 3558 aian
2826 3519 2838 3557 :
2866 3501 3022 3574 quod
3046 3504 3401 3578 quandoque
3421 3508 3617 3580 valde,

1960 3593 2314 3668 quandoque
2347 3591 2545 3657 nimis,
2572 3591 2814 3663 quidam
2847 3589 3028 3647 nostri
3062 3589 3427 3665 interpretati
3451 3601 3611 3666 sunt,

1960 3685 2059 3740 sed
2094 3682 2271 3739 nimis
2300 3698 2405 3754 pro
2434 3697 2500 3736 eo
2532 3680 2684 3752 quod
2718 3684 2805 3735 est
2832 3678 2995 3735 valde
3027 3678 3426 3754 intelligatur:
3459 3687 3618 3743 unde

1959 3777 2017 3829 et
2046 3770 2352 3828 translatio
2382 3769 2622 3825 Hebraea
2670 3786 2785 3825 non
2835 3768 3010 3824 habet
3057 3767 3238 3847 nimis
3287 3771 3391 3828 sed
3436 3773 3613 3830 vehe-

1959 3866 2203 3918 menter.

1956 3952 2028 4007 30
2094 3950 2209 4021 Qui
2238 3949 2415 4004 astitit
2439 3964 2474 4001 a
2502 3946 2707 4002 dextris
2730 3946 2991 4017 pauperis
3017 3964 3036 4000 :

2105 4039 2165 4095 Ut
2228 4037 2433 4093 salvam
2489 4039 2691 4107 faceret
2755 4052 2790 4089 a
2850 4036 3301 4105 persequentibus
3364 4034 3613 4095 animum

2170 4142 2368 4182 meam.

2028 4218 2067 4272 C
2097 4214 2246 4270 Dicit
2275 4213 2387 4269 sibi
2418 4212 2677 4269 astitisse
2710 4210 2937 4267 Patrem
2968 4227 3001 4266 a
3031 4210 3250 4267 dextris
3284 4228 3296 4266 :
3323 4212 3465 4284 quia
3485 4230 3610 4286 pec-
3672 4228 3677 4233 ·

1957 4308 2087 4361 cata
2116 4321 2230 4360 non
2255 4302 2481 4368 habuit,
2516 4300 2617 4357 sed
2644 4303 2702 4356 et
2754 4299 3024 4356 ﬁdelibus
3067 4299 3314 4366 assistit,
3342 4317 3479 4357 cum
3508 4303 3610 4358 de-

1954 4380 2095 4449 licta
2150 4390 2458 4448 remiserit.
2509 4387 2679 4445 Salva
2732 4389 2885 4445 facta
2940 4392 3092 4444 esta
3120 4391 3609 4462 persequentibus

1955 4481 2153 4538 anima
2184 4480 2311 4552 ejus
2344 4496 2357 4534 :
2392 4474 2626 4553 quando
2657 4482 3096 4551 persecutorum
3127 4478 3407 4552 nequitiis
3446 4472 3611 4538 nulla

1877 4578 1926 4644 Β
1957 4571 2241 4646 pravitate
2271 4567 2589 4626 consenslt.

2432 4692 2635 4732 ORATIO
2674 4693 2744 4731 EX
2782 4692 2939 4732 PSAL.
2981 4692 3135 4732 CVIII.

2023 4784 2201 4839 Unice
2232 4782 2649 4850 miserationis,
2684 4782 2857 4847 Deus,
2877 4782 3273 4838 maledictioni
3305 4783 3607 4854 subiacere

1952 4873 2052 4945 qui
2083 4873 2359 4945 dignatus
2391 4890 2453 4928 es
2483 4877 2549 4927 ut
2596 4888 2703 4927 nos
2733 4888 2767 4925 a
2799 4870 3109 4925 maledicto
3157 4870 3305 4943 legis
3348 4870 3603 4939 erueres,

1950 4978 2309 5033 quaesumus,
2337 4963 2400 5015 ut
2431 4960 2609 5016 facias
2642 4958 2953 5013 nobiscum
2987 4956 3448 5017 misericordiam
3479 4975 3606 5032 pro-

1948 5054 2077 5122 pter
2106 5065 2318 5105 nomen
2348 5051 2603 5115 tuum,et
2624 5046 2885 5119 digneris
2918 5062 3025 5101 nos
3056 5061 3091 5100 a
3120 5047 3606 5119 persequentibus

1949 5137 2105 5194 vitiis
2134 5142 2191 5193 et
2221 5154 2255 5192 a
2285 5135 2573 5192 malorum
2622 5135 3141 5192 obtrectationibus
3190 5135 3455 5193 liberare.
3495 5138 3604 5204 Qui

1948 5226 2094 5283 vivis
2124 5231 2180 5282 et
2208 5242 2437 5299 regnas,
2471 5228 2578 5280 etc.

2516 5339 2847 5396 PSALMUS
2896 5339 3028 5397 CIX.

2402 5446 2793 5486 ARGUMENTUM
2832 5447 2990 5488 PSAL.
3032 5447 3144 5487 CIX.

2022 5553 2061 5603 C
2090 5547 2358 5604 Psalmus
2387 5546 2481 5603 hic
2514 5547 2583 5602 de
2616 5546 3013 5604 incarnatione
3031 5547 3360 5620 Domini,et
3380 5546 3451 5603 de
3470 5548 3601 5619 ejus

1951 5638 2161 5695 deitate
2192 5634 2531 5710 plenissime
2562 5635 2928 5708 breviterque
2956 5637 3246 5694 decantat.
