3986 6164
174 328 283 392 409

1368 320 1789 384 EXPOSITIO
1832 319 2344 399 PSALMORUM.

3441 286 3561 387 no

178 479 294 522 esse
320 459 600 516 videatur:
639 462 834 514 tamen
885 454 965 511 ibi
1019 454 1271 512 maxime
1320 453 1654 527 apponitur,
1701 451 1802 509 ubi
1829 453 1884 521 Α
1913 452 2178 528 telligant
2206 472 2340 511 eum
2367 472 2495 512 esse
2542 455 2726 512 Deum
2783 458 3102 525 credentes,
3148 463 3207 514 et
3247 474 3429 516 causa
3470 476 3559 515 se-

177 568 377 627 magna
404 546 785 606 exsultatione
815 546 1123 620 gaudetur.

180 662 204 716 1
306 656 605 729 Conﬁtebor
648 655 818 722 E—tibi
860 659 877 723 ζ
924 656 1170 721 Domine,
1204 656 1262 709 in
1294 658 1402 710 toto
1448 652 1802 708 cordennco:

306 748 365 802 In
384 746 615 802 concilio
635 746 915 817 justorum
941 749 995 800 et
1012 745 1448 815 congregatione.

241 836 657 893 CConﬁtentur
700 840 759 890 et
794 835 897 906 qui
944 838 1181 906 peccata
1221 831 1548 904 deplorant,
1600 836 1657 887 et
1704 831 1805 903 qui

180 925 388 982 Christo
443 924 663 997 gratias
715 924 1006 979 referunt:
1067 922 1168 978 sed
1201 920 1345 976 illud
1402 921 1460 975 in
1506 919 1805 992 lacrymis,

181 1015 321 1073 istud
350 1014 410 1068 in
436 1013 652 1086 gaudio
664 1018 772 1069 est.
800 1013 900 1068 Hic
926 1016 1121 1068 autem
1139 1011 1377 1083 profusa
1396 1009 1597 1065 laetitia
1613 1009 1808 1066 exsul-

181 1110 253 1161 tat
278 1102 525 1177 populus
555 1101 765 1168 ﬁdelis,
800 1102 1118 1174 quamdam
1147 1099 1467 1174 imaginem
1498 1100 1678 1154 futuri
1695 1116 1806 1155 sae-

182 1194 283 1251 culi
311 1192 647 1264 designans,
679 1192 780 1247 ubi
812 1191 1016 1247 laudes
1047 1189 1279 1247 Domini
1329 1205 1562 1261 semper
1602 1189 1809 1244 devota

183 1286 353 1339 mente
381 1280 816 1346 concelebrant,
848 1280 948 1335 ubi
979 1283 1037 1334 et
1060 1279 1237 1335 verba
1251 1283 1308 1333 et
1326 1278 1450 1333 ista:
1476 1294 1647 1333 voces
1675 1293 1809 1332 con-

181 1374 336 1428 tinua:
365 1375 527 1426 sunt.
560 1368 881 1425 Consilium
901 1370 1199 1440 justorum
1231 1371 1339 1432 est,
1387 1370 1431 1422 Α
1463 1367 1619 1439 quod
1656 1367 1807 1438 justi

184 1460 497 1516 consulunt.
527 1460 557 1514 J
566 1459 681 1514 usti
714 1463 908 1515 autem
925 1457 1258 1525 consulunt,
1282 1462 1461 1512 Deum
1478 1456 1735 1518 laudare,
1754 1461 1811 1512 et

183 1549 250 1605 illi
278 1549 491 1606 servire
519 1563 624 1620 pro
653 1547 883 1602 aeternis
896 1547 1085 1613 bonis,
1110 1546 1463 1618 laudatergo
1493 1548 1549 1601 et
1577 1544 1811 1601 conlita-

181 1642 263 1693 tur
286 1638 341 1692 in
371 1635 625 1693 concilio
647 1637 969 1707 justorum,
1017 1636 1118 1708 qui
1152 1652 1264 1691 non
1314 1639 1549 1702 temere,
1601 1635 1701 1691 sed
1741 1652 1809 1690 ex

182 1726 378 1783 ratione
407 1729 473 1781 et
500 1724 913 1781 deliberatione
944 1728 1165 1793 sancta,
1195 1741 1299 1795 pro
1321 1723 1553 1780 internis
1585 1723 1806 1787 laudat,

1914 543 2136 616 quitur.

1911 635 1947 688 6
2060 635 2124 691 Ut
2152 634 2241 691 det
2269 635 2384 690 illis
2414 636 2783 693 hereditatem
2812 640 3093 707 gentium:

2058 728 2236 796 Opera
2271 742 2533 781 manuum
2564 728 2680 799 ejus
2712 729 2907 784 veritas
2936 736 2986 784 et
2999 728 3294 800 judicium.

1986 813 2026 868 C
2059 813 2227 868 Dedit
2258 820 2451 870 autem
2482 816 2588 882 eis,
2621 816 2675 870 id
2705 821 2794 872 est
2816 817 3031 890 populo
3063 817 3413 889 Christiano,
3439 821 3561 876 hae-

1916 903 2220 959 reditatem
2248 904 2539 976 gentium:
2583 906 2817 978 quando
2867 905 3183 963 Ecclesiam
3216 909 3286 963 de
3335 909 3561 965 cunctis

1914 992 2253 1049 nationibus
2283 993 2425 1049 vivis
2454 993 2749 1067 lapidibus
2780 995 3098 1087 fabricavit.
3135 997 3295 1069 Opus
3316 998 3444 1068 ejus
3474 1014 3564 1054 ve—

1916 1081 2058 1137 ritas
2088 1084 2145 1136 et
2165 1081 2489 1153 judicium;
2525 1082 2758 1150 veritas,
2794 1084 2947 1155 quod
2976 1081 3247 1140 fidelibus
3271 1086 3564 1157 promissa

1916 1170 2200 1238 restituit;
2226 1170 2539 1242 judicium,
2575 1172 2725 1243 quod
2745 1171 2942 1243 impiis
2956 1172 3562 1248 minaturfuturaquae

1917 1258 2204 1314 debentur
2234 1258 2405 1316 malis
2437 1260 2743 1333 supplicia.

1915 1347 1951 1400 7
2059 1349 2267 1404 Fidelia
2304 1352 2491 1404 omnia
2536 1349 2795 1405 mandata
2823 1351 2958 1421 ejus.
3001 1352 3335 1422 Conﬁrmata
3366 1354 3425 1408 in
3455 1368 3563 1410 sae-

2130 1439 2316 1493 culum
2340 1440 2553 1495 saeculi.

2060 1530 2222 1582 Γιιεια
2254 1529 2312 1583 in
2338 1530 2561 1583 veritate
2588 1537 2637 1584 et
2667 1531 2946 1601 (equitate.

1988 1617 2028 1672 C
2062 1615 2278 1672 Fidelia
2306 1617 2435 1688 ejus
2467 1619 2744 1673 mandata
2766 1623 2924 1686 sunt,
2944 1617 3219 1692 quoniam
3235 1619 3395 1675 nullo
3409 1637 3566 1677 men-

1918 1706 2082 1761 dacio
2112 1707 2267 1763 dicta
2296 1706 2615 1775 variantur,
2649 1708 2749 1764 sed
2779 1710 3025 1767 firmiter
3054 1728 3160 1766 nos
3206 1712 3564 1779 custodiunt,

183 1817 313 1871 sicut
330 1831 540 1870 omnes
562 1814 713 1885 justi
739 1813 982 1895 faciunt.
1015 1813 1400 1887 Congregatio
1424 1830 1587 1868 vero:
1612 1817 1700 1868 est
1719 1829 1811 1867 co-
1840 1829 1886 1894 Β
1918 1813 2051 1852 cum
2083 1813 2151 1852 ea
2181 1798 2474 1895 C“3_t0di1_‘c
2506 1803 2602 1853 θοι
2646 1798 2882 1895 auxili?
2912 1800 3283 1857 festinamus.
3338 1802 3567 1858 Conﬁr-

183 1922 303 1960 rona
330 1905 506 1960 beata
535 1903 606 1960 de
636 1901 883 1959 diversis
909 1902 1177 1975 partibus
1206 1902 1409 1958 mundi
1436 1902 1710 1957 adunata.

182 2014 211 2064 2
303 2015 509 2082 Magna
541 2026 720 2082 apera-
735 2012 992 2066 Domini:

301 2102 591 2172 Exquisita
612 2101 669 2154 in
692 2115 875 2156 omnes
908 2101 1206 2156 voluntates
1235 2099 1372 2169 ejus.

242 2190 283 2245 Η
310 2190 525 2262 Magna
555 2205 730 2260 opera
778 2187 1039 2244 Domini:
1093 2192 1278 2244 rectos
1322 2188 1481 2254 dicit,
1534 2190 1634 2260 qui
1678 2193 1811 2244 ante

184 2283 488 2352 peccatores
512 2281 700 2333 erant.
726 2276 767 2332 C
796 2278 943 2343 Quid
969 2278 1126 2333 enim
1141 2277 1612 2350 magniﬁcentius
1634 2295 1812 2349 quam

183 2368 242 2423 de
267 2368 435 2440 impio
464 2367 660 2423 facere
683 2367 937 2437 justum,
972 2367 1043 2422 de
1064 2367 1228 2421 hoste
1248 2365 1811 2438 ﬁlium?Exquisita,

183 2456 230 2512 id
258 2459 339 2512 est
366 2455 752 2529 singulariter
782 2459 1003 2521 exacta,
1041 2455 1134 2510 cui
1184 2454 1376 2511 simile
1424 2453 1569 2510 nihil
1619 2458 1816 2527 potest

183 2544 414 2618 reperiri.
447 2543 609 2602 Sinit
637 2545 793 2599 enim
825 2549 881 2599 et
912 2543 1213 2599 diabolum
1246 2544 1468 2610 saevire,
1504 2549 1569 2599 ut
1611 2543 1810 2599 exini-

184 2634 379 2706 quitate
406 2634 595 2697 illius,
631 2632 1006 2689 ﬁdelissimos
1037 2632 1147 2689 sibi
1180 2649 1375 2689 servos
1418 2631 1695 2688 inveniat.
1731 2633 1817 2688 Ita

183 2728 229 2778 et
254 2724 307 2778 in
333 2723 618 2779 omnibus
651 2722 715 2777 ﬁt
744 2722 1066 2778 secundum
1099 2737 1304 2777 omnes
1333 2720 1662 2777 voluntates
1687 2721 1817 2791 ejus

184 2812 651 2885 exquisitissime.
686 2815 749 2866 ut
776 2811 836 2866 in
868 2810 1118 2884 singulis
1147 2810 1233 2867 vel
1252 2809 1461 2866 melius
1477 2810 1654 2866 etiam
1668 2810 1821 2883 cogi-

185 2901 278 2957 tari
302 2900 524 2974 aliquid
561 2917 676 2956 non
710 2900 915 2973 possit.

185 3006 216 3063 3
311 3008 589 3081 Confessio
618 3014 667 3063 et
695 3008 1106 3078 magniﬁcentia
1134 3024 1267 3078 opus
1292 3009 1411 3079 ejus
1450 3011 1465 3075 ζ
1512 3048 1525 3060 .

309 3098 368 3155 Et
386 3096 622 3170 justitia
650 3096 766 3167 ejus
798 3104 979 3151 manet
1002 3098 1059 3151 in
1092 3098 1357 3153 saeculum
1402 3097 1691 3163 E—swculi:

1919 1890 2097 1953 mata,
2133 1886 2319 1942 nescit
2348 1887 2503 1943 enim
2536 1905 2729 1943 sermo
2750 1888 3027 1956 titubare,
3062 1905 3238 1961 quem
3269 1890 3569 1948 veritaslo-

1919 1975 2137 2048 quitur.
2171 1976 2343 2032 Facta
2364 1975 2507 2031 dixit
2537 1993 2665 2032 esse
2696 1978 2754 2033 in
2786 1977 3044 2043 veritate,
3080 1978 3217 2051 quia
3244 1979 3400 2035 dicta
3415 1997 3569 2036 com-

1918 2064 2174 2136 plentur,
2207 2068 2263 2120 et
2285 2064 2579 2136 mquitate,
2598 2065 2874 2138 quoniam
2898 2067 3153 2137 pondere
3167 2068 3193 2138 j
3204 2069 3315 2123 usti
3326 2068 3416 2124 tiae
3430 2086 3568 2141 pro-

1921 2154 2215 2222 feruntur;
2251 2154 2468 2210 habent
2497 2155 2653 2211 enim
2685 2156 2885 2211 omnia
2900 2156 3180 2212 mandata
3208 2158 3336 2229 ejus
3350 2162 3406 2213 et
3429 2159 3570 2213 veri-

1920 2246 2097 2299 tatem
2131 2248 2186 2299 et
2206 2244 2537 2315 aequitatem
2561 2244 2828 2315 justitim.
3166 2304 3167 2307 η

1920 2334 1954 2385 8
2066 2332 2501 2405 Rcdemptioncm
2532 2336 2683 2390 misit
2705 2335 2961 2390 Dominus
2986 2336 3187 2406 populo
3219 2351 3335 2391 suo.

2064 2422 2340 2479 Mandavit
2371 2425 2429 2477 in
2458 2431 2728 2480 aeternum
2758 2428 3137 2480 testamentum
3165 2442 3347 2481 suum.

1995 2516 2033 2566 C
2063 2511 2221 2568 Misit
2248 2513 2404 2568 enim
2438 2512 2650 2568 Filium
2675 2513 2847 2569 Pater
2863 2513 2935 2569 ad
2959 2514 3365 2569 redimendum
3387 2531 3574 2588 genus

1924 2600 2274 2657 humanum.
2301 2601 2664 2657 Mandavitin
2688 2606 2989 2671 aeternum,
3010 2604 3284 2659 mandare
3297 2603 3572 2671 dicimus,

1926 2689 2272 2746 absentibus
2302 2690 2476 2746 verba
2504 2708 2605 2763 per
2652 2690 2877 2747 medias
2926 2692 3220 2748 destinare
3270 2709 3571 2764 personas.

1927 2779 2090 2845 Quod
2124 2778 2341 2835 factum
2372 2784 2625 2846 constat,
2656 2782 2891 2852 quando
2911 2782 3335 2837 testamentum
3357 2797 3572 2837 novum

1930 2885 2031 2940 per
2060 2867 2357 2940 apostolos
2387 2868 2715 2925 transmisit
2728 2870 2796 2923 ad
2814 2873 3036 2940 gentes,
3072 2868 3405 2942 utusquein
3419 2874 3579 2925 teter-

1930 2975 2073 3013 num
2106 2975 2140 3012 a
2156 2957 2594 3013 successoribus
2623 2959 3062 3029 przedicaretur;
3081 2976 3194 3013 non
3208 2959 3363 3014 enim
3379 2959 3429 3014 ei
3444 2975 3574 3013 suc-

1929 3045 2140 3102 cedital
2151 3044 2248 3101 iud
2265 3049 2681 3101 testamentum
2695 3045 2845 3101 sicut
2856 3047 3029 3101 veteri
3046 3064 3258 3102 novum
3272 3046 3575 3103 successit.

1932 3135 2135 3191 Merito
2164 3151 2301 3207 ergo
2331 3139 2610 3190 aeternum
2642 3134 2874 3199 dicitur,
2909 3136 3063 3207 quod
3098 3134 3258 3191 nullo
3288 3135 3404 3191 alio
3432 3135 3580 3191 indi-

243 3185 281 3240 C
305 3184 632 3254 Confessio,
665 3183 722 3238 id
754 3188 861 3247 est,
894 3183 1286 3257 lausetgloria
1318 3185 1821 3258 etmagniﬁcentia
1851 3198 1893 3265 C
1932 3183 2130 3191 ”””’”
2167 3183 2297 3207 "O'
2332 3183 2483 3236 7""

251 3292 309 3298 η,
343 3276 464 3298 ΑΖ---
528 3274 554 3298 Ϊ
580 3272 868 3298 ---Δημζῖξλ
906 3273 1055 3298 Ani...
1104 3278 1237 3298 _.-_t
1287 3273 1451 3298 -.-1.1-
1489 3278 1538 3298 -1.
1593 3274 1790 3298 ,1-Αλ..-

186 3289 311 3345 Opus
337 3276 485 3347 ejus.
528 3272 875 3329 Laudabilia
903 3273 1057 3328 enim
1102 3278 1241 3329 sunt
1287 3273 1453 3329 valde
1485 3278 1542 3330 et
1589 3274 1817 3342 decora,

187 3377 294 3433 quae
320 3363 614 3419 Dominus
644 3360 795 3416 fecit.
827 3360 1065 3416 Justitia
1090 3362 1217 3434 ejus
1242 3366 1438 3417 manet
1467 3362 1525 3417 in
1541 3362 1820 3419 saeculum

188 3450 377 3506 saeculi.
411 3466 557 3506 cum
587 3450 989 3522 peccatoribus
1020 3449 1189 3506 dicit:
1222 3451 1302 3506 Ite
1333 3450 1390 3505 in
1422 3450 1619 3523 ignem
1650 3455 1820 3506 aeter-

188 3554 307 3594 nnm
354 3539 571 3612 (Matth.
623 3540 785 3609 xxv),-
835 3540 921 3594 vel
969 3540 1204 3611 quando
1255 3539 1453 3595 ﬁdeles
1501 3539 1815 3596 vocaverit:

187 3627 916 3700 Venite.benedicti(lbid.);
948 3629 1029 3684 sic
1053 3628 1111 3683 in
1136 3632 1382 3701 utraque
1395 3633 1577 3701 parte,
1586 3627 1819 3699 justitia

190 3715 269 3772 Dei
295 3721 583 3790 perpetua
603 3720 660 3772 et
687 3716 1186 3773 incommutabilis
1218 3722 1565 3790 perseverat.

189 3823 213 3877 4
303 3826 627 3881 Μετηογίατη
654 3824 785 3895 fecit
813 3824 1159 3879 mirabilium
1181 3841 1409 3880 suorum
1428 3826 1738 3881 misericors
1767 3833 1819 3881 et

370 3912 671 3969 miserator
690 3914 985 3969 Dominus:

305 4003 491 4059 Eseam
520 4001 677 4059 dedit
696 4002 1014 4057 timentibus
1044 4019 1119 4057 se.

244 4089 580 4148 Memoriam
613 4106 752 4163 ergo
769 4090 901 4146 fecit
914 4089 1293 4157 mirabilium,
1309 4092 1542 4163 quando
1564 4091 1818 4166 plurima

190 4192 313 4234 nova
339 4178 640 4236 mirabilia
668 4183 725 4234 et
756 4178 1037 4234 inusitata
1066 4179 1435 4235 monstravit.
1461 4181 1813 4250 Misericors,

189 4270 431 4323 naturam
463 4269 599 4341 ejus
634 4266 866 4339 pietatis
897 4268 1181 4336 ostendit;
1216 4267 1546 4337 miserator,
1597 4287 1732 4325 cum
1758 4270 1815 4326 in

189 4353 408 4412 adventu
440 4374 552 4413 suo
584 4356 847 4413 humano
862 4357 1060 4431 generi
1090 4356 1253 4431 larga
1282 4358 1494 4429 pietate
1523 4359 1814 4428 subvenit;

189 4441 325 4498 dedit
352 4462 571 4513 escam,
608 4443 807 4501 cibum
841 4446 1043 4519 utique
1078 4445 1424 4518 spiritalem,
1477 4447 1610 4520 quis
1658 4448 1814 4504 enim

1927 3313 1964 3368 9
2071 3314 2328 3370 Sanctum
2357 3322 2411 3369 et
2438 3316 2686 3370 terribile
2713 3330 2911 3370 nomen
2939 3315 3077 3387 ejus.

2072 3404 2298 3459 Initium
2325 3404 2616 3475 sapientiae
2645 3406 2811 3460 timor
2836 3405 3077 3460 Domini.

2001 3492 2041 3548 C
2068 3496 2368 3557 Sanctum,
2386 3509 2599 3548 nomen
2622 3493 2957 3565 pertinetad
2980 3493 3439 3550 incarnationem
3462 3494 3573 3551 sic-

1929 3584 1993 3633 ut
2024 3578 2133 3635 ait:
2167 3579 2402 3635 Custodi
2420 3579 2678 3635 animam
2693 3597 2881 3636 meam
2897 3579 3174 3653 quoniam
3193 3586 3577 3639 sanctussum

1928 3668 2099 3740 (Psal.
2134 3668 2357 3737 Lxxxv).
2387 3666 2690 3733 Terribile,
2725 3669 2797 3724 ad
2818 3668 3306 3741 omnipo‘tentiam
3321 3669 3575 3727 deitatis.

1927 3756 2058 3812 Haec
2087 3756 2203 3812 duo
2235 3756 2549 3827 conjuncta
2574 3760 2733 3825 sunt,
2762 3775 2833 3812 ne
2867 3774 2974 3814 nos
2999 3756 3276 3814 autsolus
3301 3776 3465 3815 amor
3486 3777 3578 3817 ne-

1926 3844 2214 3919 gligentes
2228 3846 2449 3913 reddat,
2466 3862 2538 3901 au
2549 3849 2569 3900 t
2579 3848 2777 3902 tantus
2790 3846 2966 3903 timor
2989 3848 3327 3919 desperatos
3338 3846 3573 3904 efﬁciat.

1927 3933 2074 4000 Quid
2108 3950 2240 3990 vero
2271 3934 2348 3989 sit
2393 3933 2570 3989 timor
2612 3934 2885 4003 ostendit,
2936 3935 3159 3993 scilicet
3205 3936 3444 3992 initium
3476 3954 3574 3993 sa-

1927 4023 2179 4094 pientize.

1928 4112 1996 4166 10
2067 4112 2378 4167 Intellectus
2408 4112 2576 4166 bonus
2604 4113 2856 4168 omnibus
2883 4113 3214 4184 facientibus
3243 4130 3398 4168 eum:

2067 4199 2337 4255 Laudatio
2366 4199 2482 4270 ejus
2510 4204 2695 4255 manet
2723 4201 2783 4253 in
2812 4203 3075 4256 maculam
3115 4202 3373 4267 E—sc'eeuli
3410 4207 3427 4269 ζ
3472 4243 3484 4256 .

1996 4290 2037 4345 C
2066 4292 2182 4344 Iste
2212 4305 2348 4361 ergo
2372 4286 2703 4345 intellectus
2733 4288 2944 4358 bonus,
2977 4288 3035 4345 id
3066 4294 3175 4359 est,
3206 4307 3378 4346 verus
3404 4295 3461 4346 et
3481 4307 3576 4347 sa-

1923 4377 2150 4446 lutaris,
2185 4377 2285 4450 qui
2316 4376 2375 4431 in
2407 4376 2614 4432 timore
2665 4378 2898 4433 Domini
2946 4378 3228 4451 probatur
3272 4379 3570 4447 intentus;

1927 4467 2088 4523 utilis
2120 4471 2291 4540 atque
2323 4467 2660 4523 fructuosus
2691 4472 2799 4535 est,
2832 4469 3111 4541 quoniam
3143 4469 3279 4525 inde
3310 4470 3572 4526 nascitur

189 4544 355 4631 ξεεθθίη
378 4538 955 4631 οοωφυηθωιριξξεί
986 4534 1260 4631 ﬁdem?“
1291 4536 1362 4591 ad
1383 4537 1688 4631 Ρτωφίυξη
1722 4538 1819 4631 ἀεξ·
1850 4566 1895 4631 [)
1926 4557 2080 4629 quod
2115 4534 2216 4610 ad-
2241 4572 2557 4628 perennem
2610 4534 2867 4629 gloriani
2906 4559 3221 4631 perducere
3272 4560 3571 4631 probatur.

188 4619 308 4689 tam,
340 4638 465 4693 quae
496 4626 558 4679 et
582 4622 989 4695 peccatoribus
1021 4622 1240 4697 passim
1263 4624 1816 4700 cognosciturlattri-

186 4703 351 4764 buta?
379 4710 426 4767 Η
453 4712 664 4767 Escam
696 4728 832 4784 ergo
862 4712 1041 4780 dedit,
1083 4712 1140 4767 id
1192 4716 1300 4780 est,
1349 4730 1561 4786 panem
1611 4716 1711 4788 qui
1743 4717 1814 4772 de

190 4796 310 4853 uelo
334 4799 662 4856 descendit.

189 4899 220 4954 5
309 4909 520 4963 Memor
547 4908 657 4962 erit
686 4909 745 4962 in
768 4908 1035 4965 saeculum
1065 4911 1371 4965 testamenti
1397 4912 1517 4966 sui:

311 4994 571 5052 Virtutem
601 5012 824 5068 operum
853 5012 1080 5052 suorum
1107 4999 1465 5055 annuntiabit
1491 5001 1686 5072 populo
1697 5017 1813 5057 suo.

250 5081 284 5134 C
309 5080 365 5139 In
398 5083 707 5153 saeculum,
738 5085 1121 5141 aeternitatem
1145 5086 1456 5159 signiﬁcat,
1476 5088 1616 5161 quia
1644 5090 1819 5146 verba

194 5168 499 5229 testamenti
523 5172 640 5241 sui,
673 5173 1039 5230 solidissima
1085 5175 1323 5231 veritate
1370 5177 1643 5246 custodit,
1680 5179 1820 5251 quia

195 5254 323 5314 sicut
362 5260 419 5316 in
450 5261 646 5318 Veteri
679 5263 1053 5319 Testamento
1076 5263 1344 5321 Christus
1367 5268 1815 5338 promissusest,

194 5339 262 5400 ita
284 5346 339 5402 in
366 5350 527 5406 Novo
555 5352 733 5419 venit,
751 5351 951 5409 Virtus
963 5369 1206 5426 operum
1221 5354 1353 5423 fuit,
1370 5356 1616 5427 quamin
1631 5358 1818 5413 Evan-

196 5431 321 5503 gelio
346 5437 519 5495 dicit:
555 5438 695 5496 Caeci
731 5440 944 5510 vident,
965 5442 1820 5516 surdiaudiunt,leprosimun-

197 5520 401 5592 dantur,
434 5530 654 5585 mortui
687 5536 1008 5604 resurgunt
1030 5533 1237 5600 (Matth.
1270 5536 1371 5603 ιι).
1415 5532 1580 5589 Illam
1633 5535 1819 5592 virtu-

195 5609 292 5668 tem
320 5616 687 5675 annuntiavit
716 5620 931 5693 populo
957 5637 1062 5678 suo
1088 5620 1437 5689 Christiano,
1466 5627 1531 5679 ut
1554 5640 1624 5681 ex
1652 5625 1821 5681 eain-

1929 4646 2208 4701 Laudatio
2240 4645 2367 4716 ejus
2397 4645 2576 4718 digna
2599 4650 2706 4715 est,
2741 4646 2877 4719 quia
2891 4646 3576 4720 peccatoresliberathic,

1922 4737 1979 4791 et
2007 4734 2067 4790 in
2097 4734 2293 4790 futuro
2323 4742 2594 4803 coronat;
2620 4725 2876 4793 laudatio
2906 4754 3038 4793 vero
3070 4738 3326 4808 ejusnon
3348 4735 3568 4791 claudi-

1923 4827 2020 4879 tur
2044 4822 2313 4893 termino,
2327 4824 2466 4895 quia
2479 4840 2582 4879 nec
2615 4826 2789 4880 ﬁnem
2805 4824 3016 4880 habere
3030 4828 3217 4895 potest
3229 4823 3573 4879 beneﬁcium

1924 4912 2149 4969 datum.
2187 4913 2225 4966 ll
2254 4913 2295 4968 C
2324 4911 2526 4967 Merito
2558 4929 2694 4985 ergo
2726 4912 2785 4967 in
2820 4912 2989 4968 titulo
3019 4910 3256 4968 alleluia
3285 4911 3573 4984 scriptum

1925 5005 2033 5069 est,
2067 5000 2208 5072 quia
2235 5003 2292 5056 et
2320 4998 2554 5055 laudem
2573 5000 2666 5055 Dei
2700 5000 3245 5067 fecitinitium,etin
3260 4999 3574 5072 ejuslaude

1926 5088 2128 5145 ﬁnitus
2162 5092 2250 5143 est
2279 5087 2568 5160 psalmus,

2424 5193 2627 5233 ORATIO
2664 5194 2733 5232 EX
2783 5193 2940 5234 PSAL.
2983 5195 3073 5233 CX.

1997 5267 2343 5323 Sanctorum
2399 5266 2667 5321 omnium
2718 5265 2972 5339 gloriosa
3019 5266 3326 5335 confessio,
3381 5270 3573 5325 tribue

1928 5354 2096 5412 nobis
2144 5355 2413 5409 timorem
2475 5354 2732 5411 nominis
2790 5356 2874 5411 tui
2936 5356 3113 5429 (quod
3159 5350 3288 5413 esse
3337 5356 3572 5412 initium

1927 5443 2224 5518 sapientia:
2277 5442 2636 5515 praedixisti),
2683 5447 2748 5499 ut
2803 5448 3038 5500 tuorum
3090 5445 3327 5502 admisti
3378 5446 3572 5501 conci-

1927 5533 2043 5601 liis,
2098 5531 2506 5589 misericordiae
2563 5538 2673 5588 tuae
2740 5534 2990 5607 dapibus
3049 5534 3406 5607 saginemur,
3465 5534 3572 5589 Per

1926 5622 2242 5680 Dominum
2273 5625 2539 5679 nostrum
2565 5622 2789 5695 Jesum,
2824 5627 2932 5680 etc.
