4068 6160
430 309 552 376 ιω

1017 445 1342 512 PSALMUS
1379 453 1511 511 cxx.
1567 416 1584 438 ’

889 569 1282 610 ARGUMENTUM
1325 569 1480 610 PSAL.
1523 569 1636 613 CXI.

509 667 550 723 C
580 665 866 740 Propheta
889 667 1152 740 loquitur
1172 669 1244 724 de
1274 668 1634 726 beatitudine
1651 668 2083 742 justi,etdein-

436 756 771 812 carnatione
801 756 1032 823 Christi,
1062 762 1239 830 atque
1263 757 1640 814 damnatione
1669 758 2007 830 impiorum.

440 845 552 901 TT.
613 845 851 902 Alleluia
891 849 1322 912 E—coizversionis
1362 849 1554 920 Aggwi
1589 855 1642 904 et
1675 847 1961 904 Zachariae
2003 852 2018 916 ζ
2063 889 2078 904 .

503 937 544 988 C
567 933 699 990 Ideo
728 933 864 990 huic
897 934 1064 990 titulo
1108 936 1523 1004 conversionis,
1580 953 1681 992 seu
1733 937 2082 994 reversionis

432 1021 624 1096 Aggiei
655 1027 712 1078 et
741 1023 1030 1079 Zachariae
1062 1023 1361 1092 intexitur,
1394 1025 1695 1097 quiasicut
1722 1024 1827 1093 illi,
1853 1026 2082 1100 aBaby-

427 1109 622 1168 lonica
649 1111 980 1185 captivitate
1010 1114 1241 1180 reversi,
1265 1113 1548 1186 templum
1569 1113 1798 1169 Domini
1821 1113 2078 1186 reparari

429 1201 716 1268 vid-entes,
741 1201 944 1257 laudes
956 1201 1186 1258 Domini
1207 1219 1420 1275 magna
1430 1201 2081 1274 profuderuntexsulta-

431 1291 610 1356 tione,
645 1289 725 1346 ita
754 1295 885 1363 post
911 1295 1281 1364 peccatorum
1301 1289 1750 1358 absolutionem,
1785 1291 2074 1364 acaptivi-

427 1382 545 1434 tate
577 1378 790 1434 diaboli
825 1379 1034 1434 reversi
1082 1379 1137 1433 in
1191 1379 1288 1433 Dei
1321 1379 1594 1451 gratiam,
1650 1379 2078 1450 perfectissima

427 1467 680 1523 debeant
698 1467 1008 1522 Christiani
1041 1467 1340 1522 alacritate
1362 1466 1888 1523 cantare.0stendit
1915 1468 2072 1524 enim

427 1553 693 1628 psalmus
725 1555 853 1624 istc,
888 1560 1019 1626 post
1041 1555 1442 1612 liberationem
1460 1554 1827 1622 delictorum,
1857 1561 2077 1629 quanta

427 1645 546 1700 sint
574 1644 727 1702 bona
761 1643 1023 1701 ﬁdelium
1055 1651 1112 1702 ct
1151 1663 1278 1718 qua:
1327 1643 1632 1701 retributio
1680 1649 2070 1718 peccatorum.
2136 1723 2142 1729 _

425 1751 451 1805 1
565 1753 765 1808 Beatus
793 1755 882 1809 vir
904 1755 1002 1826 qui
1027 1744 1179 1810 timet
1207 1755 1504 1810 Dominum
1523 1771 1542 1808 :

635 1841 699 1896 In
725 1841 1000 1898 mandatis
1031 1844 1144 1915 ejus
1173 1843 1313 1898 volet
1339 1843 1526 1898 nimis.

493 1929 539 1986 H
571 1931 839 1986 Nondum
866 1931 1024 2000 dicit,
1043 1933 1251 1988 beatus
1273 1932 1362 1986 vir
1389 1931 1487 2004 qui
1510 1929 1703 2004 diligit
1727 1931 2064 2000 Dominum;

419 2017 678 2076 virorum
707 2019 866 2076 enim
897 2025 986 2076 est
1017 2019 1422 2094 insipientium
1457 2019 1659 2076 timere
1685 2018 1904 2088 Doum;
1943 2036 2068 2092 per-

417 2108 702 2165 fectorum
747 2112 966 2176 autem,
1015 2108 1274 2182 diligere.
1328 2113 1392 2164 ln
1418 2106 1712 2166 mandatis
1761 2107 1892 2179 ejus
1915 2107 2069 2165 volet

420 2196 618 2264 nimis,
650 2196 752 2270 qui
781 2197 938 2254 enim
969 2197 1136 2254 timet
1161 2196 1500 2264 Dominum,
1529 2200 1588 2251 et
1615 2196 1716 2268 qui
1734 2196 1939 2252 beatus
1953 2201 2064 2265 est,

418 2286 698 2342 mandata
725 2284 912 2358 ipsius
943 2284 1193 2341 libenter
1222 2284 1477 2341 custodit
1504 2287 1562 2341 et
1593 2283 1747 2340 facit.
1799 2283 1910 2340 Sed
1937 2284 2067 2342 vide

416 2373 556 2448 quia
585 2375 760 2432 etiam
792 2391 905 2430 non
934 2373 1098 2443 dixit,
1134 2374 1408 2431 mandata
1439 2373 1569 2445 ejus
1589 2373 1746 2440 facit,
1779 2373 1882 2430 sed
1913 2372 2067 2432 volet

413 2463 610 2520 nimis.
644 2461 811 2520 Multi
837 2462 997 2520 enim
1032 2463 1208 2524 etiam
1238 2463 1460 2518 faciunt
1504 2461 1806 2530 mandata,
1852 2462 1956 2517 sed
1991 2463 2062 2517 ti-

414 2567 576 2610 more
595 2569 800 2626 poanse,
816 2569 931 2608 non
945 2550 1260 2609 voluntatis
1285 2550 1621 2624 cupiditate.
1638 2550 1850 2606 Beatus
1863 2554 2060 2607 autem

390 2641 594 2717 getiam
625 2641 750 2698 vult
773 2657 862 2711 ea,
894 2641 1056 2714 cupit
1085 2657 1154 2697 ea
1182 2641 1388 2697 facere.

411 2750 446 2804 2
551 2751 746 2806 Potens
765 2750 828 2804 in
857 2756 1004 2805 terra
1032 2751 1142 2805 erit
1163 2765 1350 2806 semen
1378 2748 1524 2821 ejus:

553 2838 840 2896 Generatio
867 2845 1135 2894 rectorum
1155 2837 1514 2894 benedicatur.

479 2930 520 2982 C
547 2927 886 2992 Qumramus
917 2944 989 2984 au
999 2931 1136 2996 tem,
1163 2927 1224 2982 in
1241 2944 1358 3000 qua
1370 2926 1554 2998 terraj
1564 2925 1678 2982 usti
1694 2928 1959 2997 potentes
1975 2923 2059 2980 di-

410 3015 622 3072 cantur
651 3015 826 3084 efﬁci,
858 3016 1000 3090 quia
1018 3016 1112 3072 hic
1126 3017 1590 3089 probanturesse
1601 3013 1841 3071 derisui.
1857 3013 1921 3070 In
1938 3013 2054 3082 illa,

407 3103 632 3162 scilicet
654 3106 714 3164 in
745 3123 865 3180 qua
891 3122 1027 3162 cum
1056 3105 1305 3163 Domino
1337 3101 1634 3177 regnaturi
1665 3106 1805 3160 sunt
1842 3103 2051 3158 sancti.

1357 315 1423 384 S.
1465 317 1866 385 BRUNONIS
1911 319 2538 390 EERBIPOLENSIS
2579 321 2963 389 EPISCOPI.

3725 320 3846 390 419

2110 455 2168 526 Α
2197 463 2494 534 acceptus,
2527 475 2708 532 quam
2737 457 2854 516 Deo
2883 462 3108 534 gratus.
3142 457 3251 526 Qui
3285 457 3613 534 miseretur,
3640 459 3701 518 id
3731 463 3844 532 est,

2195 550 2296 623 qui
2326 549 2635 622 egentibus
2664 548 2820 604 bona
2843 565 2950 605 sua
2977 547 3204 605 tribuit.
3247 549 3626 608 Commodare
3645 556 3844 610 autem

2191 637 2439 704 videtur,
2471 636 2708 710 quando
2747 636 2848 692 dat
2897 636 3072 694 homo
3115 637 3460 712 temporalia
3499 645 3848 713 recepturus

2192 716 2284 782 est
2313 730 2546 782 aeterna.
2599 725 2899 798 Disponet,
2943 741 3078 782 vero
3108 725 3252 782 dicit
3294 727 3352 783 id
3391 730 3479 783 est
3523 727 3847 801 tranquillo

2191 815 2390 871 animo
2411 815 2732 887 judicabit:
2765 815 3058 888 quomodo
3079 813 3365 873 talentum
3390 815 3503 872 sibi
3529 834 3564 872 a
3591 817 3847 876 Domino

2190 903 2476 960 traditum
2507 903 2785 977 duplicet.
2802 904 2928 976 Ipse
2940 919 3076 978 ergo
3089 903 3346 978 disponit
3361 921 3660 964 sermones
3671 925 3844 980 suos,

2188 994 2292 1066 qui
2325 1010 2388 1049 se
2418 994 2572 1050 bona
2600 992 2700 1048 Dei
2731 991 3062 1066 geminasse
3089 993 3439 1066 probaverit,
3471 994 3704 1054 dicens:
3735 997 3846 1055 Do;

2189 1083 2368 1149 mine,
2401 1083 2664 1156 quinque
2691 1081 2911 1139 talenta
2938 1081 3232 1140 tradidisti
3263 1083 3408 1139 mihi
3441 1084 3647 1157 (Nam.
3679 1087 3841 1157 xxv).

2187 1172 2312 1228 Non
2344 1171 2824 1238 commovebitur,
2857 1171 2915 1227 id
2947 1175 3036 1228 est
3064 1189 3098 1226 a
3121 1171 3309 1245 gloria
3337 1172 3572 1230 Domini
3595 1174 3846 1232 nullate-

2187 1278 2302 1317 nus
2332 1261 2722 1334 separabitur.
2759 1261 2802 1316 Η
2837 1261 2879 1317 C
2909 1260 3182 1334 Disponit
3217 1260 3393 1318 etiam
3441 1278 3746 1322 sermones
3777 1267 3842 1320 in

2176 1350 2426 1424 judicio,
2458 1351 2561 1424 qui
2591 1350 2819 1407 divinas
2849 1351 3753 1424 Scripturaspredicatdiscrete,
3773 1359 3845 1412 ut

2186 1453 2300 1495 non
2336 1439 2604 1513 projiciat
2647 1439 2995 1514 margaritas
3025 1444 3161 1497 ante
3207 1457 3415 1514 porcos
3463 1442 3672 1514 (Matth.
3705 1445 3842 1513 vn),

2186 1545 2292 1584 nec
2323 1529 2494 1585 bonis
2520 1545 2647 1601 qua:
2676 1545 2881 1601 capere
2911 1533 3160 1601 possunt
3204 1531 3451 1588 tacendo
3497 1530 3842 1589 subtrahat.

2181 1619 2218 1672 6
2325 1619 2391 1674 In
2421 1619 2686 1674 memoria
2715 1626 2921 1674 wtema
2946 1620 3058 1674 erit
3072 1619 3287 1690 justus:

2325 1708 2402 1762 Ab
2431 1707 2715 1763 auditione
2731 1708 2884 1762 mala
2906 1722 3018 1763 non
3045 1707 3279 1764 timebit.

2083 1823 2153 1891 -Β
2256 1796 2298 1852 C
2327 1797 2390 1852 In
2423 1795 2706 1852 memoria
2735 1801 2952 1853 aeterna
2980 1794 3318 1891 eritjustus,
3340 1798 3480 1870 quia
3506 1801 3840 1856 vocaturad

2181 1885 2511 1959 praemium,
2547 1885 2748 1958 impiis
2775 1885 2934 1941 enim
2967 1883 3212 1941 dicitur:
3232 1885 3438 1942 Nescio
3467 1903 3590 1944 vos.
3612 1889 3698 1944 Ab
3731 1888 3840 1946 illo

2178 1974 2384 2031 auditu
2412 1973 2566 2030 malo
2598 1990 2713 2030 non
2743 1972 2993 2039 timebit,
3025 1990 3202 2046 quem
3233 1974 3490 2031 audituri
3531 1980 3674 2033 sunt
3717 1976 3841 2034 im-

2179 2063 2292 2136 pii:
2331 2067 2411 2119 lte
2441 2062 2500 2118 in
2526 2061 2724 2136 ignem
2767 2065 3086 2132 aeternum;
3133 2062 3328 2120 malus
3381 2063 3539 2120 enim
3589 2063 3706 2122 illis
3731 2065 3840 2122 ille

2178 2153 2419 2209 auditus
2443 2147 2690 2220 videtur,
2723 2151 2825 2224 qui
2851 2152 3015 2224 justa
3037 2152 3344 2210 severitate
3367 2153 3648 2226 puniendi
3667 2159 3834 2212 sunt.

2173 2242 2210 2296 7
2317 2246 2586 2298 Paratum
2601 2257 2695 2297 cor
2720 2241 2836 2313 ejus
2851 2257 3072 2314 sperare
3100 2243 3160 2297 in
3191 2244 3462 2304 Domino:

2318 2329 2678 2402 Coﬁrmatum
2705 2334 2783 2386 est
2809 2347 2902 2387 cor
2930 2331 3081 2402 ejus:
3106 2346 3213 2388 non
3247 2333 3671 2389 commovebitur

2318 2424 2504 2476 Donec
2532 2420 2804 2493 despiciat
2834 2421 3089 2476 inimicos
3109 2436 3252 2477 suos.

2244 2509 2420 2566 CCor
2448 2508 2608 2566 enim
2657 2507 2754 2564 hic
2800 2507 3058 2581 positum
3111 2512 3201 2565 est
3244 2525 3348 2582 pro
3397 2509 3607 2566 affectu
3655 2516 3836 2569 recte

2172 2597 2409 2654 mentis.
2471 2597 2897 2654 Conﬁrmatum
2951 2600 3043 2654 est
3099 2614 3236 2672 ergo
3292 2613 3391 2655 cor
3445 2598 3621 2671 justi,
3689 2617 3837 2660 cum

2170 2685 2336 2742 nulla
2391 2684 2588 2742 saeculi
2643 2685 2917 2742 felicitate
2985 2684 3291 2744 mollescit.
3369 2687 3563 2746 Donec
3627 2690 3835 2765 despi-

2169 2775 2288 2831 ciat
2316 2773 2608 2844 inimicos,
2643 2774 2702 2831 id
2733 2779 2824 2832 est
2852 2773 2911 2830 in
2940 2773 3046 2832 illa
3083 2775 3282 2835 futura
3320 2775 3690 2846 judicatione
3719 2779 3833 2838 de-

2169 2863 2350 2936 specti
2379 2867 2519 2920 sunt
2547 2863 2887 2920 omnimodo
2917 2863 3255 2933 adversarii,
3287 2863 3388 2936 qui
3416 2864 3515 2922 hic
3541 2867 3833 2941 despexed

2167 2957 2307 3008 runt
2326 2953 2543 3025 justos.
2577 2951 2641 3008 In
2671 2950 2780 3008 hoc
2809 2951 2966 3008 enim
2981 2953 3366 3010 mundoDeus
3377 2953 3603 3027 patitur
3623 2957 3834 3030 justos

2167 3058 2308 3098 suos
2335 3041 2829 3098 videre‘inimicos
2860 3058 3000 3098 suos
3027 3045 3294 3115 potentes
3331 3059 3485 3114 esse,
3511 3045 3579 3100 ut
3606 3043 3689 3101 ibi
3722 3062 3831 3105 eos

2169 3126 2399 3202 possint
2422 3129 2764 3188 humiliatos
2795 3129 3075 3204 aspicere.
3108 3132 3154 3188 Η
3187 3131 3288 3187 Vel
3316 3129 3610 3201 inimicos,
3644 3133 3703 3190 id
3735 3139 3833 3194 est
3889 3192 3896 3198 ,

408 3195 619 3294 Semen
646 3211 803 3296 vero,
835 3212 1008 3302 opera
1039 3193 1332 3302 significat
1376 3193 1550 3302 Eolla,
1602 3190 2060 3302 (lllglﬁcjﬂlft
2087 3191 2131 3261 ο
2169 3190 2429 3292 peccata,
2473 3219 2796 3287 haereticos,
2841 3190 3146 3276 diabolum
3191 3223 3248 3276 et
3292 3190 3617 3302 pote-states
3667 3190 3828 3296 eius,

409 3282 642 3340 semina
675 3283 1000 3356 jaciuntur,
1036 3283 1356 3339 ut-l'ructus
1391 3282 1602 3338 futurae
1621 3280 1833 3338 messis
1861 3280 2057 3338 adole-

409 3375 553 3428 scat.
569 3371 875 3428 Generatio
887 3388 1126 3444 quoque
1139 3376 1363 3428 rectoru
1372 3388 1450 3438 m,
1469 3387 1584 3428 non
1597 3373 1688 3425 est
1711 3369 1828 3426 ista
1839 3369 2054 3439 carnis,

411 3460 512 3518 sed
543 3457 646 3515 illa
671 3477 801 3532 quae
824 3460 1473 3532 imitationejustorum,
1490 3475 1592 3531 per
1607 3457 2056 3516 similitudinem

409 3563 656 3622 operum
687 3547 950 3605 noscitur
977 3564 1106 3606 esse
1135 3551 1474 3621 propagata.

410 3655 444 3710 3
549 3655 742 3710 Gloria
769 3663 820 3710 et
845 3654 1050 3711 divitia:
1077 3656 1139 3711 in
1162 3654 1318 3712 domo
1338 3655 1491 3726 ejus:

548 3743 616 3799 Et
632 3743 860 3815 justitia
883 3745 1002 3818 ejus
1031 3749 1215 3801 manet
1260 3747 1320 3801 in
1365 3743 1637 3802 saeculum
1680 3741 1936 3808 I—sseculi
1979 3748 1992 3808 ζ
2038 3782 2053 3796 .

477 3831 522 3889 C
551 3832 709 3888 Beati
737 3832 967 3902 domus,
1000 3837 1092 3889 est
1120 3833 1337 3890 mentis
1361 3837 1672 3898 secretum,
1691 3830 1791 3887 ubi
1822 3828 2056 3886 divitias

407 3922 641 3976 sanctas
667 3921 730 3977 et
757 3921 1003 3996 gloriam
1029 3925 1371 3996 perpetuam
1399 3921 1644 3994 reponit,
1667 3918 2056 3994 quisquisDo-

406 4008 553 4067 mini
584 4014 870 4084 praecepta
885 4010 1280 4084 compleverit.
1306 4009 1544 4067 Justitia
1569 4015 1766 4066 autem
1796 4006 2054 4065 hominis

404 4096 642 4166 dicitur,
673 4115 800 4172 quae
834 4099 1081 4156 Domino
1109 4099 1392 4174 largiente
1422 4102 1752 4173 praestatur,
1775 4102 1833 4154 et
1859 4113 1931 4153 ne
1946 4094 2052 4152 ali-

403 4185 539 4260 quis
569 4201 630 4252 se
654 4187 1129 4246 existimaretDei
1162 4186 1741 4262 praeceptaservando
1773 4185 1896 4243 fieri
1908 4189 2056 4240 tem-

403 4275 681 4349 poraliter
708 4277 966 4346 beatum,
999 4277 1243 4346 addidit,
1259 4281 1456 4333 manet
1481 4277 1540 4332 in
1563 4276 1844 4334 saeculum
1876 4293 2054 4336 saecu-

401 4364 465 4422 li.
498 4366 751 4423 Causam
762 4383 898 4423 vero
922 4365 1094 4424 istius
1109 4366 1490 4424 beatitudinis
1505 4363 1738 4424 subdit:
1774 4367 2052 4426 Exortum

400 4459 515 4522 est,
545 4459 654 4512 etc.

402 4545 435 4600 4
545 4545 807 4602 Εωονιιιγη
833 4549 912 4601 est
939 4547 1003 4600 in
1034 4547 1274 4604 tenebris
1301 4547 1488 4604 tamen
1517 4546 1678 4602 rectis
1701 4563 1722 4602 :

543 4635 846 4692 Misericors
871 4641 924 4692 et
945 4637 1238 4693 miserator
1264 4643 1316 4692 et
1335 4635 1540 4708 justus.

472 4726 512 4779 C
539 4723 711 4780 Venit
739 4722 894 4781 enim
925 4723 1195 4798 lux,~quas
1225 4727 1466 4796 superat
1488 4735 1722 4778 omnem
1757 4720 1968 4792 lucem,
1991 4725 2050 4780 et

401 4817 470 4870 ut
493 4811 718 4886 gratior
739 4817 896 4870 esset
919 4812 1036 4872 ista
1063 4813 1182 4881 lux,
1215 4811 1510 4869 addiditin
1533 4809 1810 4877 tenebris,
1843 4811 1944 4867 sed
1959 4809 2047 4866 in-
2096 4844 2103 4851 ο

399 4907 498 4958 tus
528 4907 667 4959 sunt
694 4902 754 4958 in
786 4903 959 4960 corde
985 4903 1108 4958 istae
1138 4901 1410 4967 tenebrae,
1451 4897 1551 4956 ubi
1582 4897 1669 4955 sol
1708 4899 2047 4956 mundanus

2166 3311 2520 3380 peccatores,
2554 3306 2776 3364 scilicet
2805 3308 3110 3381 despiciet.

2165 3398 2201 3451 8
2309 3399 2579 3472 Dispersit
2607 3397 2756 3454 dedit
2773 3399 3138 3470 pauperibus:

2305 3488 2528 3544 Iustitia
2557 3487 2672 3560 ejus
2701 3495 2887 3543 manet
2913 3489 2970 3542 in
3001 3489 3268 3546 saeculum
3311 3491 3564 3558 i—szculi
3606 3499 3622 3556 ζ
3679 3509 3700 3546 :

2309 3578 2499 3633 Cornu
2525 3577 2644 3649 ejus
2673 3577 3014 3634 excitabitur
3044 3579 3104 3633 in
3131 3577 3332 3648 gloria.

2236 3664 2278 3719 C
2303 3663 2744 3738 Dispersit,ha3c
2783 3665 3076 3722 sententia
3121 3665 3372 3739 pertinet
3400 3667 3472 3724 ad
3494 3665 3640 3734 illud
3665 3685 3828 3742 prs-

2163 3757 2426 3826 ceptum:
2463 3753 2620 3810 Vade
2667 3759 2726 3810 et
2769 3754 2953 3811 vende
2997 3755 3198 3812 omnia
3245 3759 3303 3812 et
3331 3755 3406 3812 da
3451 3757 3826 3830 pauperibus

2163 3839 2370 3912 (Matth.
2403 3843 2539 3915 xux).
2585 3843 2692 3908 Qui
2743 3842 2865 3900 haec
2909 3843 3125 3913 fecerit,
3178 3844 3466 3916 iustitiam
3514 3851 3820 3918 operatur,

2164 3930 2304 4004 quia
2333 3930 2564 3987 Domini
2586 3936 2877 4005 praecepta
2905 3931 3238 4006 complevit.
3271 3932 3318 3993 Η
3355 3932 3448 3990 Et~
3471 3933 3583 3990 ista
3615 3941 3823 3994 manet

2163 4019 2224 4074 in
2249 4018 2529 4078 saeculum
2561 4020 2782 4078 saeculi.
2815 4019 2872 4077 id
2901 4024 2992 4078 est
3021 4037 3196 4095 opera
3228 4021 3356 4095 ipsa
3385 4015 3758 4095 permanent.
3778 4029 3822 4081 C

2163 4107 2267 4164 Vel
2301 4107 2440 4181 quia
2467 4108 2773 4182 praemium
2803 4125 3003 4166 eorum
3017 4097 3821 4181 asternalitermanet,dicun-

2161 4199 2260 4253 tur
2287 4211 2524 4254 manere
2553 4197 2612 4254 in
2634 4196 2916 4254 saeculum
2943 4198 3160 4255 saeculi.
3188 4199 3604 4276 HCornuejus,
3623 4201 3680 4258 id
3700 4206 3817 4271 est,

2160 4300 2408 4361 regnum
2431 4287 2617 4360 ipsius
2648 4286 3000 4344 exaltabitur
3029 4289 3088 4344 in
3117 4286 3324 4364 gloria,
3351 4288 3492 4362 quia
3531 4305 3667 4346 cum
3700 4290 3816 4349 Do-

2162 4375 2322 4432 mino
2346 4390 2578 4450 semper
2601 4375 2888 4450 regnabit.
2921 4376 2963 4432 C
2993 4379 3182 4434 Cornu
3205 4379 3364 4434 enim
3396 4395 3500 4450 pro
3524 4381 3819 4451 potestate

2160 4463 2417 4538 ponitur,
2451 4465 2572 4521 sive
2599 4481 2704 4538 pro
2735 4481 2938 4538 regno,
2969 4465 3122 4524 sicut
3141 4466 3284 4522 dicit
3303 4465 3504 4524 Daniel
3523 4466 3820 4532 :Quatuo':

2079 4563 2128 4630 Ι)
2159 4556 2356 4610 autem
2387 4570 2624 4622 cornua,
2658 4555 2915 4627 quatuor
2943 4570 3128 4630 regna
3157 4560 3314 4612 sunt.

2157 4643 2194 4696 9
2303 4645 2558 4700 Peccator
2585 4641 2788 4699 videbit
2821 4651 2873 4700 et
2905 4645 3197 4701 irascetur:
3250 4644 3501 4702 dentibus
3527 4649 3648 4704 suis
3695 4650 3812 4721 fre-

2371 4735 2551 4788 metet
2581 4732 2826 4789 tabescet.

2299 4821 2649 4878 Desiderium
2667 4829 3014 4894 peccatorum
3038 4823 3259 4895 peribit.

2225 4909 2266 4966 C
2288 4909 2523 4966 Videbit
2552 4913 2820 4986 peccator
2838 4909 2899 4966 in
2920 4910 3015 4966 die
3039 4911 3252 4984 judicii
3287 4927 3663 4971 remunerare
3693 4909 3814 4972 Do?

400 5008 516 5048 non
547 4996 740 5065 potest
769 4992 1060 5060 accedere,
1095 5007 1242 5063 quas
1265 4988 1406 5046 illud
1430 4987 1627 5046 lumen
1651 4985 2044 5062 expulitquod
2154 4997 2383 5055 minum
2414 4985 2628 5057 electos
2653 5015 2814 5056 suos.
2847 4999 3130 5074 Tuncque
3166 5001 3473 5070 irascetur,
3524 5003 3810 5077 Quoniam

398 5086 646 5138 mortem
680 5081 838 5138 vicit.
860 5077 1549 5148 Misericors,sciliccthis
1579 5078 2048 5150 quiconlltentur
2154 5103 2260 5161 pro
2291 5103 2402 5144 sua
2429 5087 2794 5162 malignitate
2823 5090 3088 5162 punitur,
3140 5089 3347 5148 fremet
3387 5083 3714 5166 quoquest
3741 5099 3810 5151 s’e

397 5169 480 5239 ei;
511 5170 612 5244 qui
641 5188 772 5228 vero
825 5173 1226 5237 contemnunt,
1275 5169 1471 5242 ipsum
1509 5167 1741 5240 justum
1780 5167 2042 5241 judicem
2147 5176 2274 5248 jam
2305 5178 2533 5234 mordet
2553 5177 2678 5234 suis
2707 5171 2983 5234 dentibus
3015 5183 3188 5252 atque
3218 5194 3280 5236 se
3311 5172 3560 5257 proprio
3605 5169 3837 5239 dolore‘

397 5260 798 5316 sustinebunt.
2153 5265 2420 5339 castigat,
2451 5265 2690 5340 exigens
2718 5281 2756 5321 a
2784 5279 2848 5322 se
2875 5264 3191 5336 cruciatus,
3236 5277 3386 5342 quos
3411 5259 3507 5326 hic
3551 5259 3806 5343 cogebat

395 5349 433 5406 5
537 5350 826 5408 Iucundus
882 5349 1038 5406 homo
1101 5350 1198 5421 qui
1252 5351 1546 5406 miseretur
1607 5356 1659 5405 et
1711 5346 2040 5404 commodat:
2153 5355 2447 5412 sustinere
2478 5353 2780 5424 innoxios;
2814 5358 2870 5412 et
2900 5355 3179 5427 tabescet,
3211 5356 3271 5413 in
3299 5357 3624 5432 perditione
3672 5372 3806 5428 sua,

610 5439 854 5511 disponet
883 5455 1154 5495 sermones
1180 5455 1303 5495 suos
1323 5442 1380 5494 in
1399 5437 1644 5512 judicio:
1932 5480 1948 5489 .
2152 5447 2209 5500 et
2224 5448 2594 5517 peccatorum
2626 5441 2916 5501 desideria
2945 5446 3174 5503 succisa
3203 5452 3586 5505 marcescent.

543 5529 683 5597 Quia
712 5529 772 5582 in
797 5535 1070 5584 aeternum
1092 5543 1206 5584 non
1232 5527 1672 5584 commovebitur.
2639 5549 2844 5590 omne
2881 5551 2952 5590 sx
2990 5548 3148 5592 ρεΑι.
3196 5531 3312 5592 cxxi

470 5621 510 5672 C
536 5615 847 5676 Jucundus
879 5616 1054 5674 homo
1085 5615 1681 5686 hicdiciturmontam
1695 5614 2040 5673 hominibus
2222 5623 2446 5680 Lumen
2473 5627 2824 5696 perpetuum
2848 5625 3805 5700 rectarum-cardiummeusmon-
