4068 6160
237 380 352 442 613

1473 374 1913 439 EXPOSITIO
1950 354 2482 438 PSALMORUM.

3559 376 3679 438 414

233 515 371 574 cede
399 514 571 572 nobis
601 510 870 587 diligere,
903 515 1009 570 tua
1039 510 1217 587 gloria
1235 508 1573 584 jocundari,
1606 512 1670 565 et
1699 509 1784 566 sic
1816 508 1901 565 di-
1930 507 1986 577 Α
2012 509 2049 564 6
2158 508 2451 574 Suscitans
2481 528 2514 566 a
2544 514 2691 567 terra
2720 512 2929 583 iu0pem
2952 525 2973 567 ε

235 621 507 679 spargere
537 602 599 659 in
629 602 738 658 hoc
770 602 989 659 saeculo
1021 607 1085 658 ut
1103 616 1401 658 caveamus
1423 596 1708 655 auditum
1740 615 1906 672 aspe-

232 711 365 750 rum
397 693 458 749 in
492 693 711 749 futuro.
736 692 847 750 Per
874 693 1185 747 Dominum
1214 688 1713 746 nostrum'Jesum
1745 687 1907 744 Chri-

233 789 416 851 stum,
451 787 561 839 etc.

742 867 753 875 ’
806 897 1139 954 PSALMUS
1176 897 1332 953 exn.

677 1003 1090 1044 ARGUMENTUM
1130 1002 1284 1041 PSAL.
1324 1000 1457 1039 CXII.

302 1104 346 1159 C
372 1102 667 1175 Propheta
698 1105 901 1157 monet
929 1102 1168 1157 devotos
1197 1105 1261 1155 ut
1287 1098 1492 1155 laudes
1526 1098 1646 1154 Deo
1687 1096 1912 1170 jugiter

233 1208 269 1247 ι
295 1188 530 1247 cunctis
563 1190 772 1245 mundi
808 1190 1080 1262 partibus
1116 1188 1331 1245 dicant.

870 1296 987 1352 TT.
1029 1296 1280 1352 Alleluia.

306 1405 348 1461 C
380 1407 525 1462 Ecce
543 1403 721 1459 verba
742 1402 899 1458 tituli
927 1402 1021 1458 sui
1052 1403 1417 1474 subsequens
1443 1402 1714 1474 psalmus
1744 1418 1911 1473 expo-

238 1495 344 1559 nit,
379 1510 521 1549 nam
554 1508 690 1547 cum
715 1492 816 1558 sit,
849 1487 1108 1556 alleluia,
1146 1491 1378 1547 laudate
1406 1490 1836 1557 Dominum,ita
1856 1494 1913 1546 et

236 1585 363 1657 ipse
398 1583 539 1638 facit
559 1580 821 1648 initium,
850 1583 917 1634 ut
948 1578 1236 1635 suoinitio
1266 1584 1526 1653 exponat
1550 1578 1809 1635 titulum.
1842 1579 1908 1635 Η.

235 1673 307 1729 Et
361 1671 460 1727 hic
510 1668 783 1744 psalmus
830 1669 1024 1735 docet,
1057 1673 1137 1735 ut,
1179 1669 1455 1742 deposita
1478 1669 1656 1725 veteri
1689 1667 1914 1725 malitia

240 1764 291 1835 (Ι
314 1766 467 1818 Petr.
502 1763 589 1829 ιι),
625 1761 912 1830 tanquam
957 1757 1127 1812 modo
1166 1758 1354 1830 geniti
1403 1757 1653 1813 infantes
1700 1756 1762 1813 in
1810 1757 1910 1814 Dei

238 1850 520 1908 laudibus
547 1846 892 1922 gloriemur.

244 1961 268 2015 1
384 1956 647 2022 Laudato,
676 1956 862 2027 pueri,
894 1954 1182 2010 Dominum
1202 1973 1223 2009 .-

382 2051 458 2103 La
467 2046 630 2102 κάδω
654 2060 851 2100 nomen
882 2044 1123 2099 Domini.

312 2138 373 2193 C.
408 2136 606 2203 Pueri,
640 2133 783 2189 dicti
819 2134 962 2189 sunt
1002 2148 1201 2188 omnes
1233 2133 1446 2189 ﬁdeles
1491 2132 1850 2199 innocentes,
1881 2151 1918 2189 a

242 2227 503 2302 puritate
548 2222 766 2280 mentis
814 2225 993 2293 atque
1024 2238 1058 2276 a
1106 2220 1482 2291 simplicitate
1531 2224 1763 2293 cordis;
1800 2239 1915 2279 non

244 2316 403 2374 enim
425 2314 524 2370 hic
548 2318 689 2370 setas
712 2315 803 2367 est
824 2307 1029 2376 electa,
1052 2311 1152 2365 sed
1178 2312 1429 2382 paritas.
1459 2311 1683 2367 Laudat
1705 2329 1915 2369 nomen

246 2403 506 2470 Domini,
535 2402 637 2474 qui
668 2399 919 2456 virtutes
950 2400 1077 2471 ejus
1108 2404 1309 2455 sancta
1332 2399 1752 2472 praedicatione
1781 2419 1916 2458 con-

248 2493 527 2559 celebrat,
561 2489 886 2547 Dominum
917 2504 1050 2543 vero
1079 2486 1298 2557 laudat,
1334 2488 1439 2561 qui
1470 2505 1606 2545 cum
1627 2491 1918 2563 probabili

247 2583 479 2641 actione
518 2577 917 2636 commendat.

250 2695 286 2748 2
397 2691 483 2746 Sit
508 2702 707 2745 nomen
737 2685 967 2742 Domini
997 2683 1371 2740 benedictum:

394 2780 480 2834 Ex
508 2778 607 2837 hoc
634 2790 788 2830 nunc
815 2780 869 2830 et
896 2788 1065 2845 usque
1092 2774 1153 2829 in
1174 2774 1464 2837 saeculum,

321 2868 392 2925 Η.
434 2866 522 2923 Sit
559 2879 778 2921 nomen
808 2861 1041 2919 Domini
1092 2861 1487 2931 benedictum,
1542 2864 1917 2922 benedictum

254 2957 368 3015 fuit
398 2958 557 3022 ante,
590 2957 826 3010 tantum
849 2951 911 3007 in
936 2967 1054 3009 una
1081 2955 1251 3024 gente
1274 2952 1632 3023 Judaeorum,
1666 2954 1805 3026 quia
1833 2953 1917 3009 illi

253 3050 487 3104 tantum
509 3041 939 3099 benedicebant
961 3042 1018 3096 et
1033 3040 1369 3106 credebant,
1393 3040 1494 3096 sed
1517 3043 1691 3098 modo
1714 3043 1773 3099 in
1800 3060 1920 3100 om-

254 3136 433 3193 nibus
464 3131 743 3207 gentibus
772 3128 1032 3185 creditur
1055 3133 1111 3185 et
1139 3129 1538 3198 benedicitur;
1571 3148 1640 3187 ex
1660 3131 1789 3199 hoc,
1813 3133 1922 3189 sci-

2164 600 2233 655 Et
2260 599 2327 655 de
2353 607 2583 657 stercore
2611 602 2827 670 erigens
2853 616 3167 673 pauperem.

2089 688 2133 745 C
2164 687 2288 743 Hoc
2347 689 2695 745 beneﬁcium
2750 706 2865 746 non
2898 688 3003 744 soli
3059 688 3171 744 sibi
3224 687 3428 763 inopes
3457 695 3515 749 et
3544 709 3684 765 pau-

2019 793 2195 850 peres
2226 777 2544 845 vindicent,
2578 796 2713 834 nam
2744 780 2815 835 de
2846 784 3097 848 stercore
3122 782 3179 833 et
3209 784 3553 851 paupertate
3578 782 3684 839 eri-

2018 866 2205 939 gitur,
2236 866 2507 939 quisquis
2530 869 2601 924 de
2627 868 2733 924 hac
2750 868 2878 924 labe
2899 867 3158 940 corporis
3181 884 3281 940 per
3303 868 3405 925 Dei
3430 872 3680 942 gratiam

2020 955 2387 1012 sublevatur.
2414 958 2533 1013 Rex
2553 958 2805 1030 denique
2828 958 3162 1013 mundanus
3183 956 3353 1029 inops
3378 964 3467 1014 est
3484 977 3683 1016 mune-

2020 1062 2157 1100 rum
2192 1045 2312 1113 Dei,
2359 1051 2415 1102 et
2463 1046 2521 1102 in
2555 1050 2806 1103 stercore
2835 1046 3105 1114 volvitur,
3159 1046 3249 1101 cui
3300 1048 3493 1105 carnis
3544 1049 3683 1105 vitia

2019 1134 2425 1191 dominantur.

2018 1226 2055 1277 7
2172 1227 2236 1282 Ut
2264 1228 2483 1284 collocet
2508 1244 2633 1283 eum
2662 1244 2787 1282 cum
2811 1227 3178 1299 principibus.

2172 1316 2314 1371 Cum
2340 1318 2688 1389 principibus
2714 1317 2907 1388 populi
2938 1318 3047 1372 sui.

2095 1408 2136 1458 C
2168 1404 2464 1478 Principes
2496 1409 2693 1462 autem
2719 1405 2918 1479 populi
2946 1410 3084 1461 sunt
3108 1406 3447 1479 patriarchae
3470 1411 3527 1463 et
3557 1422 3686 1479 pro-

2022 1492 2235 1566 phetm,
2270 1495 2516 1567 apostoli
2551 1500 2607 1550 et
2638 1495 2975 1567 quicunque
3005 1500 3114 1550 Deo
3136 1495 3422 1566 probabili
3454 1510 3687 1551 conver-

2016 1584 2253 1640 satione
2284 1583 2633 1656 placuerunt
2658 1602 2671 1652 ;
2705 1584 2783 1640 ibi
2809 1584 2964 1639 enim
2991 1583 3366 1641 collocabitur
3386 1599 3607 1656 pauper
3628 1583 3691 1635 et

2025 1670 2198 1744 inops
2224 1672 2459 1730 Christi.
2492 1673 2677 1729 Addit
2698 1672 2897 1746 populi
2931 1674 3042 1741 sui,
3078 1674 3233 1745 quod
3261 1673 3551 1747 signiﬁcat
3581 1670 3687 1725 Ee-

2024 1760 2286 1817 clesiam.
2322 1763 2446 1818 Non
2478 1766 2680 1817 autem
2712 1761 3108 1834 principatum
3139 1762 3235 1819 hic
3265 1756 3696 1831 honoremtho-

1944 1882 1992 1952 Β
2027 1850 2255 1906 minum
2302 1850 2725 1923 suffragatione
2775 1851 3194 1924 conquisitum,
3235 1850 3548 1920 intelligas,
3583 1843 3693 1900 sed

2025 1939 2195 1995 illum
2208 1938 2308 2012 qui
2325 1939 2576 1996 Domino
2593 1938 2874 2012 largiente
2886 1946 3215 2013 praestatur,
3236 1941 3335 2014 qui
3354 1933 3696 1994 humilitate

2027 2028 2182 2085 altus
2211 2033 2314 2085 est.

2025 2118 2059 2171 8
2172 2120 2277 2186 Qui
2306 2118 2559 2174 habitare
2588 2120 2726 2189 facit
2753 2120 2995 2175 sterilem
3027 2120 3088 2174 in
3114 2119 3273 2176 domo
3296 2136 3315 2174 :

2169 2209 2396 2263 Matrem
2423 2207 2675 2278 ﬁliorum
2706 2209 3007 2265 laetantem.

2098 2297 2138 2351 C
2170 2297 2299 2352 Fuit
2338 2295 2496 2355 enim
2531 2296 2746 2352 sterilis
2778 2301 2981 2353 sancta
3009 2296 3274 2354 Ecclesia
3304 2294 3444 2350 ante
3485 2290 3699 2351 adven-

2026 2389 2152 2441 tum
2186 2382 2387 2456 sponsi
2417 2384 2533 2452 sui,
2571 2386 2671 2441 sed
2704 2387 2857 2441 facta
2902 2391 2993 2442 est
3024 2390 3217 2442 mater
3253 2386 3394 2442 laeta
3424 2380 3701 2456 ﬁliorum,

2026 2473 2435 2547 praedicatione
2484 2474 2909 2546 apostolorum,
2938 2491 3094 2546 aqua
3141 2480 3204 2530 et
3251 2472 3478 2549 Spiritu
3507 2481 3705 2539 sancto

2028 2578 2399 2635 regenerans,
2435 2578 2616 2633 quam
2649 2564 2934 2620 Dominus
2966 2564 3025 2618 in
3057 2563 3252 2623 domo
3292 2584 3422 2638 sua,
3461 2569 3506 2630 Η
3532 2570 3589 2632 id
3620 2580 3710 2635 est

2028 2651 2223 2724 seipsa
2253 2649 2518 2706 habitare
2552 2651 2707 2708 facit.
2732 2652 2773 2709 C
2808 2653 3125 2709 Lzetantem
3152 2654 3245 2713 de
3274 2666 3467 2737 partu,
3495 2667 3710 2730 scilicet

2027 2745 2084 2796 et
2114 2738 2536 2796 numerositate
2572 2746 2934 2798 sanctorum.

2528 2863 2736 2904 ORATIO
2765 2866 2835 2904 sx
2864 2865 3019 2905 PBAL.
3048 2866 3185 2906 CXII.

2100 2953 2430 3009 Laudantes
2462 2953 2834 3010 benedictum
2861 2972 3071 3011 nomen
3094 2959 3296 3029 tuum,
3320 2974 3698 3047 omnipotens

2027 3044 2202 3108 Deus,
2232 3057 2530 3113 rogamus,
2557 3043 2707 3099 utin
2742 3044 2876 3099 sinu
2910 3045 3116 3100 matris
3147 3046 3421 3110 Ecclesiae
3450 3043 3694 3123 colloca-

2029 3138 2139 3203 tos,
2172 3129 2473 3185 charitatis
2498 3134 2614 3186 tuna
2668 3132 2849 3187 facias
2888 3132 3209 3190 stabilitate
3256 3148 3545 3203 connecti.
3580 3151 3689 3210 Per

253 3226 392 3282 licet
421 3228 687 3295 tempore
716 3236 836 3291 φο
885 3218 1120 3322 credere
1158 3222 1495 3319 cmperunt;
1526 3236 1702 3290 nunc,
1735 3220 1794 3277 id
1824 3224 1914 3278 est
1940 3251 1984 3322 ο
2033 3220 2342 3278 Dominum
2373 3223 2643 3276 nostrum
2673 3221 2877 3277 Jesum
2909 3221 3358 3292 Cbr-istum,etc.

258 3315 318 3372 in
345 3311 644 3387 praesenti,
678 3310 738 3365 in
770 3306 1072 3375 stimulum,
1105 3306 1215 3364 hoc
1243 3312 1335 3363 est
1365 3306 1492 3364 sine
1523 3309 1660 3365 ﬁne.

258 3424 293 3477 3
398 3423 437 3477 Α
466 3420 603 3476 solis
631 3424 756 3474 ortu
787 3430 960 3487 usque
986 3413 1056 3469 ad
1084 3430 1333 3471 occasum
1346 3410 1373 3470 ἐ

402 3506 706 3566 Laudabile
724 3521 925 3561 nomen
958 3506 1203 3561 Domini.

325 3601 367 3657 C
393 3602 443 3655 Α
468 3596 621 3654 solis
648 3599 804 3662 ortu,
836 3610 941 3667 per
966 3609 1206 3649 cursum
1239 3592 1396 3648 enim
1429 3592 1571 3649 solis
1600 3593 1695 3649 hic
1725 3595 1917 3651 decla-

256 3695 417 3746 ratus
465 3691 559 3743 est
606 3688 766 3740 totus
822 3683 1102 3751 mundus,
1133 3685 1194 3738 et
1243 3682 1412 3754 quasi
1463 3698 1567 3755 per
1596 3685 1915 3755 quamdam

253 3779 471 3835 lineam
503 3774 992 3847 signiﬁcatusest
1013 3771 1295 3841 mundus,
1324 3771 1423 3843 qui
1439 3770 1714 3845 designat
1729 3773 1920 3830 Eccle-

252 3868 424 3939 siam,
452 3864 513 3921 in
544 3881 663 3936 qua
692 3879 798 3935 per
827 3865 1014 3917 totam
1048 3860 1339 3917 mundum
1381 3861 1669 3933 praeconia
1699 3861 1916 3918 Christi

250 3970 565 4030 personare
594 3954 884 4008 monstrat
911 3951 1122 4007 dobere
1160 3947 1384 4006 ﬁdeles.

254 4065 287 4120 lt
394 4058 653 4118 Excelsus
684 4074 847 4131 super
875 4074 1058 4114 omnes
1086 4062 1267 4129 gentes
1296 4059 1592 4114 Dominus:

395 4156 463 4208 Et
490 4164 656 4221 super
678 4148 836 4205 castos
865 4148 1048 4218 gloria
1075 4147 1212 4219 ejus.

323 4244 364 4296 C
394 4237 667 4297 Excelsus
699 4252 877 4310 super
905 4252 1110 4292 omnes
1142 4238 1366 4309 gentes,
1390 4234 1448 4290 id
1471 4245 1580 4301 est,
1605 4251 1782 4309 super
1805 4236 1915 4293 ho-

257 4329 441 4386 mines
470 4324 755 4384 carnales.
789 4323 976 4380 Ccelos
1008 4340 1142 4380 vero
1184 4322 1477 4395 spiritales
1508 4323 1789 4381 debemus
1819 4340 1912 4380 ac-

258 4417 463 4492 cipere,
498 4420 565 4472 ut
594 4432 773 4489 supra
802 4431 1006 4471 omnes
1026 4416 1327 4470 creaturas
1344 4412 1684 4470 Altissimus
1705 4411 1914 4470 sentia-

256 4510 368 4577 tur,
399 4505 502 4580 qui
553 4508 899 4561 cunctarum
939 4519 1135 4558 rerum
1196 4501 1462 4558 conditor
1519 4518 1648 4558 esse
1705 4500 1910 4575 digno-

256 4598 453 4653 scitur.

2573 3354 2903 3414 PSALMUS
2941 3356 3129 3414 CXIII.

2453 3459 2853 3502 ARGUMENTUM
2896 3463 3051 3502 PSAL.
3093 3464 3250 3507 CXIII.

2099 3548 2138 3599 C
2164 3544 2445 3599 Memorat
2475 3542 2763 3615 Propheta
2790 3560 2918 3616 quae
2941 3545 3222 3603 beneﬁcia
3253 3548 3539 3609 Dominus
3567 3557 3678 3610 He-

2028 3631 2197 3688 breis
2225 3630 2558 3704 praestiterit
2585 3636 2642 3687 et
2665 3631 2880 3705 populo
2911 3633 3240 3693 Christiano
3257 3681 3271 3707 ,
3296 3643 3351 3694 et
3371 3639 3527 3696 idola
3543 3659 3680 3715 gen-

2025 3722 2175 3778 tium
2206 3737 2354 3776 vana
2382 3736 2509 3777 esse
2540 3720 2923 3778 demonstrat.

2647 3811 2758 3866 TT.
2792 3812 3048 3868 Alleluia.

2097 3901 2138 3957 C
2167 3901 2595 3958 Commemorat
2623 3898 2909 3972 Propheta
2940 3918 3066 3974 quae
3086 3904 3371 3962 beneﬁcia
3392 3906 3678 3967 Dominus

2026 3988 2281 4045 Hebraeis
2339 3987 2701 4060 praestiterit;
2735 3992 2793 4045 et
2841 3988 2997 4047 idola
3042 3992 3309 4065 gentium
3353 4012 3502 4051 vana
3548 4014 3677 4053 esse

2024 4076 2407 4144 demonstrat,
2440 4079 2496 4130 et
2520 4077 2758 4148 exponit
2789 4083 3213 4151 consequenter
3262 4087 3550 4154 quantum
3597 4086 3676 4140 sit

2022 4164 2214 4222 vitalis
2245 4168 2302 4221 et
2322 4162 2709 4221 saluberrima
2730 4165 2931 4239 religio
2961 4166 3193 4225 Domini
3219 4169 3471 4243 propriis
3492 4171 3674 4228 culto-

2026 4254 2211 4311 ribus.

2025 4345 2049 4399 1
2165 4345 2227 4399 In.
2250 4343 2404 4399 exitu
2438 4342 2610 4398 Israel
2640 4342 2706 4398 de
2738 4345 3003 4417 ngyplo:

2198 4434 2398 4489 Domus
2419 4431 2586 4487 Iacob
2617 4430 2682 4488 de
2704 4436 2906 4506 populo
2938 4434 3190 4493 barbaro.

2092 4522 2133 4578 C
2151 4521 2254 4578 Hic
2280 4520 2498 4578 exitum
2523 4519 2691 4577 illum
2706 4522 2990 4581 debemus
3011 4525 3295 4599 accipere,
3314 4529 3550 4600 quando
3568 4546 3674 4586 nos

1942 4630 1990 4695 D
2022 4628 2055 4666 a
2087 4613 2455 4683 peccatorum
2472 4609 2724 4667 vinculis
2740 4612 3028 4687 contingit
3047 4615 3221 4672 exire.
3241 4618 3404 4673 Tunc
3422 4618 3580 4674 enim
3601 4619 3676 4675 ab

250 4695 291 4749 5
394 4695 528 4763 Quis
555 4694 700 4748 sicut
745 4691 1009 4746 Dominus
1054 4690 1201 4746 Dem
1230 4692 1411 4746 noster
1439 4690 1537 4762 qui
1564 4690 1623 4743 in
1654 4689 1781 4745 αιιίδ
1812 4688 1911 4745 Ῐια·
1942 4688 1982 4695 ”
2024 4700 2440 4774 Egyptiorum,
2486 4700 2543 4755 id
2574 4704 2662 4756 est
2702 4702 2960 4759 tenebris
3006 4706 3347 4777 ignorantia:
3400 4711 3457 4762 et
3505 4707 3675 4762 turba

429 4783 568 4839 bitat
588 4800 606 4838 :
936 4828 945 4834 .

392 4856 459 4928 ει
488 4870 731 4926 humilia
762 4868 983 4940 respicit
1018 4869 1077 4923 in
1106 4868 1234 4924 aeto
1262 4874 1313 4923 et
1342 4867 1403 4921 in
1432 4874 1582 4922 terra
1607 4870 1629 4922 Ρ

322 4955 651 5041 Quis‘sicut
679 4965 986 5034 Dominus,
1020 4965 1067 5021 Η
1108 4968 1148 5022 C
1178 4967 1257 5021 Ac
1288 4965 1336 5021 si
1369 4964 1544 5033 dicat,
1594 4962 1793 5019 nullus
1824 4966 1908 5019 ta-

249 5056 343 5114 lis.
372 5057 483 5125 Qui
506 5054 733 5112 habitat
761 5054 820 5110 in
850 5054 1035 5121 cmlis,
1058 5053 1104 5110 Η
1137 5054 1193 5109 id
1229 5058 1318 5110 est
1347 5052 1406 5109 in
1431 5051 1670 5109 sanctis.
1707 5052 1773 5108 Et
1802 5051 1908 5107 hu-

252 5146 416 5203 milia
445 5143 703 5218 respicit,
737 5142 941 5215 utipse
974 5143 1156 5199 dixit:
1192 5143 1379 5214 Super
1399 5158 1572 5213 quem
1597 5138 1911 5211 requiescit

2021 4787 2355 4857 daemonum
2403 4788 2740 4844 liberamur.
2776 4790 3070 4847 Barbarus
3115 4796 3312 4849 autem
3361 4810 3394 4848 a
3418 4794 3589 4848 barba
3617 4799 3676 4850 et

2020 4893 2151 4932 rure
2182 4877 2374 4933 dictus
2397 4881 2504 4945 est,
2530 4878 2685 4949 quod
2718 4895 3021 4951 nunquam
3053 4879 3110 4933 in
3140 4881 3282 4935 urbe
3311 4881 3535 4948 vixerit,
3569 4884 3674 4939 sed

2022 4982 2253 5037 semper
2285 4970 2348 5020 ut
2378 4965 2498 5021 fera
2522 4965 2580 5020 in
2614 4967 2766 5036 agris
2798 4966 3095 5023 habitasse
3126 4973 3417 5025 noscatur.
3451 4969 3673 5029 Domus

2021 5058 2217 5111 autem
2247 5054 2421 5109 Iacob
2445 5054 2757 5121 efﬁcimur,
2781 5056 3016 5127 quando
3040 5063 3326 5131 praecepta
3350 5057 3451 5115 Dei
3479 5076 3668 5117 serva-

2020 5159 2173 5197 mus.
2209 5142 2245 5196 ll
2279 5140 2454 5197 Jaeob
2474 5142 2628 5198 enim
2650 5144 3544 5219 supplantalorinterpretatur,et
3565 5166 3670 5206 nos

252 5235 506 5307 Spiritus
536 5248 726 5300 meus,
761 5231 874 5288 nisi
906 5248 1083 5303 super
1111 5230 1399 5287 humilem
1420 5231 1447 5285 ‘l
1479 5230 1540 5285 In
1588 5227 1728 5285 coelo
1764 5233 1820 5287 et
1847 5229 1907 5286 in
2017 5230 2209 5303 primo
2241 5228 2524 5287 debemus
2555 5230 2931 5305 supplantare
2978 5233 3136 5302 vitia,
3169 5241 3227 5291 et
3272 5236 3534 5292 conﬁteri
3580 5255 3666 5307 ea,

255 5325 429 5389 terra,
459 5324 502 5375 C
551 5320 633 5376 sic
662 5317 721 5373 in
754 5317 895 5374 cmlo
928 5324 985 5374 et
1013 5318 1070 5374 in
1098 5324 1253 5375 terra
1281 5316 1585 5374 humilitas
1638 5317 1754 5373 Deo
1784 5314 1906 5390 pla-

256 5409 374 5466 cita
402 5408 706 5483 reperitur,
740 5405 891 5463 sicut
920 5407 1193 5480 superbia
1222 5407 1503 5482 probatur
1530 5423 1704 5462 exosa
1752 5407 1904 5479 (lsai.

261 5498 430 5567 um),
464 5496 564 5552 ubi
604 5512 739 5570 ergo
771 5494 906 5552 elati
936 5497 1181 5552 credunt
1218 5495 1411 5553 locum
1441 5495 1656 5551 habere
1704 5511 1906 5568 super-

258 5584 438 5657 biam,
474 5601 607 5642 cum
641 5584 850 5641 coelum
882 5588 940 5641 et
966 5589 1181 5645 terram
1213 5587 1284 5643 ab
1318 5584 1649 5643 humilitate
1673 5581 1909 5640 videant

257 5680 603 5748 occupatam
621 5676 651 5729 ?

2017 5318 2139 5375 sive
2171 5318 2347 5374 ﬁdem
2374 5319 2699 5387 Trinitatis,
2737 5323 2891 5394 quod
2922 5323 3101 5379 ludas
3126 5322 3558 5399 interpretatur.

2014 5410 2050 5461 2
2157 5410 2318 5464 Facta
2347 5413 2425 5463 est
2452 5410 2646 5468 Iudaea
2670 5413 3038 5483 sanctificatio
3065 5414 3183 5485 ejus
3198 5408 3218 5470 ἐ
3303 5478 3319 5493 ,ν
3350 5482 3354 5487 ο

2157 5497 2326 5552 Israel
2350 5501 2583 5569 potestas
2607 5501 2739 5571 ejus.

2086 5589 2126 5639 C
2154 5585 2183 5641 J
2195 5586 2367 5641 udam
2385 5586 2639 5645 dicimus
2657 5606 2773 5645 non
2790 5591 2980 5648 solum
3002 5591 3075 5649 ad
3092 5593 3464 5651 Hebraeorum
3486 5595 3667 5651 natio.

2016 5689 2172 5743 nem,
2206 5674 2307 5731 sed
2342 5678 2398 5732 et
2416 5676 2485 5732 ad
2511 5693 2715 5736 omnes
2736 5679 2938 5738 ﬁdeles
2953 5698 3125 5754 posse
3149 5682 3452 5758 respicere.
3476 5680 3667 5740 Verus
3702 5712 3715 5725 ι
