3986 6164
427 297 556 370 tis.
1080 367 1086 373 ,
1336 299 1403 365 s.
1447 298 1839 366 sannoms
1884 297 2509 365 HERBIPOLENSIS
2552 299 2926 364 EPISCOPI.
3177 314 3181 318 ·
3513 285 3516 287 λ
3559 247 3574 265 ’
3663 293 3771 372 tie

428 437 588 494 enim
612 435 797 494 Judas
827 434 1090 494 Salvator
1117 439 1208 494 est
1237 435 1540 504 Dominus,
1573 432 1634 491 in
1672 451 1789 509 quo
1817 437 2074 508 potestas
2102 433 2158 502 Α
2187 436 2262 492 da
2289 441 2346 492 et
2375 437 2524 494 dura
2573 435 2746 492 corda
2774 431 3106 508 gentilium,
3137 432 3311 492 divini
3345 432 3540 510 eloquii
3565 454 3768 524 manare

429 525 852 593 Israelitarum,
876 526 932 582 id
951 525 1381 594 est,.videntium
1411 529 1587 582 Deum
1601 525 1865 582 noscitur
1883 539 2082 597 perpe-
2189 525 2322 582 fecit
2351 525 2538 582 fontes
2567 524 2839 598 irriguos.

429 621 534 674 tua
561 633 709 674 esse.
743 617 946 689 Itaque
975 615 1074 687 qui
1106 631 1240 671 eum
1265 613 1611 670 circumciso
1633 614 1806 670 corde
1827 629 2080 686 sequun-
2185 614 2220 669 9
2326 617 2448 672 Non
2474 615 2656 680 nobis,
2686 614 2934 681 Domine,
2963 629 3076 670 non
3101 612 3286 670 nobis:

429 709 546 773 tur,
587 704 767 763 Israel
811 705 1180 778 appellantur
1223 705 1522 761 veraciter.
1567 702 1743 760 Israel
1785 702 1942 760 enim
1992 702 2081 757 vir
2329 703 2432 760 Sed
2459 703 2676 760 nomini
2704 707 2796 759 tuo
2824 703 2896 758 da
2918 702 3173 772 gloriam.
3242 704 3248 711 ’

426 795 615 853 videns
657 799 828 851 Deum
885 793 1318 866 interpretatur,
1378 794 1424 848 A
1479 791 1568 848 vel
1625 791 1819 848 verius
1875 789 2077 847 videns
2257 793 2297 848 C
2322 793 2447 849 Non
2478 791 2668 862 nobis,
2720 791 2980 857 Domine,
3018 807 3154 847 nam
3185 807 3316 848 eum
3343 791 3488 849 bona
3529 791 3766 866 largiatur

427 889 630 941 Deum.
2185 881 2520 951 immeritis,
2545 881 2735 954 ipsius
2748 879 2944 954 gloria:
2965 879 3244 953 probatur
3259 897 3403 946 esse,
3426 897 3532 938 non
3550 881 3763 952 aliunde,

423 975 459 1030 3
567 973 714 1029 Mare
742 973 879 1028 vidit
907 979 958 1028 et
986 975 1172 1044 fugit:
1703 1041 1714 1051 .
2185 971 2340 1043 quod
2374 970 2658 1028 concedit.
2691 971 2763 1025 Et
2789 972 2878 1026 est
2909 969 3225 1026 affectuosa
3253 972 3312 1026 et
3331 969 3500 1026 nimis
3515 987 3634 1027 vera
3653 973 3771 1045 peti-

563 1061 821 1119 Iordanis
841 1078 1126 1118 conversus
1147 1067 1225 1116 est
1255 1065 1574 1117 retrorsum.
2185 1059 2290 1129 tio,
2316 1063 2381 1114 ut
2404 1063 2640 1133 propter
2667 1074 2882 1114 nomen
2913 1075 3090 1114 suum
3120 1060 3412 1130 praestaret
3436 1056 3664 1115 humano
3687 1077 3764 1134 ge-

493 1151 534 1206 C
567 1151 744 1220 Mare,
775 1151 831 1205 id
853 1155 943 1206 est
973 1149 1291 1224 gentilitas,
1312 1150 1457 1204 vidit
1477 1153 1710 1206 sanctos
1733 1147 2074 1222 supplanta-
2183 1149 2305 1205 neri
2331 1148 2514 1218 utilia,
2546 1147 2645 1222 qui
2669 1163 2780 1202 non
2815 1151 3044 1218 poterat
3067 1145 3126 1203 in
3154 1145 3538 1218 peccatoribus
3557 1147 3768 1206 invenire

422 1245 580 1296 tores
606 1241 903 1307 vitiorum,
929 1239 986 1294 id
1018 1243 1106 1295 est
1135 1237 1560 1312 praedicatores,
1593 1242 1650 1294 et
1681 1237 1850 1310 fugit,
1877 1236 1935 1291 id
1963 1241 2072 1294 est.
2184 1237 2394 1294 merita
2423 1236 2559 1293 ulla.
2609 1235 2772 1292 Unde
2803 1239 2860 1290 et
2896 1235 3131 1291 subdit:
3166 1235 3350 1308 Super
3401 1237 3525 1303 etc.,
3577 1241 3767 1310 propter

421 1347 537 1386 non
557 1329 748 1402 potuit
766 1329 1034 1384 resistere
1053 1326 1353 1399 apostolis,
1379 1326 1520 1399 quia
1541 1327 1692 1382 Deus
1708 1325 1767 1381 in
1790 1325 1908 1381 illis
1929 1329 2071 1381 erat.
2183 1325 2644 1383 misericordiam
2677 1329 2735 1380 et
2760 1322 3064 1380 veritatem
3091 1324 3167 1379 da
3189 1323 3430 1397 gloriam
3456 1325 3652 1381 nomini
3669 1329 3764 1391 tuo,

419 1418 693 1474 Jordanis
725 1417 1138 1488 interpretatur
1177 1416 1452 1472 descensio
1482 1414 1942 1482 eorum,‘scilicet
1972 1415 2073 1470 ba—
2181 1419 2240 1472 et
2267 1415 2356 1472 fac
2383 1413 2694 1470 mirabilia.

421 1507 795 1580 ptizatorum,
827 1505 931 1578 qui
963 1505 1328 1562 descendunt
1359 1505 1417 1560 in
1457 1505 1840 1576 baptismum,
1875 1503 1931 1559 id
1963 1507 2070 1573 est,
2183 1506 2250 1561 10
2321 1505 2497 1577 Super
2524 1501 2901 1583 misericordia
2931 1510 3028 1558 tua
3051 1511 3102 1560 et
3124 1503 3346 1560 veritate
3377 1510 3498 1559 tua:

420 1593 816 1651 humiliantur
845 1593 1144 1666 baptizati,
1171 1592 1252 1648 illi
1275 1593 1532 1650 conversi
1561 1596 1702 1649 sunt
1729 1597 2069 1662 retrorsum,
2323 1595 2479 1660 Νσέ-
2542 1590 2756 1664 quando
2801 1595 2816 1661 ζ
2907 1591 3094 1648 dicunt
3149 1599 3367 1662 gentes:
3415 1591 3508 1648 Ubi
3547 1596 3617 1648 est
3659 1593 3768 1648 Deus

333 1731 348 1743 .
421 1684 469 1740 A
499 1682 724 1740 scilicet
772 1683 844 1739 ad
897 1682 1080 1738 Deum
1113 1684 1269 1739 unde
1317 1683 1426 1738 orti
1457 1686 1645 1747 erant,
1677 1686 1732 1738 et
1763 1701 1797 1737 a
1825 1699 1940 1754 quo
1970 1699 2074 1755 per
2241 1731 2249 1737 .
2357 1687 2581 1739 eorum?

421 1776 660 1845 peccata
683 1775 1064 1828 recesserunt.
1099 1772 1143 1828 H
1167 1771 1331 1828 Multi
1361 1770 1518 1826 enim
1551 1771 1652 1844 qui
1701 1772 2072 1828 crediderunt
2102 1808 2150 1874 B
2251 1773 2293 1828 C
2323 1771 2722 1828 Misericordia
2749 1776 2840 1828 est
2875 1772 3056 1839 enim,
3104 1787 3241 1826 cum
3274 1768 3498 1827 miseris
3525 1787 3583 1826 ac
3621 1769 3770 1826 delin-

423 1861 657 1935 quando
687 1860 960 1917 viderunt
1015 1865 1298 1933 martyres
1357 1877 1585 1934 passos,
1642 1861 1900 1918 conversi
1935 1865 2074 1917 sunt
2103 1859 2148 1874 “’
2181 1862 2498 1934 quentibus
2528 1865 2765 1933 peccata
2786 1859 3072 1930 demittit;
3093 1860 3330 1932 veritas,
3351 1876 3481 1916 cum
3504 1859 3769 1916 beatitudis

361 1995 372 2000 -
421 1953 764 2016 retrorsum,
793 1949 850 2004 id
873 1954 962 2005 est
987 1967 1020 2004 a
1039 1949 1363 2023 gentilitate
1385 1949 1454 2005 ad
1479 1950 1674 2018 ﬁdem,
1698 1953 1754 2004 et
1781 1949 1968 2006 factus
1983 1955 2074 2006 est
2181 1951 2473 2025 promissa
2503 1949 2777 2006 restituit.
2812 1949 2920 2006 Ubi
2951 1955 3042 2008 est
3069 1949 3225 2006 Dens
3253 1948 3492 2012 eorum?
3519 1949 3592 2004 ita
3609 1947 3770 2004 dicunt

419 2039 540 2096 illis
570 2039 724 2096 Deus
767 2043 899 2095 ante
929 2055 1103 2112 quem
1160 2043 1292 2112 post
1339 2043 1568 2112 tergum
1617 2044 1982 2111 posuerunt;
2016 2043 2074 2095 et
2180 2043 2582 2114 persecutores
2595 2039 2916 2110 justorum.
2937 2038 3084 2096 Nam
3116 2037 3347 2112 quoties
3375 2041 3634 2112 martyres
3658 2037 3771 2094 allli-
3835 2090 3840 2094 .

420 2129 506 2185 sic
535 2128 923 2201 posteriorum
955 2131 1326 2200 peccatorum
1372 2127 1558 2198 obliti,
1595 2128 1652 2184 in
1679 2145 1747 2183 ea
1777 2146 1904 2201 quae
1931 2133 2074 2185 sunt
2181 2133 2420 2204 guntur,
2452 2128 2582 2201 ipsa
2604 2133 2692 2186 est
2721 2145 2830 2185 vox
2861 2132 3268 2201 tyrannorum.
3303 2127 3405 2184 Ubi
3435 2131 3520 2184 est
3546 2127 3678 2183 Deus
3697 2143 3770 2182 eo-

421 2219 555 2274 ante
583 2217 972 2273 extenderunt
1003 2217 1232 2288 (Philip.
1259 2215 1368 2287 III).
1743 2265 1748 2270 .
2181 2217 2360 2274 rum?
2407 2217 2577 2290 quasi
2609 2235 2722 2273 non
2754 2217 2941 2290 possit
2990 2217 3235 2290 eripere,
3268 2233 3412 2290 quos
3464 2221 3526 2272 ut
3561 2220 3770 2281 coronet,

422 2307 457 2361 4
662 2305 862 2360 Montes
893 2305 1304 2360 exsultaverunt
1335 2313 1394 2361 ut
1425 2307 1622 2361 arietes
1663 2313 1676 2372 ζ
1737 2325 1756 2360 :
2177 2309 2472 2362 tormenta
2520 2305 2740 2378 patitur
2786 2303 3096 2362 sustinere.
3147 2305 3219 2361 Et
3254 2308 3484 2378 propter
3507 2303 3606 2360 hoc
3629 2303 3771 2360 etiam

562 2395 628 2448 Et
655 2393 815 2449 colles
841 2394 983 2449 sicut
1008 2395 1144 2462 agni
1165 2395 1370 2450 ovium.
2178 2394 2316 2452 fecit
2338 2399 2490 2451 Deus
2513 2393 2808 2450 mirabilia
2837 2395 2896 2450 in
2928 2393 3068 2450 ﬁliis
3098 2393 3304 2465 Israel,
3333 2399 3396 2450 ut
3425 2411 3532 2450 non
3560 2392 3772 2448 dicerent

491 2482 533 2538 Ο
564 2482 812 2549 Montes,
845 2481 1139 2553 apostolos
1191 2482 1336 2538 dicit
1372 2482 1474 2555 qui
1523 2482 1960 2540 exsultaverunt
2011 2485 2070 2549 in
2178 2488 2422 2558 gentes:
2455 2483 2563 2539 Ubi
2596 2487 2689 2540 est
2716 2483 2872 2540 Deus
2901 2500 3104 2540 eorum
3125 2480 3154 2538 ?

421 2571 698 2644 operibus
728 2571 871 2638 suis,
893 2575 1173 2643 tanquam
1195 2571 1415 2638 arietis,
1441 2571 1497 2627 id
1523 2575 1614 2628 est
1638 2573 2066 2644 praedicatores,
2182 2575 2243 2630 11
2321 2575 2462 2629 Deus
2489 2577 2674 2629 autem
2700 2581 2884 2631 noster
2903 2574 2964 2628 in
2981 2573 3117 2630 calo
3134 2591 3157 2628 .·

421 2659 493 2716 ad
527 2658 728 2716 caulas
751 2658 984 2716 Domini
1027 2659 1255 2716 ﬁdelem
1287 2676 1521 2734 gregem
1553 2660 1851 2716 ducentes.
1885 2660 2072 2719 Colles
2321 2661 2519 2718 Omnia
2544 2677 2883 2735 quaecunque
2903 2663 3078 2719 voluit
3104 2664 3258 2736 fecit.
3296 2663 3617 2735 Diapsalma.

423 2748 563 2804 dicti
599 2751 739 2804 sunt
763 2765 797 2804 a
825 2748 1066 2816 colendo,
1091 2753 1148 2804 et
1177 2747 1468 2822 significat
1489 2749 1810 2806 mediocres
1831 2751 1904 2806 ab
1934 2767 2070 2824 apo-
2250 2751 2291 2807 C
2321 2750 2536 2807 Contra
2562 2750 2927 2807 dementium
2954 2751 3151 2818 verba,
3201 2750 3527 2825 quidicunt
3551 2767 3563 2806 :
3590 2748 3681 2804 Ubi
3704 2751 3774 2804 est

422 2836 590 2894 stolis
619 2853 951 2904 conversos,
985 2837 1239 2894 colentes
1259 2836 1573 2896 Dominum
1604 2839 1663 2893 in
1695 2839 1951 2896 veritate.
2180 2839 2336 2896 Deus
2361 2842 2522 2910 tuus,
2547 2837 2926 2896 veracissima
2953 2838 3208 2897 infertur
3235 2839 3492 2912 scientia,
3513 2839 3676 2894 Deum
3697 2853 3774 2892 no-

419 2925 458 2982 5
563 2925 709 2997 Quid
735 2927 906 2998 est
932 2927 1072 2982 tibi:
1093 2943 1248 2983 mare
1276 2927 1420 2999 quod
1445 2928 1646 2998 fugisii
1668 2929 1692 2984 ἓ
2181 2932 2369 2986 strum
2400 2944 2530 2986 esse
2560 2927 2620 2984 in
2652 2927 2814 2998 cmlo,
2849 2932 2906 2984 et
2956 2927 3154 2985 omnia
3184 2943 3536 3002 quaecunque
3561 2923 3684 2996 vult,
3727 2923 3772 2978 in

561 3017 628 3071 Et
657 3023 717 3071 tu
738 3015 1006 3074 Jordanis
1036 3017 1168 3089 quia
1189 3032 1476 3073 conversus
1503 3033 1560 3072 es
1588 3020 1932 3074 retrorsum?
2180 3017 2322 3074 ccelo
2352 3021 2410 3074 et
2438 3017 2497 3075 in
2527 3020 2686 3074 terra
2725 3017 3002 3090 perficere
3031 3033 3228 3091 posse.

491 3105 538 3161 H
568 3104 860 3177 Propheta
901 3104 1284 3178 semetipsum
1331 3103 1673 3179 interrogat,
1725 3110 1783 3162 et
1825 3106 1951 3180 ipse
1981 3123 2071 3164 re-
2110 3173 2142 3180 μ
2182 3109 2252 3162 12
2323 3107 2635 3163 Simulacra
2663 3107 2912 3176 gentium
2937 3115 3231 3178 argentum
3259 3114 3311 3164 et
3334 3123 3562 3164 aurum:

420 3173 787 3266 spondet,_ac
819 3193 868 3248 si
899 3192 1051 3250 dicat
1075 3209 1090 3250 :
1110 3173 1273 3260 —Quid
1303 3193 1405 3250 tibi
1437 3173 1870 3266 fuitgentilims
1912 3197 2068 3268 quod
2100 3173 2144 3244 Ο
2324 3196 2500 3268 Opera
2527 3173 2798 3252 manuum
2825 3173 3132 3252 hominum.

418 3281 658 3356 fugisti?
687 3286 744 3338 et
771 3285 835 3338 tu
865 3281 1159 3350 Jordanis,
1183 3283 1293 3339 hoc
1321 3287 1429 3352 est,
1463 3288 1520 3339 et
1542 3283 1705 3340 vobis
1724 3283 2071 3342 Christianis
2250 3283 2298 3340 H
2327 3282 2860 3340 Simulacrumideo
2877 3283 3112 3352 dicitur,
3131 3284 3276 3357 quia
3290 3285 3362 3342 ad
3381 3280 3772 3342 similitudinem

420 3370 562 3443 quid
594 3369 725 3438 fuit,
755 3370 910 3442 quod
963 3369 1222 3426 conversi
1281 3370 1474 3428 fuistis
1529 3377 1848 3430 retrorsum
1869 3374 1896 3430 ?
1947 3375 2069 3432 scio
2178 3373 2430 3446 alicujus
2459 3370 2715 3429 hominis
2747 3372 3081 3430 fabricatur.
3115 3377 3156 3429 ϐ
3186 3373 3336 3430 Nam
3366 3373 3498 3430 licet
3525 3368 3775 3428 invenian-

421 3459 561 3532 quia
587 3457 820 3514 vidistis
852 3463 1084 3514 sanctos
1113 3459 1520 3530 praedicatores
1553 3465 1608 3516 et
1639 3462 1941 3520 timuistis.
2180 3465 2277 3518 tur
2303 3479 2463 3519 aenea
2491 3466 2549 3518 et
2568 3461 2763 3536 lignea
2785 3461 3122 3530 simulacra,
3143 3467 3342 3520 tamen
3366 3461 3507 3519 illud
3525 3459 3677 3533 elegit
3695 3455 3776 3513 uti-

417 3549 455 3603 6
663 3545 862 3602 Montes
889 3547 1204 3603 exsultastis
1230 3549 1372 3604 sicut
1399 3550 1642 3605 arietes:
2178 3551 2318 3621 lius,
2352 3551 2506 3624 quod
2539 3550 2839 3626 gentilitas
2863 3551 3173 3624 judicabat
3204 3551 3557 3610 reverentius
3575 3549 3778 3606 adoran-

559 3635 624 3690 Et
651 3633 814 3691 colles
841 3635 983 3691 sicut
1010 3636 1146 3706 agni
1171 3637 1355 3691 ovium
1375 3637 1403 3692 ‘I
2179 3639 2344 3708 dum,
2370 3645 2435 3695 ut
2452 3639 2864 3696 erubescerent
2883 3638 3072 3698 colere
3092 3639 3320 3708 viliora,
3345 3656 3586 3714 quorum
3605 3640 3655 3694 et
3670 3650 3781 3709 pra-

493 3723 539 3780 H
564 3721 1014 3780 Exsultaverunt
1039 3727 1288 3791 montes,
1315 3723 1375 3780 id
1395 3729 1503 3794 est,
1527 3727 1714 3783 sancti
1737 3729 2071 3799 praedicato-
2177 3729 2330 3786 tiosa
2357 3728 2680 3802 probantur
2709 3727 2902 3784 irrisa.

421 3829 536 3880 res,
569 3813 804 3886 quando
834 3811 1106 3869 viderunt
1135 3812 1266 3870 illos
1295 3831 1622 3884 conversos,
1660 3815 1757 3889 qui
1789 3821 1922 3873 ante
1945 3818 2067 3875 bla-
2182 3817 2248 3874 13
2325 3822 2402 3876 Os
2429 3818 2628 3874 habent
2659 3825 2712 3874 et
2735 3833 2848 3874 non
2869 3819 3191 3892 loquentur:

421 3900 650 3974 sphemi
675 3901 928 3956 fuerunt.
953 3901 1403 3958 Exsultaverunt
1433 3901 1664 3974 arietes,
1693 3903 1750 3960 id
1778 3910 1884 3976 est,
1915 3905 2070 3979 prin-
2323 3906 2514 3964 Oculos
2542 3907 2742 3964 habent
2767 3914 2820 3964 et
2845 3923 2954 3964 non
2987 3907 3270 3966 videbunt.

419 3990 579 4062 cipes
603 4005 869 4064 gregum,
895 3990 996 4064 qui
1017 3995 1540 4064 generantgreges,
1564 3991 1620 4048 id
1642 3997 1780 4050 sunt
1797 3995 2067 4068 apostoli,
2249 4000 2290 4051 C
2317 3997 2395 4053 Os
2423 3995 2661 4065 habent,
2721 3996 3026 4053 verissime
3068 3996 3162 4054 his
3215 3997 3482 4054 versibus
3534 3991 3697 4052 notati
3737 3992 3782 4045 et

421 4095 670 4153 quorum
718 4096 874 4135 unus
928 4079 1050 4136 ait:
1086 4077 1271 4135 Filioli
1317 4079 1450 4148 mei,
1502 4095 1648 4154 quos
1696 4083 1908 4140 iterum
1935 4101 2067 4158 par-
2179 4085 2334 4142 irrisi
2366 4089 2508 4140 unt
2536 4083 2826 4141 idolorum
2855 4085 3132 4143 cultores.
3153 4086 3305 4144 Nam
3337 4085 3478 4160 quid
3496 4099 3642 4158 rogo,
3660 4093 3780 4152 opus

417 4166 572 4224 turio
605 4167 724 4241 (Gal
757 4169 868 4240 Iv);
921 4172 978 4224 et
1009 4168 1220 4225 iterum
1269 4167 1386 4225 ait:
1421 4173 1530 4226 Per
1557 4170 1934 4245 Evangelium
1966 4190 2068 4232 vos
2179 4173 2292 4231 fuit
2319 4172 2436 4231 illis
2466 4191 2553 4241 os,
2587 4173 2689 4246 qui
2721 4173 2883 4248 loqui
2905 4192 3022 4231 non
3052 4179 3344 4250 poterant,
3368 4175 3506 4250 quid
3527 4170 3682 4238 oculi,
3701 4165 3779 4240 qui

417 4255 594 4330 εθιιιιί
624 4259 676 4326 (Ῑ
708 4257 828 4314 σον·
857 4257 956 4330 ιν)›
2179 4261 2328 4320 nihil
2359 4261 2630 4320 valebant
2656 4264 2994 4338 conspicere
3013 4264 3042 4320 ‘I
3070 4267 3130 4322 et
3157 4263 3276 4320 alia
3309 4263 3582 4330 membra,
3603 4257 3782 4335 quibus

415 4346 451 4399 7
557 4345 596 4401 A
629 4345 772 4416 facie
800 4345 1021 4401 Domini
1049 4352 1190 4402 mota
1219 4353 1297 4402 est
1328 4350 1476 4403 terra
1498 4367 1516 4402 :
2177 4369 2440 4410 exercere
2469 4351 2698 4409 nullum
2730 4369 2877 4426 opus
2901 4351 3192 4420 valebant,
3225 4353 3369 4426 quid
3402 4344 3728 4426 proderant?

559 4434 600 4488 Α
629 4435 772 4505 faeie
804 4435 906 4490 Dei
929 4435 1110 4491 Iacob.
2179 4443 2245 4498 14
2317 4444 2488 4498 Aures
2506 4443 2704 4499 habent
2726 4451 2778 4500 et
2805 4458 2918 4498 non
2947 4441 3216 4499 audient:

487 4521 862 4611 C_Com~mota
893 4527 982 4577 est
1028 4527 1202 4592 terra,
1250 4525 1466 4594 audite,
1521 4527 1802 4596 conversi,
1849 4529 2066 4599 audite,
2101 4545 2146 4611 ι)
2317 4533 2486 4588 Nares
2516 4531 2712 4589 habent
2739 4539 2791 4588 et
2819 4547 2929 4588 non
2957 4531 3288 4589 odorabunt.

417 4609 620 4666 fideles
649 4609 989 4680 Christiani,
1017 4613 1466 4670 commotionem
1506 4613 1702 4687 istam,
1735 4615 1792 4672 id
1821 4621 1910 4674 est
1936 4635 2066 4690 per-
2101 4609 2132 4611 ἡ
2249 4619 2290 4676 C
2320 4620 2468 4686 Quid
2499 4620 2676 4681 etiam
2707 4620 2868 4678 auris
2897 4620 3118 4695 profuit
3148 4619 3255 4690 illi,
3287 4621 3385 4695 qui
3430 4634 3540 4676 non
3568 4617 3678 4672 erat
3701 4626 3783 4668 au-

419 4699 826 4768 mutationem,
879 4716 1007 4772 quae
1055 4699 1326 4756 humanae
1377 4706 1541 4758 terra:
1587 4703 1831 4761 feliciter
1857 4706 2069 4778 evenit,
2178 4707 2801 4782 diturus?quidnaris,
2820 4709 2924 4782 qui
2941 4697 3786 4782 nullatenusfragrantiasentie-

418 4806 536 4846 non
556 4793 806 4846 tremore
838 4788 1130 4846 montium
1159 4791 1260 4846 sed
1278 4807 1557 4864 prospera
1577 4795 1952 4852 conversione
1971 4812 2070 4870 po-
2177 4798 2324 4856 bat?
2354 4799 2535 4855 Nares
2564 4815 2600 4855 a
2621 4801 2897 4869 gnaritate
2919 4798 3088 4856 dictae
3108 4803 3269 4866 sunt,
3301 4797 3456 4872 quod
3486 4810 3587 4852 nos
3605 4785 3786 4848 faciant

418 4878 714 4951 pulorum,
750 4883 814 4935 ut
842 4878 902 4934 in
933 4877 1224 4935 culturam
1257 4878 1356 4936 Dei
1387 4897 1683 4952 conversa,
1712 4883 1826 4940 fixa
1849 4901 2071 4957 perma-
2177 4888 2456 4946 odoratus
2488 4903 2822 4963 agnoscere.

418 4973 598 5024 neret.
625 4969 691 5024 Et
720 4969 834 5024 ista
855 4973 942 5024 est
972 4973 1310 5041 competens
1343 4969 1607 5044 utrisque
1627 4972 1892 5031 versibus
1923 4991 2066 5048 prez-
2179 4977 2248 5033 15
2317 4977 2508 5034 Manus
2555 4978 2756 5035 habent
2781 4985 2833 5034 et
2865 4993 2978 5034 non
3012 4977 3343 5051 palpabunt.
3403 4973 3566 5033 Pedes
3615 4965 3786 5024 habet“

418 5055 760 5112 cedentibus
789 5061 988 5113 secuta
1017 5058 1338 5132 responsio,
1392 5059 1531 5132 quia
1573 5065 1817 5134 uterque
1863 5079 2069 5122 versus
2351 5073 2403 5122 et
2428 5082 2540 5122 non
2567 5065 2958 5123 ambulabunt:

418 5142 717 5214 quaesitive
746 5143 1028 5218 legendus
1057 5151 1147 5203 est
1175 5149 1498 5205 secundum
1525 5149 1956 5209 Cassiodorum.
2316 5156 2438 5212 Non
2463 5155 2780 5213 clamabunt
2806 5157 2868 5212 in
2894 5163 3113 5228 gutture
3137 5171 3256 5212 suo.

416 5233 452 5288 8
559 5233 672 5304 Qui
688 5236 950 5291 convertit
977 5239 1191 5306 petram
1221 5239 1280 5292 in
1311 5245 1505 5308 stagna
1545 5257 1849 5312 aquarum:
2247 5245 2286 5298 C
2317 5243 2464 5312 Quid
2489 5261 2722 5318 quoque
2743 5250 2993 5318 prosunt
3017 5261 3228 5300 manus
3261 5242 3370 5316 illi,
3393 5240 3492 5314 qui
3512 5254 3601 5296 res
3619 5230 3784 5308 palpa'

557 5323 634 5378 Et
665 5338 856 5395 rupem
886 5325 947 5378 in
975 5323 1154 5395 fontes
1181 5342 1474 5398 aquarum.
2177 5329 2324 5388 biles
2352 5331 2709 5406 ignorabat?
2739 5333 2881 5408 quid
2911 5349 3036 5408 pes,
3063 5333 3162 5407 qui
3189 5348 3250 5390 se
3283 5345 3510 5388 movere
3527 5341 3634 5383 non
3657 5322 3786 5394 p010“

489 5409 530 5465 C
564 5410 810 5479 Petram,
845 5411 939 5467 hic
960 5411 1296 5470 Judaaorum
1319 5416 1596 5473 duritiam
1619 5418 1778 5486 dicit,
1808 5437 1986 5492 quam
2009 5421 2064 5476 in
2177 5421 2317 5478 rat?
2345 5421 2596 5479 Additur
2617 5422 2832 5489 irrisio,
2852 5439 2967 5479 non
3001 5421 3362 5488 clamabunt,
3387 5417 3522 5492 quia
3545 5409 3721 5470 bestiis
3736 5408 3785 5462 et

419 5516 588 5556 sacra
613 5499 983 5574 baptismatis
1013 5503 1222 5574 stagna
1241 5507 1540 5575 convertit,
1564 5525 1698 5564 cum
1723 5523 1823 5564 eos
1843 5509 1914 5564 ad
1935 5509 2067 5566 reli-
2175 5513 2341 5566 muta
2369 5510 2650 5568 animalia
2676 5529 2846 5569 voces
2875 5511 3115 5584 habent,
3147 5509 3247 5568 sed
3275 5509 3550 5565 confusus
3595 5499 3784 5559 clamor

415 5588 648 5662 gionem
678 5588 810 5646 fecit
828 5589 1024 5646 venire
1044 5591 1446 5664 tranquillam.
1471 5595 1688 5672 Rupes,
1711 5596 1818 5654 hoc
1840 5601 1930 5655 est
1960 5597 2068 5654 ari-
2176 5597 2423 5656 istorum
2454 5603 2562 5658 est.
2589 5600 2707 5660 Ista
2721 5606 2916 5660 autem
2939 5600 3273 5670 simulacra,
3296 5613 3404 5656 nec
3421 5584 3784 5655 humanum“
