3986 6164
369 220 530 284 419’
573 281 580 286 .

985 353 1102 410 TT.
1149 355 1415 410 ullcliua.

368 444 392 497 l
508 443 695 498 Dilexi
713 460 732 496 :
763 443 1026 514 quoniam
1051 443 1308 500 exuiuliet
1335 443 1598 498 Domi-nus

517 537 708 589 Vocem
735 533 1004 588 orationis
1032 547 1190 591 mea.

437 620 478 676 C
513 619 684 676 David
717 637 833 676 non
863 620 923 675 in
941 620 1336 694 amplitudine
1353 619 1542 696 regni,
1575 622 1676 677 aut
1695 617 1902 675 mundi
1935 617 2020 674 fe-

365 707 758 765 licitatelmtus
779 707 1160 777 exsultat,sed
1187 711 1404 783 gaudet
1427 709 1754 767 orationem
1769 713 1939 764 Suam
1960 705 2024 762 in

365 797 654 872 angustiis
668 814 702 853 a
713 797 859 858 clem
867 797 1177 855 entissimo
1190 799 1436 862 Domino
1460 799 1642 854 fuisse
1661 806 2020 870 susceptam;

364 887 518 959 quod
553 886 668 943 sibi
699 887 974 958 prodesse
1003 893 1280 961 perpetuo
1310 887 1616 944 sentiebat.
1655 888 1718 942 ln
1777 902 1844 943 eo
1881 901 2020 958 ergo

363 977 520 1048 quod
551 975 691 1032 dicit
715 975 939 1044 :Dilexi,
969 980 1218 1032 testatur
1248 993 1317 1032 se
1339 976 1618 1037 habuisse
1647 974 2019 1032 dilectionem

362 1064 462 1122 Dei
485 1065 544 1120 in
575 1065 768 1122 corde.
803 1065 850 1120 H
870 1065 980 1122 Sed
1013 1065 1144 1121 vide
1191 1066 1349 1138 quod
1381 1083 1500 1122 non
1528 1065 1707 1120 dicit:
1743 1063 2018 1137 Diligam,

359 1155 461 1212 sed
487 1153 683 1212 dilexi.
713 1153 838 1210 Non
872 1153 1148 1228 promisit
1177 1171 1241 1210 se
1273 1154 1478 1222 facere,
1514 1154 1616 1210 sed
1641 1153 1864 1210 fecisse.
1905 1152 2016 1208 Sed

360 1259 542 1316 quare
572 1242 1096 1316 dilexit?quoniam
1129 1242 1399 1299 exaudiet
1422 1259 1513 1298 me
1533 1239 1598 1296 in
1626 1239 2014 1298 tribulationi-

358 1331 468 1388 bus
499 1336 783 1390 orantem.
818 1331 933 1388 Nec
947 1330 1086 1386 dicit
1110 1331 1390 1404 quoniam
1421 1329 1732 1398 exaudivit,
1754 1329 1852 1386 sed
1878 1345 2022 1401 quo-

359 1422 518 1476 niam
550 1419 838 1476 exaudiet.
873 1423 1080 1492 Magna
1112 1421 1308 1492 itaque
1338 1420 1450 1476 fuit
1480 1419 1595 1476 ista
1622 1419 1876 1474 dilectio.

359 1529 394 1580 2
502 1527 647 1597 Quia
680 1527 971 1581 inclinavit
1000 1542 1192 1582 aurem
1220 1543 1381 1583 suam
1407 1527 1586 1582 mihi:
1699 1523 1710 1530 ’

501 1619 568 1671 Et
595 1617 652 1670 in
682 1615 872 1670 diebus
900 1617 1038 1670 meis
1069 1617 1350 1674 invocabo.

429 1703 878 1797 C_Auris,__dicta
908 1708 998 1760 est
1028 1705 1100 1760 ab
1133 1705 1335 1797 auditu
1361 1721 1544 1797 quam
1573 1703 1778 1760 merito
1805 1703 2070 1797 adnosB

358 1791 882 1861 inclinare,dicitur
912 1795 1230 1866 Deus,quia
1261 1798 1324 1850 ut
1355 1811 1461 1851 nos
1492 1795 1766 1867 dignetur
1785 1791 2010 1859 audire,

357 1881 518 1939 nulla
551 1881 811 1938 humana
841 1881 1048 1938 merita
1069 1882 1139 1939 ad
1160 1883 1354 1956 ipsum
1393 1883 1666 1938 videntur
1686 1881 2008 1954 attingere:

363 1971 668 2030 inclinavit
699 1975 896 2028 autem
925 1989 1121 2028 aurem
1144 1971 1642 2046 pietatis,quando
1675 1972 2014 2026 incarnatus

357 2061 542 2116 est.Et
563 2061 702 2133 quia
723 2061 877 2116 circa
899 2077 960 2116 sc
983 2061 1220 2118 uberem
1253 2063 1437 2118 sensit
1458 2061 1756 2133 pietatem,
1788 2077 1920 2116 cum
1951 2059 2010 2114 in

356 2149 564 2205 multis
596 2149 1077 2204 tribulationibus
1098 2155 1254 2206 esset
1296 2150 1673 2218 constitutus,
1707 2147 1766 2204 in
1801 2147 2010 2204 diebus

357 2239 481 2294 suis
503 2255 564 2292 se
588 2235 730 2292 dicit
752 2237 1418 2307 invocaturum;nostros
1437 2239 1596 2294 enim
1622 2238 1747 2293 dies
1771 2235 1902 2292 illos
1923 2237 2011 2292 di-

361 2326 680 2394 cimus,ubi
697 2327 937 2398 propria
957 2326 1264 2400 iniquitate
1287 2331 1680 2400 peccamus,et
1695 2325 1895 2383 anxios
1914 2325 2014 2381 do-

359 2401 512 2472 lores
542 2415 600 2472 in
634 2415 829 2488 pravis
861 2415 1312 2490 cogitationibus
1343 2415 1726 2473 sustinemus.

326 2526 394 2580 '3
505 2523 988 2580 Circumdederunt
1016 2539 1102 2580 me
1129 2523 1338 2580 dolores
1365 2525 1557 2580 mortis
1575 2543 1596 2578 .-

501 2615 578 2670 Et
595 2615 843 2686 pericuta
875 2613 1084 2684 inferni
1109 2614 1440 2669 invenerunt
1465 2629 1572 2692 me.

437 2703 483 2760 Η
513 2701 752 2760 Dolores
783 2701 1010 2774 mortis,
1040 2700 1206 2758 make
1253 2701 1636 2776 cogitationes
1667 2706 1824 2758 sunt.
1857 2700 2011 2758 Peri-

356 2791 491 2850 cula
520 2791 754 2859 inferni,
787 2807 964 2863 opera
993 2808 1322 2864 prava,quze
1352 2791 1611 2848 animam
1643 2789 2009 2848 circumdan-

355 2885 444 2938 tes
475 2898 710 2953 peccare
739 2881 1082 2937 suadent.ln
1109 2879 1318 2954 primis
1343 2881 1500 2937 enim
1523 2879 1688 2937 dolor
1726 2883 1784 2936 et
1812 2884 2012 2952 partu~

356 2967 526 3039 ritio;
562 2969 656 3026 hic
685 2973 906 3042 autem,
938 2969 1161 3026 scilicet
1198 2969 1255 3025 in
1305 2969 1584 3043 operibus
1610 2969 1822 3043 pravis,
1859 2969 2010 3044 peri-

355 3058 556 3116 culum
585 3064 673 3115 est
700 3058 958 3116 vicinum
989 3058 1184 3116 morti.

355 3169 386 3222 l.
535 3167 960 3224 Tribulationem
989 3176 1041 3224 et
1059 3167 1298 3224 dolorem
1323 3169 1532 3223 inveni.

547 3263 602 3322 ἐς·
629 3259 695 3311 Et
737 3263 750 3320 ζ
793 3273 993 3312 nomen
1025 3257 1257 3312 Domini
1286 3257 1552 3313 invocavi.

427 3345 472 3402 Η
489 3345 740 3400 Sanctus
761 3343 1012 3417 quisque
1028 3361 1141 3400 non
1166 3345 1426 3417 requiem
1443 3345 1547 3402 sed
1569 3343 2006 3402 tribulationem

357 3432 600 3505 quaerit;
635 3430 794 3486 novit
823 3432 980 3487 enim
1020 3431 1300 3505 quoniam
1331 3433 1632 3490 tribulatio
1663 3433 2006 3505 patientiam

356 3523 650 3594 operatur,
687 3518 971 3590 patientia
1020 3525 1215 3576 autem
1273 3521 1699 3593 probationem,
1744 3521 2008 3596 probatio

359 3609 553 3664 autem
586 3623 906 3679 spem,quze
939 3624 1054 3662 non
1078 3608 1383 3664 confundit
1412 3610 1669 3679 (Rom.v).
1698 3611 1768 3666 Et
1795 3627 2005 3667 nomen

357 3696 589 3753 Domini
623 3695 900 3752 invocavi.
933 3697 975 3752 Ο
1005 3695 1128 3760 Quo
1179 3701 1511 3768 praestante,
1543 3702 1600 3754 et
1629 3697 1794 3754 dolor
1821 3703 1877 3754 et
1906 3698 2007 3754 tri-

357 3784 582 3842 bulatio
605 3784 977 3840 vincerentur
1004 3783 1384 3842 celebriter.H
1412 3787 1549 3842 Rem
1575 3787 1775 3860 itaque
1799 3803 2006 3844 novam

357 3874 536 3930 dicit:
571 3889 688 3928 non
719 3872 898 3928 dicit:
934 3874 1214 3946 Requiem
1245 3874 1436 3931 inveni
1483 3881 1583 3932 aut
1613 3875 2005 3948 saturitatem,

356 3962 460 4019 sed
489 3960 1230 4030 tribulationem.0uaesivit
1257 3980 1394 4037 ergo
1425 3963 2005 4034 tribulationem,non

354 4051 512 4110 enim
544 4051 860 4122 invenitur,
896 4051 1009 4108 nisi
1044 4053 1200 4124 quod
1233 4053 1531 4126 quaeritur.
1832 4048 1836 4052 ⁷

353 4161 390 4216 5
531 4161 579 4218 0
605 4160 854 4228 Domine,
915 4159 1092 4216 libera
1132 4161 1380 4217 animum
1444 4178 1644 4218 meum.
1703 4162 2006 4219 Misericors

531 4249 796 4306 Dominus
823 4257 874 4304 et
893 4251 1116 4322 justus:

530 4337 598 4393 Et
622 4339 766 4394 Deus
792 4341 976 4394 noster
1003 4339 1310 4396 miseretur.

425 4425 467 4481 C
494 4429 639 4482 Cum
669 4427 810 4481 dicit
848 4426 1172 4500 Propheta:
1233 4427 1417 4484 libera
1470 4428 1728 4486 animam
1787 4447 2002 4502 meam,

355 4510 667 4571 cdnfitetur
696 4531 824 4570 eam
857 4515 982 4571 sine
1013 4515 1192 4572 dubio
1220 4533 1348 4573 esse
1406 4534 1638 4590 semper
1691 4520 2000 4592 captivam.

354 4603 706 4671 Misericors,
737 4602 876 4676 quia
898 4603 1202 4660 inclinavit
1230 4604 1315 4660 illi
1343 4623 1543 4664 aurem
1575 4609 2001 4680 suam,justus,

355 4693 642 4766 quoniam
665 4691 950 4765 corripuit
969 4697 1331 4766 peccatorem
1361 4695 1432 4751 ad
1455 4694 1682 4753 veniam
1714 4698 2010 4770 requiren-

354 4782 512 4840 dam.
547 4781 874 4849 Miseretur,
909 4799 1042 4838 eum
1077 4782 1284 4856 recipit
1325 4782 1514 4840 tilium
1547 4801 1721 4857 quem
1756 4785 2010 4860 flagellat

355 4875 542 4944 (Prov.
579 4875 688 4944 Ill.)

353 4979 388 5034 6
499 4980 812 5038 Cnstodiens
840 4983 1100 5056 parvulos
1134 4984 1398 5039 Dominus
1421 4999 1440 5038 :

501 5070 836 5126 Humiliatus
865 5088 988 5128 sum
1013 5077 1070 5128 et
1090 5072 1346 5128 liberavit
1377 5087 1481 5127 me.

427 5155 468 5212 C
501 5155 728 5212 Parvuli
758 5164 916 5227 sunt,
949 5160 1050 5232 qui
1083 5159 1410 5218 certissime
1439 5159 1552 5216 sibi
1589 5161 1860 5217 videntur
1890 5161 2007 5218 exi-

355 5243 479 5319 gui,
515 5245 616 5301 sed
648 5245 879 5302 Domini
911 5247 1180 5320 largitate
1207 5249 1618 5322 grandescunt.
1645 5252 1798 5316 Quos
1819 5257 2010 5308 custo-

355 5333 443 5391 dit
470 5333 719 5391 eximius
750 5340 970 5408 pastor,
1003 5354 1138 5393 cum
1169 5355 1267 5394 eos
1301 5356 1336 5394 a
1386 5337 1614 5410 rapacis
1663 5338 1786 5410 lupi
1820 5340 2009 5396 incur-

355 5423 521 5482 sione
551 5424 839 5497 defendit;
873 5426 1028 5500 quod
1059 5426 1197 5485 facit
1253 5428 1488 5502 quando
1535 5444 1632 5485 eos
1666 5427 2008 5488 humiliatos

355 5513 597 5575 invenit.

1291 222 1357 282 S.
1402 217 1800 283 BRUNONIS
1841 214 2466 300 HERBIPOLENSIS
2511 213 2894 282 EPISCOPI.

2052 358 2103 423 Α
2133 353 2164 404 7
2278 353 2611 417 Convertere,
2642 353 2828 408 anima
2859 369 3002 420 mea,
3034 352 3364 426 inrequiem
3396 361 3547 409 tuam
3569 371 3587 406 :

3663 221 3784 300 no

2278 442 2419 510 Quia
2447 441 2709 498 Dominus
2739 441 3002 514 benefecit
3029 442 3150 499 tibi.

2182 529 2244 584 'C
2267 530 2470 585 Cantet
2502 528 2612 586 hoc
2641 528 2896 604 populus
2926 530 3188 599 devotus,
3227 531 3329 605 qui
3361 531 3618 606 pretioso
3650 546 3794 587 san-

2130 616 2308 690 guine
2338 622 2428 672 est
2457 617 2820 690 redemptus,
2849 617 2950 691 qui
2979 618 3050 674 ad
3101 618 3491 676 desideratam
3527 619 3793 693 requiem

2130 705 2430 778 pervenire
2451 705 2682 764 Domini
2703 705 2970 780 largitate
2994 707 3338 780 promeruit,
3366 707 3496 764 ideo
3527 708 3795 764 animam

2130 811 2300 851 suam
2332 793 2602 851 hortatur
2627 795 2935 869 Propheta,
2965 801 3034 852 ut
3077 801 3451 854 convertatur
3481 797 3553 852 ad
3587 797 3792 854 Domi-

2129 877 2457 955 num,unde
2485 883 2570 941 illi
2599 889 2656 940 et
2683 885 3002 958 tranquilla
3019 886 3179 942 venit
3201 885 3518 958 requies,et
3547 883 3792 942 abolitio

2127 977 2522 1045 peccatorum.
2546 973 2726 1030 Suam
2756 991 2892 1030 vero
2924 973 3185 1048 requiem
3214 973 3359 1030 dicit
3395 973 3788 1046 conscientias,

2127 1061 2371 1134 quaefilli
2403 1063 2543 1119 data
2563 1067 2656 1120 est
2683 1079 2788 1137 per
2815 1063 3086 1137 gratiam,
3121 1080 3237 1120 non
3269 1064 3614 1120 meritorum
3634 1079 3790 1120 com-

2127 1151 2468 1224 pensatione
2495 1152 2930 1224 possessaJdeo
2949 1151 3279 1226 addit,quia
3299 1152 3585 1210 Dominus
3610 1153 3788 1208 bene-

2128 1239 2260 1295 i'ecit
2283 1240 2412 1296 tibi.
2447 1241 2494 1296 Η
2526 1240 2782 1313 Requies
2807 1240 2986 1298 etiam
3039 1246 3242 1315 nostra
3271 1241 3543 1298 Christus
3573 1246 3686 1297 est.
3723 1241 3784 1297 Si

2129 1329 2366 1402 quando
2399 1328 2457 1385 in
2499 1329 2773 1404 angustia
2828 1330 3131 1408 fuerimus,
3174 1329 3418 1408 peccati,
3479 1329 3783 1386 dicamus:

2126 1416 2490 1486 Convertere,
2525 1419 2724 1474 anima
2749 1435 2899 1486 mea,
2932 1419 2990 1474 in
3025 1405 3286 1492 requiem
3315 1405 3500 1478 tuam.

2129 1507 2164 1560 8
2275 1507 2426 1578 Quia
2451 1510 2657 1580 eripuit
2683 1509 2926 1564 animum
2957 1523 3135 1566 meam
3159 1509 3226 1566 de
3250 1513 3459 1565 morte:

2263 1595 2454 1653 Oculos
2479 1613 2629 1654 meos
2667 1615 2700 1654 a
2733 1597 3015 1671 lacrymis.

2267 1685 2433 1743 Pedes
2460 1703 2608 1744 meos
2635 1704 2668 1742 a
2702 1689 2882 1760 lapsu.

2191 1775 2230 1830 C
2258 1775 2423 1830 Nunc
2451 1792 2660 1832 causas
2691 1775 2857 1849 ponit
2885 1793 2991 1832 cur
3040 1776 3255 1832 dixerit
3307 1773 3446 1850 quia
3491 1775 3788 1834 Dominus

2120 1863 2403 1919 benefecit
2432 1864 2558 1920 tibi.
2610 1865 2859 1938 Eripuit,
2894 1865 3243 1922 beneﬁcium
3299 1865 3505 1921 divina:
3537 1866 3782 1922 virtutis

2120 1953 2392 2009 ostendit.
2426 1953 2571 2018 Quia
2601 1953 2714 2010 nisi
2745 1969 2850 2027 per
2877 1955 3006 2027 ejus
3043 1959 3408 2028 potestatem,
3439 1954 3648 2014 nullus
3674 1971 3781 2012 va-

2122 2040 2328 2097 luisset
2355 2058 2390 2098 a
2419 2047 2610 2098 morte
2637 2047 2918 2116 perpetua
2966 2043 3224 2100 liberari.
3283 2043 3497 2101 Oculos
3544 2061 3712 2102 meos
3743 2063 3780 2102 a

2120 2129 2413 2204 lacrymis.
2446 2131 2492 2186 H
2524 2131 2582 2187 id
2615 2135 2725 2208 est,
2757 2131 2998 2206 ploravi.
3035 2138 3100 2190 ut
3142 2133 3406 2202 rideam;
3439 2132 3586 2201 luxi,
3620 2139 3687 2189 ut
3718 2135 3782 2190 in

2121 2220 2544 2292 sempiternum
2575 2221 2903 2292 gaudeam;
2937 2221 3034 2294 qui
3084 2222 3242 2278 enim
3270 2221 3332 2278 in
3365 2223 3632 2296 presenti
3659 2240 3783 2280 non

2121 2308 2329 2382 plorat,
2360 2309 2421 2364 in
2455 2309 2650 2365 futuro
2679 2309 3166 2383 1acrymabitur.C
3193 2311 3338 2367 Cum
3363 2310 3504 2368 dicit
3526 2311 3776 2386 alapsu,

2121 2397 2376 2454 ostendit
2406 2396 2700 2454 lubricum
2731 2402 2789 2453 et
2819 2415 3070 2470 pronum
3102 2415 3230 2456 esse
3262 2404 3587 2474 peccatum,
3615 2401 3778 2456 unde

2121 2503 2184 2542 se
2214 2486 2402 2542 credit
2429 2491 2716 2559 ereptum.
2750 2486 2797 2542 H
2827 2489 2867 2543 C
2902 2487 3064 2544 Illam
3096 2493 3292 2544 autem
3323 2489 3708 2561 ereptionem,
3743 2507 3780 2546 a

2121 2579 2327 2642 morte,
2360 2593 2394 2632 a
2423 2574 2770 2649 lacrymis,a
2792 2575 3136 2648 lapsu,dicit
3164 2576 3450 2649 PrOpheta
3476 2578 3779 2649 prescien-

2119 2663 2212 2720 tiae
2242 2665 2477 2736 virtute,
2507 2665 2578 2720 de
2609 2663 2805 2721 futuro
2833 2664 2894 2720 in
2925 2665 3160 2738 regione
3187 2666 3470 2735 vivorum,
3491 2665 3587 2722 hic
3615 2667 3780 2723 enim

2121 2770 2238 2810 non
2267 2751 2438 2827 plene
2467 2753 2540 2809 ab
2572 2752 2666 2808 his
2697 2753 3000 2826 eripimur.

2117 2842 2154 2896 9
2261 2843 2489 2899 Placebo
2522 2845 2755 2900 Domino
2777 2861 2797 2898 :

2261 2931 2322 2987 In
2354 2933 2574 3004 regione
2605 2923 2871 2988 vivorum.

2191 3019 2233 3076 C
2265 3019 2532 3086 Placebo,
2560 3020 2726 3088 dixit,
2757 3021 2980 3078 scilicet
3019 3023 3146 3095 jam
3206 3039 3470 3088 securus,
3502 3025 3779 3097 quamvis

2037 3098 2080 3166 C
2120 3110 2275 3166 enim
2307 3116 2365 3166 ct
2390 3110 2484 3167 hic
2514 3111 2762 3167 Domino
2792 3111 3062 3184 placeant
3081 3113 3464 3184 justi,tamen
3494 3113 3777 3186 insecuri;

2116 3199 2304 3256 securi
2335 3205 2529 3256 autem
2561 3204 2703 3257 tunc
2723 3200 2874 3273 justi
2904 3198 3218 3274 placebunt
3247 3201 3514 3272 Domino,
3533 3204 3776 3276 quando

2117 3288 2364 3346 ulterius
2387 3290 2460 3346 de
2486 3294 2858 3363 peccatorum
2900 3290 3246 3348 adversitate
3278 3289 3360 3346 nil
3391 3295 3673 3348 metuent.
3709 3293 3775 3348 In

2117 3377 2352 3451 regione
2382 3377 2731 3448 vivorum,id
2743 3383 2833 3436 est
2855 3379 2912 3434 in
2931 3380 3380 3454 congregatione
3404 3383 3777 3452 sanctorum,

2116 3465 2220 3523 tibi
2253 3468 2446 3524 omnis
2475 3469 2673 3524 vivens
2705 3484 2900 3525 revera
2939 3467 3233 3542 colligitur
3260 3472 3316 3524 et
3367 3485 3402 3524 a
3456 3473 3615 3526 sorte
3643 3485 3774 3526 mo-

2117 3555 2394 3614 rientium
2429 3562 2754 3630 separatur.

2587 3682 2792 3721 ORATIO
2832 3683 2902 3721 EX
2942 3682 3100 3722 PSAL.
3143 3682 3290 3722 CXIV.

2185 3771 2433 3828 Ablutor
2459 3771 2888 3846 peccaminum,
2913 3771 3182 3842 Domine,
3203 3771 3344 3844 quia
3364 3771 3613 3828 nimium
3627 3777 3684 3828 te
3703 3773 3774 3828 Ii-

2115 3858 2325 3915 delitcr
2354 3859 2719 3917 invocantem
2768 3859 3040 3917 velociter
3087 3860 3432 3926 consolaris,
3467 3877 3769 3935 rogamus,

2117 3952 2182 4004 ut
2216 3965 2323 4006 nos
2355 3966 2389 4006 a
2405 3948 2680 4022 periculis
2700 3949 2910 4006 inferni
2933 3949 3220 4018 erutos,in
3236 3948 3469 4022 regione
3481 3949 3767 4018 vivorum,

2117 4035 2309 4094 ablata
2335 4037 2556 4110 peccati
2589 4043 2796 4106 morte,
2828 4037 3123 4098 restituas.
3142 4038 3249 4104 Qui
3281 4038 3424 4096 vivis
3444 4043 3504 4095 et
3532 4055 3768 4114 regnas,

2115 4129 2224 4182 etc.

2677 4243 3002 4301 PSALMUS
3018 4244 3200 4302 CXV.

2549 4346 2955 4392 AROUHBNTUM
2993 4350 3156 4391 PSAL.
3193 4349 3320 4390 ριν.

2036 4473 2083 4540 D
2185 4448 2227 4504 C
2258 4448 2379 4505 Vox
2409 4452 2733 4520 martyrum
2762 4447 3243 4524 invictorum,qui
3274 4442 3589 4522 gloriosam
3607 4463 3765 4502 mor-

2113 4542 2230 4596 tem
2262 4554 2366 4612 pro
2391 4536 2604 4593 Christi
2630 4537 2867 4594 nomine
2896 4537 3326 4594 sustinuerunt.

2734 4626 2850 4682 TT.
2893 4627 3152 4684 Alleluia.

2187 4715 2230 4771 C
2255 4713 2522 4783 Alleluia,
2553 4730 2665 4771 vox
2695 4712 2978 4782 ﬁdelium,
3011 4729 3204 4772 sermo
3234 4713 3774 4781 beatorum,modu‘-

2117 4804 2260 4860 latio
2291 4808 2498 4860 sancta
2525 4804 2884 4860 canentium.
2919 4803 3082 4860 Unde
3111 4808 3170 4859 et
3197 4800 3432 4860 auditus
3465 4799 3769 4868 delinitur,

2117 4897 2176 4950 et
2204 4893 2404 4950 anima
2433 4893 2588 4950 fessa
2621 4897 2936 4950 recreatur.

2117 4983 2142 5037 1
2261 4982 2498 5050 Credidi,
2526 4988 2749 5054 propter
2773 4981 2918 5054 quod
2948 4982 3157 5038 locutus
3177 4997 3301 5037 sum
3321 4997 3342 5037 :

2258 5073 2369 5141 Ego
2387 5079 2442 5137 εξ·
2465 5079 2649 5127 autem
2689 5076 2704 5136 ζ
2747 5071 3071 5128 humiliatus
3092 5087 3215 5127 sum
3239 5071 3430 5126 nimis.

2187 5161 2234 5216 H
2255 5157 2520 5228 Credidi,
2553 5161 2694 5233 quid
2715 5161 2743 5216 ?
2771 5159 2912 5233 quia
2939 5154 3100 5233 prior
3123 5149 3389 5233 psalmus
3421 5157 3507 5214 ita
3535 5156 3770 5226 ﬁnivit;

2117 5249 2359 5323 placebo
2391 5249 2657 5318 Domino,
2690 5249 2801 5306 hoc
2852 5249 3093 5316 credidi,
3125 5254 3182 5306 et
3237 5249 3368 5305 ideo
3397 5247 3512 5303 hoc
3537 5245 3774 5304 locutus

2117 5355 2249 5396 sum
2277 5357 2290 5395 :
2323 5339 2442 5412 Ego
2472 5343 2666 5395 autem
2698 5337 3046 5395 humiliatus
3076 5353 3211 5395 sum
3243 5337 3442 5407 nimis,
3462 5335 3603 5409 quia
3632 5352 3773 5392 con-

2117 5428 2446 5485 siderabam
2479 5428 2796 5501 meipsum,
2837 5429 2994 5501 quod
3027 5432 3182 5485 terra
3229 5431 3289 5484 et
3333 5423 3486 5484 cinis
3526 5441 3685 5494 sum,
3717 5429 3776 5482 et

2115 5523 2315 5576 tamen
2345 5519 2448 5576 Dei
2479 5517 2883 5603 misericOrdia
2895 5533 2994 5576 ero
3014 5519 3074 5576 in
3089 5517 3324 5598 regione
3341 5513 3773 5596 vivorumldoo
