3986 6164
190 304 282 364 ω
1132 274 1155 285 ”
1374 294 1784 359 EXPOSITIO
1828 294 2336 361 PSALMORUM.
3092 262 3101 277 “
3446 310 3566 374 422

196 434 374 490 merito
404 431 742 487 humiliatus
774 447 906 486 sum
936 428 1438 497 nimis,admirans
1455 431 1683 487 Domini
1706 433 1805 486 mi-
1833 432 1890 499 Α
1919 432 2125 487 teritus
2155 433 2572 502 ambiendus,o
2607 435 2888 491 transitus
2917 436 3363 513 gloriosus‘,quaz
3388 459 3566 499 mem-

192 522 549 580 sericordiam.
580 523 627 575 A
655 520 699 576 Ο
725 519 829 576 Vel
860 519 1103 587 credidi,
1132 524 1338 577 contra
1368 518 1501 575 illos
1525 520 1687 587 dicit,
1708 520 1810 592 qui
1918 522 2024 577 bra
2051 522 2267 578 Christi
2298 522 2622 581 imitatores
2655 524 2745 581 sui
2769 526 2979 599 capitis
3009 529 3172 584 facis.

190 611 362 668 divina
386 609 710 683 loquuntur
735 614 1057 681 antequam
1089 625 1263 682 Opere
1293 610 1563 678 credunt,
1594 610 1811 681 quibus
1916 612 1951 664 6
2160 611 2202 667 0
2230 614 2458 669 Domine
2485 614 2619 685 quia
2659 620 2673 679 ζ
2712 631 2809 683 ego
2837 632 3024 671 seruus
3052 625 3179 675 tua:
3209 639 3228 675 :
3260 637 3353 692 ego
3382 638 3567 679 servus

190 701 321 761 Deus
348 698 483 755 dicit
513 715 526 754 :
561 700 752 764 Quare
774 702 841 753 tu
861 715 1102 755 enarras
1122 697 1390 770 justitias
1411 700 1615 755 meas?
1636 700 1806 771 (Psal.
2128 708 2253 756 tuus
2283 719 2302 757 :
2709 696 2715 706 ’

187 788 581 861 xm.)Propter
602 786 739 844 illos
766 787 913 844 dicit
937 805 950 843 :
975 787 1090 861 Ego
1122 787 1607 861 credidi,propter
1627 790 1805 861 quod,
2074 796 2130 853 -:-
2153 793 2220 845 Et
2249 809 2269 844 :
2296 792 2448 861 ﬁlius
2473 793 2699 851 ancillae
2728 801 2840 851 tace
2870 813 2889 849 :

188 878 381 935 scilicet
402 878 538 950 quia
565 876 809 944 credidi,
832 876 1065 933 locutus
1094 893 1227 933 sum
1258 876 1450 934 divina
1475 879 1808 950 mysteria.A
1987 878 2028 933 C
2060 878 2106 935 Ο
2140 878 2400 949 Domine,
2433 880 2759 937 admiratur
2788 899 2849 939 se
2876 882 3017 940 talia
3046 884 3328 944 beneficia
3366 906 3568 947 susce-

190 969 281 1035 γει,
309 968 435 1040 quia
475 968 710 1038 perfecte
756 965 987 1037 credidi,
1035 967 1248 1023 loeutus
1290 983 1450 1034 sum;
1480 983 1595 1023 non
1648 966 1809 1023 enim
1916 968 2094 1040 pisse,
2111 968 2312 1040 qualia
2338 970 2463 1041 ipse
2492 970 2776 1026 Dominus
2805 989 2906 1044 pro
2934 973 3330 1049 redemptione
3359 978 3565 1034 mundi

186 1056 405 1130 perfecte
425 1054 689 1123 credidit,
722 1054 827 1127 qui
855 1072 972 1111 non
1001 1054 1263 1128 loquitur
1308 1056 1464 1128 quod
1514 1056 1717 1124 credit,
1749 1060 1808 1113 et
1915 1060 2006 1111 est
2036 1055 2311 1129 dignatus
2334 1060 2968 1132 assumere.Adjecit,et
2996 1062 3155 1120 filius
3185 1064 3408 1122 ancillas
3430 1056 3599 1137 tuas;

184 1161 267 1201 ore
291 1162 398 1201 non
430 1144 759 1201 conﬁtetur.
781 1144 891 1200 Sed
920 1144 1061 1216 quia
1087 1144 1265 1200 etiam
1296 1161 1394 1202 ore
1426 1144 1656 1202 locutus
1671 1163 1805 1202 sum
1915 1149 1982 1199 ut
2028 1144 2444 1211 humilitatem,
2473 1146 2783 1219 triplicatis
2840 1151 3331 1222 confessionibus,
3366 1155 3457 1212 bis
3505 1174 3568 1213 se

182 1235 317 1306 quod
343 1233 586 1300 credidi,
618 1232 965 1289 humiliatus
989 1250 1123 1290 sum
1155 1233 1353 1300 nimis,
1387 1234 1445 1290 id
1493 1239 1584 1291 est
1621 1234 1809 1292 multa
1915 1250 2147 1289 servum
2180 1241 2235 1289 et
2255 1235 2423 1292 tertio
2451 1234 2638 1292 filium
2687 1238 2909 1295 ancillae
2960 1240 3228 1312 dicendo,
3260 1243 3564 1303 indicaret.

185 1340 367 1396 passus
392 1326 633 1395 propter
663 1323 906 1378 verbum
947 1323 1070 1380 Dei.
1103 1323 1144 1378 C
1190 1323 1323 1379 Ideo
1369 1340 1507 1398 ergo
1556 1341 1618 1380 se
1665 1325 1808 1380 dicit
1916 1324 2168 1379 Dicendo
2199 1339 2333 1380 vero
2364 1341 2425 1381 se
2456 1324 2643 1381 lilium
2675 1327 2921 1397 ancillse,
2953 1330 3139 1386 ﬁlium
3189 1349 3252 1388 se
3298 1334 3567 1392 Ecclesiae

182 1411 553 1477 humiliatum,
586 1412 727 1484 quia
773 1415 1070 1468 crescente
1118 1416 1324 1468 sancta
1374 1412 1651 1486 religione
1692 1413 1805 1486 ipsi
1915 1413 2219 1469 confessus
2248 1417 2363 1481 est;
2398 1429 2524 1485 qua:
2556 1419 2643 1470 est
2676 1416 3055 1483 ancilla,dum
3089 1421 3300 1489 servit;
3327 1439 3564 1495 sponsa,

182 1501 581 1575 martyres,qui
614 1505 853 1575 propter.
878 1502 1051 1558 fidem
1085 1501 1261 1558 locuti
1293 1504 1808 1570 sunt,videbantur
1915 1501 2059 1556 dum
2082 1502 2376 1575 jungitur.

181 1592 341 1663 panis
364 1591 791 1663 temporalibus
824 1590 1003 1647 nimis
1031 1591 1357 1664 subjacere.
1911 1592 1947 1643 7
2059 1593 2363 1662 Disrupisti
2392 1593 2611 1649 vincula
2643 1610 2763 1649 mea
2796 1614 2814 1649 :
2844 1595 2947 1651 tibi
2972 1599 3291 1669 sacriﬁcabo
3336 1600 3567 1655 hostiam

178 1684 205 1735 2
296 1682 400 1749 Ego
428 1679 561 1750 dixi
588 1681 649 1735 in
676 1696 898 1736 excessu
928 1696 1045 1735 meo
1078 1696 1090 1734 :
2130 1680 2311 1736 laudis
2342 1699 2358 1733 :

297 1771 495 1826 Omnis
523 1770 679 1825 homo
703 1769 960 1825 mendax.
1834 1797 1882 1863 Β
1992 1857 2022 1863 Δ
2154 1769 2216 1824 Et
2243 1785 2445 1863 nomen
2480 1773 2711 1829 Domini
2737 1774 2996 1830 invocabo
3039 1781 3051 1842 ζ
3094 1818 3107 1830 .

232 1862 267 1913 C
294 1859 405 1932 Ego
434 1858 558 1914 dixi
594 1858 650 1913 in
684 1875 925 1915 excessu
959 1875 1110 1927 meo,
1144 1859 1201 1914 id
1250 1863 1342 1915 est
1386 1865 1554 1933 raptu
1588 1864 1804 1918 mentis
1834 1857 1876 1863 ”
1984 1857 2026 1913 C
2052 1857 2391 1931 Disrupisti,
2421 1859 2703 1915 virtutum
2728 1861 2823 1917 hic
2849 1865 3084 1935 exponit
3105 1866 3570 1940 martyrii,cujus

180 1950 225 2003 in
244 1948 488 2004 divinam
523 1947 1096 2020 contemplationem.
1122 1950 1333 2021 Magna
1352 1949 1645 2021 siquidem
1672 1968 1805 2024 pru-
1912 1945 2133 2019 impetu
2154 1946 2495 2020 triumphali
2512 1948 3177 2022 disrumpunturomnia
3189 1954 3424 2012 vincula
3445 1973 3571 2028 pec-

179 2037 345 2093 dentia
370 2041 478 2105 est,
504 2042 570 2093 ut
602 2036 713 2093 sibi
744 2036 960 2109 aliquis
988 2037 1334 2110 imprudens
1363 2055 1491 2094 esse
1518 2039 1802 2109 videatur,
1912 2042 2195 2091 catorum.
2230 2036 2402 2091 Nulla
2430 2038 2585 2093 enim
2621 2038 2853 2094 macula
2885 2040 2941 2094 in
2976 2041 3215 2099 homine
3264 2061 3569 2102 remanere

177 2131 222 2180 et
245 2126 465 2197 quando
501 2126 701 2181 carnis
732 2124 1046 2199 fragilitate
1078 2127 1390 2183 mendaces
1437 2145 1669 2199 sumus,
1701 2147 1803 2185 no-
1913 2130 2314 2198 potest,quam
2350 2127 2481 2198 pius
2512 2128 2756 2199 sanguis
2786 2146 2901 2184 non
2935 2130 3204 2187 abluerit.
3238 2132 3342 2188 Hie
3365 2138 3563 2190 autem

175 2219 336 2271 stram
363 2230 496 2272 esse
529 2214 850 2282 fateamur;
883 2216 1119 2287 quando
1147 2232 1401 2287 veraces,
1423 2216 1637 2272 divinis
1671 2236 1801 2274 mu-
1912 2232 2114 2270 versus
2143 2220 2364 2270 tantam
2391 2215 2662 2271 virtutem
2688 2216 2902 2272 habere
2926 2219 3184 2275 creditus
3211 2225 3392 2288 est,ut
3411 2222 3572 2279 dice-

176 2304 380 2360 ueribus
410 2303 807 2377 applicenius.
840 2304 987 2370 Quia
1017 2304 1211 2360 omnis
1240 2305 1416 2361 homo
1447 2308 1717 2373 mendax,
1737 2310 1801 2374 A,
1913 2310 2074 2359 retur
2105 2305 2176 2359 ab
2208 2304 2525 2376 aliquibus,
2544 2321 2713 2376 posse
2739 2307 3017 2362 omnibus
3049 2312 3285 2379 peccata
3325 2310 3567 2379 dimitti,

176 2393 221 2448 id
244 2398 323 2449 est
350 2399 658 2466 peccator;
692 2397 750 2448 et
780 2409 849 2468 ex
879 2410 941 2449 se
973 2394 1243 2460 mendax,
1273 2399 1330 2450 et
1360 2395 1477 2450 Deo
1516 2412 1707 2463 verax,
1740 2402 1806 2451 ut
1912 2393 1961 2448 si
1991 2410 2126 2449 eum
2159 2393 2218 2447 in
2253 2394 2365 2449 ﬁne
2386 2393 2517 2449 vita:
2539 2411 2680 2465 suae,
2704 2394 2875 2450 tertia
2898 2398 3313 2469 congeminent
3342 2400 3569 2456 confes-

175 2481 307 2538 enim
324 2483 382 2539 in
414 2481 933 2556 persecutionibus
957 2500 992 2539 a
1020 2483 1135 2538 ﬁde
1167 2501 1281 2539 non
1315 2486 1565 2554 recedat,
1591 2502 1657 2541 ex
1690 2490 1807 2542 Deo
1913 2483 2096 2538 sione.
2118 2482 2348 2554 Et.quia
2370 2483 2639 2556 disrupta
2669 2489 2809 2555 sunt
2838 2490 3207 2557 peccatorum
3226 2488 3569 2555 vincula,re-

175 2575 265 2627 est,
1913 2575 2000 2627 cte
2031 2588 2093 2627 se
2123 2571 2377 2627 hostiam
2410 2571 2551 2627 dicit
2581 2572 2907 2629 sacrificare
2940 2573 3154 2630 laudis.
3190 2575 3377 2633 Nimis
3410 2578 3568 2633 enim

173 2661 200 2714 3
294 2659 432 2730 Quid
461 2661 777 2717 retribuam
806 2662 1034 2721 Domino
1063 2680 1081 2716 :
1914 2664 2214 2732 acceptum
2245 2664 2334 2718 est
2362 2665 2474 2716 Deo
2506 2658 2884 2729 sacriﬁcium,
2918 2664 3242 2735 gratiarum
3276 2666 3445 2721 actio.

291 2755 396 2807 Pro
419 2751 686 2807 omnibus
709 2767 831 2822 quo:
856 2752 1117 2806 retribuit
1145 2752 1328 2807 mihi?
1912 2751 1946 2804 8
2059 2753 2200 2805 Vola
2246 2765 2368 2804 mea
2426 2750 2655 2806 Domino
2702 2750 2926 2806 reddam
2958 2753 3016 2807 in
3059 2762 3341 2825 conspectu
3390 2756 3571 2811 omnis

202 2842 263 2894 .C
282 2840 636 2896 Retribuere
666 2838 940 2907 dicimus,
958 2839 1193 2913 quando
1212 2845 1271 2895 et
1289 2840 1459 2896 bonis
1492 2841 1646 2899 bona
1673 2844 1803 2899 red-
2122 2839 2315 2911 populi
2343 2839 2457 2911 ejus
2487 2858 2505 2893 :
2537 2841 2598 2894 in
2627 2840 2793 2895 atriis
2812 2839 3004 2896 domus
3037 2844 3280 2898 Domini.

175 2928 365 2997 dimns,
395 2934 452 2985 et
482 2928 667 2985 malis
724 2929 878 2985 bona
907 2932 1273 3002 prestamus.
1315 2929 1600 2987 Dominus
1646 2933 1804 2988 enim
2056 2932 2123 2984 1η
2150 2928 2329 2983 medio
2359 2928 2443 2983 tui
2470 2930 2804 2984 Jerusalem.

176 3016 317 3077 nobis
336 3019 559 3076 bonum
589 3035 693 3090 pro
714 3017 869 3074 malo
909 3018 1196 3087 retribuit,
1230 3020 1463 3091 quando
1496 3020 1591 3077 ille
1620 3020 1806 3094 alapis
1983 3016 2025 3071 C
2055 3016 2200 3072 Cum
2226 3015 2386 3084 dicit,
2419 3019 2555 3071 νοια
2584 3032 2715 3072 mea
2740 3017 2987 3073 Domino
3018 3018 3280 3087 reddam,
3301 3020 3564 3093 seipsum

175 3124 524 3181 casus,st
553 3105 728 3163 nobis
749 3107 1194 3164 resurrectionis
1216 3109 1504 3176 tribuit,et
1524 3110 1800 3168 cmlorum
1837 3169 1873 3181 Α
1913 3107 2119 3161 offerre
2146 3104 2330 3160 vicem
2359 3103 2686 3176 pollicetur.
2702 3104 2978 3161 Omnium
3011 3107 3167 3163 enim
3190 3108 3451 3165 ﬁdelium
3474 3126 3567 3165 vo-

175 3169 652 3270 regua'promisit,
686 3200 748 3264 et
792 3214 895 3269 pro
944 3197 1196 3269 peccatis
1225 3169 1440 3254 nostris
1468 3198 1799 3271 passionem
1832 3169 1875 3235 Β
1914 3200 2038 3250 tum
2066 3198 2177 3258 est,
2207 3169 2434 3249 Christo
2459 3210 2522 3249 se
2542 3194 2768 3262 offerre,
2803 3199 2860 3250 et
2887 3195 2947 3250 in
2978 3197 3106 3267 ejus
3127 3196 3384 3254 Ecclesia
3412 3204 3567 3255 recta

176 3287 445 3343 sustinuit.
1912 3282 2256 3340 crudelitate
2285 3283 2622 3339 consistere.
2658 3283 2720 3339 In
2750 3290 3087 3357 conspectu,
3111 3286 3354 3359 dignum
3383 3292 3471 3344 est
3502 3293 3568 3344 ut

176 3374 203 3427 t
292 3376 531 3431 Calicem
560 3375 827 3431 salutaris
850 3376 1121 3447 accipiam
1144 3394 1164 3431 :
1915 3372 2145 3441 publice
2174 3372 2383 3427 debeat
2413 3371 2777 3444 laudari,qui
2811 3373 2929 3445 pati
2963 3390 3066 3446 pro
3094 3375 3360 3431 omnium
3377 3374 3566 3433 salute

287 3467 351 3520 Et
381 3482 595 3521 nomen
623 3465 850 3521 Domini
877 3466 1155 3521 invocabo.
1914 3463 2189 3536 dignatus
2219 3466 2325 3517 est.
2362 3460 2425 3516 In
2456 3461 2623 3517 atriis
2647 3461 2858 3517 domus
2890 3463 3138 3531 Domini,
3172 3463 3230 3519 id
3262 3469 3352 3521 est
3380 3466 3438 3520 in
3462 3466 3564 3522 Ec-

228 3553 263 3607 C
291 3553 468 3627 Digna
518 3554 858 3627 promissio,
892 3554 943 3613 si
990 3554 1090 3610 Dei
1136 3571 1380 3611 trunere
1411 3556 1803 3628 promittitur;
1915 3552 2112 3618 clesia,
2144 3555 2201 3607 et
2229 3550 2420 3606 adhuc
2466 3550 2661 3623 aptius
2710 3551 2884 3607 istam
2937 3554 3199 3609 nominat
3247 3554 3563 3611 Ecclesium

177 3642 257 3697 sed
283 3644 328 3697 si
366 3642 425 3699 in
456 3643 749 3699 humanis
773 3642 1000 3699 viribus
1031 3643 1286 3716 ponitur,
1303 3645 1630 3717 periculosa
1658 3663 1805 3719 prae-
1914 3641 2116 3697 dicens
2150 3657 2163 3695 :
2197 3640 2259 3694 In
2289 3639 2479 3695 medio
2509 3639 2860 3706 Jerusalem,
2893 3642 2991 3696 ubi
3027 3659 3137 3714 pax
3180 3644 3563 3715 conquiescit,

177 3732 422 3803 sumptio.
451 3731 711 3788 Calicem
729 3730 909 3799 enim,
933 3732 991 3786 di
1022 3736 1111 3787 est
1139 3733 1476 3804 passionem
1508 3738 1566 3790 et
1595 3740 1808 3809 marty-
1914 3735 1973 3786 et
2004 3730 2201 3785 unitas
2231 3728 2429 3801 populi
2459 3727 2947 3802 contemplatione
2976 3728 3076 3786 Dei
3105 3730 3347 3790 laetatur.

177 3818 302 3874 rium
329 3820 387 3876 in
411 3820 712 3877 desiderio
733 3819 1039 3893 accipiam.
1064 3820 1205 3886 Quis
1228 3826 1425 3879 autem
1462 3827 1652 3895 potest
1670 3842 1805 3880 con-
2409 3834 2614 3873 ORATIO
2652 3835 2721 3872 EX
2760 3835 2919 3875 PSAL.
2960 3835 3086 3875 CXV-

180 3906 472 3967 fessoribus
488 3912 925 3967 tormentorum
943 3910 1284 3982 patientiam
1308 3911 1447 3967 dare
1469 3912 1669 3969 nisiCb
1697 3914 1805 3971 ris-
1982 3907 2140 3964 Talis
2170 3907 2633 3978 sit,quzesumus,
2652 3906 3036 3976 Domine,vita
3066 3907 3423 3981 supplicum,
3451 3910 3562 3966 sic-

176 3998 269 4063 tus,
298 3997 393 4068 qui
427 3996 679 4053 calicem
712 3996 1002 4068 passionis
1035 4013 1138 4069 pro
1187 3996 1355 4053 nobis
1401 3999 1678 4071 dignatus
1719 4004 1809 4058 est
1916 4003 1981 4053 ut
2009 4001 2099 4053 est
2126 3997 2184 4051 in
2217 3997 2532 4066 conspectu
2563 3998 2664 4049 tuo
2698 4012 2854 4051 mors
2900 3996 3157 4067 pretiosa
3204 4002 3562 4064 sanctorum,

177 4084 454 4157 accipere?
486 4087 563 4142 Et
596 4102 806 4142 nomen
840 4085 1073 4142 Domini
1102 4086 1379 4155 invocavi,
1415 4089 1586 4161 cujus
1623 4088 1807 4145 fretus
1916 4092 1981 4143 ut
2010 4105 2044 4143 a
2065 4083 2313 4141 vinculis
2340 4083 2557 4156 peccati
2570 4082 2778 4151 Jiberi,
2813 4100 3144 4139 mereamur
3166 4085 3371 4140 future:
3390 4086 3565 4141 Jeru-

175 4172 361 4229 auxilio
390 4191 455 4231 se
478 4173 757 4231 credebat
774 4174 1064 4247 complere
1084 4176 1241 4247 quod
1266 4175 1464 4233 voluit.
1495 4177 1628 4233 Ideo
1650 4178 1806 4235 enim
1916 4174 2099 4232 salem
2156 4172 2373 4245 gaudia
2420 4169 2742 4243 praelibare.
2777 4171 2882 4229 Per
2929 4172 3246 4228 Dominum
3296 4179 3561 4231 nostrum

176 4258 425 4323 invocabo
457 4278 680 4321 nomen
708 4263 957 4331 Domini,
982 4264 1123 4337 quia
1148 4263 1277 4321 sine
1306 4265 1434 4337 ejus
1466 4265 1682 4324 auxilio
1712 4285 1807 4324 ca—
1915 4266 2140 4332 Jesum,
2172 4265 2283 4318 etc.

176 4344 323 4408 licem
354 4353 627 4425 accipere
658 4368 774 4409 non
804 4351 989 4409 valeo.
2456 4347 2787 4406 PSALMUS
2835 4350 3022 4406 CXVI.

173 4437 203 4488 5
292 4442 362 4513 Χ
388 4442 522 4499 Vota
552 4458 677 4497 mea
706 4442 934 4499 Domino
965 4442 1188 4499 reddam
1214 4460 1397 4500 coram
1432 4447 1585 4502 omni
1613 4447 1810 4519 populo
2350 4455 2753 4496 assumemus:
2795 4457 2953 4496 PSAL.
2996 4456 3145 4496 cxvr.

357 4531 478 4602 ejus
512 4548 529 4585 :
1830 4547 1878 4613 υ
1978 4535 2020 4590 C
2052 4534 2162 4589 lstc
2194 4527 2458 4603 psalmus
2489 4544 2751 4601 personae
2784 4534 3108 4603 martyrum
3141 4530 3434 4597 convenit,
3468 4528 3570 4603 qui

296 4622 541 4677 Pretiosa
600 4622 661 4677 in
715 4630 998 4694 conspectu
1045 4623 1265 4679 Domini
1308 4640 1455 4680 mors
1499 4633 1810 4682 sanctorum
1920 4622 2175 4697 gloriosa
2205 4618 2477 4693 passione
2520 4619 2828 4691 perfuncti,
2863 4636 3067 4676 omnes
3111 4624 3314 4692 gentes
3344 4619 3415 4675 ad
3456 4619 3569 4674 Do-

361 4711 504 4782 ejuc.
1919 4713 2063 4769 mini
2095 4710 2298 4767 laudes
2330 4708 2607 4765 excitant.

234 4796 268 4850 Δ
296 4798 333 4853 C
360 4798 511 4854 Vota
541 4814 692 4866 mea,
726 4815 851 4871 qua:
898 4799 1187 4856 desiderio
1240 4802 1476 4873 concepi
1527 4802 1807 4875 patiendi,
2558 4798 2674 4853 TT.
2707 4798 2964 4855 Alleluia.

178 4888 352 4953 postea
368 4888 619 4945 reddam
640 4887 701 4945 in
716 4893 857 4945 actu
879 4905 1073 4945 coram
1096 4889 1257 4946 omni
1283 4890 1808 4963 pepulo,utexem-
1920 4894 1944 4947 1
2062 4888 2299 4946 Laudato
2328 4889 2626 4944 Dominum
2654 4904 2835 4943 omnes
2864 4891 3048 4954 gentes
3078 4904 3096 4940 :

178 4969 317 5040 Pium
345 4976 609 5047 patiendi
657 4977 891 5049 capiant
920 4994 955 5033 a
985 4994 1097 5034 me.
1130 4978 1201 5034 Et
1243 4978 1354 5035 hoc
1404 4978 1533 5036 ideo
1576 4980 1808 5047 faciam,
2060 4978 2301 5035 Laudate
2331 4993 2456 5033 eum
2484 4992 2667 5031 omnes
2693 4976 2902 5047 populi.

179 5061 294 5130 quia
317 5065 579 5137 pretiosa
600 5082 766 5124 mors
795 5070 884 5124 est
912 5070 1249 5124 sanctorum
1272 5067 1332 5123 in
1350 5073 1660 5142 conspectu
1692 5070 1808 5127 Do-
1989 5073 2029 5124 C
2057 5067 2283 5124 Clamat
2319 5065 2534 5122 chorus
2583 5063 2679 5119 ille
2724 5066 3086 5131 sanctorum,
3119 5079 3323 5119 omnes
3365 5067 3569 5136 gentes

180 5150 321 5207 mini.
344 5153 389 5210 Η
419 5154 573 5212 Vota
600 5170 735 5213 vero
766 5160 906 5213 sunt
927 5159 1253 5229 martyrum
1275 5156 1634 5215 orationes.C
1659 5160 1810 5216 Bene
1920 5157 2235 5214 Dominum
2270 5154 2509 5211 laudare
2541 5153 2768 5209 debere.
2802 5150 3166 5208 Collaudatio
3194 5157 3284 5209 est
3302 5151 3569 5208 omnium

184 5236 372 5299 dicitur
401 5248 569 5305 mdes
596 5248 937 5302 sanctorum
958 5244 1232 5317 pretiosa,
1248 5262 1375 5317 qua
1396 5246 1681 5320 sanguine
1706 5247 1812 5304 Do-
1920 5246 2182 5304 ﬁdelium
2210 5245 2269 5300 in
2300 5260 2486 5300 unum
2519 5243 2755 5299 redacta
2803 5241 3078 5300 laudatio.
3111 5246 3571 5299 Commonentur

181 5328 313 5387 mine
340 5332 609 5393 noscitur
622 5349 759 5391 esse
774 5338 1132 5407 comparata.
1156 5334 1323 5392 Illius
1351 5334 1506 5394 enim
1538 5336 1811 5409 passione
1919 5336 2075 5395 enim
2107 5350 2312 5391 omnes
2341 5338 2544 5406 gentes
2573 5330 2922 5404 generaliter
2951 5330 3190 5389 laudare
3230 5332 3566 5399 Dominum,

179 5413 482 5485 gluriﬁeata
510 5427 620 5490 est,
653 5426 719 5480 ut
738 5424 801 5481 in
834 5428 1152 5497 conspectu
1203 5429 1359 5481 esset
1389 5425 1621 5497 eximia,
1651 5428 1708 5482 et
1745 5429 1811 5482 ut
1919 5443 1991 5482 ne
2021 5425 2153 5498 quis
2183 5423 2340 5479 dicat
2370 5438 2433 5479 se
2463 5437 2590 5478 esse
2617 5420 2675 5476 in
2699 5420 2927 5493 judicio
2947 5421 3045 5477 Dei
3082 5422 3565 5494 pretermissum.

181 5504 245 5560 sit
270 5511 543 5579 pretiosa,
576 5528 689 5569 non
720 5512 940 5570 divitiis
969 5512 1223 5573 efﬁcitur
1248 5513 1483 5583 oblatis,
1516 5515 1618 5572 sed
1665 5514 1808 5572 ett‘u-
1916 5518 1953 5571 2
2062 5513 2330 5571 Guom'am
2356 5511 2679 5586 conﬁrmata
2727 5519 2804 5569 est
2850 5527 3012 5585 super
3054 5527 3153 5569 nos
3189 5509 3568 5570 misericordia

182 5591 323 5655 sione
351 5599 659 5677 sanguinis
687 5606 1081 5682 comparatur.
1113 5603 1160 5665 0
1188 5620 1350 5663 mors
1388 5603 1606 5678 vitalis,
1635 5622 1669 5662 ο
1718 5603 1809 5663 in-
2131 5602 2251 5674 ei“
2279 5620 2299 5660 -’
