3986 6164
412 281 530 360 423

556 414 618 468 Et
652 413 849 469 veritas
873 413 1094 470 Domini
1137 417 1190 476 »ἓν
1219 416 1401 466 manet
1445 419 1458 478 ζ
1503 414 1557 468 in
1588 417 1880 470 .‘t’ternum.
1937 399 1947 407 ’

487 507 526 555 C
546 503 902 556 Conﬁrmata
917 503 1004 556 est
1024 499 1427 555 misericordia
1449 501 1496 572 ej
1509 519 1577 556 us
1599 500 1658 555 in
1680 499 1893 573 populo
1907 499 2066 556 Chri-

415 589 870 662 stiano,quando
901 588 1000 661 qui
1033 588 1456 661 praestititﬁpse
1478 606 1584 645 nos
1614 606 1723 646 sua
1742 588 2068 646 misericor-

414 679 512 734 dia
543 677 820 734 custodit.
854 677 958 733 Hic
987 676 1198 733 veritas
1248 676 1502 744 Domini,
1538 675 1720 736 Filius
1769 677 2066 752 signiﬁca-

1323 281 1388 340 S.
1433 273 1830 343 BRUNONIS
1873 275 2968 379 HERBIPOLENSIS.EPISCOPI.-
3646 285 3744 349 m

2093 417 2147 482 Α
2171 413 2206 464 6
2313 414 2578 468 Dominus
2610 413 2736 468 miti
2763 411 2984 483 adjutor
3017 425 3032 464 :

2314 503 2433 558 Non
2461 500 2659 557 timebo
2687 500 2821 573 quid
2846 500 3018 572 faciat
3047 499 3186 554 mihi
3212 499 3378 554 homo.

2244 594 2284 644 C
2317 589 2603 646 Dominus
2635 587 2780 644 mihi
2811 588 3217 659 adjutor,nam
3237 601 3367 643 cum
3395 601 3452 644 se
3477 588 3601 646 dicit
3618 592 3749 649 auxi-

2173 677 2250 734 lio
2283 677 2837 746 Domini,hominem
2868 693 2984 732 non
3016 675 3240 744 timere,
3259 675 3502 733 carnales
3528 679 3756 753 designat

415 772 532 834 tur,
565 767 719 823 sicut
748 767 872 839 ipse
903 766 1001 822 ait.
1035 788 1065 816 ‹‹
1097 766 1215 839 Ego
1245 783 1377 822 sum
1408 767 1502 823 via
1530 772 1586 823 et
1613 767 1826 824 veritas
1856 771 1914 823 et
1947 767 2068 824 vita
2174 765 2573 839 inimicos,qui
2604 765 2915 822 visibiliter
2941 763 3341 838 religiosorum
3360 764 3632 822 hominum
3651 784 3754 840 pro-

415 856 590 926 (Joan.
625 855 760 927 xxv).
798 876 826 904 »
847 855 1128 911 Convenit
1155 855 1312 911 enim
1344 860 1400 912 et
1429 855 1607 912 saluti
1647 861 1858 913 nostrae
1885 859 1942 913 et
1969 872 2064 912 ve-

413 943 568 1000 ritati
595 942 855 998 conﬁteri
887 948 1238 1000 coaeternum
1267 948 1324 1000 et
1353 945 1912 1002 consubstantialem
1961 961 2066 1018 per

411 1031 609 1089 omnia
637 1033 793 1088 Patri
826 1031 1061 1090 Fillum.

883 1156 1088 1197 ORATIO
1127 1158 1196 1196 EX
1235 1158 1393 1197 PSAL.
1435 1158 1581 1196 CXVI.

481 1246 1062 1321 Omnipotentissime
1114 1248 1474 1316 Dominator,
1519 1246 1619 1320 qui
1668 1247 1739 1302 ab
1797 1246 2062 1302 omnium

408 1337 670 1412 gentium
701 1354 800 1393 ore
831 1335 1112 1406 laudaris,
1138 1353 1467 1410 precamur,
1494 1343 1560 1392 ut
1583 1335 1793 1392 dilates
1823 1335 2062 1390 veritate

410 1431 510 1482 tua
540 1430 799 1482 mentem
821 1429 1190 1493 ’nostram,et
1219 1425 1528 1481 conﬁrmes
1558 1441 1736 1496 super
1765 1441 1874 1479 nos
1894 1422 2063 1478 mise-

409 1514 720 1571 ricordiam
745 1518 930 1569 tuam.
955 1513 1062 1569 Per
1083 1513 1394 1569 Dominum
1423 1518 1692 1569 nostrum
1715 1513 2057 1580 Jesum,ete.

945 1673 1272 1730 PSALMUS
1312 1673 1522 1730 CXVII.

817 1780 1218 1819 ABGUMENTUM
1260 1780 1417 1818 PSAL.
1459 1780 1628 1819 CXVII.

476 1889 518 1945 C
550 1888 669 1944 Vox
719 1886 978 1944 ﬁdelium
1026 1887 1272 1944 Domino
1322 1887 1747 1952 conﬁtentium,
1778 1892 1835 1943 et
1883 1886 1941 1942 in
1990 1903 2057 1942 eo

405 1977 772 2034 solummodo
803 1975 1244 2046 conﬁdentium,
1278 1976 1380 2049 qui
1439 1976 1648 2049 aperiri
1689 1976 1801 2032 sibi
1860 1979 2057 2048 portas

395 2067 641 2138 justitiae
690 2067 1098 2139 deprecantur,
1133 2066 1204 2122 de
1250 2066 1514 2138 angulari
1567 2065 1778 2138 lapide,
1811 2064 1920 2120 hoc
1968 2068 2058 2120 est

405 2155 659 2211 Domino
673 2154 986 2225 Salvatorc,
1020 2155 1462 2227 subjungentes,

1025 2262 1138 2316 TT.
1172 2261 1429 2316 Alleluia.

477 2373 515 2422 C
547 2367 606 2422 ln
639 2367 925 2440 principio
956 2367 1172 2440 quippe
1206 2367 1376 2424 istius
1398 2367 1632 2440 psalmi,
1655 2370 1907 2440 quatuor
1935 2384 2056 2423 ver-

407 2473 510 2512 sus
541 2456 663 2530 pari
689 2456 803 2511 ﬁne
833 2455 1148 2524 concludit,
1165 2461 1230 2512 ut
1249 2455 1578 2529 evangelico
1600 2472 1842 2516 numeco
1865 2461 2050 2512 totum

405 2545 697 2600 mundum
729 2545 828 2600 uni
862 2544 1108 2600 Domino
1139 2544 1342 2602 laudes
1375 2546 1614 2602 reddere
1643 2545 1851 2601 debere
1889 2561 2051 2600 com-

409 2638 698 2703 moneret;
721 2633 826 2689 hoc
849 2639 905 2688 et
933 2633 991 2688 in
1025 2634 1343 2690 centesimo
1364 2633 1657 2689 tricesimo
1679 2635 1884 2707 quinto
1902 2633 2053 2708 psal-

406 2739 502 2778 mo
527 2739 630 2797 per
658 2740 861 2780 omnes
891 2740 1096 2780 versus
1127 2721 1394 2779 absolute
1425 2723 1684 2780 facturus
1714 2727 1820 2790 est,

409 2813 434 2868 1
551 2813 900 2883 Conﬁtemini
927 2814 1156 2868 Domino
1185 2815 1446 2886 quoniam
1475 2813 1645 2869 bonus
1677 2830 1691 2868 :

545 2905 820 2973 Quoniam
853 2906 913 2959 in
943 2905 1208 2960 saeculum
1233 2903 1610 2960 misericordia
1636 2905 1772 2976 ejus.

476 2993 515 3048 ll
541 2991 840 3048 Confessio
857 2991 978 3048 haec
1002 3009 1115 3048 non
1137 2993 1207 3048 ad
1230 2997 1596 3065 peccatorum
1622 2992 2047 3060 remissionem,

400 3083 501 3138 sed
529 3082 600 3137 ad
634 3081 867 3138 laudem
901 3082 1149 3154 pertinet
1177 3082 1428 3139 deitatis.
1458 3082 1746 3148 Quoniam
1777 3083 1988 3149 bonus,
2011 3087 2050 3138 C

2173 856 2432 928 positum
2461 859 2915 929 persequuntur.

2170 948 2206 1000 7
2315 946 2580 1002 Dominus
2610 945 2756 1000 mihi
2781 943 3000 1018 adjutor
3028 962 3046 998 :

2313 1036 2391 1089 Et
2419 1050 2515 1103 ego
2543 1033 2844 1107 despiciam
2873 1033 3127 1090 inimicos
3155 1049 3320 1089 meos.

2241 1123 2290 1178 H
2315 1122 2600 1178 Dominus
2633 1121 2778 1178 mihi
2807 1122 3059 1193 adjutor,
3083 1121 3210 1176 ideo
3239 1120 3539 1193 despiciam
3566 1121 3756 1178 hereti-

2172 1228 2290 1268 cos.
2321 1215 2361 1266 C
2389 1210 2491 1267 Vel
2521 1211 2754 1268 Judaaos
2785 1209 2869 1267 vel
2903 1209 3079 1267 etiam
3110 1209 3404 1266 diabolum
3433 1227 3558 1267 cum
3575 1210 3756 1267 ceteris

2173 1299 2461 1358 ministris
2485 1301 2628 1356 suis.

2170 1392 2204 1446 8
2313 1391 2532 1446 Bonum
2562 1398 2640 1446 est
2662 1389 2932 1460 conﬁdere
2955 1390 3014 1444 in
3045 1389 3275 1446 Domino
3304 1407 3322 1444 :

2317 1479 2493 1548 Quam
2519 1476 2792 1551 conﬁdere
2821 1480 2881 1534 in
2911 1479 3149 1535 homine.

2239 1571 2278 1622 C
2308 1567 2611 1624 Conﬁdere
2640 1567 2800 1624 enim
2830 1567 2889 1622 in
2923 1566 3116 1624 solum
3149 1571 3331 1624 Deum
3365 1565 3641 1632 debemus,
3666 1581 3760 1622 non

2169 1656 2228 1712 in
2259 1656 2590 1726 hominem;
2622 1655 2811 1725 illum,
2833 1655 3055 1712 scilicet
3083 1655 3183 1728 qui
3212 1653 3486 1712 veraciter
3503 1653 3760 1728 promittit,

2169 1763 2285 1801 non
2345 1745 2526 1802 istum
2578 1745 2678 1818 qui
2729 1744 2920 1802 fallaci
2970 1744 3424 1818 praesumptione
3471 1759 3530 1800 se
3568 1743 3763 1816 decipit,

2166 1835 2366 1891 dicens
2398 1851 2411 1890 :
2445 1835 2614 1891 Facio
2645 1834 2800 1906 quod
2832 1832 2982 1906 volo,
3014 1849 3119 1890 nec
3167 1833 3479 1890 Dominum
3525 1849 3648 1888 mea:
3685 1848 3765 1887 vo-

2164 1923 2412 1980 luntatis
2443 1923 2649 1980 habeo.

2162 2013 2198 2068 9
2309 2019 2520 2070 Bonum
2548 2021 2627 2069 est
2653 2029 2876 2086 sperare
2904 2013 2964 2069 in
2991 2014 3228 2070 Domino
3260 2030 3280 2068 :

2307 2107 2490 2176 Quam
2516 2119 2736 2174 sperare
2761 2104 2822 2158 in
2845 2104 3216 2175 principibus.

2235 2191 2282 2247 H
2313 2195 2538 2248 Bonum
2568 2195 2659 2248 est
2687 2207 2922 2264 sperare
2950 2191 3009 2246 in
3041 2189 3430 2264 Domino,qui
3449 2189 3613 2245 vitam
3631 2185 3769 2260 largi-

2165 2285 2260 2336 tur
2289 2285 2586 2348 aeternam,
2620 2297 2798 2354 quam
2831 2280 2888 2335 in
2916 2279 3309 2353 principibus,
3341 2294 3579 2352 quorum
3606 2281 3771 2351 potes-

2162 2375 2254 2427 tas
2283 2387 2418 2426 cum
2449 2369 2558 2426 hoc
2587 2369 2808 2426 mundo
2845 2369 3146 2425 dilabitur.
3178 2373 3222 2426 Ο
3268 2367 3584 2440 Principem
3625 2365 3770 2422 etiam

2162 2459 2258 2516 hic
2288 2459 2589 2516 diabolum
2622 2457 2946 2532 intelligere
2977 2458 3385 2531 possimus,ut
3413 2461 3500 2512 est
3513 2455 3643 2512 illud
3664 2452 3774 2510 τνρ-

2163 2549 2250 2604 nit
2276 2548 2433 2604 enim
2461 2547 2734 2620 princeps
2759 2546 2966 2603 mundi
2994 2546 3173 2620 hujus
3197 2551 3259 2603 et
3288 2547 3348 2602 in
3381 2563 3470 2602 me
3498 2560 3604 2600 non
3632 2542 3774 2598 habet

2162 2637 2487 2710 quidquam
2515 2637 2698 2709 (Joan.
2731 2639 2867 2705 xxv).

2164 2728 2230 2782 10
2304 2726 2496 2782 Omnes
2520 2733 2700 2798 gentes
2730 2727 3069 2782 circuierunt
3093 2741 3180 2780 me
3213 2743 3237 2781 :

2228 2819 2294 2872 Et
2312 2818 2370 2872 in
2402 2817 2622 2872 nomine
2637 2816 2864 2872 Domini
2885 2807 2973 2885 ὃς
3004 2816 3138 2886 quia
3157 2831 3177 2870 :
3199 2814 3353 2870 ullus
3376 2829 3496 2869 sum
3568 2813 3622 2866 in
3659 2815 3774 2874 tros.

2229 2906 2273 2962 C
2302 2904 2425 2960 Vox
2473 2903 2742 2961 Ecclesiae
2789 2905 2860 2960 de
2908 2904 3320 2977 persecutione
3376 2900 3647 2977 gentium,
3673 2913 3775 2970 que

2159 2994 2323 3068 prius
2373 2993 2875 3068 persequebantur
2917 2996 3112 3065 caput,
3146 2991 3308 3064 quod
3358 2995 3447 3048 est
3505 2987 3776 3054 Christus;

2159 3083 2389 3152 deinde,
2422 3082 2550 3154 ejus
2573 3099 2803 3154 corpus,
2838 3081 2994 3155 quod
3024 3085 3114 3137 est
3160 3080 3445 3138 Ecclesia.
3477 3077 3630 3144 Quod
3667 3089 3776 3130 vero

401 3171 560 3227 solus
590 3169 686 3227 ille
712 3171 943 3244 proprie
972 3170 1188 3227 dicitur
1207 3177 1263 3227 et
1281 3187 1386 3244 per
1408 3187 1470 3228 se
1501 3172 1710 3240 bonus,
1736 3171 1834 3244 qui
1866 3172 2051 3227 bonos
2081 3154 2124 3221 (Σ
2159 3173 2306 3228 dixit
2328 3174 2620 3246 gentes,et
2638 3154 2943 3242 subjunxit
2972 3186 3160 3244 genus
3191 3169 3623 3226 masculinum:
3647 3163 3780 3221 ultus

401 3259 537 3316 facit
567 3259 808 3332 implere
857 3261 1010 3332 quod
1045 3259 1179 3316 boni
1213 3265 1368 3316 sunt.
1403 3261 1467 3316 In
1499 3259 1779 3317 sacculum
1827 3264 2044 3326 autem,

402 3348 850 3420 perpetuitatem
881 3345 1174 3420 Signiﬁcat
1196 3349 1581 3416 futuram,ubi
1616 3367 1800 3406 unum
1831 3353 1921 3406 est
1941 3366 2047 3404 sae-

401 3437 599 3493 culum
632 3441 689 3491 et
713 3453 828 3492 una
854 3437 1001 3508 dies,
1035 3454 1138 3493 nec
1168 3439 1516 3509 permutatio
1543 3437 1664 3494 ulla
1694 3438 1972 3495 succedit.

403 3528 438 3580 2
547 3527 703 3581 Dicat
747 3531 802 3591 νέ-
827 3543 976 3581 nunc
1015 3531 1030 3592 ζ
1074 3527 1242 3582 Israel
1270 3529 1530 3598 quoniam
1561 3529 1730 3584 bonus
1761 3544 1774 3582 :

547 3617 816 3683 Quoniam
847 3617 908 3670 in.
937 3616 1200 3672 saeculum
1227 3617 1605 3672 misericordia
1633 3619 1770 3689 ejus.

475 3705 519 3760 Η
551 3704 714 3760 Dicat
739 3721 896 3760 nunc
928 3703 1126 3774 Israel,
1161 3705 1217 3760 id
1249 3710 1338 3762 est
1368 3707 1454 3762 vir
1484 3705 1673 3762 videns
1719 3708 1912 3776 Deum,
1945 3707 2047 3780 qui

403 3793 568 3866 prius
597 3793 922 3848 czecabatur
949 3792 1200 3862 delictis,
1223 3811 1378 3850 nunc
1411 3799 1604 3850 autem
1628 3800 1823 3850 mente
1845 3813 2050 3852 serena

403 3883 502 3938 Dei
533 3881 779 3955 gloriam
811 3881 1256 3954 contemplatur.

401 3973 436 4027 3
547 3971 700 4026 Dicat
741 3975 796 4036 ᾧ
822 3986 972 4027 nunc
1003 3988 1016 4028 :
1047 3970 1239 4028 domus
1268 3972 1446 4030 Aaron
1489 3981 1502 4040 ζ
1552 3993 1564 4031 :

545 4061 814 4128 Quoniam
844 4062 904 4116 in
928 4062 1190 4118 arculum
1219 4063 1597 4121 misericordia
1625 4066 1761 4139 ejus.

473 4150 520 4205 Η
547 4150 712 4206 Dicat
741 4167 896 4206 nunc
925 4151 1137 4207 domus
1161 4153 1375 4222 Aaron,
1407 4171 1533 4227 qua:
1564 4159 1698 4211 ante
1735 4155 1908 4212 idolis
1936 4156 2046 4212 im-

404 4238 738 4308 molaverat,
769 4257 927 4296 nunc
958 4245 1154 4297 autem
1185 4241 1486 4299 Altissima
1535 4243 1725 4301 illecta
1766 4247 2045 4317 bonitate,

403 4329 789 4386 secerdotium
824 4330 1066 4402 dignum
1099 4330 1248 4404 gerit
1276 4331 1486 4389 anima:
1517 4331 1656 4391 suae.

404 4419 435 4472 4
549 4419 738 4474 Dicant
784 4425 839 4484 -ὲ
864 4435 1011 4474 nunc
1052 4425 1066 4484 ζ
1109 4423 1208 4492 qui
1229 4422 1420 4478 timent
1445 4423 1741 4480 Dominum
1770 4444 1788 4480 :

547 4508 818 4576 Quoniam
844 4509 903 4563 in
933 4509 1200 4564 saeculum
1221 4512 1604 4569 misericordia
1623 4514 1761 4586 ejus.

477 4597 518 4652 Η
541 4595 747 4651 Dicant
764 4613 919 4651 nunc
942 4596 1041 4668 qui
1065 4597 1270 4654 timent
1292 4599 1696 4669 Dominum,id
1717 4607 1808 4660 est
1826 4620 1926 4660 vos
1949 4605 2050 4678 qui

404 4686 569 4759 prius
599 4684 918 4740 simulacra
948 4690 1112 4741 muta
1158 4691 1214 4743 et
1261 4690 1444 4745 surda
1491 4692 1860 4762 metuebatis,
1895 4711 2050 4750 nunc

401 4775 819 4847 omnipotentis
845 4775 1076 4832 Domini
1103 4776 1562 4836 misericordiam
1593 4781 1894 4839 decantata
1915 4800 2050 4840 cum

403 4865 724 4922 reverentia
753 4865 1000 4922 timoris.

404 4956 440 5009 5
552 4957 622 5010 De
652 4955 1012 5012 tribulatione
1041 4957 1289 5014 invocavi
1312 4959 1609 5016 Dominum
1640 4979 1658 5016 :

544 5044 610 5098 Et
636 5043 922 5100 exaudivit
947 5063 1034 5102 me
1062 5048 1120 5102 in
1153 5047 1446 5106 latitudine
1464 5051 1746 5108 Domiuus.

473 5136 513 5186 C
540 5129 859 5188 Tribulatio
906 5137 1212 5206 praesentis
1257 5137 1480 5195 seaculi
1509 5139 1771 5210 ﬁnietur;
1804 5141 2050 5200 latitudo

403 5221 1010 5278 autem-beatitudinis
1031 5225 1348 5283 terminum
1372 5229 1574 5286 nescit.
1599 5230 1783 5303 Eripit
1803 5230 2050 5288 latitudo

402 5309 751 5384 gaudiorum
797 5315 1140 5369 aeternorum
1188 5315 1260 5372 de
1307 5319 1727 5390 temporalibus
1772 5319 1964 5390 malis,
1996 5327 2053 5378 et

403 5414 554 5472 quos
605 5397 664 5454 in
709 5397 816 5454 hac
867 5402 1074 5457 mundi
1119 5403 1396 5461 brevitate
1418 5408 1698 5478 gravabat
1727 5407 2050 5467 tribulatio-

402 5504 544 5544 num
578 5488 873 5563 angustia,
909 5489 1196 5549 latissima
1225 5495 1600 5568 praemiorum
1632 5497 1851 5572 gaudia
1898 5499 2050 5556 exci-

399 5575 582 5670 piant.

2160 3279 2294 3319 sum
2325 3261 2386 3316 in
2417 3277 2538 3329 eos,
2574 3261 2692 3316 sive
2739 3261 2812 3316 ad
2862 3257 3225 3316 intellectum
3278 3258 3546 3332 pertinet,
3578 3272 3692 3328 qua:
3731 3252 3779 3306 in

2157 3351 2429 3426 gentibus
2457 3348 2660 3422 populi
2693 3348 3049 3422 signiﬁcant,
3084 3348 3210 3405 sive
3241 3347 3486 3405 schema
3529 3349 3614 3402 est
3655 3338 3784 3399 exal-

2157 3440 2306 3514 lage,
2326 3440 2382 3494 id
2414 3437 3186 3510 est,immutatio,quoniam
3219 3453 3413 3510 genus
3431 3430 3782 3492 nominisim-

2159 3527 2424 3586 mutavit.
2459 3527 2627 3584 Ultus
2654 3543 2787 3584 vero
2818 3527 2876 3582 in
2907 3543 2974 3582 eo
2999 3530 3109 3594 est,
3143 3526 3388 3599 quando
3439 3520 3684 3582 conversi
3725 3517 3786 3574 de

2158 3636 2220 3675 se
2250 3617 2598 3692 pmnitentize
2626 3633 2828 3690 pmnas
2859 3619 3361 3689 exegerunt,quas
3392 3613 3612 3688 pridem
3642 3611 3780 3665 inno-

2159 3709 2427 3764 centibus
2457 3705 2822 3780 ingerebant.

2161 3800 2220 3853 11
2301 3795 2709 3853 Circumdantes
2736 3793 3214 3850 circumdederunt
3239 3809 3330 3850 me
3359 3813 3380 3850 :

2299 3889 2366 3944 Et
2409 3887 2472 3942 in
2499 3887 2720 3942 nomine
2747 3885 2975 3942 Domini
3019 3876 3108 3954 ~)°<,-
3149 3887 3287 3956 quia
3330 3890 3344 3949 ζ
3388 3883 3538 3941 ultus
3589 3895 3704 3938 sum
3741 3881 3787 3942 ~2-

2372 3978 2432 4033 in
2498 3985 2517 4043 ς
2559 3991 2666 4032 eos.

2229 4068 2271 4125 C
2309 4065 2773 4130 Circumdantes,
2829 4061 3016 4118 Judaei
3070 4061 3370 4132 videlicet,
3428 4061 3490 4118 in
3547 4056 3787 4133 passione

2157 4157 2476 4214 Christum.
2511 4155 2575 4210 In
2608 4151 2825 4225 quibus
2849 4156 3044 4208 tamen
3095 4156 3186 4207 est
3215 4152 3278 4207 in
3311 4149 3556 4208 nomine
3584 4139 3788 4204 Domini

2157 4247 2507 4313 vindicatus,
2543 4241 2776 4316 quando
2821 4241 2994 4297 multi
3033 4258 3102 4298 ex
3149 4241 3238 4297 eis
3288 4241 3653 4315 peenitentes,
3681 4234 3792 4308 post

2158 4335 2314 4393 mala
2362 4352 2488 4408 qua:
2534 4333 2813 4400 fecerant,
2849 4335 3192 4388 meruerunt
3241 4345 3485 4387 sumere
3541 4319 3794 4384 vocabula

2155 4424 2643 4482 Christianorum.

2080 4529 2126 4594 D
2160 4516 2228 4571 12
2299 4509 2793 4569 Circumdederunt
2842 4525 2930 4565 me
2977 4510 3119 4565 sicut
3173 4525 3308 4581 apes
3342 4527 3362 4564 :
3393 4512 3450 4566 et
3497 4503 3799 4564 exarseiunt

2371 4603 2515 4658 sicut
2543 4601 2688 4673 ignis
2711 4601 2768 4655 in
2799 4598 2976 4670 spinis
3007 4617 3025 4654 :

2303 4695 2377 4748 Et
2418 4694 2476 4748 in
2525 4691 2747 4747 nominc
2792 4689 3014 4746 Domini
3055 4679 3146 4757 “X-
3199 4689 3340 4761 quia
3370 4707 3391 4746 :
3419 4688 3572 4746 ultus
3611 4697 3722 4740 sum
3747 4679 3798 4733 in

2373 4797 2460 4839 808
2468 4821 2481 4836 .

2229 4879 2268 4930 C
2297 4873 2427 4946 Ipse
2456 4868 2612 4927 enim
2641 4866 2908 4924 Christus
2956 4884 2990 4922 a
3021 4866 3407 4924 saevientibus
3448 4863 3664 4922 Judaais
3687 4857 3802 4914 cir-

2159 4963 2602 5032 cumdatus,per
2631 4961 2822 5014 totum
2844 4957 3136 5012 mundum
3169 4954 3356 5012 mella
3385 4951 3676 5028 passionis
3696 4959 3800 5002 sua

2159 5052 2439 5129 profudit.
2462 5051 2614 5122 Apes
2644 5046 2821 5115 dicta,
2842 5045 3012 5119 quasi
3045 5063 3080 5100 a
3108 5043 3390 5118 pedibus,
3415 5059 3486 5101 eo
3515 5039 3666 5129 quod
3693 5034 3804 5093 sine

2159 5128 2408 5218 pedibus
2438 5136 2720 5195 nascitur.
2749 5136 2788 5192 ll
2822 5133 2942 5208 Ipsi
2972 5137 3324 5192 exarserunt
3353 5133 3420 5190 in
3451 5128 3670 5218 invidia
3688 5138 3800 5218 sua,

2159 5213 2301 5289 dum
2340 5244 2435 5286 me
2483 5241 2722 5284 exurere
2783 5223 3108 5280 voluerunt.
3143 5223 3184 5279 C
3227 5221 3434 5295 Spina
3485 5213 3807 5294 signiﬁcant

2159 5323 2394 5396 peccata
2423 5314 2651 5390 pepuli;
2685 5313 2786 5372 sed
2830 5313 2890 5369 in
2921 5312 3006 5370 eis
3035 5313 3405 5369 vindicatum
3441 5313 3557 5376 est,
3587 5299 3805 5380 quando

2160 5395 2232 5468 de
2260 5409 2358 5465 illo
2381 5405 2551 5464 melle
2566 5408 2624 5460 et
2654 5403 2764 5476 ipsi
2787 5402 3136 5460 suavissime
3155 5398 3368 5473 repleti
3399 5401 3569 5456 sunt.
3582 5395 3806 5476 Factum

2160 5505 2250 5559 est
2274 5495 2494 5556 Judsais
2519 5499 2584 5550 ut
2613 5475 2979 5566 apibus,qua
3009 5491 3208 5548 favum
3235 5475 3840 5566 circumdantesmel‘

2161 5593 2222 5650 in
2253 5586 2527 5646 domibus
2555 5564 2738 5642 cereis
2783 5581 3126 5656 recondunt,
3159 5583 3223 5639 ut
3249 5594 3415 5637 cum
3458 5578 3671 5655 putant
3707 5564 3814 5629 sibi
