4068 6160
462 350 581 416 427

459 487 534 542 25
607 486 998 542 Benediximus
1027 475 1179 564 vobis
1207 487 1272 542 de
1295 487 1451 543 domo
1480 489 1704 544 Domini
1729 507 1746 543 :

603 579 742 633 Deus
767 578 1032 633 Dominus
1059 584 1113 634 et
1140 577 1336 633 illuxit
1365 579 1544 633 nobis.

533 665 582 723 Η
614 665 1028 724 Benediximus
1057 667 1244 735 vobis,
1274 665 1462 723 sancti
1493 666 1563 722 de
1593 665 1810 722 ccelesti
1842 666 2119 723 Hierusa-

463 753 581 812 lem
613 753 872 829 parvulis
898 754 1170 812 Ecelesim
1199 755 1572 834 benedicunt.
1597 756 1636 812 C
1661 753 1761 811 Vel
1787 754 2033 829 apostoli
2064 759 2122 811 et

462 843 730 900 Ecclesia
762 843 985 918 praelati
1016 845 1222 902 dicunt
1251 845 1324 902 ad
1355 843 1636 918 populum
1666 843 1918 913 ﬁdelem,
1947 845 2122 901 Bene-

461 931 721 990 diximus
751 933 918 991 vobis
945 935 1017 991 de
1047 935 1222 992 domo
1251 934 1510 1003 Domini,
1539 933 1596 989 id
1623 937 1715 990 est
1744 933 1998 990 Ecclesia
2027 950 2120 989 ca-

461 1013 704 1093 tholica,
736 1024 892 1080 unde
950 1023 1208 1081 salutare
1260 1023 1557 1097 baptisma
1600 1023 1780 1094 venit,
1807 1027 1865 1080 et
1922 1026 2124 1080 sancta

464 1111 921 1170 communicatio
965 1113 1244 1187 procedit.
1279 1113 1444 1170 Unde
1475 1118 1532 1170 et.
1573 1113 1766 1169 omnis
1793 1112 2122 1169 benedictio

465 1202 748 1274 procedit,
771 1206 828 1259 et
847 1203 1135 1260 Dominus
1155 1203 1310 1260 Deus
1332 1219 1442 1259 sua
1466 1202 1888 1260 resurrectione
1910 1201 2124 1258 illumi-

466 1291 630 1348 navit
661 1293 931 1350 tenebras
962 1298 1214 1350 nostras.

466 1381 542 1434 26
613 1379 937 1438 Constituite
963 1382 1108 1438 diem
1136 1383 1428 1440 solemnem
1461 1385 1520 1439 in
1545 1383 1827 1440 condensis
1854 1399 1877 1437 .·

617 1471 788 1542 Usque
810 1471 881 1528 ad
907 1487 1077 1528 cornu
1102 1473 1316 1528 altaris.

541 1558 584 1614 C
613 1558 960 1616 Constituite
1007 1561 1170 1632 dicit,
1221 1562 1278 1616 id
1328 1566 1416 1618 est
1467 1561 1788 1618 deliberata
1833 1561 2127 1617 sententia

471 1647 784 1716 custodite,
816 1653 873 1706 et
915 1655 1186 1724 prompta
1229 1650 1527 1707 voluntate
1575 1651 1730 1706 diem
1780 1649 2124 1717 solemnem,

475 1735 576 1808 qui
603 1736 824 1794 honore
854 1738 953 1794 Dei
986 1744 1043 1796 et
1069 1743 1403 1796 sanctorum
1448 1739 1813 1796 confessione
1863 1743 2128 1796 sacratus

473 1828 583 1882 est.
618 1825 687 1902 ln_
713 1827 1045 1897 condensis,
1067 1829 1175 1884 hoc
1205 1838 1314 1899 est,
1338 1829 1396 1884 in
1424 1827 1990 1901 frequentationibus
2012 1844 2131 1884 cre-

389 1929 398 1934 '
474 1913 618 1981 bris,
633 1930 780 1986 quas
801 1915 974 1971 turba
994 1915 1054 1970 in
1076 1917 1444 1972 veneratione
1461 1915 1561 1973 Dei
1582 1916 2129 1990 condensat.Usque

475 2003 547 2058 ad
579 2019 762 2060 cornu
793 2001 1017 2075 altaris,
1045 2005 1103 2060 id
1130 2009 1221 2062 est
1249 2009 1314 2060 ut
1351 2023 1464 2062 non
1513 2005 1784 2062 recedant
1813 2009 2129 2079 antequam

475 2092 548 2149 ad
581 2091 760 2148 altare
817 2093 916 2150 Dei
967 2094 1131 2166 digni
1192 2095 1648 2152 communicent.
1677 2099 1786 2152 Per
1841 2095 1948 2152 hoc
1992 2111 2130 2169 ergo

473 2181 819 2252 prohibetur
847 2183 1023 2254 (quod
1055 2183 1257 2240 multis
1287 2185 1345 2240 in
1377 2202 1490 2240 usu
1517 2185 1623 2257 est)
1651 2185 1852 2242 audita
1882 2185 2132 2258 Evange-

473 2268 538 2324 lii
569 2268 816 2325 lectione
846 2270 1168 2328 discedere.

473 2351 545 2404 27
618 2350 758 2405 Deus
786 2365 937 2406 meus
1118 2368 1173 2409 es
1233 2357 1246 2416 ζ
1283 2360 1341 2409 tu
1371 2361 1422 2409 et
1449 2355 1740 2426 conﬁtebor
1767 2355 1908 2410 tibi:

449 2451 456 2458 ν
617 2431 758 2486 Deus
786 2446 940 2486 meus
1118 2447 1172 2487 cs
1224 2437 1238 2496 ζ
1287 2441 1347 2488 tu
1373 2437 1426 2488 et
1453 2423 1706 2489 exaltabo
1736 2441 1804 2489 te.

547 2519 588 2574 C
617 2518 858 2574 Rectum
891 2523 981 2575 est
1010 2520 1166 2576 enim
1203 2523 1269 2575 ut
1298 2521 1481 2576 Deum
1517 2539 1646 2578 esse
1676 2527 1943 2579 nostrum
1973 2523 2131 2580 dica-

477 2623 632 2676 mus,
647 2625 821 2681 qnem
845 2625 993 2681 pura
1014 2613 1207 2665 mente
1231 2627 1346 2666 non
1368 2627 1668 2668 cessamus
1692 2611 1952 2668 adorare.
1968 2613 2132 2680 Quod

476 2700 672 2752 autem
696 2697 857 2766 dicit,
881 2699 1220 2766 conﬁtebor,
1244 2699 1316 2754 ad
1339 2699 1658 2772 gratiarum
1689 2701 1939 2772 pertinet
1961 2703 2134 2757 artio-

475 2801 632 2842 nem.
668 2783 940 2842 Exaltabo
969 2791 1042 2858 te,
1066 2787 1206 2859 quia
1243 2788 1530 2845 exaltatur
1556 2794 1706 2846 Deus
1730 2807 1832 2862 per
1855 2791 2132 2863 prtedica-

475 2873 697 2931 tionem
725 2879 1083 2932 sanctorum.

472 2967 544 3020 28
614 2970 670 3030 σὲ·
713 2963 1017 3037 Conﬁtebor
1044 2967 1167 3034 tibi,
1191 2967 1455 3046 quoniam
1483 2967 1760 3024 exaudisti
1787 2985 1874 3025 me
1915 2975 1963 3036 ξε

615 3061 672 3122 σξ-
717 3057 782 3111 Et
807 3053 992 3130 factus
1018 3071 1073 3110 es
1102 3055 1244 3112 mihi
1271 3057 1332 3112 in
1354 3057 1588 3113 salutem
1632 3063 1680 3122 ζ.

547 3147 595 3198 Η
626 3143 958 3200 Conﬁtebor
985 3143 1112 3210 tibi,
1147 3145 1408 3214 Domine,
1434 3147 1711 3219 quoniam
1748 3147 1968 3204 audisti
2016 3165 2128 3216 me,

447 3230 536 3289 'et
565 3233 752 3288 factus
781 3249 844 3288 es
867 3231 1012 3288 mihi
1040 3231 1098 3288 in
1125 3233 1399 3302 salutem,
1425 3235 1641 3292 scilicet
1663 3240 1726 3292 ut
1755 3255 1888 3292 cum
1912 3237 2131 3294 sanctis
2161 3233 2206 3302 C

475 3321 596 3376 tuis
625 3337 718 3377 me
744 3321 802 3376 in
835 3320 1053 3376 caelesti
1086 3321 1446 3380 Hierusalem
1483 3325 1756 3382 soeiares.

474 3408 548 3462 29
619 3410 972 3480 Conﬁtemini
1000 3412 1234 3468 Domino
1265 3414 1525 3483 quoniam
1557 3414 1725 3470 bonus
1754 3435 1772 3470 :

621 3499 899 3570 Quoniam
928 3499 990 3553 in
1017 3500 1283 3556 sacculum
1313 3502 1692 3558 misericordia
1720 3505 1856 3577 ejus.

548 3585 590 3641 C
618 3585 718 3641 Hic
750 3602 984 3659 quoque
1026 3605 1230 3645 versus
1259 3589 1315 3645 in
1349 3591 1537 3663 capite
1587 3571 1822 3664 psalmi,
1850 3571 2132 3668 probatur

475 3691 605 3733 esse
627 3675 754 3748 jam
781 3675 992 3745 dictus,
1017 3681 1083 3732 ut
1111 3676 1265 3734 sicut
1291 3696 1324 3735 a
1343 3678 1574 3736 Christo
1606 3681 1738 3737 fecit
1769 3682 2026 3753 initium,
2051 3683 2131 3740 ita

475 3765 586 3839 ipsi
619 3764 972 3822 concordare
1001 3767 1266 3823 videatur
1296 3773 1352 3824 et
1382 3769 1539 3840 ﬁnis,
1571 3770 1696 3843 ipse
1739 3773 1897 3829 enim
1939 3773 2084 3828 dixit
2112 3790 2126 3830 :

473 3853 592 3928 Ego
623 3870 756 3912 sum
805 3852 982 3927 alpha
1009 3858 1067 3910 et
1097 3871 1305 3929 omega
1337 3857 1521 3929 (Apoc.
1551 3858 1615 3928 ι),
1646 3862 1704 3914 et
1729 3859 1809 3916 ita
1857 3861 1916 3916 in
1968 3863 2126 3918 omni

471 3943 590 3998 vita
620 3947 841 4010 nostra,
865 3943 1290 4001 confessionem
1318 3962 1425 4002 nos
1455 3951 1680 4020 oportet
1716 3966 2040 4022 assumere,
2073 3955 2130 4008 et

473 4032 532 4088 in
563 4031 753 4107 ipsius
787 4031 1168 4090 delectatione
1199 4034 1387 4090 ﬁnire.

936 4139 1142 4178 ORATIO
1179 4141 1251 4180 EX
1292 4141 1449 4182 PSAL.
1491 4143 1662 4183 CXVII.

539 4209 869 4267 Consolatio
898 4210 1344 4268 tribulationum
1368 4219 1705 4273 nostrarum
1732 4218 1999 4292 piissime
2021 4220 2127 4276 Do-

467 4299 646 4368 mine,
680 4299 782 4372 qui
805 4299 1105 4372 justorum
1131 4302 1507 4361 tabernacula
1551 4304 1752 4364 laetitia
1789 4313 1847 4365 et
1877 4309 2126 4366 exsulta-

467 4387 626 4444 tione
657 4388 985 4460 perfundis,
1009 4389 1200 4446 exalta
1227 4391 1544 4450 Ecclesiam
1589 4399 1753 4452 tuam
1783 4396 1996 4456 virtute
2026 4416 2125 4472 po-

464 4476 646 4532 tentis
675 4477 912 4544 dextras,
933 4494 1048 4550 qua
1092 4479 1194 4535 fiat
1219 4486 1386 4552 porta
1402 4482 1670 4556 justitim,
1696 4489 1753 4542 et
1783 4485 1867 4542 ita
1914 4503 1976 4544 se
2025 4505 2124 4544 an-

465 4561 656 4637 gulari
692 4564 1010 4622 stabilitate
1038 4573 1364 4636 connectat,
1398 4575 1462 4627 ut
1492 4577 1594 4628 tua
1640 4574 2010 4632 miseratione
2040 4593 2123 4634 rc-

464 4651 704 4726 fulgeat.
738 4653 844 4708 Per
869 4653 1184 4714 Dominum
1216 4663 1485 4716 nostrum
1508 4661 1734 4729 Jesum,
1765 4668 1872 4720 etc.

993 4761 1323 4822 PSALMUS
1352 4766 1592 4824 CXVIII.

874 4850 1270 4894 ARGUMENTUM
1320 4855 1475 4895 PSAL.
1517 4857 1706 4898 CXVIII.

531 4924 573 4979 C
605 4923 710 4980 Per
738 4929 927 4980 totum
967 4924 1122 4982 hunc
1170 4927 1465 5000 psalmum
1509 4931 1854 4991 universalis
1885 4941 2115 4993 sancto-

460 5029 592 5067 rum
627 5013 842 5070 chorus
873 5013 1187 5088 eloquitur,
1212 5017 1312 5090 qui
1337 5019 1411 5074 ab
1442 5019 1607 5078 initio
1628 5025 1833 5080 mundi
1859 5024 2112 5096 fuerunt,

460 5100 581 5154 sive
612 5105 770 5168 sunt,
799 5103 919 5158 sive
951 5104 1128 5160 futuri
1155 5123 1282 5162 csse
1309 5108 1645 5178 creduntur,
1671 5113 1822 5170 inter
1846 5131 1996 5186 quos
2023 5131 2111 5171 re-

459 5187 768 5260 periuntur
815 5192 1084 5262 apostoli,
1119 5196 1432 5268 prophetae,
1468 5203 1774 5273 martyres,
1815 5205 2112 5262 confesso-

457 5292 576 5344 res,
607 5276 982 5334 ecclesiastici
1025 5283 1279 5354 ordines,
1314 5290 1370 5341 et
1398 5303 1600 5344 omnes
1633 5291 1731 5362 qui
1773 5278 1976 5350 sancta
2001 5299 2110 5352 Do-

456 5365 618 5420 mino
665 5365 1003 5439 integritate
1055 5370 1432 5432 famulantur.
1461 5377 1562 5432 Est
1610 5383 1806 5436 autem
1854 5382 2110 5444 Hebraeis

453 5452 907 5548 elementistali
951 5457 1154 5515 ordine
1193 5462 1588 5534 depictuszut
1633 5469 1706 5524 ab
1756 5488 2110 5548 unaquaque

452 5540 648 5616 littera
699 5546 890 5602 octoni
917 5562 1119 5604 versus
1163 5548 1465 5624 incipiant,
1499 5572 1749 5628 quorum
1782 5540 1972 5630 prima
2010 5540 2111 5621 lit-

449 5633 594 5708 tere,
638 5632 844 5712 Aleph,
906 5635 1324 5718 interpretatur
1379 5642 1663 5704 doctrina.
1712 5648 1754 5704 B
1803 5649 1868 5707 Et
1911 5653 2105 5731 primo

1371 356 1437 418 S.
1482 354 1882 418 BRUNONIS
1925 351 2547 416 HERBIPOLENSIS
2593 353 2970 437 EPISCOPI.

2152 489 2200 554 Α
2243 485 2644 542 immaculatis
2665 487 2759 542 via
2785 487 3017 546 Domini
3046 505 3059 543 :
3087 490 3302 544 aeterna
3333 485 3631 542 beatitudo
3663 487 3895 560 promit

3759 353 3890 414 428

2225 575 2396 631 titur.

2855 665 2970 722 TT.
3002 665 3261 722 Alleluia.

2756 753 2803 810 Η
2834 753 3040 828 Aleph.
3070 755 3356 812 doctrina.

2269 843 2294 898 1
2372 845 2533 900 Beati
2563 845 2909 900 immaculati
2932 846 2992 900 in
3018 846 3111 901 via
3140 863 3160 900 :

2375 935 2494 1004 Qui
2521 933 2810 989 ambulant
2839 935 2902 990 in
2932 934 3046 1004 lege
3071 935 3315 991 Domini.

2303 1021 2345 1078 C
2375 1022 2695 1079 Videamus
2735 1039 2914 1092 nunc,
2948 1040 3074 1096 quae
3118 1023 3177 1079 in
3227 1023 3336 1081 hoc
3365 1022 3582 1079 caelesti
3614 1021 3904 1096 paradiso

2233 1127 2409 1186 poma
2439 1120 2748 1168 nascantur
2777 1110 3085 1185 spiritalia.
3110 1112 3310 1170 Sancti
3339 1113 3497 1169 enim
3526 1109 3904 1174 imm‘aculati

2233 1199 2402 1269 ﬁunt,
2445 1201 2682 1273 quando
2731 1200 3106 1276 indulgentiae
3137 1218 3382 1258 munera
3425 1205 3904 1274 consequuntur,

2233 1287 2403 1345 aliter
2429 1289 2587 1346 enim
2632 1295 2688 1347 et
2730 1307 2834 1364 per
2863 1307 2925 1347 se
2955 1296 3044 1348 est
3089 1308 3262 1348 nemo
3311 1289 3733 1347 immaculatus
3787 1289 3907 1344 nisi

2234 1377 2398 1434 solus
2422 1379 2608 1449 Deus;
2643 1379 2738 1436 ille
2777 1380 2935 1437 enim
2978 1379 3141 1438 solus
3171 1379 3516 1437 naturaliter
3544 1377 3908 1435 immacula-

2234 1471 2331 1523 tus
2357 1472 2464 1524 est.
2499 1468 2562 1524 In
2597 1469 2708 1538 via,
2735 1469 2790 1525 id
2824 1474 2915 1526 est
2945 1469 3002 1526 in
3023 1469 3277 1526 Christo.
3301 1469 3383 1525 Ibi
3407 1467 3564 1525 enim
3589 1467 3909 1525 ambulare

2227 1557 2526 1629 justorum
2561 1562 2670 1624 est,
2702 1575 2818 1614 non
2865 1558 3112 1632 pedibus
3139 1557 3430 1632 corporeis
3459 1558 3561 1614 sed
3613 1562 3784 1614 recta
3811 1574 3909 1614 ac-

2234 1646 2414 1702 tione.
2438 1645 2500 1702 In
2531 1646 2656 1720 lege
2689 1647 2942 1718 Domini,
2966 1647 3023 1703 id
3065 1653 3174 1717 est,
3198 1647 3299 1721 qui
3338 1651 3439 1704 aut
3486 1664 3602 1703 non
3653 1651 3913 1720 peccant

2237 1739 2338 1790 aut
2369 1752 2471 1808 per
2500 1735 2750 1809 gratiam
2784 1737 2882 1792 Dei
2914 1754 2977 1794 se
3005 1737 3341 1805 emendant,
3369 1740 3426 1792 et
3453 1735 3636 1809 digna
3665 1736 3792 1792 sibi
3825 1753 3915 1792 sa-

2237 1823 2566 1880 tisfactione
2616 1825 3003 1898 prospiciunt.
3054 1827 3170 1882 Nec
3219 1829 3384 1882 vacat
3437 1825 3592 1898 quod
3645 1824 3823 1893 dicit,
3852 1825 3914 1881 in

2237 1912 2363 1986 lege
2397 1913 2645 1983 Domini,
2671 1918 2736 1970 ut
2774 1915 3163 1989 distingueret
3193 1931 3227 1971 a
3256 1912 3382 1988 lege
3420 1913 3663 1987 peccati,
3697 1914 3764 1969 in
3794 1930 3916 1986 qua

2239 2005 2570 2075 peccatores
2599 2001 2928 2060 ambulant.

2272 2092 2308 2145 2
2381 2093 2542 2148 Ποατί
2568 2094 2669 2164 qui
2695 2101 3014 2150 scrutantur
3041 2095 3356 2152 testimonia
3385 2093 3500 2168 ejus
3531 2111 3550 2148 :

2380 2181 2441 2236 In
2474 2185 2580 2237 toto
2609 2181 2768 2238 corde
2793 2184 3095 2255 exquirunt
3123 2199 3271 2239 eum.

2312 2268 2358 2325 Η
2389 2269 2547 2326 Beati
2600 2271 2700 2343 qui
2759 2276 3115 2340 scrutantur,
3151 2271 3371 2328 scilicet
3425 2275 3488 2326 ut
3542 2269 3914 2346 intelligant,

2241 2374 2375 2414 cum
2395 2359 2978 2432 peccaverint,eoram
3006 2361 3256 2418 testibus
3271 2359 3614 2434 deliquisse,
3630 2364 3702 2415 ut
3715 2357 3917 2432 legem

2242 2447 2340 2503 Dei
2365 2452 2573 2504 testem
2610 2465 2852 2506 suorum
2886 2454 3254 2524 peccatorum
3287 2453 3664 2524 cognoscant.
3691 2448 3763 2505 In
3795 2452 3918 2505 toto

2241 2538 2414 2594 corde
2444 2537 2759 2611 exquirunt
2805 2556 2962 2608 eum,
2990 2539 3036 2594 Η
3068 2539 3122 2594 id
3157 2544 3246 2596 est
3293 2555 3408 2594 non
3452 2537 3663 2594 leviter
3691 2537 3791 2594 vel
3825 2554 3920 2594 se-

2241 2626 2450 2701 gniter.
2479 2627 2654 2683 CSed
2687 2628 2786 2701 qui
2827 2631 3016 2684 totum
3069 2645 3172 2685 cor
3227 2643 3401 2684 suum
3447 2627 3517 2682 ad
3566 2626 3920 2700 Scripturas

2242 2720 2476 2773 sanctas
2501 2723 2731 2789 ponunt
2755 2735 2869 2774 non
2894 2717 2967 2774 ad
2998 2717 3274 2774 falsitatis
3295 2716 3584 2773 ambitum
3609 2715 3702 2789 (ut
3735 2715 3920 2772 hiare.

2241 2805 2362 2876 tici)
2385 2821 2491 2860 nec
2523 2807 2825 2862 mundana
2851 2807 3067 2880 gaudia
3098 2806 3522 2878 concupiscunt
3555 2823 3568 2862 :
3596 2806 3738 2862 ideo
3767 2823 3917 2880 prae-

2242 2894 2535 2967 miait,qui
2553 2894 2934 2956 ambulantin
2952 2894 3079 2970 lege
3095 2895 3356 2964 Domini;
3378 2894 3729 2968 deinde,qui
3754 2913 3919 2951 scru-

2241 2987 2464 3052 tantur,
2488 2983 2628 3057 quia
2648 3001 2762 3040 non
2785 2990 2874 3042 est
2893 2984 3110 3059 dignus
3140 2983 3387 3042 scrutari
3407 2983 3764 3041 testimonia
3787 2985 3916 3055 Dei,

2241 3072 2354 3128 nisi
2389 3074 2487 3146 qui
2519 3090 2580 3130 se
2610 3074 2895 3148 probabili
2929 3074 3300 3150 cognoscitur
3327 3074 3554 3131 actione
3593 3079 3882 3131 tractare.

2277 3163 2312 3218 3
2388 3165 2509 3219 Non
2537 3165 2688 3219 enim
2717 3166 2815 3236 qui
2842 3174 3141 3238 operantur
3169 3167 3520 3240 iniquitatem
3551 3182 3570 3220 :

2389 3251 2450 3306 In
2481 3254 2587 3308 riis
2613 3253 2732 3325 ejus
2761 3254 3201 3311 ambulaverunt.

2312 3339 2354 3396 C
2377 3341 2579 3398 Merito
2603 3341 2760 3398 enim
2783 3342 3060 3400 dicuntur
3084 3343 3142 3400 in
3169 3343 3278 3401 viis
3300 3343 3528 3402 Domini
3554 3359 3675 3398 non
3704 3345 3920 3400 ambu-

2241 3427 2382 3498 lare,
2407 3429 2508 3502 qui
2539 3434 2856 3504 operantur
2885 3429 3283 3504 iniquitatem.
3314 3429 3588 3504 Operatio
3615 3431 3788 3486 enim
3814 3430 3920 3486 ini-

2239 3517 2482 3591 quitatis
2507 3523 2597 3575 est
2625 3536 2948 3576 consensus
2980 3519 3270 3577 malorum
3305 3539 3318 3578 :
3351 3519 3451 3594 qui
3481 3525 3687 3576 tamen
3718 3537 3756 3577 a
3787 3537 3918 3576 cor-

2241 3607 2414 3664 dibus
2445 3613 2805 3678 sanctorum,
2838 3611 2992 3666 dono
3017 3609 3119 3667 Dei
3151 3611 3430 3682 probatur
3455 3608 3717 3677 alienus,

2275 3697 2307 3751 4
2386 3699 2459 3754 Tu
2488 3698 2764 3756 mandasti
2794 3717 2814 3756 :

2379 3787 2637 3844 Mandata
2665 3796 2762 3845 tua
2785 3788 3055 3846 custodiri
3083 3789 3276 3846 nimis.

2309 3874 2350 3930 C
2377 3875 2494 3932 Ista
2522 3876 2680 3933 enim
2727 3881 2817 3934 est
2863 3877 3178 3934 Dominicis
3219 3877 3515 3950 jussionis
3563 3879 3915 3940 veneranda

2235 3965 2568 4038 praeceptio,
2591 3971 2658 4022 ut
2685 3966 2964 4023 mandata
2993 3969 3124 4040 ejus
3168 3984 3284 4024 non
3317 3966 3509 4024 solum
3541 3967 3778 4039 sedule,
3808 3968 3913 4025 sed

2236 4059 2293 4110 et
2319 4055 2499 4111 nimie
2520 4055 2944 4112 custodiantur.
2975 4056 3134 4114 Istud
3160 4060 3355 4113 autem
3378 4055 3580 4126 nimis,
3605 4057 3917 4132 signiﬁcat

2236 4143 2491 4200 multum
2523 4148 2697 4217 atque
2731 4143 3054 4215 infinitum,
3081 4149 3433 4220 quapropter
3459 4145 3621 4202 vires
3669 4152 3913 4204 nostras

2234 4233 2741 4303 excedere,divina
2771 4234 2976 4290 militia
3003 4241 3093 4292 est
3121 4253 3134 4291 :
3158 4235 3299 4307 quia
3325 4238 3514 4291 totum
3536 4233 3624 4290 ibi
3646 4235 3913 4292 nimium

2233 4321 2420 4391 decet,
2453 4322 2734 4396 quoniam
2775 4327 2832 4379 et
2879 4322 3021 4380 illud
3057 4323 3352 4380 inﬁnitum
3384 4327 3496 4393 est,
3518 4325 3685 4397 quod
3735 4324 3914 4382 nobis

2232 4409 2405 4466 tribui
2441 4411 2830 4484 postulamus.

2267 4499 2305 4556 5
2380 4501 2603 4558 Utinam
2632 4502 2962 4572 dirigantur
2989 4505 3100 4562 vix
3125 4519 3270 4562 mea?
3293 4521 3312 4560 :

2375 4589 2458 4646 Αιι
2487 4590 2867 4647 custodiendas
2885 4593 3312 4666 justiﬁcationes
3341 4600 3485 4649 tuas.

2300 4677 2343 4734 C
2372 4677 2605 4743 Utinam
2641 4696 2654 4734 :
2680 4681 2924 4738 verbum
2955 4697 3190 4755 semper
3217 4681 3476 4756 optantis
3505 4685 3621 4738 est.
3645 4681 3770 4738 Via
3795 4699 3912 4738 au-

2227 4769 2347 4822 tem
2379 4771 2547 4825 actus
2577 4769 2931 4842 signiﬁcant,
2960 4787 3112 4844 quos
3143 4771 3199 4826 in
3240 4771 3348 4828 hac
3378 4772 3500 4827 vita
3530 4771 3910 4844 peregimus.

2227 4855 2339 4913 Sed
2368 4856 2510 4913 dum
2541 4857 2682 4915 dicit
2701 4858 3034 4933 dirigantur
3057 4879 3070 4918 :
3094 4861 3353 4918 ostendit
3379 4865 3674 4934 quantum
3697 4860 3772 4916 ad
3802 4859 3914 4916 im-

2225 4943 2578 5003 becilitatem
2627 4946 2950 5004 humanam
2996 4950 3268 5022 pertinet,
3302 4954 3536 5006 nostras
3588 4949 3718 5006 vias
3766 4964 3907 5006 esse

2222 5035 2763 5094 tortuosas.Verum
2789 5038 2967 5093 etiam
2991 5039 3131 5095 dum
3153 5039 3422 5108 addit,ad
3446 5037 3908 5106 custodiendas,

2230 5127 2365 5194 etc.,
2389 5124 2545 5198 quod
2575 5127 2848 5200 superius
2877 5128 3116 5200 optavit,
3138 5128 3234 5184 hic
3258 5128 3523 5202 aperuit;
3553 5127 3699 5200 quia
3721 5143 3909 5183 nemo

2227 5218 2456 5285 poterat
2501 5215 2801 5288 pervenire
2848 5217 2921 5273 ad
2969 5218 3385 5274 custodiendas
3426 5216 3906 5289 justiﬁcationes

2222 5300 2480 5372 Domini,
2505 5305 2619 5362 nisi
2643 5303 3294 5364 misericordia'Domini
3323 5308 3606 5381 probetur
3621 5305 3900 5362 attribui.

2253 5392 2290 5446 6
2362 5393 2504 5450 Tunc
2531 5410 2642 5452 non
2669 5395 2981 5468 confundar
3019 5415 3032 5453 :

2363 5482 2498 5539 Cum
2517 5499 2845 5558 perspexero
2874 5486 2936 5542 in
2967 5487 3220 5543 omnibus
3246 5484 3527 5542 mandatis
3557 5486 3690 5542 tuis.

2289 5573 2329 5626 C
2349 5571 2511 5630 Tunc
2535 5590 2650 5630 non
2669 5574 3015 5646 confundor,
3031 5575 3253 5632 scilicet
3274 5575 3323 5630 si
3348 5573 3631 5631 mandata
3650 5570 3749 5630 Dei
3770 5589 3916 5646 per.

2218 5675 2460 5738 βρεχοτο
2505 5662 2795 5724 universa.
2829 5663 3166 5745 Perspicere
3213 5668 3432 5735 autem,
3461 5668 3558 5723 est
3606 5662 3912 5723 mandata
