3986 6164
233 330 338 389 429

1430 328 1847 390 EXPOSITIO
1890 328 2028 391 PSA
2042 331 2398 395 LMOBUM.

3498 345 3619 408 430

234 458 322 515 Dei
350 472 574 530 semper
600 460 734 513 ante
781 456 980 513 oculos
1028 456 1261 525 habere,
1296 462 1361 514 ut
1390 460 1441 514 si
1471 459 1613 532 quid
1643 463 1860 517 tortum
1887 460 1946 529 Α
1974 461 2186 519 electos
2217 467 2349 520 tuos
2370 465 2699 537 justiﬁcare
2730 470 3105 540 consuevisti,
3134 472 3191 529 id
3225 478 3314 531 est
3359 475 3434 533 da
3473 476 3621 535 mihi

231 546 613 614 committitur,
637 546 909 617 protinus
941 547 1286 620 corrigatur.
1311 548 1456 604 Cum
1488 548 1629 604 dicit
1654 548 1712 604 in
1744 565 1864 604 om-

1970 554 2036 606 ut
2065 568 2179 608 non
2211 551 2402 610 solum
2435 558 2630 612 mente
2657 557 2839 614 sciam
2889 564 2946 616 et
2974 560 3295 637 intelligam
3327 565 3623 636 justilica-

230 636 388 729 nibus
421 654 434 690 :
468 635 523 690 in
554 635 1082 729 nullo-commonet
1133 654 1261 692 esse
1292 637 1674 709 peccandum,
1709 637 1862 695 sicut
1970 639 2158 697 tiones
2186 644 2339 712 tuas,
2374 644 2476 699 sed
2509 644 2648 702 doce
2678 663 2771 704 me
2803 648 2988 706 facere
3017 635 3184 724 quod
3203 635 3486 729 intelligo.

226 724 490 798 scriptum
513 728 599 780 est
632 741 645 779 :
677 722 733 778 Si
766 723 900 796 quis
923 724 993 780 de
1015 723 1141 798 lege
1164 725 1476 782 minimum
1500 743 1615 783 non
1639 727 1855 794 fecerit,

224 832 344 871 reus
372 819 459 871 est
492 814 670 870 totius
702 812 851 886 legis
881 817 1022 882 (Jac.
1056 815 1139 887 1|).

221 906 253 958 7
350 903 641 975 Conﬁtebor
666 904 769 959 tibi
796 905 853 959 in
886 903 1185 960 directione
1211 906 1389 962 cordis
1418 925 1436 961 :

361 992 493 1058 +111
524 1010 582 1049 eo
626 998 640 1058 ζ
684 993 823 1065 quod
851 992 1033 1050 didici
1050 995 1270 1066 judicia
1288 997 1534 1068 justitim
1557 1004 1687 1054 tuae.

280 1082 318 1137 C
345 1081 470 1137 Haec
503 1082 792 1139 confessio
821 1081 1054 1138 laudem
1087 1083 1401 1156 signiﬁcat.
1433 1085 1684 1141 Directio
1723 1078 1854 1141 cor-

208 1173 315 1239 .dis,
342 1175 428 1227 est
459 1170 663 1243 regula
695 1176 898 1227 sancta
920 1172 1053 1228 ﬁdei
1079 1189 1091 1228 :
1116 1189 1249 1228 cum
1284 1190 1401 1246 qua
1429 1191 1564 1230 eum
1586 1175 1849 1230 conﬁteri

216 1277 316 1315 non
346 1264 531 1332 potest
557 1259 961 1315 haereticorum
986 1260 1232 1316 distorta
1250 1262 1525 1318 versutia.
1541 1264 1685 1317 Cum
1708 1262 1851 1318 dicit

214 1349 372 1405 didici
404 1366 418 1403 :
455 1347 675 1406 indicat
706 1367 738 1404 a
770 1348 957 1405 beatis
987 1349 1256 1405 Patribus
1288 1350 1397 1406 sibi
1426 1352 1703 1407 traditam
1736 1351 1851 1408 dis-

215 1437 490 1511 ciplinam,
511 1455 629 1494 non
654 1438 849 1493 studio
870 1438 1263 1510 perversitatis
1285 1438 1603 1495 inventam.
1619 1439 1849 1497 Judicia

206 1527 426 1600 justitia:
453 1532 616 1596 sunt,
650 1527 788 1599 quia
815 1526 1064 1584 famulos
1096 1545 1235 1584 suos
1266 1528 1530 1585 liberavit
1561 1528 1848 1585 diabolica

210 1616 596 1689 persecutione
627 1615 979 1672 laborantes.

208 1710 236 1761 8
329 1707 723 1777 Justiﬁationes
748 1714 871 1761 tuas
901 1706 1202 1762 custodiam
1234 1724 1253 1761 :

328 1798 440 1852 Non
469 1812 563 1851 me
594 1795 941 1869 derelinquas
971 1812 1369 1868 usquequaque.

266 1886 303 1940 C
331 1885 625 1942 Promittit
654 1903 717 1940 se
746 1888 951 1940 sancta
978 1884 1234 1940 Ecclesia
1256 1884 1710 1956 justiﬁcationes
1742 1886 1848 1942 Do-

208 1975 329 2031 mini
350 1975 649 2031 custodire
673 1991 686 2030 :
712 1978 769 2030 et
790 1974 1068 2047 quoniam
1094 1978 1326 2029 noverat
1352 1973 1698 2031 tentationes
1721 1976 1843 2031 dia-

208 2062 404 2118 bolicas
438 2062 705 2133 undique
737 2061 1005 2127 circuire,
1038 2062 1182 2134 petit
1214 2078 1276 2118 se
1306 2060 1502 2117 statim
1535 2079 1568 2117 a
1597 2062 1844 2119 Domino

205 2152 483 2219 custodiri,
517 2169 596 2208 ne
626 2150 816 2224 possit
864 2150 1060 2207 locum
1092 2150 1336 2208 nocendi
1371 2150 1606 2207 hostilis
1637 2153 1845 2208 atroci-

204 2244 280 2299 tas
304 2242 589 2298 invenire.

348 2347 759 2389 ARGUMENTUM
798 2346 1158 2394 SEQUENTIUM
1198 2347 1336 2385 OCTO
1374 2346 1669 2386 VERSUUM.

261 2422 297 2478 C
323 2424 364 2479 B
391 2420 648 2495 Exponit
680 2419 868 2477 fidelis
923 2418 1176 2493 populus
1220 2419 1280 2474 in
1331 2418 1700 2475 sermonibus
1730 2418 1840 2473 Do-

126 2539 133 2547 ι
202 2513 324 2568 mini
361 2530 374 2568 :
406 2511 633 2585 quibus
653 2508 1133 2566 delectationibus
1154 2508 1504 2581 perfruatur,
1525 2509 1841 2564 ostendens

200 2618 252 2658 se
277 2617 398 2658 esse
428 2602 678 2656 domum
713 2597 939 2654 Domini
986 2600 1041 2653 et
1074 2595 1500 2669 receptaculum
1534 2596 1839 2651 mandato-

198 2709 309 2746 rum
331 2692 477 2763 cjus,
497 2689 677 2761 cujus
699 2686 1043 2761 mysterium
1067 2686 1324 2742 secunda
1343 2684 1538 2741 littera
1559 2685 1835 2741 continet.

741 2776 789 2832 H
823 2776 963 2831 Both
997 2792 1011 2830 :
1045 2777 1282 2831 domus.

195 2869 227 2923 9
317 2872 373 2926 In
403 2886 511 2944 quo
543 2868 777 2937 corrigit
803 2865 1197 2921 adolescentior
1223 2866 1374 2921 viam
1401 2880 1558 2921 suam
1580 2867 1609 2919 ?

318 2962 376 3016 In
403 2956 764 3015 custodiendo
790 2971 1067 3011 sermones
1097 2971 1242 3011 suos.

255 3052 311 3103 In
342 3065 456 3121 quo
484 3045 752 3119 corrigit.
795 3044 841 3099 H
873 3043 974 3099 Hic
1016 3043 1304 3116 Propheta
1335 3060 1449 3098 non
1481 3042 1673 3099 solum
1704 3040 1836 3098 lon-

195 3152 392 3208 gzcvam
440 3140 684 3192 aetatem
732 3133 873 3191 dicit
914 3132 1322 3205 corrigendam
1357 3149 1370 3187 :
1404 3148 1605 3188 verum
1657 3132 1833 3187 etiam

196 3204 637 3283 adolescentiam
668 3223 871 3280 edocet
896 3204 1299 3288 erudiendum,
1333 3225 1390 3276 et
1433 3221 1513 3275 ita
1543 3221 1835 3277 custodire
1864 3204 1907 3270 C

197 3315 403 3373 divinos
433 3329 748 3371 sermones
781 3328 794 3367 :
832 3316 896 3367 ut
922 3312 1098 3368 etiam
1132 3310 1179 3365 si
1223 3315 1389 3366 vetus
1428 3309 1600 3382 culpa
1629 3310 1840 3365 deﬂeta

196 3406 278 3473 sit,
307 3409 504 3462 caveat
558 3420 720 3459 nunc
769 3418 841 3457 ne
888 3399 1163 3475 cogitatio
1212 3399 1283 3455 ad
1329 3398 1690 3471 peccandum
1722 3398 1840 3454 ulla

196 3496 524 3552 consentiat.
551 3492 597 3548 C
624 3490 890 3548 Custodit
918 3490 1073 3546 enim
1105 3488 1204 3545 Dei
1235 3504 1568 3545 sermones:
1592 3504 1709 3543 nou
1737 3488 1837 3560 qui

197 3588 408 3640 tantum
440 3601 548 3640 eos
582 3580 864 3637 memoria
894 3579 1125 3648 retinet,
1149 3579 1251 3635 sed
1274 3577 1371 3651 qui
1405 3577 1629 3634 actione
1657 3581 1836 3634 tenet.

199 3673 256 3727 ΙΟ
320 3678 383 3729 In
413 3678 525 3729 toto
562 3670 721 3727 corde
749 3686 864 3726 meo
897 3669 1176 3741 exquisivi
1205 3676 1257 3724 te
1285 3687 1304 3722 :

315 3764 389 3819 Ne
418 3762 662 3836 repellas
689 3776 774 3815 me
802 3776 836 3814 a
864 3758 1142 3814 mandatis
1173 3759 1303 3813 tuis.

252 3852 295 3907 Ο
318 3852 433 3907 Hoc
466 3866 711 3924 quoque
739 3864 936 3903 manus
980 3851 1070 3902 est
1111 3844 1341 3902 Domini
1377 3844 1578 3917 :quod
1612 3860 1673 3901 se
1703 3860 1838 3900 eum

195 3937 386 3998 asserit
412 3945 540 3998 toto
576 3938 749 3994 corde
781 3935 1127 4009 exquisisse.
1175 3935 1300 3990 Non
1357 3934 1512 3990 enim
1557 3937 1841 4005 quareret

196 4031 309 4102 quis
336 4030 552 4098 Deum,
572 4027 689 4083 nisi
711 4025 1032 4099 inquisitus
1058 4024 1130 4080 ab
1151 4040 1216 4080 eo
1241 4024 1468 4079 fuisset.
1488 4023 1569 4078 Ne
1591 4020 1837 4094 repellas

197 4134 275 4175 me
304 4136 317 4175 :
349 4122 521 4192 rogat
554 4132 804 4182 eum,ne
825 4115 899 4171 ab
918 4112 1304 4186 intelligentia
1335 4111 1481 4185 legis
1511 4111 1717 4168 divinas
1747 4127 1837 4166 ve-

194 4206 268 4263 lut
295 4210 582 4283 indignus
612 4204 946 4279 repellatur.
974 4204 1020 4260 Η
1066 4203 1210 4260 Vide
1259 4203 1458 4276 igitur,
1507 4206 1573 4257 ut
1611 4218 1725 4257 non
1768 4217 1837 4256 ex

197 4303 363 4369 parte,
380 4298 484 4355 sed
508 4301 636 4353 toto
666 4295 837 4352 corde
858 4295 1041 4350 Deum
1066 4293 1331 4365 requiras
1356 4309 1369 4347 :
1398 4309 1466 4349 ne
1489 4309 1523 4347 a
1543 4289 1839 4347 mandatis

196 4389 309 4457 ejus
338 4386 669 4460 repellaris.

201 4476 251 4531 11
320 4478 381 4534 In
409 4476 578 4534 corde
603 4491 723 4531 meo
752 4472 1011 4530 abscondi
1040 4473 1255 4545 eloquia
1287 4475 1383 4527 tua
1412 4489 1431 4526 :

329 4568 388 4624 Ut
413 4584 527 4623 non
558 4580 771 4637 peccem
802 4564 920 4619 tibi.
1136 4572 1141 4575 ‘

1970 747 2035 801 13
2110 752 2174 804 In
2208 750 2374 806 labiis
2402 753 2538 807 meis
2568 770 2586 808 :
2610 757 2991 824 pronuntiavi.

2110 837 2308 894 Omnia
2328 838 2548 911 judicia
2577 844 2688 898 oris
2713 844 2817 899 tui.

2037 925 2078 980 C
2109 924 2331 983 Chorus
2379 926 2477 984 ille
2527 935 2863 987 sanctorum
2915 935 3324 1006 pronuntiasse
3371 955 3435 996 se
3475 939 3618 998 dicit

1956 1013 2183 1085 judicia
2228 1016 2427 1073 omnia
2473 1017 2591 1074 oris
2639 1019 2892 1089 Domini,
2934 1039 3062 1095 quae
3091 1024 3322 1083 locutus
3350 1042 3455 1100 per
3480 1045 3615 1102 pro-

1963 1102 2170 1191 phetas
2202 1111 2260 1160 et
2290 1106 2608 1178 apostolos,
2642 1113 2700 1164 et
2730 1126 2857 1181 quae
2909 1127 3006 1167 ore
3035 1112 3301 1172 Christus
3329 1132 3437 1173 suo
3465 1134 3610 1191 prm-

1962 1190 2191 1280 dicavit.
2211 1192 2421 1250 Omnia
2449 1202 2642 1252 autem
2665 1197 2889 1267 judicia
2917 1200 3371 1277 signiﬁcatque
3393 1190 3610 1280 scripta

1958 1279 2044 1335 vel
2078 1281 2234 1337 dicta
2264 1281 2488 1339 didicit.
2521 1290 2802 1342 Cmterum
2835 1289 3243 1349 universaliter
3272 1311 3387 1351 non
3421 1279 3611 1368 potest

1960 1370 2347 1440 pronuntiari,
2381 1373 2538 1444 quod
2571 1373 2734 1431 nulla
2759 1377 2963 1433 notitia
2993 1380 3265 1451 praevalet
3292 1384 3614 1456 apprehen-

1894 1502 1903 1513 .
1958 1457 2015 1512 di
2052 1475 2064 1513 :
2096 1459 2419 1531 ﬁguraliter
2447 1478 2583 1535 ergo
2613 1480 2715 1535 pro
2744 1469 2907 1537 parte
2938 1470 3126 1523 totum
3158 1469 3322 1527 dixit.

1959 1565 2024 1619 14
2098 1566 2158 1620 1η
2189 1568 2279 1623 via
2309 1569 2743 1626 testimoniorum
2772 1578 2987 1628 tuorum
3017 1573 3309 1633 delectatus
3337 1594 3457 1635 sum
3485 1597 3503 1635 :

2098 1654 2252 1711 Sicut
2282 1657 2342 1711 in
2371 1658 2621 1714 omnibus
2648 1660 2879 1717 divitiis.

2026 1747 2067 1797 Ο
2096 1743 2200 1799 Via
2229 1745 2699 1804 testimoniorum
2734 1766 2747 1805 :
2783 1754 2872 1806 est
2918 1750 3204 1810 Dominus
3233 1754 3520 1825 Christus,
3548 1758 3608 1814 in

1878 1833 1925 1899 Β
1956 1848 2070 1904 quo
2119 1850 2182 1889 se
2223 1832 2555 1891 laetaturum
2604 1836 2817 1893 chorus
2862 1845 3203 1899 sanctorum
3252 1852 3470 1902 narrat.
3503 1846 3608 1904 Hic

1955 1924 2149 2010 autem
2182 1922 2415 1979 divitias
2447 1924 2741 1996 spiritales
2772 1928 3054 1987 debemus
3081 1932 3359 2005 accipere,
3384 1935 3457 1991 de
3482 1937 3611 2010 qui-

1952 2009 2065 2065 bus
2094 2012 2408 2082 Apostolus
2441 2030 2455 2068 :
2489 2014 2776 2080 Quoniam
2821 2016 2880 2071 in
2925 2019 3202 2076 omnibus
3230 2021 3437 2081 divites
3465 2009 3605 2083 facti

1952 2098 2092 2155 estis
2124 2099 2181 2154 in
2215 2099 2362 2172 ipso,
2398 2100 2454 2155 in
2490 2102 2650 2156 omni
2686 2104 2882 2171 verba,
2915 2111 3026 2162 etc.
3055 2110 3105 2178 (ι
3133 2107 3253 2165 Cor.
3287 2112 3350 2182 ι).

1936 2189 2021 2275 15
2091 2189 2154 2243 In
2184 2188 2462 2246 mandatis
2490 2193 2599 2246 tuis
2626 2194 2932 2250 exercebar.

2094 2278 2158 2333 Et
2184 2278 2534 2335 considerabo
2562 2281 2682 2336 vias
2712 2289 2852 2337 tuas.

2023 2366 2067 2421 Η
2098 2367 2420 2423 Exercebor
2453 2386 2466 2423 :
2507 2370 2839 2425 exercitatio
2883 2373 3202 2432 assiduitas
3248 2378 3440 2452 operis
3491 2384 3600 2440 est.

1948 2455 1989 2512 C
2019 2457 2345 2535 Exercetur'
2376 2456 2532 2513 enim
2587 2459 2644 2514 in
2697 2461 2991 2519 mandatis
3038 2464 3274 2534 divinis,
3331 2474 3434 2541 qui
3491 2472 3603 2528 fre-

1949 2546 2149 2617 quenti
2193 2546 2526 2618 operatione
2574 2564 2643 2604 ea
2690 2549 2932 2622 implere
2982 2554 3295 2624 studuerit,
3328 2562 3386 2613 et
3414 2559 3499 2616 sic
3529 2561 3601 2616 ad

1947 2633 2278 2689 intellectus
2306 2636 2433 2704 ejus
2465 2636 2782 2707 penetralia
2806 2641 3104 2710 pervenire
3135 2648 3601 2707 meretur.Nemo

1947 2724 2103 2778 enim
2136 2728 2361 2779 tantum
2396 2729 2685 2780 secretum
2711 2728 3046 2800 conspicere
3077 2736 3474 2807 meretur,nisi
3504 2739 3599 2794 cui

1947 2812 2149 2867 datum
2182 2811 2374 2880 fuerit,
2408 2812 2561 2868 bona
2609 2816 3045 2874 conversatione
3092 2820 3340 2879 caelestis
3388 2841 3450 2880 se
3498 2826 3599 2883 be-

1946 2900 2169 2956 neﬁciis
2199 2901 2548 2972 proximare.
2582 2902 2629 2958 H
2660 2904 2797 2960 Vias
2846 2923 2980 2962 vero
3029 2907 3193 2976 dicit,
3227 2912 3597 2986 propheticus

1945 2988 2410 3062 apostolicasque
2439 2990 2754 3048 doctrinas.

1952 3098 2014 3151 16
2087 3098 2147 3152 In
2166 3098 2655 3168 justiﬁcationibus
2684 3101 2796 3155 tuis
2823 3102 3128 3160 meditabor
3157 3124 3177 3161 .·

2086 3188 2209 3241 Νοη
2237 3187 2531 3241 obliviscar
2555 3202 2825 3244 sermones
2848 3198 2983 3246 tuos.

2018 3273 2059 3329 C
2091 3272 2361 3363 Meditari
2383 3274 2539 3363 enim
2572 3275 2713 3331 dicit
2732 3278 3189 3349 justiﬁcationes
3210 3284 3310 3341 Dei
3336 3306 3350 3343 :
3376 3305 3446 3344 ne
3466 3306 3595 3363 pos-

1945 3361 2043 3432 sit,
2078 3364 2231 3435 quod
2262 3362 2496 3418 retineri
2526 3365 2775 3437 expedit,
2808 3365 2928 3423 ullo
2960 3370 3134 3426 modo
3164 3372 3447 3433 oblivisci.

2109 3485 2513 3527 ARGUMENTUM
2551 3487 2917 3536 SEQUENTIUM
2954 3491 3095 3533 OC'l‘O
3132 3494 3444 3540 νειιευωίί

2018 3576 2059 3632 C
2089 3575 2135 3631 H
2166 3575 2429 3633 Postulat
2456 3578 2709 3651 populus
2738 3584 2978 3639 sanctus
3009 3583 3135 3657 (qui
3162 3586 3224 3644 in
3256 3592 3409 3646 terra
3435 3591 3598 3650 inco-

1946 3665 2014 3721 la:
2046 3664 2207 3737 sunt)
2238 3665 2479 3721 retribui
2510 3668 2759 3739 gratiam
2790 3686 2966 3742 quam
3017 3674 3077 3730 in
3125 3676 3316 3748 primo
3358 3686 3599 3753 parente

1946 3755 2304 3824 amiserant;
2337 3756 2437 3811 sed
2469 3759 2526 3812 et
2550 3761 3024 3829 persecutoribus
3053 3780 3254 3822 eorum
3287 3769 3596 3828 restituen-

1947 3844 2088 3901 dum
2119 3843 2263 3900 dicit
2293 3862 2422 3901 esse
2459 3847 2613 3917 quod
2646 3854 2847 3921 agunt.

2243 3933 2285 3988 B
2317 3933 2505 3989 Gimel
2540 3953 2552 3991 :
2587 3935 2828 3994 tributio
2857 3939 2947 3996 vel
2976 3941 3295 4013 plenitudo.

1950 4024 2013 4078 17
2091 4023 2347 4078 Retribue
2374 4039 2526 4079 servo
2555 4031 2647 4081 tuo
2678 4044 2697 4080 :
2727 4029 2945 4099 vivi/ica
2974 4048 3079 4088 me.

2088 4113 2154 4166 Et
2177 4110 2479 4167 custodiam
2503 4129 2777 4170 sermones
2805 4124 2945 4173 tuos.

2017 4200 2059 4256 C
2084 4198 2358 4255 Retribue
2388 4199 2680 4272 siquidem
2709 4202 2870 4273 dicit,
2886 4222 3004 4263 non
3034 4208 3256 4266 meritis
3280 4212 3477 4282 redde,
3493 4215 3597 4273 sed

1948 4289 2161 4344 iterum
2191 4288 2267 4342 da
2299 4303 2313 4343 :
2346 4292 2413 4343 ut
2443 4289 2544 4360 qui
2596 4291 2918 4362 praestitisti
2967 4285 3262 4367 petitionis
3300 4301 3595 4373 aﬂ'eetum,

1946 4377 2217 4434 effectum
2250 4380 2306 4432 et
2334 4376 2730 4448 operationem
2753 4397 2987 4455 quoque
3007 4385 3418 4458 postulationis
3438 4391 3601 4449 attri-

1948 4467 2079 4522 bue.
2114 4465 2327 4522 Servus
2357 4466 2515 4522 enim
2545 4466 2758 4525 Christi
2799 4470 2914 4527 dici
2966 4490 3081 4530 non
3110 4480 3319 4548 potest,
3350 4478 3466 4537 nisi
3496 4480 3598 4553 q'ui

1869 4575 1918 4640 Β
1949 4572 2063 4612 non
2096 4553 2218 4610 suis
2249 4554 2495 4643 meritis,
2529 4557 2631 4612 sed
2665 4557 2872 4616 divinae
2915 4563 3114 4635 gratia;
3162 4572 3415 4640 reputat,
3443 4570 3599 4643 quod

260 4654 298 4710 C
328 4656 390 4711 in
423 4655 601 4711 corde
647 4670 774 4709 meo
823 4651 1101 4708 abscondi
1132 4650 1366 4722 eloquia
1392 4652 1514 4704 tua.
1552 4648 1593 4703 ﬂ
1625 4646 1667 4702 C
1693 4647 1841 4702 Nam
1951 4642 2088 4700 boni
2123 4641 2343 4715 aliquid
2378 4643 2533 4700 facit.
2582 4645 2790 4704 'Divina
2835 4654 3034 4709 autem
3081 4655 3357 4712 mandata
3404 4641 3600 4714 custo-

199 4742 334 4800 sicut
360 4746 533 4801 decet
560 4742 833 4799 ﬁdelibus
883 4744 1170 4814 praecepta
1217 4739 1317 4795 Dei
1362 4738 1677 4811 praedicare
1709 4752 1722 4792 :
1757 4736 1840 4792 sic

201 4849 301 4888 non
331 4833 709 4890 credentibus
740 4833 967 4903 oportet
1014 4827 1315 4891 abscondi,
1349 4828 1503 4882 sicut
1548 4826 1605 4881 in
1654 4825 1840 4879 Evan-

204 4922 358 4992 gelio,
406 4922 492 4977 Ne
542 4918 820 4976 dederitis
868 4920 1138 4975 sanctum
1186 4914 1431 4971 canibus
1480 4915 1691 4987 (Matth.
1719 4913 1840 4985 vn),

205 5026 296 5065 nec
323 5009 678 5084 margaritas
708 5007 919 5081 porcis.
952 5007 994 5062 C
1026 5007 1125 5061 Est
1171 5005 1329 5061 enim
1384 5002 1603 5077 peccati
1635 5019 1840 5076 genus,

204 5099 505 5156 obstinatis
536 5097 766 5171 eloquia
794 5095 1025 5153 Domini
1057 5093 1393 5167 praedicare.

206 5187 264 5241 12
328 5188 655 5245 Benedictus
700 5192 753 5252 ᾧ
780 5202 835 5243 es
876 5190 926 5253 ζ,
961 5186 1230 5241 Domine:

250 5290 255 5299 '
364 5279 509 5334 Doce
539 5293 625 5333 me
643 5276 1065 5349 justiﬁcationes
1097 5277 1238 5330 tuas.

268 5368 309 5420 A
337 5366 688 5423 Benedictus
717 5382 801 5432 es,
824 5364 1103 5420 Domine:
1128 5362 1224 5418 hic
1252 5360 1582 5418 benedictio
1613 5358 1847 5415 laudem

210 5453 516 5528 signiﬁcat.
547 5456 686 5512 Nam
718 5471 851 5511 cum
885 5470 993 5509 nos
1029 5451 1433 5508 benedicimus
1481 5450 1688 5515 Deum,
1720 5447 1849 5518 ejus

210 5544 349 5601 facta
375 5545 690 5602 laudamus
721 5561 735 5600 :
770 5560 905 5600 cum
951 5541 1046 5598 ille
1086 5539 1379 5597 benedicit
1430 5556 1557 5606 nos,
1592 5535 1849 5593 sanctiﬁ-

211 5637 313 5692 cat.
362 5634 517 5694 Doce
565 5651 671 5703 me,
725 5632 833 5694 hoc
881 5635 973 5690 est
1020 5634 1232 5709 praesta
1277 5627 1421 5690 mihi
1457 5628 1663 5700 facere,
1696 5624 1852 5685 unde

1954 4733 2099 4801 dire,
2133 4749 2331 4788 revera
2384 4732 2629 4793 viventis
2682 4741 2793 4793 est.
2845 4739 3007 4796 Sicut
3050 4746 3288 4799 econtra
3329 4750 3601 4804 mortuus

1952 4820 2168 4877 dicitur
2200 4820 2257 4875 in
2290 4821 2619 4901 Evangelio,
2652 4825 2752 4896 qui
2787 4829 3063 4884 mandata
3092 4845 3207 4884 non
3246 4836 3433 4887 servat
3464 4849 3477 4888 :
3510 4833 3599 4889 di-

1954 4913 2118 4967 cente
2146 4909 2393 4966 Domino
2419 4926 2433 4966 :
2459 4911 2595 4968 Sine
2617 4920 2879 4971 mortuos
2904 4916 3147 4988 sepelire
3178 4922 3440 4977 mortuos
3458 4938 3600 4979 suos

1953 4998 2160 5071 (Matth.
2195 4998 2339 5069 vm).

1957 5088 2023 5142 18
2097 5087 2290 5143 Revela
2319 5088 2501 5144 oculos
2528 5106 2670 5146 meos
2690 5108 2710 5146 :

2096 5176 2163 5230 Et
2185 5175 2536 5234 considerabo
2568 5179 2858 5236 mirabilia
2884 5181 2951 5238 de
2975 5183 3089 5255 lege
3117 5193 3230 5242 tua.

2027 5268 2067 5318 C
2096 5262 2369 5320 Revelare
2395 5264 2616 5322 dictum
2648 5272 2737 5324 est
2784 5284 3077 5330 removere
3102 5273 3319 5347 velum,
3347 5279 3604 5351 quodam

1957 5353 2114 5411 enim
2132 5352 2495 5426 operimento
2512 5355 3122 5428 ignorantiaaﬁnterior
3140 5369 3412 5439 aspectus
3428 5368 3610 5425 obdu-

1959 5443 2109 5500 citur
2132 5459 2145 5497 :
2169 5444 2227 5497 et
2247 5439 2358 5496 nisi
2380 5442 2783 5504 misericordia
2810 5447 2999 5521 ipsius
3020 5451 3196 5510 fuerit
3216 5453 3324 5511 hoc
3343 5454 3607 5513 velamen

1959 5531 2244 5599 ablatum,
2260 5529 2591 5605 Scripturas
2610 5543 2845 5595 sanctas
2866 5538 3088 5599 lumine
3112 5542 3303 5600 cordis
3328 5561 3445 5601 non
3473 5560 3609 5619 pos-

1960 5637 2169 5683 sumus
2200 5619 2435 5681 intueri.
2469 5620 2759 5686 Mirabilia
2786 5626 2946 5688 enim
2976 5627 3123 5708 legis
3150 5634 3288 5691 sunt
3315 5631 3608 5713 spirituali
