3986 6164
428 294 556 367 431

1351 299 1416 359 S.
1465 293 1863 359 BRUNONIS
1907 289 2526 354 HERBIPOLENSIS
2567 288 2938 354 EPISCOPI.

3669 296 3775 370 m
3852 340 3857 346 .

446 424 624 493 sensu
659 436 931 489 contenta
974 430 1266 504 mysteria.
1302 431 1347 485 II
1380 431 1534 496 Qum,
1569 429 1681 484 nisi
1712 429 1916 484 littera:
1948 427 2099 483 vela«
2128 427 2179 493 Α
2211 441 2369 481 nam.
2402 425 2442 479 (ἶ
2472 424 2791 481 Consilium
2823 424 3020 495 itaque
3052 423 3341 479 inventum
3368 428 3449 481 est
3472 432 3648 485 contra
3673 447 3775 489 ma.

445 539 582 582 men
614 516 958 591 abducetur,
990 518 1313 593 intelligere
1344 535 1460 575 non
1491 534 1828 591 possumus.

446 612 515 669 19
585 611 772 669 Incola
801 625 898 680 ego
927 624 1051 665 sum
1078 609 1137 663 in
1168 614 1318 664 terra
1346 626 1368 662 ,ο

583 704 711 757 Non
738 698 1034 755 abscondas
1063 714 1097 752 α
1125 712 1213 753 me
1237 694 1507 752 mandata
1529 704 1641 752 tua.
1670 714 1673 715 '

514 792 554 844 C
582 788 646 845 In
676 787 786 844 hac
816 790 971 842 terra
991 784 1141 857 justi
1174 788 1314 841 sunt
1339 783 1560 853 incolae,
1582 784 1681 856 qui
1715 783 2009 856 propriam
2035 781 2094 837 in

443 877 663 935 mundo
688 892 813 945 non
832 874 1052 931 habent
1080 872 1447 931 mansionem
1474 873 1708 942 mentis,
1728 876 1794 929 ut
1813 873 1895 929 ait
1913 873 2096 944 Apos-

442 965 599 1022 tolus
631 980 644 1019 :
678 964 891 1021 Nostra
936 962 1296 1019 conversatio
1345 961 1406 1017 in
1455 961 1615 1018 caelis
1660 964 1750 1019 est
1779 961 1952 1033 (Phil.
1987 958 2095 1031 ιιι).

404 1054 718 1112 ςΜαηάαιθ.
754 1053 912 1109 enim
961 1051 1218 1109 diximus
1248 1069 1261 1108 :
1296 1050 1514 1125 Diliges
1561 1049 1877 1107 Dominum
1914 1049 2098 1105 Deum
2148 1080 2153 1085 -

441 1146 612 1201 tuum
633 1146 725 1212 ;et
749 1140 986 1198 similia.
1013 1142 1140 1197 Haec
1170 1144 1337 1213 rogat
1368 1143 1433 1195 ut
1462 1138 1514 1194 ei
1541 1138 1875 1195 nullatenus
1906 1137 2097 1194 celen-

443 1237 562 1302 tur,
595 1249 724 1305 quae
754 1230 1161 1304 peccatoribus
1192 1230 1481 1285 absconsa
1510 1228 1853 1300 probantur.

441 1322 514 1379 20
590 1321 941 1390 Concupivit
972 1319 1183 1376 anima
1230 1334 1361 1374 mea
1410 1317 1757 1374 desiderare
1787 1313 2097 1389 justi/ica-

658 1410 850 1467 tiones
877 1413 1016 1464 tuas
1044 1422 1064 1461 :

512 1570 515 1575 γ
584 1501 658 1575 In
687 1497 850 1552 omni
875 1501 1152 1568 tempore.

515 1590 555 1641 C
586 1586 779 1642 Potest
799 1584 955 1640 enim
976 1587 1033 1641 et
1053 1582 1325 1649 infidelis,
1348 1584 1419 1639 ad
1453 1582 1691 1655 aliquod
1721 1587 1953 1656 tempus
1976 1599 2097 1640 rem

442 1676 659 1732 bonam
691 1673 1142 1747 concupiscere:
1175 1670 1276 1729 sed
1308 1672 1416 1728 hoc
1448 1676 1678 1729 constat
1710 1676 1933 1728 tantum
1969 1688 2098 1745 per—

442 1764 608 1821 fectis
639 1763 966 1830 convenire,
1000 1763 1153 1835 quod
1195 1748 1441 1828 addidit,
1475 1761 1634 1817 omni
1666 1766 1946 1834 tempore.
1980 1761 2097 1818 Hoc

392 1912 412 1920 η
440 1857 530 1910 est
584 1856 781 1909 autem
836 1851 1268 1924 concupiscere,
1320 1851 1473 1923 quod
1528 1849 1858 1907 desiderare
1902 1852 2097 1925 (nemo

2199 514 2553 587 lignantium
2583 512 2915 580 consilium,
2949 515 3006 569 et
3054 514 3259 568 contra
3295 512 3565 589 improbos
3589 517 3776 576 furores

2202 606 2259 658 et
2287 602 2537 668 dolores,
2558 601 2778 658 scilicet
2806 599 3143 659 testimonia
3169 601 3391 657 Domini
3420 604 3679 662 meditata.
3692 608 3775 665 Eo-

2204 696 2336 747 rum
2368 691 2583 764 quippe
2613 690 2884 763 cogitatio
2914 688 3210 763 quosiibet
3238 689 3454 764 mitigat
3480 691 3694 751 dolores.

2282 850 2287 855 η
2362 795 2768 835 ARGUMENTUM
2810 795 3177 842 SEQUENTIUM
3216 794 3352 839 OCTO
3386 795 3651 839 VERSUUM.

2278 869 2322 924 B
2352 868 2523 924 Plebs
2552 866 2762 935 ﬁdelis,
2794 870 3137 940 paupertate
3180 868 3466 925 mundana
3507 870 3783 940 constricta,

2198 957 2449 1029 januam
2481 971 2544 1012 se
2575 954 2727 1011 veris
2758 954 2974 1012 divitiis
3007 955 3193 1029 aperit
3223 970 3237 1010 :
3270 959 3325 1011 et
3356 956 3615 1029 frequenti
3641 959 3786 1015 medi-

2206 1044 2623 1117 tatione,quasi
2655 1042 2909 1113 tabulas,
2952 1057 3064 1101 sua
3090 1042 3401 1118 praeordia
3428 1043 3520 1101 Dei
3548 1046 3787 1105 mandatis

2208 1133 2462 1191 exhibet.
3632 1194 3637 1201 ,

2277 1222 2324 1278 Η
2357 1222 2399 1278 Β
2424 1221 2629 1279 Daleth
2661 1240 2674 1279 :
2708 1238 2932 1296 pauper
2967 1220 3058 1278 vel
3085 1220 3299 1278 tabulae
3327 1219 3413 1277 vel
3432 1222 3616 1295 janua.

2206 1313 2280 1368 25
2352 1311 2621 1370 Adhaesit
2648 1313 2988 1382 pavimento
3016 1312 3230 1368 anima
3254 1326 3386 1367 mea
3414 1326 3430 1368 :

2354 1398 2613 1474 Viviﬁca
2641 1412 2731 1456 me
2758 1400 3075 1457 secundum
3103 1399 3341 1456 verbum
3368 1405 3543 1455 tuum.

2277 1494 2317 1545 C
2344 1488 2675 1546 Adhasisse
2706 1500 2768 1545 se
2799 1487 2940 1545 dicit
2980 1487 3143 1544 carni
3194 1505 3312 1544 suae
3344 1505 3359 1545 :
3391 1488 3535 1561 quod
3565 1487 3793 1544 vitiosum

2206 1596 2335 1636 esse
2364 1595 2480 1635 non
2511 1577 2759 1634 dubium
2789 1575 3114 1646 est,anima
3143 1576 3300 1634 enim
3331 1576 3379 1633 si
3411 1576 3673 1634 adhaereat
3696 1593 3795 1633 cor-

2208 1666 2355 1741 pori,
2388 1666 2615 1724 delictis
2644 1666 2816 1723 favet.
2837 1666 2883 1722 H
2906 1666 3040 1723 Ideo
3067 1682 3141 1723 ne
3159 1664 3437 1723 delictum
3455 1664 3733 1722 invalescat
3753 1665 3799 1721 in

2208 1774 2323 1825 me,
2354 1761 2487 1830 peto
2521 1774 2554 1812 a
2584 1760 2640 1813 te
2668 1755 2967 1823 viviﬁcari,
3014 1756 3204 1812 sciens
3252 1755 3522 1829 quoniam
3570 1752 3800 1826 concupi-

2208 1846 2431 1903 scentia
2461 1844 2657 1902 carnis
2686 1849 2934 1901 mortem
2955 1848 3249 1916 operatur.
3273 1849 3313 1900 C
3331 1844 3698 1901 Pavimentum
3714 1842 3801 1915 igi-

399 1971 406 1978 -
438 1942 593 1999 enim
625 1941 937 2008 desiderat,
973 1939 1088 1996 nisi
1136 1938 1236 2013 qui
1283 1939 1690 2012 concupiscit),
1742 1943 2100 2013 quaprOpter
2206 1941 2305 1992 tur
2335 1952 2438 2008 pro
2468 1950 2707 2006 corpore
2738 1934 2995 2006 ponitur.
3024 1935 3126 1991 Est
3148 1930 3802 2006 enim-pavimentumsoli

440 2030 846 2110 plenissimam
858 2028 1220 2086 voluntatem
1238 2028 1459 2084 indicat
1476 2028 1773 2101 geminata
1791 2028 2094 2102 professio,

349 2130 361 2136 ‘
440 2119 663 2177 scilicet
693 2117 1177 2192 concupiscentiae
1208 2122 1264 2173 et
1301 2117 1596 2173 desiderii.

438 2210 505 2263 21
586 2209 917 2280 Increpasti
942 2206 1220 2283 superbos
1246 2224 1265 2262 :

585 2295 898 2367 Maledicti
915 2297 1019 2369 qui
1047 2293 1349 2352 declinant
1378 2312 1418 2351 a
1447 2296 1756 2352 mandatis
1783 2298 1924 2353 tuis.

402 2372 405 2377 ’
514 2387 561 2441 Η
595 2385 913 2458 Increpasti
957 2383 1287 2457 superbos:
1322 2389 1386 2439 ut
1432 2401 1531 2441 eos
1583 2385 1655 2439 ad
1702 2385 2096 2442 humilitatem

443 2474 729 2542 sanctam,
744 2489 922 2546 quam
944 2472 1217 2540 docuisti,
1237 2473 1562 2529 reduceres.
1580 2472 1682 2528 Vel
1706 2490 1808 2546 per
1832 2476 2096 2530 doctores

442 2553 576 2621 tuos
606 2562 874 2636 inerepas
921 2562 1111 2618 malos
1155 2561 1443 2618 homines.
1481 2561 1773 2618 Maledicti
1823 2566 1961 2619 sunt
1993 2563 2093 2636 qui

399 2684 403 2688 ~
442 2651 739 2709 declinant
767 2668 802 2708 a
831 2650 1127 2708 mandatis
1163 2650 1258 2707 Dei
1293 2667 1306 2706 :
1343 2650 1441 2706 sed
1475 2654 1614 2706 tunc
1640 2651 1886 2723 pleniter
1916 2653 2093 2709 male-

440 2740 580 2797 dicti
611 2742 796 2807 erant,
830 2738 1066 2812 quando
1096 2737 1360 2793 dicturus
1382 2736 1528 2793 erit:
1557 2737 1658 2805 Ite,
1687 2736 2002 2806 maledicti,
2034 2738 2092 2794 in

438 2828 638 2903 ignem
684 2831 968 2885 aeternum
1011 2827 1230 2888 (Matth.
1280 2829 1432 2896 xxv).
1465 2826 1506 2882 C
1547 2827 1849 2899 Increpare
1898 2830 2092 2885 autem

439 2918 713 2986 dicimus,
748 2916 919 2990 quasi
950 2916 1020 2973 de
1050 2916 1446 2999 taciturnitate
1476 2933 1734 2989 crepare,
1768 2922 1825 2973 et
1851 2916 1910 2973 in
1945 2935 2095 2975 mor-

438 3007 605 3065 dacia
636 3006 792 3062 dicta
814 3004 1108 3079 prosilire,
1144 2998 1299 3078 quOd
1324 3006 1479 3062 Deus
1508 3023 1612 3079 per
1640 3005 1973 3079 Scripturas
2004 2998 2093 3063 di-

437 3096 604 3153 vinas
634 3095 968 3168 frequenter
998 3094 1152 3151 facit.

439 3188 510 3241 22
583 3185 762 3259 Aufer
783 3201 821 3241 a
849 3201 939 3240 me
968 3174 1340 3258 opprobrium
1372 3188 1428 3243 et
1458 3190 1845 3258 contemptum
1874 3196 1894 3241 ἐ

582 3275 741 3344 Quia
770 3273 1100 3330 testimonia
1128 3279 1236 3331 tua
1264 3274 1569 3348 exquisivi.

513 3361 555 3417 C
585 3361 938 3417 Intuendum
961 3365 1049 3417 est
1079 3379 1259 3434 quare
1289 3366 1499 3435 petunt
1527 3367 1810 3436 martyres
1834 3381 1868 3419 a
1897 3378 1959 3419 se
1990 3366 2093 3436 op-

439 3436 676 3524 probria
705 3449 1007 3516 removeri,
1041 3451 1197 3506 unde
1225 3468 1287 3507 se
1320 3455 1600 3507 noverant
1648 3452 1934 3509 coronari.
1980 3452 2092 3510 Sed

438 3538 562 3595 hac
593 3538 776 3594 oratio
806 3554 909 3611 pro
939 3540 1412 3610 persecutoribus
1441 3534 1726 3608 funditur,
1762 3545 1826 3597 ut
1854 3558 2091 3599 conver-

437 3631 659 3683 tantur.
690 3626 861 3694 Quia,
894 3634 1035 3683 dum
1067 3630 1328 3685 conversi
1363 3629 1598 3700 fuerint,
1622 3629 1846 3686 tollitur
1873 3635 2089 3705 marty-

388 3746 403 3753 -
436 3717 603 3773 ribus
631 3715 1010 3789 opprobrium
1045 3733 1057 3771 :
1091 3719 1328 3789 quando
1359 3722 1417 3773 et
1469 3722 1868 3790 persecutores
1899 3719 2090 3792 ipsam

435 3805 780 3879 religionem
812 3805 1030 3875 colunt,
1065 3822 1242 3879 quam
1276 3807 1334 3862 in
1367 3806 1587 3863 sanctis
1624 3810 2087 3882 persequendam

435 3910 565 3952 esse
592 3897 966 3967 putaverunt.

431 3982 503 4040 23
573 3983 796 4040 Etenim
822 3984 1077 4042 sederunt
1103 3986 1381 4059 principes
1409 3993 1460 4043 et
1490 3986 1776 4044 adversum
1794 4003 1882 4045 me
1913 3988 2092 4063 loque-

649 4074 852 4130 bantur
881 4092 903 4130 :

571 4162 770 4219 Servus
799 4172 982 4221 autem
1011 4172 1139 4221 tuus
1185 4165 1538 4222 exercebatur
1586 4167 1646 4221 in
1665 4166 2087 4240 justiﬁcationi-

647 4252 746 4309 bus
776 4254 911 4310 tuis.

502 4341 550 4398 H
579 4341 742 4407 Quod
773 4337 869 4400 hic
907 4342 1169 4421 loquitur
1196 4343 1483 4416 Propheta
1511 4345 1580 4400 de
1612 4361 1693 4412 se,
1727 4344 1995 4402 futurum
2026 4346 2086 4402 in

430 4429 714 4502 apostolis
743 4428 1103 4503 reliquisque
1133 4426 1491 4505 martyribus
1522 4433 1669 4489 vidit
1701 4449 1714 4488 :
1767 4434 1871 4507 qui
1902 4429 2088 4492 multa

2208 2023 2533 2095 alicujusin
2549 2022 2843 2080 levitatem
2862 2023 3180 2079 maximam
3204 2026 3531 2079 constructa
3549 2020 3798 2078 soliditas:

2208 2120 2267 2170 et
2297 2122 2510 2186 corpus
2538 2116 2809 2169 nostrum
2840 2111 3019 2169 simili
3052 2112 3244 2169 nitore
3274 2112 3567 2186 levigatur.
3748 2102 3753 2107 ⁷

2204 2205 2276 2261 26
2351 2204 2497 2260 Vias
2519 2218 2685 2259 meas
2708 2201 3014 2258 enuntiavi
3039 2206 3096 2256 et
3124 2202 3431 2258 exaudiui
3471 2205 3524 2267 -Ξ-
3548 2216 3628 2256 me
3664 2204 3675 2263 ζ
3711 2218 3727 2253 :

2350 2297 2498 2351 Doce
2528 2307 2618 2348 me
2632 2289 3094 2364 justiﬁcationes
3124 2295 3284 2347 tuas.
3866 2358 3871 2363 ι

2276 2382 2324 2438 Η
2343 2380 2485 2437 Vias
2507 2397 2688 2447 meas,
2708 2379 2770 2436 id
2797 2384 2887 2435 est
2905 2395 3084 2452 opera
3113 2379 3339 2452 peccati
3364 2374 3803 2436 mei.Enuntiavi:

2206 2487 2311 2544 per
2340 2469 2791 2527 confessionem.
2828 2469 2898 2524 Et
2928 2468 3222 2526 exaudisti
3254 2483 3388 2524 me:
3421 2466 3553 2540 quia
3578 2462 3808 2531 remisisti

2206 2559 2352 2616 mihi
2382 2562 2618 2633 peccata
2650 2574 2800 2625 mea,
2833 2574 2991 2614 nunc
3028 2557 3361 2614 doctrinam
3396 2553 3637 2628 indulge,
3666 2568 3806 2625 quam

2203 2650 2263 2706 in
2285 2632 2806 2721 justiﬁcationibus
2835 2645 2957 2703 tuis
2999 2646 3269 2704 edocear.
3301 2646 3345 2703 Ο
3373 2646 3446 2702 Et
3472 2645 3606 2701 doce
3632 2658 3710 2698 me
3729 2632 3808 2712 jii-

2204 2738 2585 2795 stiﬁcationes
2614 2740 2747 2792 tuas
2768 2754 2780 2794 :
2801 2752 2917 2792 non
2940 2736 3011 2792 ad
3042 2735 3411 2793 audiendum
3430 2734 3526 2791 sed
3548 2730 3611 2790 ad
3633 2730 3807 2788 faciem

2203 2829 2367 2894 dum,
2391 2825 2490 2883 ille
2520 2826 2679 2883 enim
2699 2825 3031 2881 divinarum
3052 2841 3257 2881 rerum
3280 2816 3489 2881 doctus
3510 2818 3812 2885 ostenditur,

2203 2916 2304 2990 qui
2337 2915 2447 2973 sibi
2478 2913 2700 2973 credita
2730 2913 2937 2971 fecisse
2963 2918 3354 2971 monstratur.

2201 3008 2273 3062 27
2348 3006 2528 3061 Viam
2539 3001 3042 3077 justificationum
3074 3009 3327 3060 tuarum
3358 3005 3577 3061 instrue
3604 3017 3717 3057 me:

2346 3096 2425 3150 Et
2452 3093 2762 3149 evereebor
2797 3094 2859 3149 in
2888 3092 3269 3150 mirabilibus
3296 3093 3439 3151 tuis.
3484 3122 3485 3127 π

2123 3167 2168 3235 C
2277 3183 2325 3239 H
2364 3184 2535 3239 Viam
2574 3181 3089 3254 justiﬁcationum,
3146 3181 3212 3238 id
3264 3185 3377 3252 est,
3414 3177 3813 3254 justiﬁcationes

2205 3290 2353 3346 quas
2395 3270 2541 3345 legis
2591 3270 2785 3328 littera
2831 3269 3094 3344 protulit,
3129 3270 3483 3344 spiritaliter
3519 3268 3738 3347 capiam.
3763 3264 3817 3319 Et

2204 3362 2511 3420 exercebor
2539 3360 2599 3417 in
2631 3360 3022 3431 mirabilibus,
3058 3362 3116 3417 id
3148 3366 3247 3420 est
3276 3362 3339 3418 in
3379 3357 3713 3435 apostolicis,
3737 3368 3818 3409 ce-

2202 3452 2463 3525 terisque
2482 3449 2764 3507 doctrinis
2784 3449 3226 3518 ‘ecclesiasticis,
3250 3468 3382 3524 quae
3406 3451 3467 3507 in
3492 3466 3558 3506 ea
3584 3447 3698 3519 lege
3715 3443 3823 3501 sunt

2202 3542 2483 3615 ﬁguratas.
2534 3539 2576 3595 Ο
2622 3539 2886 3596 Praebent
2934 3539 3093 3595 enim
3137 3539 3446 3601 intellecta
3472 3532 3822 3595 miraculum:

2203 3630 2438 3704 quando
2469 3629 2552 3685 sic
2580 3629 2641 3684 in
2673 3628 2945 3702 praesenti
2978 3631 3122 3684 sunt
3152 3628 3376 3702 posita,
3400 3633 3468 3685 ut
3486 3627 3645 3699 longe
3665 3624 3822 3678 futura

2200 3719 2531 3793 signiﬁcare
2558 3718 2887 3775 videantur.

2197 3810 2269 3865 28
2342 3807 2702 3865 Dermitavit
2730 3808 2929 3865 anima
2959 3822 3092 3864 mea
3114 3824 3247 3880 pra:
3280 3809 3454 3865 ardia
3481 3828 3502 3863 :

2338 3896 2642 3969 Gonﬁrma
2672 3913 2761 3953 me
2790 3898 2855 3953 in
2887 3896 3085 3953 verbis
3108 3898 3257 3954 tuis.

2268 3988 2315 4044 Η
2337 3986 2682 4044 Dormitavit
2701 3985 2901 4043 anima
2924 4003 2937 4043 :
2964 3985 3022 4042 in
3049 3984 3238 4057 hujus
3258 3983 3580 4044 habitaculi
3600 3975 3823 4038 mortalis

2196 4077 2467 4134 statione.
2502 4076 2621 4131 Prae
2652 4073 2824 4132 taedio
2854 4091 2868 4131 :
2904 4070 3340 4133 imbecillitatis
3379 4088 3674 4149 corporeae.
3702 4066 3821 4123 Gon-

2195 4166 2369 4224 ﬁrma
2398 4180 2493 4221 me
2524 4182 2537 4221 :
2571 4167 2655 4233 ut,
2708 4162 2900 4219 ablato
2943 4178 3152 4220 somno
3201 4164 3458 4239 peccati,
3494 4162 3757 4219 instanter
3776 4154 3822 4208 in

2196 4252 2290 4311 his
2314 4251 2621 4326 praeceptis
2648 4250 2967 4325 invigilem.
2998 4252 3039 4307 C
3083 4249 3359 4309 Dormire
3391 4248 3652 4309 obliviosi
3681 4249 3823 4316 atque

2196 4342 2458 4399 socordis
2489 4344 2598 4408 est,
2630 4339 2947 4397 dormitare
2988 4356 3123 4396 vero
3172 4340 3322 4398 fessi
3352 4346 3413 4399 et
3461 4331 3825 4414 exspectantis.

2196 4433 2357 4489 Hanc
2414 4434 2612 4488 autem
2679 4428 3154 4487 dormitationem
3221 4431 3553 4489 Cassianus
3601 4420 3824 4484 acediun

427 4533 625 4574 coram
657 4517 892 4591 regibus
935 4523 993 4574 et
1039 4514 1409 4592 praesidibus,
1464 4522 1711 4577 Domino
1754 4524 2081 4597 nuntiante,
2115 4541 2164 4607 Ι)
2196 4524 2382 4578 vocat.

426 4605 687 4681 perpessi
719 4610 858 4663 sunt
890 4623 903 4661 :
936 4608 1036 4680 qui
1068 4610 1486 4666 exercebantur
1509 4609 1569 4666 in
1592 4611 1776 4682 justis
1806 4612 2081 4685 operibus

425 4700 485 4753 et
514 4696 613 4752 Dei
637 4694 1184 4769 justiﬁcationibus,
1217 4698 1396 4754 etiam
1440 4715 1626 4771 usque
1656 4701 1726 4755 ad
1763 4701 2084 4759 sectionem

423 4785 737 4842 cervicum.
766 4784 810 4841 C
839 4785 1268 4842 Exercebantur
1316 4787 1492 4842 etiam
1540 4787 1599 4841 in
1651 4789 1959 4846 tormentis
2011 4791 2083 4846 ad

423 4878 758 4946 provectum
776 4891 975 4942 suum,
991 4892 1107 4932 non
1127 4875 1540 4932 cruciabantur
1557 4877 1627 4932 ad
1653 4882 1881 4949 pmnam
1906 4896 1918 4933 :
1941 4879 2084 4935 dum

424 4977 665 5017 sensum
700 4962 915 5020 doloris
962 4963 1076 5030 sui,
1108 4963 1310 5021 aeterni
1360 4964 1584 5037 praemii
1632 4965 2085 5039 cogitationibus

425 5048 784 5119 molliebant,
800 5056 856 5108 et
876 5052 964 5108 eis
992 5056 1285 5109 tormenta
1315 5054 1385 5109 ad
1418 5053 1634 5127 gaudia
1662 5059 1876 5113 aeterna
1904 5058 2084 5130 profi-

424 5142 644 5193 carent.

422 5223 496 5282 21
567 5227 707 5282 Nam
735 5234 787 5282 et
814 5229 1135 5285 testimonia
1168 5234 1262 5287 tua
1288 5231 1580 5288 meditatio
1608 5247 1731 5288 mea
1758 5240 1838 5289 est
1867 5251 1884 5287 :

564 5316 631 5371 Et
659 5316 951 5371 consilium
980 5333 1161 5373 meum
1181 5318 1605 5391 justiﬁcationes
1636 5329 1767 5378 tuae.

492 5402 539 5459 H
569 5404 748 5461 Erant
776 5407 998 5463 sanctis
1027 5406 1365 5465 testimonia
1382 5408 1597 5465 Christi
1630 5407 2074 5480 meditatio,uti-

2189 4610 2262 4668 29
2335 4610 2499 4667 Viam
2530 4610 2871 4682 iniquitatis
2904 4625 3111 4666 amove
3139 4626 3181 4666 a
3213 4627 3314 4667 me
3345 4631 3367 4666 .-

2337 4702 2417 4756 Et
2444 4700 2510 4756 in
2541 4696 2670 4771 lege
2699 4702 2810 4754 tua.
2840 4699 3117 4755 miserere
3144 4701 3289 4757 mei.

2268 4790 2311 4845 ll
2342 4786 2512 4844 Viam
2541 4785 2871 4859 iniquitatis
2907 4787 2990 4859 (id
3046 4792 3154 4856 est,
3188 4789 3564 4845 desiderium
3591 4781 3723 4840 illud
3749 4792 3832 4854 per

2195 4878 2352 4951 quod
2384 4878 2458 4934 ad
2489 4875 2851 4950 peccandum
2881 4876 3132 4949 venitur)
3156 4893 3374 4936 amove
3399 4897 3436 4936 a
3456 4873 3712 4935 me.Etin
3730 4869 3833 4941 lege

2191 4971 2331 5023 tua:
2357 4965 2511 5040 apud
2540 4968 2599 5022 te
2630 4962 2789 5021 enim
2819 4963 2942 5021 haec
2963 4964 3055 5022 lex
3075 4966 3412 5025 constituta
3432 4968 3615 5036 est,ut
3632 4972 3832 5031 semper

2191 5053 2546 5112 miserearis.

2189 5145 2261 5201 30
2336 5146 2516 5201 Viam
2542 5143 2823 5201 veritatis
2848 5141 3015 5218 elegi
3042 5163 3062 5200 :

2329 5233 2579 5292 Iudicia
2606 5236 2716 5289 tua
2744 5248 2864 5288 non
2890 5248 3019 5288 sum
3049 5231 3303 5290 oblitus.

2257 5323 2304 5379 H
2351 5322 2523 5379 Viam
2581 5321 2845 5378 veritatis
2895 5320 3064 5395 elegi,
3118 5312 3177 5379 id
3234 5327 3354 5392 est,
3419 5322 3715 5380 Christum
3754 5313 3836 5373 Dei

2188 5412 2421 5480 Filium,
2452 5427 2629 5484 quem
2680 5410 2876 5468 audivi
2929 5415 3245 5468 venturum
3294 5412 3359 5469 in
3414 5411 3722 5470 mundum.
3749 5400 3839 5462 ιιιι

352 5524 357 5529 ι
416 5508 534 5567 que
563 5492 626 5549 in
656 5492 751 5550 bis
775 5494 1173 5567 pressuris.Et
1191 5497 1646 5569 justiﬂeationes
1677 5498 1807 5570 ejus
1837 5498 2078 5558 fuerunt
2175 5502 2404 5575 judicia
2419 5518 2533 5558 non
2553 5514 2685 5557 sum
2705 5498 2923 5557 oblitus
2945 5517 2957 5556 :
2978 5517 3106 5573 quas
3127 5501 3188 5556 in
3214 5501 3545 5577 Evangelio
3561 5498 3840 5573 proferens

357 5583 359 5587 ⁴
405 5580 727 5648 consilium
757 5598 982 5658 eorum,
1015 5586 1158 5664 quia
1184 5587 1269 5647 eis
1296 5586 1476 5649 vitam
1519 5585 1870 5666 pollicentur
1900 5592 2071 5648 aeter-

2181 5592 2264 5653 ait
2284 5608 2298 5653 :
2321 5591 2438 5653 Hoc
2460 5589 2876 5667 estjudicium,
2895 5593 2961 5651 ut
2980 5590 3079 5668 qui
3098 5590 3292 5651 credit
3318 5592 3383 5650 in
3407 5588 3624 5670 Filium
3647 5582 3837 5647 habeat
