3986 6164
466 318 584 382 435
741 350 758 360 ι
1375 307 1442 382 S.
1484 317 1882 382 BBUNONIS
1925 315 2547 380 HEBBIPOLENSIS
2590 315 2972 380 EPISCOPI.
3691 315 3786 384 I36

464 454 857 528 nuncupetur,
885 455 943 511 et
964 451 1090 528 ipse
1116 450 1384 511 videlicet
1407 451 1500 510 cui
1531 451 1746 509 dicitur
1769 467 1781 506 :
1805 451 1890 508 Tu
1912 453 2108 508 autem
2138 453 2194 519 Α
2223 451 2291 506 46
2362 451 2427 507 Et
2457 451 2714 524 loquebar
2739 452 2798 507 in
2830 449 3158 508 testtmoniis
3186 449 3294 506 tuis
3340 450 3398 506 in
3437 418 3682 526 conspiciu
3717 471 3790 511 re-

469 541 628 602 idem
658 543 785 616 ipse
813 557 876 600 es
907 543 1077 612 (Psal.
1100 542 1201 615 c1),
1232 541 1290 598 id
1321 546 1412 598 est
1439 541 1780 598 aeternuan
1809 543 1980 614 cujus
2001 540 2116 596 ﬁde
2435 556 2566 612 gum
2599 557 2612 596 :

466 631 647 690 etiam
675 630 933 693 Ecclesia
960 631 1091 705 ipsa
1119 648 1267 695 esse,
1300 631 1357 687 id
1387 635 1477 687 est
1501 649 1620 687 una
1649 630 1972 703 eademque
2013 629 2114 685 de-
2366 631 2432 684 Et
2457 645 2568 684 non
2589 628 2984 701 confundebar.

469 719 702 779 votione
728 737 960 794 semper
1003 720 1099 777 hic
1143 724 1202 777 et
1246 719 1306 776 in
1353 721 1551 776 futuro
1580 737 1716 776 cum
1758 735 1826 776 eo
1873 735 2117 793 regnare
2295 719 2334 772 C
2364 717 2671 789 Loquebar
2699 718 2772 774 de
2801 716 3158 774 testimoniis
3189 717 3568 790 Dei,quoniam
3599 720 3796 792 petierat

471 807 816 884 promeruit.
2069 867 2079 873 _
2224 810 2282 862 et
2315 810 2637 879 acceperat,
2687 810 2753 861 ut
2799 807 3179 880 responderet
3227 794 3670 880 exprobrantibus
3709 809 3796 866 sibi

969 901 1019 953 Η
1059 898 1102 954 Β
1139 897 1266 955 Vau
1310 916 1322 955 :
1364 899 1434 955 Et
1470 898 1614 972 ipse.
2223 895 2618 962 verbum.Qua
2647 895 2924 952 ﬁrmitate
2955 897 3280 966 roboratus,
3302 896 3447 952 inter
3471 913 3618 971 reges
3642 898 3798 955 seaculi

468 987 532 1044 41
613 987 674 1044 Et
702 987 884 1044 veniat
909 1003 1076 1059 super
1101 1003 1188 1043 me
1215 987 1595 1044 misericordia
1623 995 1737 1053 tua,
1771 987 1997 1043 Domine
2025 1004 2045 1042 :
2227 1001 2342 1040 non
2375 1001 2437 1041 se
2467 983 2607 1040 dicit
2659 1001 2788 1042 esse
2837 985 3171 1052 confusum,
3205 985 3304 1041 sed
3345 984 3618 1042 veritatem
3657 1004 3798 1060 quam

613 1075 865 1133 Salutare
893 1084 1047 1132 tuum
1076 1077 1375 1132 secundum
1403 1077 1680 1149 eloquium
1709 1083 1885 1132 luum.
2228 1077 2422 1130 mente
2444 1073 3119 1146 conceperat,intrepidis
3141 1073 3499 1130 sermonibus
3513 1075 3796 1146 proferebat.

543 1163 584 1221 C
617 1165 892 1222 Precatur
938 1181 1075 1239 ergo
1125 1169 1329 1222 sancta
1375 1166 1765 1240 congregatio,
1821 1169 1886 1221 ut
1941 1181 2122 1238 supra
2228 1162 2620 1220 Confunditur
2672 1167 2869 1219 autem
2929 1161 3046 1231 ille,
3102 1163 3272 1235 cujus
3320 1180 3420 1235 per
3474 1163 3800 1220 ratiocinatio-

473 1269 605 1311 eam
636 1255 924 1312 Domtuus
954 1255 1218 1311 Salvator
1245 1254 1644 1328 adveniat,qui
1674 1259 1764 1310 est
1793 1253 2120 1310 misericor-
2230 1267 2364 1307 nem
2397 1251 2554 1307 dicta
2576 1251 2918 1321 vincuntur;
2969 1252 3043 1307 ad
3091 1251 3492 1308 verecundiam
3537 1255 3703 1307 autem
3724 1268 3800 1307 ve-

474 1343 574 1401 dia
601 1348 995 1416 peccatorum,
1029 1348 1088 1400 et
1115 1345 1232 1400 vita
1262 1344 1545 1400 ﬁdelium.
1579 1344 1843 1402 Salutare
1880 1359 2012 1400 ecce
2060 1346 2126 1398 ut
2231 1339 2357 1396 nire
2388 1357 2503 1396 non
2537 1343 2746 1414 potest,
2778 1341 2877 1413 qui
2905 1339 3166 1397 veritatis
3195 1340 3382 1414 ipsius
3411 1341 3706 1397 testimonio
3737 1357 3806 1396 ro-

474 1431 776 1490 Christum
804 1449 933 1490 esse
964 1433 1424 1490 misericordiam
1456 1433 1631 1490 istam
1679 1450 1808 1490 esse
1860 1432 2124 1489 ostende-
2233 1429 2493 1486 boratur.

477 1525 584 1590 ret,
619 1521 847 1578 addidit
877 1521 1132 1579 salutare
1163 1526 1351 1578 tuum.
1385 1523 1491 1588 Qui
1525 1524 1672 1579 bene
1703 1521 1957 1579 salutare
1985 1520 2126 1577 dici-
2233 1519 2301 1574 47
2373 1519 2440 1574 Et
2462 1517 2770 1576 meditabar
2799 1520 2857 1574 in
2888 1519 3166 1577 mandatis
3195 1521 3342 1576 tuis:

476 1615 594 1678 tur,
640 1627 746 1683 per
791 1627 968 1684 quem
1018 1610 1180 1668 salus
1227 1613 1503 1686 gentibus
1551 1613 1727 1680 venit,
1763 1611 1863 1684 qui
1903 1611 2124 1666 mundo
2376 1612 2522 1680 Quae
2548 1608 2744 1664 dilexi.

477 1697 781 1770 aegrotanti
815 1698 1164 1755 medicinam
1195 1716 1314 1756 suae
1345 1698 1580 1772 pietatis
1610 1699 2124 1755 attribuit.Secun-
2304 1696 2346 1752 C
2371 1697 2474 1752 Hic
2495 1697 2752 1754 ostendit
2772 1698 3148 1770 frequentata:
3169 1697 3553 1755 meditationis
3575 1697 3808 1762 arborem,

478 1786 622 1842 dum
637 1783 1022 1860 eloquium,id
1035 1789 1458 1845 estsecundum
1477 1787 1926 1862 promissionem
1947 1803 2124 1861 quam
2158 1824 2208 1888 Β
2235 1785 2504 1841 meditari
2532 1785 2690 1842 enim
2726 1787 3004 1843 mandata
3034 1804 3150 1843 non
3181 1791 3386 1860 potest,
3419 1786 3525 1843 nisi
3553 1786 3640 1858 qui
3665 1801 3720 1840 ea
3738 1802 3808 1840 as.

476 1890 582 1946 per
610 1874 928 1948 prophetas
955 1875 1254 1948 pollicitus
1286 1893 1370 1933 es.
2159 1873 2207 1888 ”
2241 1874 2414 1930 sidua
2440 1873 2685 1932 lectioue
2716 1876 2997 1941 cucurrit,
3029 1881 3086 1933 et
3117 1881 3179 1932 ut
3205 1876 3526 1933 evidentius
3565 1874 3694 1931 hanc
3727 1874 3812 1929 tre-

479 1963 550 2018 42
621 1967 689 2021 Et
709 1965 1037 2038 respondebo
1064 1966 1523 2039 exprobrantibus
1551 1967 1694 2022 mihi
1723 1968 1940 2023 verbum
1974 1985 1993 2020 :
2206 1961 2538 2036 ,quentiam
2564 1962 2903 2031 declararet,
2935 1963 3318 2038 addidit,quae
3340 1963 3507 2020 dilexi
3538 1981 3550 2020 :
3579 1961 3814 2034 negligere

621 2055 771 2123 Quia
791 2056 1010 2126 speravi
1039 2056 1100 2110 in
1127 2055 1470 2112 sermonibus
1501 2059 1630 2112 tuis.
2239 2051 2396 2106 enim
2429 2068 2732 2124 nunquam
2759 2056 2948 2124 potest
2977 2052 3153 2110 homo
3182 2069 3254 2110 ea
3281 2070 3406 2126 quae
3435 2051 3626 2126 diligit.

552 2139 596 2196 Ο
623 2141 990 2214 Exprobrant
1017 2142 1174 2199 enim
1205 2143 1376 2200 verbo
1403 2145 1505 2217 qui
1526 2144 1740 2201 Filium
1771 2143 1976 2201 dicunt
2004 2157 2134 2200 esse
2244 2140 2311 2195 48
2382 2143 2449 2196 Et
2476 2141 2653 2197 levavi
2678 2158 2875 2198 manus
2903 2159 3055 2198 meus
3081 2143 3152 2199 ad
3180 2143 3442 2199 mou-data
3487 2147 3576 2198 tua
3616 2153 3720 2214 qua
3749 2137 3814 2192 di-

486 2229 795 2286 minorem.
817 2229 944 2297 Vel,
976 2231 1080 2304 qui
1109 2248 1244 2287 cum
1275 2249 1450 2288 carne
1479 2250 1720 2305 passum
1744 2235 1986 2290 minime
2015 2247 2140 2289 cre-
2457 2231 2574 2286 lexi
2605 2247 2618 2286 :
3025 2237 3031 2242 ‘

485 2317 778 2376 diderunt.
811 2319 1027 2393 Utique
1058 2320 1235 2377 etiam
1264 2320 1395 2378 ideo
1444 2322 1586 2378 dicit
1635 2325 2136 2396 respondendum.
2385 2319 2448 2376 Et
2474 2321 2766 2377 exercebar
2795 2323 2854 2377 in
2870 2323 3367 2394 justiﬁcationibus
3393 2323 3513 2378 tuis.

485 2407 632 2474 Quia
655 2407 910 2481 speravit
936 2407 996 2464 in
1023 2409 1394 2467 sermonibus
1423 2411 1522 2468 Dei
1545 2411 1762 2485 quibus
1793 2413 1971 2470 dixit:
1991 2417 2135 2470 Cum
2315 2407 2356 2465 C
2383 2409 2598 2466 Levare
2624 2413 2821 2466 autem
2845 2427 3078 2478 manus,
3103 2411 3400 2484 signiﬁcat
3416 2410 3574 2467 bonis
3599 2406 3818 2482 operibus

484 2495 760 2552 veneritis
809 2499 943 2554 ante
995 2514 1161 2571 reges
1204 2502 1262 2555 et
1313 2499 1628 2572 principes,
1663 2501 1841 2558 nolite
1884 2502 2138 2577 cogitare
2244 2498 2535 2572 occupari.
2568 2497 2672 2556 llle
2700 2498 2852 2556 levat
2899 2517 3112 2557 manus
3161 2501 3235 2556 ad
3279 2501 3561 2559 mandata.
3589 2496 3673 2571 qui
3716 2495 3820 2552 facit

487 2585 781 2659 quomodo
807 2589 910 2642 aut
937 2587 1078 2660 quid
1109 2587 1458 2660 loquamini,
1487 2589 1724 2646 dabitur
1766 2591 1924 2647 enim
1971 2591 2136 2648 vobis
2242 2586 2663 2660 eleemosynas,
2695 2605 2844 2661 quas
2877 2589 2998 2646 ﬁeri
3022 2590 3241 2661 jubent
3273 2588 3820 2646 mandata.Exercetur

485 2673 628 2748 quid
675 2675 998 2748 loquamini
1031 2675 1239 2740 (Matth.
1266 2679 1344 2746 κ).
1378 2679 1742 2751 Exprobrant
1782 2680 1957 2736 etiam
2003 2681 2134 2736 inﬁ-
2245 2675 2303 2731 in
2327 2677 2979 2750 justiﬁcationibus,qui
3007 2679 3218 2752 quaerit
3250 2679 3385 2736 boni
3409 2677 3588 2752 operis
3606 2676 3818 2747 frequen-

483 2762 645 2821 deles
672 2763 1029 2838 martyribus
1057 2765 1118 2821 in
1147 2765 1419 2838 passione
1449 2771 1506 2824 et
1551 2769 1862 2826 tormentis
1891 2769 2134 2826 verbum
2243 2765 2524 2822 tationem
2557 2767 2855 2839 proﬁcere.
2889 2767 2936 2823 H
2965 2766 3069 2824 Vel
3101 2767 3203 2841 qui
3237 2769 3298 2825 in
3332 2768 3442 2836 his,
3469 2784 3588 2841 qua:
3629 2781 3715 2838 per
3749 2760 3820 2816 lit-

485 2851 625 2910 ﬁdei
655 2852 920 2911 dicentes
951 2870 965 2909 :
1000 2853 1113 2912 Ubi
1140 2859 1230 2911 est
1258 2855 1414 2911 Deus
1444 2857 1674 2913 vester?
1925 2923 1931 2930 _
2241 2857 2428 2911 teram
2449 2853 3259 2930 indicabantur,spiritualern
3273 2857 3614 2914 intellectum
3632 2855 3823 2910 conatur

485 2941 556 2998 43
626 2943 692 2998 Et
720 2958 790 2999 ne
815 2945 1037 3016 auferas
1063 2943 1130 3001 de
1154 2959 1249 3002 ore
1274 2961 1392 3002 meo
1420 2945 1646 3002 verbum
1673 2923 2136 3022 veritatislusque-
2243 2943 2522 3000 invenire.
2919 2923 2939 2930 ’
2981 2947 2986 2952 ’

700 3047 914 3106 quaque
945 3051 960 3090 ζ
2409 3049 2812 3091 ARGUMENTUM
2851 3051 3217 3098 SEQUENTIUM
3260 3052 3399 3093 OCTO
3433 3049 3692 3093 VERSUUM.

632 3122 776 3191 Quia
798 3122 1104 3196 iujudiciis
1133 3125 1244 3180 tuis
1271 3127 1670 3198 supersperavi.
2177 3193 2207 3198 _
2315 3120 2356 3177 Ο
2386 3122 2429 3178 Β
2459 3122 2684 3178 Chorus
2714 3128 3076 3192 sanctorum,
3105 3141 3274 3198 spem
3307 3123 3722 3198 promissionum
3740 3117 3821 3173 Do-

561 3209 602 3266 Ο
630 3211 702 3267 Et
726 3227 798 3267 ne
826 3193 1058 3268 auferas
1083 3212 1193 3268 hoc
1221 3193 1473 3270 verbum
1498 3214 1731 3280 ﬁdei,de
1760 3230 1876 3286 quo
1897 3215 2137 3286 Aposto-
2167 3193 2210 3262 α
2249 3209 2414 3287 mini,
2447 3211 2720 3268 sensibus
2750 3213 2967 3269 nostris
2995 3193 3439 3281 commendans,
3459 3210 3650 3270 asserit
3670 3204 3824 3264 ﬁdeles

487 3296 585 3354 lus
613 3299 694 3354 ait
725 3315 739 3354 :
767 3299 886 3356 Hoc
911 3304 1002 3356 est
1029 3302 1272 3357 verbum
1303 3302 1458 3374 quod
1489 3301 1926 3375 praedicamusU
1947 3303 2136 3372 Com).
2249 3299 2490 3356 adversa
2520 3301 2725 3356 mundi
2756 3303 3066 3368 sustinere,
3099 3301 3320 3373 quibus
3359 3305 3566 3358 aeterna
3600 3298 3699 3354 vita
3723 3310 3824 3368 pro-

495 3387 683 3459 Rogat
711 3405 870 3461 ergo,
904 3394 970 3444 ut
997 3389 1425 3448 confessionem
1455 3391 1715 3447 veritatis
1745 3393 1817 3448 de
1866 3393 1994 3464 ejus
2043 3407 2142 3448 ore
2249 3387 2521 3445 mittitur.
2556 3389 2598 3444 Β
2630 3391 2748 3446 Ista
2769 3407 2906 3464 ergo
2935 3387 3054 3446 vita
3083 3406 3210 3463 quae
3245 3391 3340 3448 hic
3367 3391 3424 3448 in
3454 3407 3568 3463 spe,
3597 3387 3697 3444 illic
3717 3385 3824 3440 inre

495 3475 669 3533 nulla
701 3493 902 3550 paena,
935 3475 1136 3533 nullus
1159 3481 1347 3535 terror
1373 3481 1838 3552 extorqueat,sed
1867 3485 2139 3537 constan-
2249 3477 2588 3551 percipitur,
2618 3478 2777 3534 olivae
2809 3478 3043 3536 nomine
3071 3496 3252 3552 quam
3282 3479 3378 3536 Zai
3410 3479 3590 3535 littera
3614 3473 3826 3544 designat

496 3569 585 3624 ter
611 3564 670 3622 in
702 3565 816 3622 ﬁde
847 3569 1101 3622 maneat.
1135 3565 1327 3639 Iniqui
1357 3567 1514 3624 enim
1545 3585 1679 3624 cum
1732 3569 2138 3638 molestantur,
2249 3567 2622 3640 exprimitur;
2657 3568 2794 3641 quia
2839 3573 2896 3624 et
2945 3567 3038 3624 hic
3086 3573 3425 3625 sanctorum
3475 3566 3634 3623 facies
3656 3557 3825 3619 exhila-

495 3655 838 3728 desperant;
871 3653 1061 3711 sancti
1091 3657 1286 3712 autem
1334 3655 1443 3711 viri
1474 3657 1522 3713 si
1571 3657 1932 3730 afﬂigantur,
1975 3675 2140 3732 spem
2250 3659 2414 3712 ratur
2461 3655 2520 3711 in
2571 3655 2719 3720 oleo,
2767 3660 2826 3712 et
2873 3655 2990 3714 illic
3039 3657 3356 3729 perfectius
3401 3655 3634 3728 Spiritus
3681 3645 3824 3706 sancti

495 3743 686 3818 magis
713 3760 832 3800 suae
863 3741 1192 3799 dilectionis
1213 3742 1525 3816 accipiunt.
2249 3749 2465 3815 aeterna
2494 3745 2718 3802 visione
2749 3744 3330 3818 piugucscit.Nomen
3355 3750 3543 3800 autem
3566 3735 3827 3798 fornicatio-

562 3835 610 3890 Α
627 3833 669 3888 C
690 3832 802 3890 Sed
819 3831 1877 3908 cumdicit,usquequaque,signiﬂcat
1901 3837 2140 3894 verbum
2250 3833 2344 3890 nis
2368 3833 2637 3907 congruit
2661 3834 3066 3907 peccatoribus
3115 3832 3644 3908 derelinquentibus
3684 3826 3825 3897 legem

493 3921 755 3979 veritatis
777 3921 850 3978 ad
872 3925 1106 3994 tempus
1136 3919 1431 3994 aliquibus
1459 3921 1640 3979 fuisse
1661 3921 2019 3992 ablatum,ut
2043 3927 2138 3984 Pe-
2251 3923 2500 3980 Domini.

469 4005 583 4068 'tro
614 4015 702 4068 ter
731 4009 1098 4084 neganti,sed
1131 4025 1244 4066 non
1277 4027 1700 4083 usquequaque
1729 4011 1990 4069 ablatum
2027 4014 2139 4072 sibi
2657 4018 2694 4068 Β
2721 4011 2838 4079 Zai,
2871 4011 3020 4068 oliva
3049 4011 3136 4068 vel
3169 4011 3494 4068 fornicatio.

492 4099 867 4174 fuit,quando
897 4097 1130 4172 culpam
1153 4097 1385 4156 ﬂetibus
1406 4099 1580 4155 diluit
1599 4105 1655 4157 et
1675 4103 1986 4178 sanguinis
2005 4105 2142 4162 eﬁ'u-
2321 4101 2364 4156 B
2394 4102 2464 4156 Et
2489 4100 2631 4173 quia
2660 4101 3014 4174 septiformis
3051 4105 3141 4158 est
3185 4101 3444 4174 Spiritus
3473 4096 3643 4156 sancti
3670 4087 3830 4168 gratia.

493 4191 660 4248 sione
687 4188 1012 4247 mundavit.
2249 4195 2403 4246 recte
2432 4190 2683 4262 septima
2711 4188 2906 4245 littera
2931 4190 3219 4245 vocitatur
3246 4190 3380 4248 oliv.

494 4282 563 4338 44
633 4281 708 4336 Et
726 4279 1027 4336 custodiam
1057 4278 1230 4350 legem
1259 4282 1414 4334 tuam
1439 4295 1651 4352 semper
1683 4297 1696 4336 :
2249 4279 2321 4334 49
2391 4280 2592 4336 Memor
2617 4287 2724 4335 esto
2755 4279 2902 4335 verbi
2928 4280 3013 4334 tui
3037 4295 3190 4335 servo
3221 4286 3317 4335 tuo

634 4370 701 4426 In
725 4367 999 4426 saeculum
1024 4375 1076 4424 et
1103 4369 1162 4424 in
1191 4369 1458 4425 saeculum
1501 4375 1556 4436 -ἐι
1580 4371 1779 4426 saeculi
1817 4374 1866 4437 ζ.
2388 4369 2451 4424 1η
2483 4383 2588 4441 quo
2615 4368 2757 4424 mihi
2777 4383 2927 4440 spem
2954 4367 3167 4424 dedisti.

563 4457 606 4514 C
633 4456 938 4514 Custodire
967 4473 1030 4513 se
1057 4455 1246 4528 legem
1277 4455 1418 4512 dicit
1445 4457 1674 4514 Domini
1715 4475 1964 4532 semper,
1999 4459 2139 4534 quia
2319 4461 2358 4512 C
2381 4457 2461 4512 Ex
2490 4457 2751 4514 humana
2779 4456 3223 4526 consuetudine,
3259 4473 3484 4514 memor
3509 4456 3641 4520 esto,
3661 4444 3828 4503 dicitur

489 4546 550 4602 in
582 4545 712 4619 ipsa
736 4543 951 4601 variari
981 4543 1298 4600 nefandum
1329 4549 1439 4601 est.
1473 4545 1770 4602 Interdum
1791 4563 2024 4620 semper
2043 4567 2138 4622 po-
2168 4557 2214 4624 Ι)
2243 4546 2380 4615 Deo,
2414 4545 2512 4618 qui
2545 4543 2714 4601 nihill
2746 4549 2935 4618 potest
2964 4544 3260 4602 ullatenus
3289 4543 3567 4603 oblivisci.
3598 4540 3708 4596 Non
3724 4546 3828 4604 ergo

489 4635 653 4692 nitur
682 4649 869 4706 usque
897 4633 971 4688 ad
1000 4631 1177 4689 ﬁnem
1209 4631 1388 4704 hujus
1418 4633 1612 4689 saaculi
1631 4635 1760 4691 :sed
1783 4634 1878 4692 hic
1898 4653 2031 4693 cum
2053 4637 2137 4694 di-
2244 4634 2352 4690 hoc
2381 4633 2687 4707 dicit,quia
2715 4634 2960 4707 dignum
2991 4638 3115 4690 erat
3134 4633 3194 4690 in
3217 4633 3320 4691 illa
3341 4633 3632 4706 majestate
3658 4633 3826 4699 ponere

487 4723 566 4782 cit
586 4723 646 4780 in
669 4721 946 4780 saeculum
968 4719 1353 4789 saculi,illam
1375 4720 1798 4794 perennitatem
1817 4723 2130 4798 signiﬁcat,
2243 4722 2520 4796 injuriam
2553 4722 2879 4792 oblivionis,
2914 4724 3016 4779 sed
3056 4728 3420 4796 precatur,ut
3447 4723 3555 4779 cito
3581 4730 3724 4773 servo
3748 4723 3829 4804 suo

486 4829 615 4887 quas
647 4829 762 4868 non
789 4809 966 4868 habet
993 4811 1192 4866 ﬁnem.
1225 4810 1393 4866 Novit
1441 4810 1600 4866 enim
1647 4812 2132 4871 consuetudinem
2241 4813 2501 4869 conferat
2530 4811 3000 4885 promissionem,
3034 4829 3210 4884 quam
3242 4811 3304 4868 in
3337 4805 3634 4883 Evangelio
3661 4811 3829 4876 promi-

484 4900 828 4976 angelorum
875 4898 1094 4966 saeculi,
1130 4897 1294 4956 illam
1342 4899 1768 4973 perennitatem
1815 4900 2130 4974 signiﬁcat,
2241 4903 2336 4958 sit.
2370 4901 2530 4958 Beati
2561 4900 2661 4973 qui
2687 4899 2908 4974 lugent,
2943 4901 3224 4972 quoniam
3268 4901 3382 4974 ipsi
3431 4891 3831 4976 consolabuntur

486 4973 645 5047 dare.
1876 4973 1895 4974 ί
2118 4973 2122 4974 ν
2241 4991 2392 5062 (Μαι.
2421 4990 2677 5062 v).Servo
2708 4973 2829 5054 tuo,
2859 4973 3334 5046 subaudiendum
3367 4986 3599 5060 implere
3625 4973 3828 5055 promis-

486 5079 558 5135 45
629 5081 694 5134 Et
721 5079 1074 5135 ambulabam
1105 5080 1160 5134 in
1189 5077 1480 5135 latitudine
1511 5096 1524 5134 :
2241 5095 2374 5134 sum
2405 5078 2466 5134 In
2498 5095 2612 5150 quo
2635 5078 2776 5134 mihi
2801 5078 2882 5150 (id
2915 5083 3006 5134 est
3032 5077 3088 5134 in
3120 5077 3472 5146 illa,scilicet
3497 5063 3827 5148 promissio“e

629 5167 772 5236 Quia
794 5167 1057 5222 mandata
1085 5175 1180 5223 tua
1207 5167 1496 5240 exquisivi.
2239 5167 2396 5224 verbi
2428 5167 2536 5236 tui)
2566 5185 2731 5240 spem
2763 5167 2995 5224 dedisti.

555 5253 599 5310 C
628 5253 899 5310 Latitudo
929 5258 1124 5310 autem
1155 5255 1268 5310 ista
1295 5259 1384 5311 est
1413 5254 1687 5322 charitas,
1720 5255 1790 5311 de
1821 5275 1938 5330 qua
1982 5259 2132 5314 scri-
2237 5258 2310 5312 50
2380 5259 2508 5314 H.730
2535 5273 2622 5312 me
2649 5257 2925 5313 consulatu
2953 5265 3029 5312 est
3060 5258 3118 5311 in
3148 5255 3460 5312 humilitate
3487 5267 3600 5308 mea
3628 5265 3640 5302 :

485 5347 652 5417 ptum
673 5346 790 5398 est.
805 5341 1072 5398 Charitas
1089 5341 1189 5398 Dei
1208 5342 1422 5400 diﬁ‘usa
1433 5348 1522 5400 est
1541 5343 1598 5400 in
1618 5344 1892 5401 cordibus
1912 5347 2130 5403 nostris
2381 5349 2529 5419 Quia
2556 5347 2834 5418 eloquium
2858 5354 3015 5402 tuum
3041 5346 3340 5418 viviﬁcavit
3371 5360 3478 5400 me.

483 5431 740 5505 (Rom.v).
774 5432 959 5496 Quam
993 5430 1120 5487 idco
1147 5431 1378 5498 meruit,
1413 5432 1552 5506 quia
1598 5434 2008 5490 mandatorum
2040 5435 2127 5491 in-
2308 5435 2350 5491 C
2380 5435 2523 5490 Cum
2555 5435 2696 5490 dicit
2725 5434 2846 5490 haec
2879 5451 2971 5490 me
2999 5433 3293 5491 cohsolata
3314 5437 3425 5502 est,
3450 5424 3687 5488 ostendit
3709 5419 3830 5475 inter

481 5519 862 5593 telligeutiam
894 5517 1228 5592 quaesivit.“
1263 5519 1580 5593 Diligenter
1607 5522 1764 5578 enim
1793 5523 2127 5594 exquisivit,
2241 5540 2535 5580 mrumnas
2566 5521 2901 5592 szeculi,hoc
2927 5523 3038 5580 sibi
3069 5523 3248 5580 fuisse
3279 5519 3473 5577 solatii
3505 5537 3519 5575 :
3551 5521 3612 5572 ut
3639 5514 3688 5568 in
3717 5521 3829 5581 prm'

480 5614 540 5667 et
567 5613 866 5666 scrutatus
895 5611 985 5666 est
1013 5608 1085 5666 ad
1118 5607 1246 5678 hoc,
1279 5613 1346 5666 ut
1386 5609 1646 5668 crederet
1674 5615 1730 5668 et
1752 5611 2123 5685 intelligeret.
2236 5611 2384 5670 senti
2417 5612 2535 5669 vita
2566 5612 3004 5686 amigeretur,et
3023 5613 3096 5670 de
3117 5612 3314 5670 futura
3335 5605 3702 5684 promissione
3719 5609 3829 5670 gall-
