3986 6164
222 304 324 368 437
1425 292 1837 360 EXPOSITIO
1878 289 2365 357 PSALMORUM
2375 336 2390 353 .

222 444 377 502 deret.
405 438 464 496 In
492 432 823 495 humilitate
848 451 861 492 :
883 433 1023 509 quia
1051 436 1255 492 sancta
1290 431 1572 506 probatur
1594 430 1832 488 humili-
1862 428 1917 497 Α

219 538 296 591 tas
320 529 500 588 omnia
518 544 621 601 pro
643 526 872 583 Christo
902 525 1188 599 patienter
1212 523 1521 581 sustinere.
1546 523 1694 589 Quia
1716 520 1830 579 elo-

218 623 397 697 quium
427 622 584 674 tuum
614 614 944 672 viviﬁcavit.
972 615 1223 671 Causam
1261 612 1680 670 consolationis
1709 628 1829 668 sua:

216 710 358 786 ponit
386 727 399 766 :
428 704 730 781 promissio
759 705 975 777 quippe
1004 702 1150 760 tanti
1174 702 1395 774 judicis
1426 701 1679 757 ﬁrmavit
1705 699 1829 756 ani-

215 816 350 857 mam
379 795 741 866 sustinentis,
771 798 829 850 et
875 809 1009 866 spes
1062 791 1479 850 consolationis
1522 789 1832 847 viviﬁcavit

215 889 485 946 afﬂictum.

214 980 267 1036 51
335 976 557 1049 Superbi
586 977 776 1047 inique
802 974 1033 1045 agebant
1061 986 1464 1044 usquequaque.

334 1068 369 1123 Α
401 1067 514 1136 lege
537 1071 593 1130 ξ-
627 1071 810 1120 autem
836 1078 849 1116 :
879 1067 978 1118 tua
1005 1077 1116 1117 non
1145 1060 1437 1116 declinavi.

272 1159 308 1213 ϐ
333 1155 641 1228 Supenbos,
666 1153 725 1209 id
756 1156 845 1209 est
875 1150 1164 1224 malignos
1195 1152 1369 1222 atque
1398 1151 1677 1222 tyrannos
1702 1163 1832 1204 cru-
1938 1151 2011 1205 57

216 1247 394 1302 deliter
412 1243 601 1317 egisse
622 1244 1045 1299 cammemorat
1066 1255 1080 1294 :
1106 1238 1208 1312 qui
1236 1254 1352 1294 non
1385 1236 1710 1293 viviﬁcandi
1732 1235 1834 1292 sed

216 1335 385 1409 potius
410 1330 800 1388 mortiﬁcandi
832 1332 990 1385 sunt.
1021 1330 1069 1385 A
1092 1326 1219 1400 lege
1249 1330 1351 1383 tua
1381 1343 1496 1382 non
1527 1324 1832 1394 declinavi,

213 1424 405 1480 scilicet
450 1426 516 1478 ut
562 1420 648 1476 illi
692 1420 1000 1492 putabant,
1050 1417 1152 1489 qui
1200 1415 1700 1488 persequebantur
1745 1413 1834 1469 in-

214 1513 428 1571 noxios:
458 1511 568 1568 sed
607 1507 979 1583 signiﬁcabat
1026 1523 1090 1562 se
1137 1506 1198 1561 in
1247 1504 1507 1561 veritatis
1547 1502 1837 1560 mansisse

3456 277 3594 379 ’4³⁸

2123 445 2529 487 ARGUMENTUM
2560 441 2926 491 SEQUENTIUM
2951 437 3090 482 OCTO
3116 436 3414 480 VERSUUM.

2006 522 2053 577 A
2084 522 2126 576 Β
2155 522 2376 593 Agmen
2409 520 2645 575 beatum
2675 515 2970 572 desiderat
3006 513 3200 571 videre
3250 512 3459 569 faciem
3489 508 3596 566 Do-

1940 610 2084 667 mini
2111 630 2123 667 :
2148 611 2286 684 quia
2314 611 2443 681 ejus
2474 606 2768 663 mandatis
2790 605 3053 661 noscitur
3073 604 3441 659 obsecutum.
3466 599 3508 654 Β
3527 599 3597 654 Et

1939 700 2079 774 quia
2108 701 2216 757 hoc
2247 697 2604 755 desiderium
2646 696 2706 751 in
2738 692 3181 751 resurrectionis
3210 690 3395 766 gloria
3424 688 3596 763 perﬁ-

1940 790 2142 861 cietur,
2176 794 2379 847 octava
2405 787 2621 854 littera,
2645 786 2774 841 vita;
2804 781 3087 839 vocabulo
3118 781 3353 855 gaudet.

2510 877 2557 933 H
2589 876 2632 931 B
2665 873 2808 931 Heth
2840 891 2853 929 :
2884 872 3023 928 vita.

2012 969 2159 1026 Heth
2191 968 2309 1025 vita
2338 985 2351 1024 :
2386 984 2514 1040 qua:
2548 967 2606 1021 in
2633 962 2846 1020 divinis
2897 958 3213 1033 Scripturis
3260 954 3548 1029 reperitur
3580 974 3592 1011 :

1941 1059 2043 1132 qui
2071 1063 2161 1116 est
2187 1058 2475 1114 Christus.

2082 1150 2270 1204 Portio
2298 1162 2421 1202 mea
2450 1145 2676 1201 Domine
2708 1160 2720 1199 :

2085 1239 2219 1294 Dixi
2236 1236 2508 1292 custodire
2539 1234 2712 1303 legem
2735 1240 2906 1287 tuam.

2015 1326 2057 1382 C
2082 1325 2276 1383 Portio
2308 1342 2340 1380 a
2373 1327 2539 1397 parte
2569 1321 2725 1377 dicta
2753 1324 2842 1376 est
2869 1337 2881 1375 :
2916 1317 3076 1373 illius
3103 1316 3259 1373 enim
3290 1315 3474 1389 partis
3503 1330 3598 1371 su-

1946 1433 2101 1484 mus,
2145 1415 2317 1487 cujus
2366 1410 2766 1469 voluntatibus
2804 1406 3151 1464 obedimus:
3185 1405 3341 1461 unde
3388 1403 3595 1459 merito

1946 1506 2133 1579 portio
2165 1505 2396 1578 piorum
2427 1507 2580 1557 Deus
2611 1498 2844 1555 dicitur.
2877 1496 3027 1564 Dixi,
3059 1495 3116 1550 id
3147 1497 3255 1561 est,
3278 1491 3479 1558 statui,
3504 1491 3599 1548 de-

205 1603 397 1675 jugiter
422 1598 737 1658 sententia.

209 1693 267 1748 52
328 1691 526 1747 Hemor
550 1690 642 1761 fui
665 1686 997 1755 iudiciorum
1016 1692 1236 1741 tuorum
1264 1700 1296 1739 a
1326 1682 1548 1747 saeculo,
1573 1682 1833 1738 Domine:

328 1781 387 1836 Et
414 1778 727 1836 consolatus
754 1792 898 1833 sum.

268 1869 304 1925 C
329 1869 552 1925 Memor
571 1870 661 1923 est
674 1864 1035 1939 judiciorum
1059 1881 1072 1919 :
1099 1861 1201 1936 qui
1224 1859 1540 1935 plectibilis
1561 1878 1676 1917 non
1700 1877 1839 1933 prae-

213 1958 367 2015 sumit
382 1960 720 2032 perpetrare
738 1958 995 2028 peccata.
1011 1951 1158 2019 Quia
1178 1954 1337 2007 metu
1357 1966 1662 2024 poenarum
1679 1965 1839 2005 revo-

212 2052 367 2113 catur,
393 2046 492 2120 qui
525 2042 757 2102 Domini
778 2041 991 2116 judicii
1020 2040 1381 2097 recordatur.
1404 2041 1450 2094 A
1480 2037 1691 2094 saeculo
1717 2057 1729 2095 :
1760 2038 1838 2094 si-

210 2136 415 2210 gniﬁcat
443 2151 589 2191 cum
610 2131 1012 2189 administrari
1034 2132 1257 2202 emptus
1278 2132 1365 2183 est
1387 2128 1665 2183 mundus.
1692 2126 1838 2183 Con-

1945 1594 2098 1652 crevi
2127 1598 2301 1666 atque
2327 1589 2592 1665 promisi,
2624 1590 2915 1660 praecepta
2943 1584 3043 1640 Dei
3070 1598 3299 1639 servare
3327 1598 3340 1636 :
3374 1580 3529 1636 unde
3542 1583 3601 1635 et

1946 1687 2138 1741 factus
2162 1685 2253 1740 est
2281 1682 2341 1737 in
2373 1678 2602 1736 Domini
2636 1676 2920 1751 portione.

1865 1807 1915 1873 Β
1944 1777 2015 1832 58
2088 1776 2413 1845 Deprecatus
2440 1786 2561 1825 sum
2584 1768 2784 1840 faciem
2810 1772 2961 1821 tuam
2986 1764 3043 1819 in
3077 1769 3181 1819 toto
3211 1760 3372 1818 corde
3400 1775 3519 1815 meo
3544 1775 3560 1821 _:

2087 1864 2341 1920 Miserere
2370 1861 2479 1915 mei
2505 1856 2810 1914 secundum
2836 1853 3114 1925 eloquium
3144 1855 3321 1906 tuum.

2017 1954 2059 2010 C
2090 1950 2352 2008 Postulat
2379 1948 2537 2003 enim
2560 1944 2725 2018 plebs
2749 1940 2938 1997 ﬁdelis
2957 1940 3167 1995 debere
3197 1934 3476 2009 compleri
3498 1933 3602 1989 mi-

1948 2040 2325 2100 sericordiam
2357 2038 2641 2093 adventus
2670 2029 2905 2098 Christi,
2930 2045 3045 2102 quo
3095 2027 3315 2083 mundo
3374 2026 3602 2097 poterat

1949 2129 2225 2190 salutaris
2253 2142 2551 2201 apparere.
2578 2120 2915 2179 Secundum
2946 2116 3267 2190 eloquium,
3305 2113 3451 2169 illud
3482 2111 3598 2167 sci-

210 2224 406 2282 δοιιιῐιιε
434 2240 575 2280 sum
602 2240 615 2278 ε
639 2220 782 2294 quia
828 2236 1131 2291 nunquam
1162 2215 1379 2273 deserit
1416 2215 1840 2290 SUOSJamUIOS
1946 2221 2083 2278 licet
2110 2236 2224 2293 quo
2256 2200 2544 2290 promittit
2581 2210 2802 2268 sanctis
2831 2222 3002 2265 suam
3053 2205 3285 2260 beatam
3334 2200 3512 2257 nimis
3545 2202 3602 2256 et

209 2314 378 2371 divina
400 2313 619 2369 virtus.

206 2404 265 2459 53
328 2404 570 2475 Deiectio
600 2403 777 2458 tenuit
801 2415 887 2456 me
910 2415 1011 2472 pro
1039 2396 1417 2470 peccatoribus
1450 2413 1463 2452 :

327 2490 850 2563 Derelinquentibus
881 2489 1052 2561 legem
1080 2495 1251 2543 tuam.

263 2582 299 2638 C
322 2581 573 2638 Necesse
602 2583 693 2636 est
724 2578 906 2645 enim,
936 2581 1000 2632 ut
1046 2578 1318 2632 sanctum
1363 2574 1555 2629 virum
1605 2571 1844 2630 alterius

205 2670 357 2744 culpa
396 2668 731 2735 contristet,
756 2671 813 2723 et
854 2684 916 2722 se
963 2664 1159 2722 dolore
1189 2663 1470 2720 defecisse
1499 2663 1675 2732 dicat,
1700 2663 1843 2719 dum

207 2759 413 2815 animus
430 2760 577 2832 pius
588 2757 883 2814 desiderat
899 2754 1089 2810 salvos
1106 2752 1226 2809 ﬁeri
1249 2751 1549 2808 universos
1566 2769 1578 2807 :
1594 2755 1653 2808 et
1667 2764 1843 2824 quem

207 2865 307 2904 non
325 2852 483 2920 optat
522 2841 1133 2916 excedere,afﬂigitur,
1148 2858 1283 2897 cum
1316 2840 1365 2896 ei
1399 2858 1600 2913 poenas
1631 2857 1844 2914 cogno-

208 2938 334 2992 verit
358 2935 673 2992 imminere
694 2952 708 2991 :
733 2934 886 2990 unde
903 2936 1107 2990 sancta
1127 2930 1335 2986 cohors
1356 2933 1702 3003 martyrum,
1728 2947 1844 2986 non

211 3029 415 3082 tantum
446 3024 644 3098 pomis
686 3023 832 3093 suis,
857 3024 1145 3094 quantum
1178 3018 1497 3092 tyrannicis
1535 3008 1845 3091 torqueba-

210 3118 292 3170 tur
314 3114 671 3171 excessibus.
695 3112 741 3168 H
766 3112 897 3168 Ideo
921 3128 1036 3167 non
1058 3108 1183 3165 vult
1204 3125 1561 3181 quemquam
1583 3124 1842 3181 peccare,

210 3204 296 3260 sed
326 3221 530 3261 omnes
561 3202 727 3276 cupit
754 3202 907 3257 viam
937 3198 1200 3256 veritatis
1228 3213 1562 3271 agnoscere.

210 3294 269 3348 54
335 3292 654 3349 Cantabiles
679 3291 823 3347 mihi
847 3296 1006 3346 erant
1026 3287 1445 3360 justiﬁcationes
1475 3292 1587 3343 tua:
1619 3304 1631 3342 :

332 3384 395 3438 In
423 3383 541 3439 loco
569 3379 1036 3454 peregrinationis
1061 3391 1220 3435 meae.

270 3470 307 3526 C
321 3471 462 3527 Cum
474 3465 958 3527 dicitcantabiles
973 3482 987 3521 :
1004 3464 1295 3539 signiﬁcat
1311 3462 1703 3536 psalmodiam
1716 3480 1849 3519 cum

213 3574 404 3632 magna
418 3556 809 3615 delectatione
840 3553 1252 3628 peragendam.
1277 3555 1495 3608 Cantus
1526 3550 1683 3607 enim
1706 3569 1854 3608 sem-

214 3664 301 3719 per
326 3648 543 3705 relevat
569 3645 822 3714 labores,
856 3649 914 3701 et
943 3659 1058 3699 non
1090 3641 1232 3699 sinit
1273 3641 1579 3712 subripere
1614 3641 1853 3697 tasdium

215 3738 410 3793 animo.
435 3738 633 3794 Locus
653 3731 1157 3809 peregrinationis,
1181 3735 1271 3786 est
1294 3730 1552 3786 mundus
1572 3731 1670 3785 ub1
1692 3747 1855 3803 pere-

214 3827 506 3897 grinantur
535 3841 745 3881 omnes
772 3823 871 3896 qui
902 3820 1149 3878 Domino
1174 3819 1403 3874 Christo
1431 3818 1620 3874 devoti
1648 3824 1804 3874 sunt.

215 3917 277 3971 55
338 3918 541 3973 Memor
568 3915 662 3986 fui
690 3915 749 3969 in
774 3920 925 3969 nocte
952 3912 1194 3967 nominis
1223 3909 1327 3975 tui,
1358 3909 1585 3964 Domine
1615 3925 1627 3963 :

339 4007 401 4061 Et
429 4003 708 4061 custodivi
736 4003 907 4071 legem
939 4004 1111 4055 tuam.

279 4098 320 4151 Α
346 4096 386 4151 C
413 4094 524 4150 Per
550 4095 782 4149 noctem
806 4089 1098 4146 mundum
1130 4087 1312 4143 istum
1339 4084 1659 4159 signiﬁcari
1690 4103 1863 4159 posse

220 4200 320 4239 non
344 4184 599 4239 dubium
630 4184 740 4246 est,
758 4180 817 4235 in
842 4195 958 4251 quo
990 4180 1356 4250 peccatorum
1384 4178 1589 4248 regnat
1608 4176 1864 4232 obscuri-

220 4278 319 4328 tas.
335 4274 377 4330 C
393 4273 507 4329 Sed
533 4271 766 4327 utinam
787 4268 987 4326 oculos
1006 4281 1314 4338 corporeos
1336 4264 1650 4332 clauderet,
1671 4268 1728 4321 et
1746 4282 1863 4321 non

222 4362 396 4417 cordis
420 4358 657 4416 lumina
685 4356 1075 4432 periculosius
1114 4357 1441 4411 excaecaret.
1466 4354 1531 4408 In
1568 4352 1676 4409 hac
1706 4354 1864 4409 enim

225 4454 374 4506 nocte
398 4465 633 4506 memor
661 4451 750 4504 est
778 4444 1036 4503 nominis
1061 4444 1162 4500 Dei
1188 4461 1201 4499 :
1224 4442 1325 4515 qui
1369 4440 1649 4498 beneﬁcia
1677 4441 1866 4515 ipsius

1949 2304 2469 2382 incomparabilem
2502 2318 2604 2374 per
2636 2297 2835 2355 omnia
2862 2294 3169 2352 visionem.

1949 2401 2020 2455 59
2095 2395 2339 2467 Cogitavi
2366 2395 2485 2449 vias
2516 2406 2663 2446 meas
2695 2406 2708 2445 :

2094 2491 2158 2544 Et
2185 2484 2429 2543 converti
2453 2480 2610 2554 pedes
2638 2493 2782 2533 meos
2813 2476 2875 2532 in
2904 2472 3219 2530 testimonia
3251 2478 3368 2525 tua.

2023 2582 2065 2636 C
2087 2576 2363 2634 Ordinem
2383 2572 2654 2628 humana:
2677 2562 3134 2623 conversationis
3157 2557 3411 2631 exponit.
3435 2554 3605 2612 Prius

1952 2669 2111 2726 enim
2139 2671 2228 2723 est
2255 2664 2379 2720 vias
2412 2677 2550 2717 suas
2580 2656 2853 2730 cogitare,
2886 2653 2942 2708 id
2987 2654 3078 2707 est
3106 2653 3275 2706 actus
3315 2647 3608 2703 humanos

1953 2756 2280 2815 districtius
2312 2766 2578 2825 pensare,
2613 2752 2670 2803 et
2708 2745 2791 2801 sic
2819 2743 2892 2799 ad
2936 2737 3166 2797 Domini
3195 2736 3477 2794 mandata
3506 2750 3609 2805 pe-

1954 2847 2057 2902 des
2090 2859 2230 2900 suos
2261 2821 2593 2896 convertere
2622 2852 2634 2889 :
2664 2833 2724 2889 in
2752 2831 2968 2904 quibus
3000 2829 3050 2883 si
3080 2826 3295 2898 aliquis
3323 2821 3608 2889 ambulat,

1956 2937 2147 3009 potest
2176 2934 2348 2986 ﬁrma
2384 2926 2597 2982 habere
2627 2921 2893 2992 vestigia.
2936 2916 3194 2975 Dicendo
3227 2914 3403 2987 pedes
3448 2926 3611 2967 meos

1954 3006 2208 3080 converti
2240 3036 2252 3075 :
2286 3015 2541 3073 ostendit
2572 3011 2845 3085 primitus
2876 3006 3058 3063 fuisse
3086 3018 3409 3077 perversos.

1951 3115 2024 3169 60
2095 3112 2332 3166 Paratus
2359 3121 2481 3159 sum
2509 3110 2561 3158 et
2588 3117 2700 3156 non
2732 3115 2857 3154 sum
2885 3096 3136 3152 turbatus
3162 3110 3181 3147 :

2102 3202 2168 3257 Ut
2193 3194 2493 3254 custodiam
2521 3189 2785 3245 mandata
2814 3193 2927 3242 tua.

2028 3295 2068 3345 C
2096 3290 2372 3345 Paratum
2414 3298 2475 3338 se
2518 3280 2589 3336 ad
2642 3279 2926 3351 praecepta
2953 3270 3056 3330 Dei
3099 3267 3482 3327 custodienda
3511 3264 3612 3322 ille

1958 3382 2225 3444 testatur,
2245 3374 2344 3447 qui
2391 3387 2495 3427 nec
2526 3368 2923 3442 persecutores
2953 3360 3181 3427 metuit,
3212 3361 3271 3416 et
3306 3356 3611 3413 illecebras

1959 3469 2140 3541 hujus
2162 3463 2354 3521 smculi
2377 3479 2411 3516 a
2432 3459 2556 3515 suis
2578 3454 2850 3512 sensibus
2874 3450 3168 3525 eﬁ‘uguvit.
3191 3449 3318 3506 Non
3340 3462 3472 3504 sum
3496 3448 3613 3501 tur-

1962 3533 2158 3625 batus,
2182 3554 2251 3610 ad
2283 3547 2718 3607 tribulationem
2753 3541 3162 3601 sustinendam
3195 3541 3428 3611 propter
3446 3533 3612 3592 Chri-

1964 3655 2121 3706 stum
2155 3639 2494 3717 (improvisa
2534 3636 2689 3693 enim
2722 3633 3116 3690 conturbant:
3151 3628 3253 3685 sed
3297 3625 3618 3682 deliberata

1966 3713 2539 3794 sententiaanimum
2563 3721 2892 3799 perturbari
2910 3737 3024 3776 non
3041 3718 3229 3785 sinit.)
3242 3715 3420 3772 Infert
3438 3713 3615 3771 etiam

1967 3828 2039 3884 ad
2071 3822 2227 3899 quod
2260 3823 2526 3893 paratum
2562 3832 2621 3871 se
2659 3829 2788 3869 esse
2825 3810 3072 3876 dicebat,
3107 3805 3328 3864 scilicet
3358 3808 3423 3859 ut
3451 3818 3617 3858 man-

1967 3918 2104 3972 data
2124 3912 2223 3969 Dei
2258 3906 2575 3965 custodiret
2597 3921 2610 3959 :
2635 3902 2774 3974 quia
2798 3901 2881 3956 sic
2902 3899 3125 3970 integre
3144 3899 3618 3961 servantur,cum

1967 4002 2288 4062 adversitas
2317 3995 2481 4053 nulla
2510 3990 2808 4048 metuitur.

1968 4095 2034 4149 61
2112 4092 2287 4146 Funes
2315 4090 2651 4157 peccatorum
2680 4076 3043 4149 circumplcxi
3070 4081 3198 4128 sunt
3224 4088 3311 4127 me
3344 4088 3357 4126 :

2110 4186 2165 4245 ξ-
2188 4179 2267 4232 Et
2310 4181 2322 4240 ξ
2365 4175 2533 4245 legem
2558 4179 2710 4225 tuam
2739 4184 2849 4223 non
2877 4182 2999 4221 sum
3025 4162 3245 4220 oblitus.

2044 4272 2085 4324 C
2110 4243 2253 4323 Cum
2284 4243 2428 4320 dicit
2466 4260 2637 4315 funes
2688 4260 3056 4329 peccatorum
3096 4269 3109 4308 :
3143 4246 3397 4306 ostendit
3425 4249 3513 4301 tot
3540 4243 3625 4300 la-

1974 4374 2156 4434 queos
2181 4370 2329 4416 esse,
2361 4352 2501 4423 quot
2545 4348 2781 4421 peccata
2823 4340 3287 4399 committimus:
3313 4339 3371 4392 et
3398 4335 3507 4389 boc
3537 4349 3625 4388 re-

1977 4423 2280 4506 ferendum
2305 4445 2396 4496 est
2426 4439 2499 4495 ad
2530 4434 2789 4507 corporis
2812 4430 3176 4505 pravitatem,
3199 4426 3324 4482 ﬁeri
3353 4423 3511 4481 enim
3532 4437 3630 4495 po-

225 4555 329 4595 non
358 4540 485 4595 suis
516 4536 769 4603 meritis,
793 4535 895 4592 sed
942 4531 1155 4589 divinis
1187 4529 1533 4586 muneribus
1575 4512 1865 4603 applicat:
1898 4552 1944 4617 D
1978 4537 2092 4595 tuit,
2122 4540 2186 4591 ut
2215 4548 2349 4588 caro
2389 4528 2736 4585 delictorum
2791 4520 3029 4578 funibus
3071 4518 3370 4591 ligaretur,
3395 4512 3629 4570 animus

228 4632 278 4682 et
300 4628 538 4700 per'hoc
571 4627 760 4701 legem
786 4623 887 4681 Dei
918 4620 1193 4679 custodit.
1211 4623 1257 4677 Α
1277 4618 1366 4675 vel
1392 4619 1452 4675 in
1480 4623 1649 4675 nocte
1679 4621 1872 4677 adver-

1982 4631 2177 4684 autem
2200 4617 2505 4677 incentivis
2525 4612 2682 4671 vitiis
2712 4610 3027 4676 reluctans,
3048 4607 3194 4681 legis
3227 4603 3323 4662 Dei
3345 4620 3459 4659 non
3484 4599 3629 4656 fuis-

228 4693 407 4775 sitatis
438 4736 452 4773 :
490 4716 590 4772 ubi
624 4693 814 4788 magis
844 4711 1064 4787 gratias
1113 4726 1283 4783 agere
1311 4713 1540 4781 oportet
1587 4726 1764 4781 quam
1809 4709 1868 4765 in
1980 4720 2067 4773 set
2096 4710 2333 4770 oblitus.
2358 4708 2549 4763 Funes
2581 4707 2797 4769 autem,
2821 4704 2960 4755 sunt
2983 4695 3269 4770 implicita
3291 4697 3348 4749 et
3368 4693 3633 4747 tortuosa

230 4804 314 4861 die
342 4804 771 4880 prosperitatis.

229 4895 293 4949 56
359 4897 489 4953 Hac
513 4897 668 4968 facta
695 4906 773 4951 est
800 4892 942 4947 mihi
973 4908 986 4947 :

363 4985 507 5053 Quia
528 4984 952 5056 justiﬁcationes
982 4984 1103 5035 tuas
1132 4977 1424 5050 exquisivi.

296 5075 334 5127 C
356 5072 510 5141 Hac,
536 5072 758 5131 scilicet
777 5088 892 5128 nox
911 5070 1064 5126 facta
1087 5071 1176 5124 est
1206 5064 1372 5135 mihi,
1393 5064 1644 5121 subaudi
1676 5082 1875 5122 conso-

236 5157 683 5233 latio.Sequitur
712 5177 910 5228 causa,
927 5174 1107 5232 quare
1137 5154 1221 5211 illi
1252 5171 1366 5210 nox
1387 5153 1541 5209 facta
1567 5155 1645 5210 sit
1674 5171 1875 5211 conso-

1978 4801 2262 4878 ligamina
2294 4816 2306 4853 :
2341 4795 2484 4852 talia
2530 4792 2704 4849 etiam
2737 4793 2876 4846 sunt
2912 4790 3151 4861 peccata
3180 4782 3397 4856 quibus
3428 4795 3490 4835 se
3532 4777 3634 4833 de-

1977 4893 2312 4964 linquentes
2341 4899 2571 4954 semper
2599 4880 2954 4950 astringunt.

1981 4982 2057 5036 62
2085 4957 2101 4964 ⁵
2129 4976 2304 5033 Media
2332 4979 2483 5028 nocte
2505 4969 2794 5039 surgebam
2821 4965 2891 5021 ad
2917 4961 3283 5034 conﬁtendum
3306 4957 3412 5014 tibi
3441 4974 3459 5011 :

2129 5069 2302 5138 Super
2321 5060 2540 5135 judicia
2560 5055 2976 5130 justiﬁcationis
3007 5060 3138 5109 tuae.

2060 5158 2101 5213 C
2121 5135 2311 5212 Media
2335 5152 2501 5206 nocte
2528 5165 2541 5201 :
2575 5146 2687 5201 scit
2728 5143 2885 5199 enim
2916 5142 3025 5197 hoc
3054 5145 3315 5212 tempore
3356 5135 3642 5211 primoge-

237 5246 362 5307 latio
387 5268 401 5307 :
425 5223 571 5324 quia
598 5223 1050 5323 justiﬁcationes
1080 5250 1212 5301 tuas
1255 5241 1558 5315 exquisivi.
1579 5244 1736 5300 Tuas
1767 5243 1881 5299 dici
1990 5248 2113 5306 uita
2142 5241 2545 5317 [Egyptiorum
2585 5249 2865 5307 percussa
2894 5231 3085 5304 (Exod.
3108 5229 3240 5302 x11);
3267 5226 3379 5285 scit
3404 5223 3556 5281 Petri
3586 5226 3646 5280 et

242 5355 346 5395 non
376 5357 544 5397 meas
577 5357 590 5396 :
617 5345 673 5397 et
700 5339 831 5396 ideo
871 5336 1079 5395 mundi
1109 5333 1366 5391 tenebris
1405 5348 1520 5387 non
1564 5333 1752 5405 potuit
1779 5335 1879 5390 ob-

1990 5335 2154 5395 Pauli
2178 5311 2409 5389 vincula
2430 5323 2713 5391 resoluta;
2739 5320 2851 5378 scit
2875 5337 3109 5394 quoque
3136 5332 3421 5392 sponsum
3450 5311 3646 5369 media

140 5482 145 5489 ,
241 5429 609 5502 secari,quia
635 5429 720 5485 illi
769 5446 882 5485 nox
912 5423 1357 5483 tribulationum
1389 5421 1539 5477 facta
1569 5426 1677 5487 est,
1706 5423 1762 5479 id
1795 5428 1886 5481 est
1992 5432 2159 5485 nocte
2194 5437 2321 5480 esse
2363 5421 2673 5473 venturum
2704 5411 2841 5480 (Act.
2873 5423 3011 5483 xu):
3064 5410 3192 5466 ideo
3242 5406 3446 5463 eodem
3496 5405 3643 5456 tem-

245 5518 309 5572 ad
335 5519 651 5575 utilitatem
681 5524 739 5575 et
771 5518 1095 5592 profectum
1128 5515 1280 5570 facta
1307 5515 1416 5567 est.
1440 5510 1558 5567 Hoc
1588 5512 1744 5568 enim
1777 5513 1883 5569 ali-

246 5606 334 5663 cui
364 5607 489 5665 ﬁeri
514 5607 764 5666 dicimus
789 5606 944 5680 quod
978 5604 1131 5677 frugi
1161 5602 1246 5659 illi
1274 5605 1383 5659 est.

1993 5534 2131 5591 pore
2158 5510 2346 5583 surgit
2386 5506 2456 5563 ad
2490 5502 2715 5570 laudes,
2748 5517 2820 5556 ne
2870 5500 3023 5556 inter
3070 5500 3262 5555 fatuas
3308 5492 3564 5567 virgines
3593 5488 3646 5543 ei

1987 5576 2173 5679 ianua
2202 5576 2399 5659 clausa
2431 5594 2729 5660 remaneat
2749 5589 2966 5665 (Matth.
2988 5590 3140 5662 xxv).
3167 5587 3281 5644 Nec
3301 5586 3466 5641 vacat
3490 5576 3648 5651 quod
