4068 6160
409 267 545 330 ’139
1326 267 1392 330 S.
1439 263 1842 343 BBUNONIS
1863 256 2515 328 ‘HERBlPOLENSIS
2555 251 2936 328 EPISCOPI.
3640 269 3750 332 σω

423 395 570 458 dicit
610 399 958 476 surgebam;
989 397 1128 474 quia
1171 398 1366 474 surgit
1395 397 1496 471 qui
1553 414 1789 470 semper
1844 397 1916 453 ad
1976 397 2075 453 Dei
2105 398 2162 464 λ
2189 396 2418 470 quium,
2433 396 2576 471 quia
2602 400 2817 455 meruit
2845 393 3161 463 humiliari,
3188 395 3333 453 sicut
3355 395 3435 453 ait
3457 399 3745 471 Apostolus:

403 489 1000 564 pastionis-festinat.
1031 489 1116 546 Ad
1159 487 1581 556 cbnlitendnm,
1613 485 1669 542 id
1697 489 1806 555 est,
1840 486 1910 543 ad
1960 485 2085 541 lau-
2191 486 2531 544 Humilibus
2561 489 2756 543 autem
2787 487 2888 543 dat
2913 487 3160 560 gratiam
3194 489 3242 556 (l
3266 491 3400 544 Patr.
3422 489 3491 558 v).
3511 489 3589 556 Et,
3609 496 3750 548 utes-

409 579 683 637 dandum
707 579 935 652 judicia
955 579 1205 651 justitic
1233 577 1472 634 Christi.
2191 575 2529 634 cedentium
2555 575 2851 632 licentiam
2877 574 3188 640 cohiberet,
3212 580 3339 648 post
3361 576 3752 641 humiliationem

423 669 497 725 63
560 670 854 750 fartipr
881 677 976 740 ego
1003 684 1124 723 sum
1150 668 1400 724 omnium
1431 667 1745 723 timentium
1775 673 1870 722 te‘:

570 761 636 814 Bt
658 757 1082 815 custodientium
1103 755 1371 812 mandata
1400 764 1514 812 tua.

501 845 544 902 C
568 845 851 920 Quisquis
875 845 1032 904 enim
1057 845 1118 903 in
1145 845 1401 902 novitate
1421 845 1550 900 vitae
1572 843 1962 901 ambulaverit
1982 842 2094 899 erit

409 935 724 1012 particeps
745 934 992 992 Ch‘risti.‘
1009 935 1080 992 Et
1109 934 1414 1006 quia‘dixit
1433 932 1700 990 Omnium
1729 931 2089 1000 timentium,

433 1039 508 1080 ne
536 1022 668 1081 illos
699 1027 932 1080 tantum
965 1023 1340 1089 advertisses,
1367 1022 1466 1094 qui
1501 1021 1597 1078 Dei
1637 1022 1868 1094 judicia
1897 1020 2097 1084 servili

429 1114 642 1171 timore
673 1112 1012 1182 formidant,
1046 1111 1210 1169 addit
1237 1116 1296 1168 et
1325 1111 1782 1168 custodientium
1817 1111 2096 1167 mandata

432 1207 539 1262 tua
570 1220 583 1259 :
615 1202 717 1276 qui
749 1201 1113 1260 devotissimi
1146 1201 1624 1274 comprobantur,
1649 1201 1858 1257 timore
1887 1199 2093 1257 castis-

405 1290 585 1354 .simo
612 1295 676 1348 et
701 1300 904 1348 amere
931 1290 1275 1346 reverenda.

428 1382 506 1438 64
577 1379 953 1439 Misericordia
982 1379 1206 1436 Domini
1225 1379 1389 1450 plena
1411 1381 1489 1434 est
1518 1385 1670 1434 terra
1703 1394 1718 1434 :

576 1469 996 1542 Justiﬁcation‘es
1027 1472 1149 1524 tuas
1176 1467 1305 1523 doce
1332 1483 1436 1522 me.

2195 771 2260 811 se
2289 753 2431 810 dicit
2461 755 2591 826 ejus
2621 755 2772 810 dono
2801 752 3145 812 custodisse.

2195 846 2270 900 68
2342 845 2525 900 Bonus
2555 860 2609 900 es
2637 844 2694 899 iu
2726 861 2740 899 :

2343 936 2408 989 Et
2437 935 2495 988 in
2529 933 2764 990 bonitate
2787 936 2887 988 tua
2910 933 3038 989 doce
3063 949 3150 988 me
3169 932 3561 1004 justi/ianum“
3586 945 3702 994 tuas.

2271 1021 2314 1079 C
2343 1021 2492 1078 Petit
2539 1023 2758 1078 bonum
2807 1021 3178 1094 magistrum,
3214 1025 3280 1077 ut
3327 1021 3386 1076 in
3432 1036 3534 1078 sua
3563 1025 3772 1085 bonitate

2201 1110 2478 1185 dignetur
2496 1113 2705 1168 docere
2723 1109 3103 1184 discipulum,
3119 1114 3190 1166 ut
3208 1110 3643 1180 justiticationes,
3659 1133 3772 1188 quos

2200 1201 2446 1258 lectione
2476 1200 2780 1269 didicerat,
2803 1213 2975 1274 opere
3005 1200 3198 1256 sciret.
3222 1201 3381 1256 Tunc
3407 1200 3552 1257 enim
3577 1206 3775 1275 perlecte

2202 1290 2512 1348 discuntur
2541 1291 2820 1346 mandata
2849 1306 2984 1345 cum
3015 1289 3186 1344 fiunt.

2188 1379 2274 1436 -69
2345 1381 2706 1453 Μαιιίριίσαια
2731 1387 2809 1436 est
2837 1395 3000 1451 super
3035 1395 3122 1436 me
3161 1381 3421 1451 iniquitas
3448 1382 3777 1452 superborum:

2345 1472 2458 1541 Ego
2485 1477 2666 1526 autem
2695 1471 2752 1525 in
2783 1473 2893 1526 toto
2919 1467 3076 1526 corde
3102 1470 3382 1526 scrutabor
3407 1469 3638 1526 mandata
3661 1476 3753 1526 tua.

2274 1559 2488 1616 CDicit
2519 1559 2676 1615 enim
2709 1556 3162 1630 multiplicatam
3195 1574 3371 1631 super
3405 1574 3465 1614 se
3499 1573 3786 1632 persequen-

2205 1649 2354 1706 tium
2375 1648 2769 1722 iniquitatem,
2784 1653 2841 1704 et
2861 1645 2992 1703 ideo
3014 1647 3158 1720 petit
3177 1663 3248 1702 ne
3265 1647 3448 1720 poenis
3461 1648 3702 1720 gravibus
3713 1665 3788 1704 su-

2209 1739 2523 1811 perborum
2565 1737 2693 1809 ejus
2732 1737 2940 1792 devota
2976 1735 3281 1791 humilitas
3321 1735 3789 1804 macularetur,sul

2209 1827 2406 1899 potius
2426 1831 2717 1898 quantum
2751 1825 2832 1880 illi
2870 1825 3288 1881 contenderent
3309 1829 3528 1881 sanctos
3549 1826 3791 1893 seducere,

2209 1921 2445 1972 tantum
2469 1915 2563 1971 isti
2585 1914 2923 1977 viderentur
2944 1913 3238 1970 mandatis
3266 1912 3570 1970 Dominicis
3589 1914 3792 1970 adhere

2211 2023 2293 2072 re,
2318 2009 2374 2062 et
2403 2004 2818 2060 mandatorum
2841 2006 3196 2059 scrutatores
3219 2001 3470 2075 amplius
3493 2002 3646 2060 efﬁci.
3667 2003 3797 2060 Etita

509 1562 551 1614 (Ξ
580 1556 980 1618 Misericordia
1019 1556 1252 1614 Domini
1300 1572 1435 1612 cum
1488 1553 1631 1611 dicit
1677 1554 1910 1628 plenam
1968 1573 2099 1611 esse

437 1652 654 1704 terram
676 1665 689 1703 :
713 1645 974 1703 ostendit
996 1646 1196 1718 utique
1212 1643 1555 1701 dilatatio‘ne
1567 1644 1908 1701 Christianae
1925 1644 2060 1700 fidei
2082 1663 2095 1700 :

443 1753 623 1810 quam
655 1735 740 1793 sic
768 1734 1228 1792 misericorditer
1275 1733 1558 1808 implevit,
1597 1738 1662 1789 ut
1708 1733 1965 1806 undique
2005 1749 2100 1790 va-

443 1823 1168 1898 nissimas'superstitionis
1205 1839 1420 1880 nomen
1460 1837 1772 1880 evacuasse
1801 1823 2096 1880 doceatur.

439 1913 902 1974 Justiﬁcationes
930 1919 1062 1972 tuas
1095 1914 1235 1970 doce
1284 1929 1396 1970 me.
1423 1913 1468 1969 Η
1508 1912 1617 1968 hoc
1647 1915 1737 1968 est
1783 1915 1886 1968 tua
1935 1927 2098 1968 man-

423 2005 600 2074 data,
633 2007 701 2061 ut
738 2003 842 2061 illa
889 2002 1213 2076 intelligam
1245 2006 1304 2058 et
1333 2001 1643 2075 praedicem
1692 2004 1750 2056 et
1797 2019 1970 2076 opere
1999 2001 2106 2057 im-

442 2093 659 2169 pleam.
2213 2095 2432 2150 factum
2445 2097 2612 2149 estut
2624 2092 2724 2166 qui
2745 2091 2930 2166 pinnis
2945 2092 3369 2165 temporalibus
3385 2096 3601 2148 sanctos
3612 2091 3798 2148 vincere

625 2191 1030 2240 naeuus.va
1061 2189 1428 2243 SEQUENTIUM
1457 2197 1597 2236 oc'ro
1625 2196 1924 2236 vsasuum.
1993 2204 1997 2208 ν
2215 2186 2607 2248 tentaverunt,
2629 2187 2686 2238 ct
2710 2199 2747 2236 a
2777 2179 2902 2258 lege
2932 2181 3030 2238 Dei
3062 2180 3320 2238 dividere
3363 2181 3472 2238 nisi
3513 2187 3654 2248 sunt,
3673 2186 3800 2237 tanti)

519 2275 560 2326 C
589 2272 630 2328 Β
661 2269 920 2343 Populus
951 2269 1159 2326 beatus
1198 2268 1423 2343 gratias
1459 2268 1598 2344 agit,
1631 2269 2013 2325 h‘umiliatum
2045 2282 2108 2325 se
2215 2272 2348 2329 illos
2379 2272 2794 2328 mandatorum
2821 2275 3179 2328 scrutatores
3211 2270 3462 2343 amplius
3487 2271 3774 2327 ell‘scerunt.

446 2359 652 2427 fuisse,
686 2363 754 2415 ut
790 2358 863 2414 ad
899 2357 1356 2430 justilicationes
1405 2357 1634 2414 Domini
1683 2359 2031 2432 perveniret,
2065 2359 2108 2414 Β
2212 2363 2286 2417 70
2359 2362 2720 2432 Coagutatum
2744 2367 2823 2416 est
2843 2362 2986 2416 sicut
3014 2362 3102 2415 tae
3128 2375 3223 2417 cor
3251 2375 3436 2416 eorum
3465 2377 3482 2416 :

450 2463 786 2520 nomenque
807 2446 1010 2504 litterae
1029 2446 1333 2520 praesentis
1349 2461 1673 2518 exponens:
1691 2447 1909 2503 bonum
1933 2463 2107 2502 suum
2361 2453 2472 2520 Ego
2499 2465 2626 2505 vero
2657 2451 2825 2522 legem
2849 2457 3002 2504 tuam
3027 2448 3319 2506 meditatus
3345 2465 3482 2506 sum.

451 2535 618 2604 dicit,
645 2535 893 2593 vsrdum
923 2534 1024 2592 Dei
1056 2533 1359 2592 humiliter
1389 2533 1680 2592 meditari.
2290 2538 2332 2595 C
2361 2538 2468 2595 Per
2497 2537 2584 2594 lac
2618 2537 3014 2611 coagulatum,
3041 2535 3170 2594 vult
3209 2537 3454 2611 intelligi
3482 2537 3806 2594 conduratam

954 2624 1003 2681 Η
1033 2625 1078 2680 Β
1125 2623 1333 2691 Tbeth,
1365 2624 1609 2680 bonum.
2220 2629 2610 2701 superborum
2643 2625 3036 2700 iniquitatem,
3061 2643 3191 2698 qua:
3231 2643 3392 2684 more
3427 2627 3584 2684 lactis
3609 2626 3661 2682 in
3686 2641 3810 2682 crus-

453 2717 532 2774 65
601 2715 909 2772 Banitatem
933 2714 1118 2786 fecisti
1142 2729 1268 2769 cum
1292 2728 1447 2770 servo
1477 2717 1589 2780 tuo,
1621 2713 1850 2770 Domine
1882 2729 1895 2768 :
2219 2714 2434 2771 siorem
2479 2713 2872 2770 substantiam
2930 2713 3122 2769 fuerat
3170 2719 3480 2771 contracta.
3512 2715 3614 2770 Lac
3654 2718 3810 2768 autem

933 2804 1158 2860 verbum
1188 2810 1363 2859 tuum.
2219 2803 2445 2860 dictum
2475 2819 2511 2860 a
2538 2801 2782 2876 liquore,
2797 2803 2936 2875 quia
2966 2803 3038 2858 de
3083 2803 3316 2860 interna
3343 2803 3654 2861 substantia
3678 2806 3812 2857 natu-

531 2896 580 2951 Α
609 2893 846 2968 ΟιΝιιῃο
875 2890 1085 2950 collata
1113 2891 1225 2948 sibi
1257 2909 1291 2948 a
1321 2891 1567 2948 Domino
1599 2907 1846 2948 munera
1879 2894 2112 2966 proﬁte-
2221 2891 2579 2964 rali_liquore
2597 2891 2889 2960 decurrat,
2911 2909 2946 2947 α
2967 2892 3127 2948 enim
3149 2891 3208 2947 in
3235 2892 3618 2949 iconvertitur
3633 2895 3690 2947 ut
3705 2889 3816 2946 ami-

461 2986 579 3040 tur.
603 2983 800 3040 Bonus
818 2981 1037 3056 quippe
1058 2980 1347 3038 Do’minus
1367 2979 1548 3037 servis
1573 2980 1700 3037 suis
1725 2980 1928 3038 tribuit
1949 2981 2114 3037 boni-
2223 2997 2330 3038 cus
2359 2980 2657 3047 inimicus,
2681 2985 2740 3036 et
2770 2979 2864 3036 his
2894 2979 3134 3037 similia.
3157 2982 3277 3055 Ego
3305 2999 3438 3037 vero
3478 2980 3646 3054 legem
3667 2985 3816 3046 tuam,

461 3077 668 3130 tatem.
700 3072 770 3128 Et
800 3087 930 3144 quos
953 3070 1033 3128 sit
1062 3069 1164 3127 illa
1193 3069 1424 3127 bonitas
1463 3070 1668 3127 subter
1694 3069 1948 3144 exponit,
1971 3072 2114 3127 dum
2161 3143 2185 3144 ﬂ
2219 3070 2282 3126 id
2314 3075 2403 3127 est
2433 3074 2720 3142 quantum
2758 3068 2844 3124 illi
2891 3069 2950 3125 in
2998 3069 3156 3126 malo
3201 3071 3603 3140 durescebant,
3627 3072 3818 3124 tantum

463 3161 609 3220 dicit
639 3177 654 3217 :
688 3143 913 3218 Bonum
958 3157 1106 3214 mihi
1147 3159 1303 3232 quod
1355 3157 1682 3216 humiliasti
1733 3143 1828 3216 me
1859 3177 1872 3216 :
1905 3160 1978 3216 de
2025 3149 2122 3216 af-'
2142 3143 2189 3211 α
2231 3165 2338 3233 iste
2363 3177 2398 3216 a
2426 3159 2551 3232 lege
2583 3158 2680 3214 Dei
2711 3159 3005 3232 segregari
3036 3175 3154 3216 non
3186 3164 3437 3232 poterat.

445 3249 720 3310 ﬂictione'
739 3249 904 3306 enim
931 3247 1174 3305 salutari
1195 3247 1418 3320 gratias
1447 3247 1588 3320 agit,
1611 3265 1728 3305 non
1749 3248 1821 3305 de
1847 3248 2118 3306 felicitate
2225 3250 2288 3304 71
2369 3253 2582 3305 Bonum
2607 3249 2751 3304 mihi
2778 3250 2913 3321 quia
2940 3249 3260 3306 humiliasti
3290 3267 3377 3307 me
3407 3267 3422 3306 :

446 3339 787 3398 mundatis.
813 3335 1109 3395 intellexit
1137 3336 1295 3392 enim
1335 3335 1655 3392 bonitatem
1699 3336 1862 3393 illam
1911 3337 2121 3394 debere
2374 3338 2437 3394 Ut
2461 3337 2670 3393 discam
2685 3337 3109 3408 justi/tentiones
3139 3347 3286 3395 tuas.

449 3426 581 3485 dici
613 3427 770 3484 unde
806 3423 1132 3499 proﬁcitur,
1169 3441 1282 3480 non
1330 3425 1486 3480 unde
1533 3425 1692 3481 inani
1737 3425 2121 3484 exsultatione
2300 3432 2340 3481 C
2368 3427 2594 3482 Bonum
2623 3425 2732 3481 sibi
2764 3425 2906 3482 dicit
2943 3427 3099 3499 quod
3132 3428 3323 3500 poenis
3352 3427 3690 3485 saevientium
3715 3423 3828 3480 sub-

459 3516 775 3592 gaudetur.
807 3514 900 3592 Sic
952 3512 1276 3569 bonitatem
1307 3513 1445 3568 facit
1473 3513 1736 3571 medicus
1781 3532 1914 3571 cum
1965 3519 2124 3572 secat
2229 3515 2496 3583 debatur,
2533 3531 2645 3570 non
2677 3515 2986 3588 praesentia
3031 3517 3322 3590 cogitans,
3355 3519 3456 3574 sed
3501 3518 3678 3574 futura
3701 3511 3829 3570 desi-

466 3601 839 3668 vulnera,sic
897 3605 1062 3676 pater
1098 3611 1250 3656 'cum
1307 3599 1476 3656 caedit
1536 3601 1744 3658 lilium.
1784 3603 2121 3660 Secundum
2231 3603 2752 3676 derans.Cmperat
2801 3605 2958 3660 enim
3007 3605 3080 3660 de
3129 3603 3230 3660 illa
3285 3606 3586 3663 dulcedine
3637 3607 3831 3678 gustare

461 3695 711 3752 verbum
751 3695 922 3748 tuum
956 3708 970 3747 :
1004 3689 1172 3756 illud,
1206 3688 1429 3746 scilicet
1473 3707 1590 3762 quo
1638 3690 1870 3759 dicitur,
1904 3693 2012 3756 Qui
2063 3710 2126 3749 se
2233 3692 2620 3766 cmlesti,quaa
2654 3709 2859 3750 omnes
2901 3695 3216 3751 suavitates
3255 3696 3501 3752 excedit.
3523 3693 3670 3751 Talis
3689 3688 3837 3762 siqui-

467 3780 748 3842 humiliat
775 3777 1128 3837 e'x'altabitdr
1147 3779 1364 3851 (Matth.
1387 3781 1568 3848 χχιιι).
1602 3780 1648 3836 Η
1671 3779 1774 3834 Vel
1805 3778 2124 3838 bonitatem
2234 3783 2368 3838 dem
2395 3781 2703 3838 humilitas
2723 3781 2971 3839 cmlestis
3019 3783 3380 3841 Hierusalem
3423 3784 3602 3858 tangit
3628 3780 3838 3856 gloriosa

2235 3872 2487 3944 fastigia.
2512 3871 2656 3927 Nam
2703 3869 2856 3928 sicut
2903 3873 3181 3944 superbia
3209 3875 3428 3948 mergit
3457 3875 3527 3930 ad
3575 3875 3839 3929 tartarum.

2236 3961 2318 4016 ita
2349 3960 2461 4016 ista
2491 3959 2794 4018 humilitas
2824 3959 2976 4017 tollit
2999 3961 3070 4017 ad
3099 3962 3434 4020 caelata-Ut
3459 3963 3670 4020 discam
3692 3954 3839 4030 justi-

2237 4050 2539 4106 ﬂcationes
2571 4056 2724 4117 tuas,
2759 4051 2815 4106 id
2865 4056 2954 4106 est
3000 4056 3066 4106 ut
3113 4053 3363 4110 facerem
3415 4053 3568 4126 quod
3609 4044 3844 4106 docuisti.

2239 4141 2408 4196 Tunc
2431 4137 2587 4194 enim
2622 4140 2870 4212 perfecte
2908 4140 3174 4208 discitur,
3202 4143 3441 4215 quando
3483 4142 3746 4216 praecepta
3767 4131 3848 4192 Dei

2241 4226 2398 4285 ﬁdeli
2431 4228 2658 4284 actione
2689 4233 3116 4286 monstrantur.

2240 4320 2314 4372 72
2385 4319 2598 4374 Bonum
2625 4319 2769 4374 mihi
2793 4319 2887 4375 tem
2915 4320 3028 4374 oris
3058 4322 3144 4376 tui
3173 4336 3188 4376 :

467 3871 657 3931 fecisti
689 3888 704 3927 :
739 3869 976 3943 quando
1005 3867 1064 3925 in
1094 3885 1268 3924 carne
1309 3879 1416 3924 nos
1456 3868 1754 3924 redemisti
1795 3870 2125 3927 Secundum

467 3961 712 4019 verbum
745 3963 960 4016 tuum:
1003 3957 1160 4031 quod
1211 3956 1536 4030 promisisti
1583 3956 1827 4013 Abrahae
1879 3957 2130 4032 aliisque

469 4047 843 4125 patriarchis.

466 4139 541 4196 66
609 4139 921 4196 Bonitatem
947 4143 1000 4193 et
1027 4135 1388 4208 disciplinam
1409 4143 1460 4192 et
1489 4136 1779 4192 scientiam
1804 4135 1932 4193 doce
1958 4153 2045 4194 me
2077 4155 2091 4194 :

611 4228 757 4297 Quia
783 4226 1060 4296 mandatis
1084 4226 1199 4281 tuis
1217 4223 1448 4281 credidi.

543 4315 586 4373 Ο
610 4316 785 4373 Donet
811 4318 1010 4372 autem
1041 4314 1197 4372 Deus
1237 4313 1561 4370 bonitatem
1609 4312 1951 4387 inepirando
1980 4313 2134 4370 desi-

451 4404 703 4462 derium
732 4403 1063 4473 'charitatis,
1095 4403 1266 4459 docet
1305 4400 1703 4474 disciplinam,
1735 4419 1870 4456 cum
1913 4401 2138 4474 patien-
2387 4407 2562 4478 Super
2587 4407 2772 4463 millia
2801 4409 2930 4463 auri
2954 4413 3008 4464 et
3036 4411 3276 4478 argenti.

458 4492 616 4582 tiam
643 4493 700 4566 in
720 4491 1111 4582 tribulatione
1132 4490 1513 4556 donat,docet
1544 4490 1874 4582 scientiam,
1898 4493 1962 4546 ut
1989 4491 2138 4547 sciat
2170 4517 2216 4582 Β
2317 4501 2357 4550 G
2381 4496 2526 4552 Cum
2557 4494 2698 4551 dicit
2727 4496 2817 4552 lex
2845 4497 2964 4552 oris
3001 4497 3108 4565 tui,
3144 4513 3258 4554 non
3289 4499 3425 4570 jam
3480 4495 3852 4570 prophetarum

454 4581 653 4639 'homo
675 4581 1006 4638 discernere
1029 4579 1180 4636 inter
1200 4580 1419 4636 bonum
1442 4582 1498 4634 et
1518 4577 1764 4645 malum,
1787 4579 1938 4635 inter
1956 4580 2134 4637 vitam
2170 4575 2209 4582 —
2247 4601 2354 4640 nec
2406 4584 2834 4656 apostolorum,
2885 4585 2986 4640 sed
3045 4591 3334 4659 praecepta
3386 4584 3724 4658 evangelica,
3763 4575 3856 4634 sibi

461 4674 535 4728 et
555 4667 1097 4733 mortem.Credidi,
1119 4669 1162 4724 Ο
1183 4667 1240 4724 id
1271 4672 1362 4725 est
1401 4667 1703 4740 preceptis
1733 4667 1852 4724 tuis
1883 4669 2132 4736 obedivi,
2239 4677 2488 4730 testatur
2512 4673 3100 4748 pretiosissima,quaa
3133 4679 3273 4732 sunt
3296 4693 3396 4733 ore
3409 4672 3626 4733 Christi
3642 4668 3856 4746 prolata.

452 4759 524 4819 εΗ
546 4758 634 4818 vel
657 4767 830 4832 ope‘re
849 4756 1106 4831 implevi.
1132 4755 1440 4813 Prmmittit
1460 4759 1655 4812 autem
1678 4755 1934 4813 scientia:
1953 4757 2132 4814 disci-
2241 4765 2429 4837 Super
2459 4762 2662 4829 millia,
2679 4765 2846 4837 quasi
2877 4765 3094 4822 diceret
3123 4783 3301 4838 super
3323 4765 3524 4822 omnia
3555 4761 3727 4822 millia
3751 4753 3859 4813 auri

475 4847 800 4922 plinam,ut
817 4847 952 4922 quis
973 4843 1250 4920 primitus
1272 4845 1332 4900 in
1354 4861 1417 4901 se
1441 4843 1624 4901 facere
1645 4843 1853 4902 debeat
1882 4845 2136 4920 discipli-
2241 4856 2298 4907 et
2325 4851 2745 4925 argenti,quod
2781 4852 3077 4909 infinitum
3106 4859 3280 4926 atque
3309 4840 3862 4926 incomprehensibile

476 4953 636 5006 nam,
659 4942 720 4994 et
739 4941 946 5012 postea
976 4935 1235 4992 docendo
1267 4934 1325 4990 in
1357 4931 1510 4990 aliis.

2240 4944 2348 5008 est,
2383 4941 2467 4996 sic
2497 4939 2654 4997 enim
2680 4940 2912 4998 dilectio
2945 4942 3058 4997 ista
3089 4947 3249 4999 tanta
3283 4943 3501 4999 meruit
3527 4934 3788 5013 judicari,
3809 4934 3863 4986 ιιι

475 5026 544 5080 67
619 5026 952 5098 Priusquam
982 5024 1314 5080 humiliarer
1335 5036 1430 5095 ego
1459 5021 1670 5094 deliqui
1701 5037 1714 5076 :
2242 5027 2402 5086 nulla
2435 5045 2531 5084 res
2561 5029 2848 5101 potuisset
2889 5030 2939 5086 ei
2994 5030 3234 5102 aequari,
3267 5035 3332 5088 ut
3375 5031 3507 5088 auri
3554 5023 3864 5102 argentique

618 5114 909 5184 Pmpterea
933 5113 1214 5186 eloquium
1243 5120 1400 5169 tuum
1429 5111 1714 5168 custodivi.
2241 5118 2435 5176 omnis
2467 5118 2633 5190 copia
2662 5123 2860 5190 posset
2887 5119 3183 5188 vilescere,
3217 5119 3404 5177 millia
3432 5118 3562 5176 auri
3585 5105 3868 5184 εἰναι-εει)ιὶ

547 5201 592 5257 C
621 5200 763 5258 Vide
783 5201 1076 5273 quomodo
1097 5201 1156 5257 in
1183 5201 1290 5258 hoc
1311 5218 1480 5258 versu
1504 5199 1764 5256 humana
1785 5201 1902 5256 vita
1922 5201 2136 5260 descri-
2241 5207 2404 5276 dixit,
2429 5207 2718 5280 quidquid
2761 5209 2917 5264 enim
2951 5207 3186 5279 dixeris,
3211 5226 3442 5283 semper
3490 5205 3724 5265 excedit.
3753 5198 3864 5255 Ideo

478 5291 676 5348 batur.
701 5289 869 5345 Prius
896 5289 1052 5346 enim
1085 5305 1358 5362 peccasse
1387 5307 1450 5346 se
1480 5289 1641 5357 dicit,
1675 5306 1810 5346 cum
1841 5294 2135 5350 teneretur
2243 5297 2396 5354 facta
2419 5300 2509 5353 est
2535 5298 2894 5370 comparatio
2936 5299 3159 5370 absque
3202 5297 3608 5364 similitudine,
3641 5289 3865 5367 pretium

477 5378 748 5452 originali
789 5377 930 5434 vitio
960 5378 1269 5450 obnoxius,
1295 5382 1425 5452 post
1469 5377 1845 5434 humiliatum
1893 5397 1954 5436 se
2002 5399 2134 5439 esse
2243 5385 2371 5442 sine
2403 5386 2596 5449 modo,
2629 5403 2796 5441 amor
2821 5387 2948 5442 sine
2977 5387 3110 5443 line.

479 5467 778 5542 professus
805 5470 914 5532 est,
941 5469 1006 5522 ut
1031 5465 1204 5538 culpa
1232 5471 1454 5524 careret
1473 5481 1650 5539 quam
1684 5470 2052 5526 contraxerat
2073 5470 2132 5526 in

2421 5489 2824 5530 ARGUMENTUM
2857 5489 3222 5539 SEQUENTIUM
3252 5493 3390 5534 οϐ’ΐο
3417 5487 3712 5531 νειιιιυυλι.

477 5556 674 5614 radice
706 5552 957 5630 peccati;
1003 5555 1075 5612 ad
1130 5557 1489 5627 postremum
1521 5554 1836 5612 custodivit
1885 5557 1987 5615 Dei
2017 5559 2132 5617 elo-

2315 5563 2356 5620 C
2388 5563 2430 5620 Β
2459 5561 2681 5620 Cohors
2710 5561 2963 5635 gloriosa
3011 5565 3155 5638 petit
3181 5565 3541 5626 intellectum
3579 5557 3869 5618 mandato-

2180 681 2388 730 -suam,
2416 663 2720 737 eloquium
2752 663 3002 731 Domini,
3025 664 3086 719 id
3115 669 3207 720 est
3241 669 3459 722 sanctas
3485 666 3758 742 Scriptum
3844 696 3851 703 -
