4068 6160
188 332 311 395 ἰιι

1382 325 1855 393 EXPOSITIO
1899 324 2416 394 PSALMORUM.

3533 280 3654 397 442

196 467 599 526 rumeibimet
622 466 821 526 debere
847 468 1092 538 concedi,
1122 473 1197 526 ut
1224 482 1371 525 verae
1418 458 1570 516 vitae
1608 478 1869 523 munere
1894 460 1954 530 ,Α
1984 466 2112 536 qam
2142 459 2411 522 lectionis
2445 468 3132 543 repetitione'trectatur,
3169 471 3271 530 sed
3316 455 3446 547 quae
3467 466 3658 544 operi-

195 574 308 632 per
326 559 950 633 fruatur,expetensque
968 563 1035 615 ut
1051 558 1294 616 Domini
1304 547 1751 613 misericordia
1770 554 1873 609 fiat

194 647 603 718 immaculata,
632 665 706 704 ne
731 649 906 721 possit
929 648 987 704 in
1016 645 1126 705 illa
1137 645 1513 720 judicatione
1537 644 1868 701 confundi.

195 738 243 793 Β
266 738 348 793 Et
376 741 533 793 recte
560 737 796 793 scientia
820 737 904 794 vel
946 737 1308 810 principium
1351 738 1751 802 nuncupatur
1780 733 1873 788 lit-

189 831 351 893 tera,
380 826 445 881 in
477 842 594 899 qua
620 826 815 883 ﬁdeles
840 827 908 882 ab
934 824 1031 882 illo
1067 826 1347 900 capiendi
1376 828 1665 897 quarunt
1694 821 1871 880 intel-

195 916 425 973 lectum
458 932 492 971 a
520 931 636 987 quo
664 916 880 971 vivendi
908 920 1305 988 sumpserunt
1334 910 1668 971 exordium.

478 1002 526 1062 Η
555 1010 603 1060 Β
630 1005 772 1072 loth,
802 996 1039 1061 scientia
1064 1004 1161 1062 vel
1195 1001 1581 1079 principium.

197 1096 277 1152 73
349 1095 546 1151 Janus
576 1102 688 1152 mea
713 1096 943 1165 fecerunt
965 1110 1052 1150 me
1080 1102 1137 1150 et
1159 1095 1586 1166 plasmaveru'nt
1611 1109 1700 1149 me

344 1184 435 1241 ‘Da
454 1184 608 1239 mihi
634 1183 954 1240 intellectum
983 1190 1045 1239 ut
1064 1182 1285 1238 discam
1311 1182 1578 1238 mandata
1605 1187 1723 1238 tua.

279 1274 321 1330 C
355 1274 570 1330 Manus
600 1275 711 1328 tute
739 1272 1089 1345 operationis
1113 1271 1219 1328 Dei
1232 1271 1513 1327 virtutem
1527 1272 1868 1328 ostendunt.

201 1365 279 1420 Et
306 1363 467 1436 quod
503 1360 757 1428 additur,
786 1362 1041 1417 fecerunt
1069 1377 1189 1428 me,
1227 1366 1299 1417 ut
1357 1359 1598 1434 quidam
1645 1360 1870 1430 volunt,

202 1454 480 1511 facet-unt
507 1450 868 1508 ad-animam
922 1450 1266 1523 pertinere;
1302 1450 1763 1524 plasmaverunt,
1796 1451 1872 1507 ad

203 1559 428 1615 corpus
457 1541 617 1614 quod
649 1540 718 1596 de
746 1539 879 1596 limo
904 1543 1071 1595 terra
1104 1540 1486 1613 csgnoscitur
1500 1557 1629 1596 esse
1657 1539 1872 1597 forma-

203 1636 360 1688 tum.
394 1632 568 1687 Iusta
594 1644 731 1685 voce
780 1628 986 1685 clamat
1024 1629 1263 1684 factura
1320 1629 1585 1685 auctori:
1618 1629 1704 1685 Da
1726 1629 1872 1686 mihi

200 1720 605 1786 intellectum,
635 1736 671 1775 a
699 1735 810 1792 quo
846 1732 1169 1791 cognoscor
1225 1734 1360 1774 esse
1419 1717 1727 1790 plasmata.
1760 1720 1873 1776 Sed

1980 554 2094 609 bus
2121 553 2425 626 impletur.

1978 645 2050 699 78
2126 618 2560 716 Confundantur
2587 653 2818 723 superbi
2868 654 3005 725 quia
3058 656 3262 727 injuste
3308 618 3665 725 iniquitatem

2196 735 2449 804 fecerunt
2478 737 2543 791 in
2571 754 2658 796 me
2688 758 2701 797 :

2124 824 2236 891 Ego
2266 827 2453 911 autem
2478 832 2775 887 exercebar
2804 832 2867 887 in
2897 834 3178 911 mandatis
3208 832 3341 886 tuis.

2014 942 2017 947 ~
2054 911 2095 965 C
2127 910 2604 983 Confundantur,
2636 920 2707 974 ad
2738 910 3223 978 emendationem
3255 915 3527 990 pertinet,
3550 933 3667 976 non

1981 1001 2055 1056 ad
2088 1001 2474 1073 supplicium,
2522 1008 2666 1064 tunc
2716 1009 2876 1065 enim
2922 1011 3074 1067 bene
3126 1005 3504 1064 contenditur
3531 1025 3669 1066 con-

1982 1090 2232 1147 scientia
2255 1093 2581 1162 peccantis,
2610 1097 2847 1167 quando
2908 1098 3068 1155 mala
3126 1092 3383 1168 pristina
3433 1098 3673 1170 propria
3764 1144 3775 1153 .

1978 1179 2283 1236 voluntate
2308 1178 2695 1252 damnantur,
2725 1189 2784 1239 et
2815 1186 3024 1260 incipit
3053 1184 3260 1241 odisse
3290 1183 3445 1254 quod
3496 1190 3668 1246 antea

1981 1269 2297 1324 videbatur
2326 1267 2754 1342 diligere.Quia
2774 1274 3160 1349 iniquitatem
3188 1271 3450 1329 fecerunt
3470 1274 3529 1330 in
3553 1294 3667 1348 me,

1983 1359 2128 1434 quid
2161 1357 2319 1416 enim
2352 1358 2646 1430 injustius
2672 1378 2854 1434 quam
2887 1381 2987 1420 eos
3039 1359 3195 1417 velle
3245 1364 3538 1437 persequi,
3569 1369 3669 1441 qui

1983 1448 2286 1505 mandatis
2313 1446 2417 1503 Dei
2439 1448 2800 1506 videbantur
2820 1450 3096 1523 occUpari
3126 1448 3281 1523 ?Ego
3304 1455 3497 1513 autem
3520 1473 3674 1515 exer-

1985 1539 2179 1606 cebor,
2208 1536 2375 1609 ponit
2399 1536 2666 1595 salutare
2699 1541 3055 1607 remedium,
3078 1537 3305 1596 scilicet
3334 1544 3671 1607 exercitium

1986 1627 2406 1684 mandatorum
2463 1631 2672 1683 contra
2748 1632 3159 1703 persecutores
3208 1632 3494 1702 crudeles,
3552 1637 3677 1696 sola

1987 1716 2147 1773 enim
2176 1714 2461 1789 patientia
2489 1716 2550 1771 in
2576 1719 2901 1775 tormentis
2932 1718 3116 1775 vincit
3147 1720 3303 1780 illos.

206 1810 453 1883 qualem
472 1808 622 1865 ?non
655 1809 827 1865 istum
856 1808 925 1863 de
950 1824 1068 1905 quo
1096 1806 1214 1863 sibi
1234 1806 1513 1863 homines
1526 1824 1652 1865 esse
1674 1808 1873 1866 viden-
1908 1838 1959 1905 Β
1987 1806 2060 1864 79
2138 1807 2544 1863 Convertuntur
2572 1806 2727 1862 mihi
2761 1809 3016 1865 timentes
3041 1817 3089 1867 te
3119 1831 3136 1868 :

204 1904 311 1956 tur
338 1898 662 1972 sapientes,
694 1898 791 1954 sed
817 1914 928 1970 quo
960 1894 1198 1953 Domini
1230 1896 1517 1952 mandata
1544 1903 1875 1970 cognoscat,

196 1994 285 2046 ἰιι
312 2004 496 2063 quem
525 1989 710 2044 Adam
758 2004 857 2059 per
883 1985 1348 2042 inobedientiam
1404 1985 1753 2058 perdiderat,
1789 2006 1881 2045 co-

212 2080 360 2136 hors
385 2080 593 2134 sancta
616 2093 716 2149 per
736 2074 1191 2132 inobedientiam
1207 2074 1782 2148 adipiscatur.lstum
1796 2095 1881 2133 er-

215 2186 292 2243 go
315 2184 535 2242 purum
553 2163 1060 2238 contemplabilem
1093 2168 1152 2221 et
1204 2165 1508 2232 devotum,
1541 2182 1713 2237 quem
1747 2171 1881 2222 ante

214 2260 533 2331 peccatum
561 2256 746 2311 Adam
795 2254 1154 2326 possidebat,
1207 2253 1358 2326 petit
1410 2251 1797 2323 intellectum,
1836 2257 1881 2312 H

217 2363 340 2419 quo
376 2346 659 2400 mandata
689 2343 785 2400 Dei
813 2342 1227 2414 intelliguntur
1258 2346 1320 2399 et
1348 2342 1782 2401 custodiuntur.

216 2436 292 2489 74
375 2435 485 2503 Qui
511 2434 707 2488 timent
735 2436 784 2487 te
812 2431 1071 2487 videbunt
1102 2447 1189 2486 me
1217 2438 1271 2487 ct
1299 2431 1641 2488 amburitur
1660 2451 1678 2487 :

374 2524 516 2591 Quia
546 2522 606 2576 in
629 2521 792 2576 verba
813 2522 907 2576 tua
935 2521 1340 2592 supera-peravi.
1669 2528 1671 2530 ’

298 2611 505 2675 H'Qui’
522 2610 738 2666 timent
765 2613 843 2675 te,
876 2626 981 2665 vox
1000 2608 1305 2676 Ecclesiae,
1328 2608 1386 2664 id
1447 2612 1536 2664 est
1566 2608 1650 2665 illi
1683 2612 1783 2684 qui
1812 2614 1888 2668 ti-

228 2704 401 2756 ment
426 2698 699 2765 Deum,et
718 2696 866 2753 alios
893 2696 1091 2753 vident
1120 2697 1221 2753 Dei
1250 2697 1532 2753 mandata
1561 2699 1884 2769 observare,

225 2805 453 2861 magna
482 2786 681 2843 laetitia
699 2786 1070 2854 laetabuntur,
1099 2778 1241 2859 quia
1270 2787 1331 2841 in
1360 2786 1537 2843 verbo
1566 2790 1667 2844 tuo
1697 2806 1888 2862 spero,

227 2879 275 2935 Η
306 2877 378 2941 C,
409 2875 468 2931 id
499 2878 588 2932 cst
614 2876 673 2930 in
705 2873 1004 2942 Cbristo,C
1034 2875 1134 2930 ubi
1156 2875 1713 2949 nunquam'decipit
1732 2895 1887 2951 spes.

232 2965 396 3023 Petit
422 2981 558 3038 ergo
587 2961 847 3019 Ecclesia
874 2959 1014 3018 talia
1042 2962 1101 3018 in
1136 2979 1199 3019 se
1257 2963 1406 3034 ﬁeri,
1438 2964 1594 3020 unde
1622 2967 1889 3025 omnium

229 3052 474 3112 devotio
494 3050 689 3125 possit
718 3052 942 3124 augeri,
978 3053 1049 3107 ad
1081 3052 1474 3107 imitationem
1514 3053 1669 3108 enim
1695 3044 1891 3113 rerum

228 3141 647 3211 laudabilium,
678 3140 978 3214 proposita
990 3156 1232 3213 semper
1259 3140 1527 3213 exempla
1557 3142 1887 3215 proﬁciunt,

2132 1897 2199 1952 Et
2228 1897 2325 1968 qui
2339 1903 2615 1951 noverunt
2648 1898 2991 1955 testimonia
3019 1907 3131 1959 tua.

2060 1987 2101 2040 C
2130 1985 2559 2041 Convertuntur
2580 1978 2849 2051 mihi,id
2874 1992 2978 2045 est
3018 1992 3086 2050 ad
3132 1998 3224 2066 te;
3258 1998 3332 2056 ad
3367 1999 3681 2063 Dominum

1991 2073 2147 2131 enim
2179 2074 2325 2129 bene
2357 2071 2744 2145 intelligitur
2769 2082 3169 2157 converti,qui
3201 2088 3259 2145 in
3292 2091 3689 2156 ecclesiastica

1991 2162 2441 2258 congregatione
2470 2160 2737 2258 coeperit
2777 2170 3022 2258 versari.
3056 2175 3123 2230 Et
3154 2179 3252 2250 qui
3287 2191 3594 2258 noverunt,
3629 2166 3686 2248 id

1992 2254 2082 2308 est
2110 2249 2460 2340 quos‘lectio
2519 2249 2741 2340 divina
2782 2253 2917 2324 jam
2978 2249 3210 2334 imbuit,
3275 2272 3379 2327 sed
3438 2249 3685 2340 necdum

1993 2357 2169 2439 opera
2197 2338 2476 2439 salutaris
2526 2338 2840 2439 instruxit.
2906 2347 3079 2407 Tales
3136 2364 3278 2413 sunt
3335 2338 3687 2439 incipientes

1994 2431 2139 2487 bene
2170 2430 2364 2485 vivere
2392 2445 2541 2500 quos
2573 2429 2728 2500 petit
2755 2430 2837 2487 sic
2872 2443 3157 2497 converti.

1993 2521 2065 2575 80
2136 2521 2259 2575 Fiat
2286 2535 2381 2574 cor
2407 2533 2590 2573 meum
2622 2519 3051 2582 immaculatum
3082 2530 3141 2584 in
3181 2534 3683 2611 justiﬁcationibus

2130 2634 2141 2647 ε
2212 2611 2323 2664 tuis
2345 2625 2365 2663 :

2143 2700 2206 2756 Ut
2230 2713 2348 2754 non
2377 2698 2708 2768 confundor.
2758 2770 2763 2777 ‘

2070 2787 2117 2843 Η
2148 2780 2373 2842 Ηίθόοιι
2400 2801 2506 2873 pro
2536 2787 2735 2843 anima
2775 2789 3038 2859 ponitur,
3096 2810 3161 2850 ac
3220 2799 3269 2853 si
3326 2805 3520 2869 dicat:
3550 2816 3675 2873 Fiat

1999 2875 2198 2932 anima
2226 2890 2357 2929 mea
2387 2872 2513 2928 sine
2538 2879 2775 2946 peccato
2803 2877 3124 2946 mortali,et
3147 2881 3256 2940 hoc
3286 2888 3343 2944 in
3371 2872 3667 2964 .justiﬁca-

2000 2961 2345 3029 tionibus,id
2376 2963 2466 3017 est
2491 2966 2556 3016 ut
2585 2980 2701 3018 non
2732 2965 2845 3018 sim
2875 2983 3005 3021 rcus
3028 2961 3664 3055 injustiﬁcatienibus,

2000 3052 2103 3109 sed
2138 3049 2399 3106 mundus
2431 3066 2465 3103 a
2491 3051 2963 3123 transgressione
3017 3071 3243 3115 earum.
3292 3063 3421 3135 Vel,
3456 3076 3522 3126 ut
3548 3049 3662 3131 sini

2002 3139 2502 3203 immaculatus,et
2520 3137 2630 3194 hoc
2651 3156 2766 3194 non
2788 3156 2858 3195 ex
2883 3144 3105 3211 me,sed
3125 3145 3660 3216 justiﬁcationibus

226 3232 412 3305 quasi
435 3229 649 3286 diceret
677 3212 699 3285 ξ
723 3212 977 3285 Siillam
1007 3212 1257 3302 gratiam
1290 3212 1449 3285 mihi,
1464 3212 1800 3303 contuleris,
1825 3212 1891 3290 ut
1920 3212 1963 3280 C
1997 3231 2138 3287 tuis.
2170 3229 2242 3285 Ut
2272 3243 2388 3283 non
2420 3226 2766 3296 confundar,
2803 3228 2912 3284 hoc
2937 3234 3045 3298 est,
3106 3212 3172 3287 ut
3228 3251 3348 3292 non

228 3320 552 3393 diligenter
578 3318 788 3375 faciam
820 3321 877 3373 et
906 3319 1205 3389 perﬁciam
1256 3322 1545 3391 praecepta
1572 3316 1697 3386 tua,
1726 3320 1887 3379 vidc«

227 3411 391 3466 bunt
420 3405 527 3464 hoc
550 3406 656 3480 qui
687 3406 899 3463 timent
927 3411 1003 3473 te,
1036 3411 1146 3463 etc.

230 3500 313 3557 75
386 3499 642 3567 Cognovi,
679 3498 923 3562 Domine,
956 3499 1089 3568 quia
1116 3498 1352 3568 aequitas
1368 3496 1587 3570 judicia
1610 3506 1707 3556 tua
1727 3518 1745 3554 :

380 3587 448 3641 Et
476 3587 537 3640 in
566 3586 791 3642 veritate
817 3591 913 3640 tua
942 3585 1258 3640 humiliasti
1287 3601 1389 3641 me.

312 3674 358 3730 Il
393 3672 924 3746 Equitem-Christi
948 3677 1059 3740 est,
1088 3677 1153 3728 ut
1177 3678 1508 3745 peccatores
1539 3681 1749 3748 arguat
1787 3695 1889 3751 pro

214 3763 505 3831 'ﬂelictis;
533 3761 841 3830 veritas,ut
868 3762 1156 3835 superbos
1184 3761 1457 3819 humiliet
1486 3780 1521 3819 a
1546 3767 1894 3838 prosperita-

222 3851 402 3909 tibus
422 3851 575 3908 suis.
606 3851 755 3925 Ergo
786 3851 926 3923 quia
958 3856 1052 3907 me
1097 3850 1423 3907 bumiliasti
1457 3855 1521 3907 ut
1550 3854 1888 3928 corrigeres,

212 3943 351 3997 ﬁat
372 3957 533 3997 nunc
592 3939 993 3996 misericordia
1049 3944 1151 3995 tua
1180 3944 1247 3996 ut
1303 3941 1636 3998 consoletur
1685 3961 1798 4001 me.
1850 3945 1891 4001 C

174 4063 185 4067 κ
226 4029 661 4103 Cognovi'ergo
690 4028 853 4096 dicit,
887 4029 949 4085 id
979 4032 1088 4097 est,
1120 4033 1393 4102 expertus
1424 4031 1807 4099 sum,scilicet
1831 4034 1889 4089 in

228 4120 394 4176 meis
425 4118 796 4192 passionibus
827 4121 895 4175 et:
923 4117 1247 4186 beneﬁciis,
1282 4118 1435 4190 quod
1485 4119 1685 4177 omnia
1725 4139 1893 4195 aequa

208 4212 389 4268 ωε
406 4207 632 4280 judicia
659 4210 760 4263 tua
789 4207 847 4262 in
880 4205 1180 4280 puniendo
1209 4211 1268 4263 et
1294 4208 1604 4279 parcendo.

226 4298 316 4355 16
386 4296 912 4354 Fiat-misericordia
941 4303 1035 4352 tua
1063 4303 1129 4351 ut
1149 4297 1456 4353 consoletur
1482 4314 1587 4353 me.

384 4386 691 4444 Secundum
716 4386 997 4458 eloquium
1024 4390 1185 4441 tuum
1212 4402 1366 4441 servo
1395 4392 1507 4441 tuo.

314 4476 358 4532 C
388 4473 716 4531 Consolatio
746 4478 835 4530 est
863 4473 1045 4543 enim,
1098 4474 1333 4545 quando
1392 4472 1763 4530 miseriarum
1796 4493 1893 4547 pa-

1997 3318 2399 3376 confusionem
2431 3319 2729 3371 (sternam.
2762 3316 3211 3376 Confundantur
3267 3328 3511 3397 quidem
3556 3350 3658 3390 su-

1986 3408 2160 3482 perbi
2193 3406 2264 3462 ad
2297 3403 2734 3474 correctionem,
2765 3410 2822 3462 et
2867 3424 2982 3463 non
3035 3409 3366 3469 confundar
3421 3433 3528 3491 ego
3580 3424 3651 3481 ad

1999 3513 2230 3570 poenam
2260 3498 2560 3551 aeternam.
3506 3559 3512 3565 ἢ

2166 3600 2567 3640 ARGUMENTUM
2608 3599 2975 3647 SEQUENTIUM
3013 3603 3153 3643 OCTO
3192 3606 3490 3651 VERSUUM.

2070 3674 2111 3729 C
2139 3674 2181 3729 Β
2210 3670 2557 3744 Peregrinus
2587 3670 2646 3726 in
2679 3672 2789 3728 hac
2817 3677 2975 3730 terra
2997 3675 3253 3747 populus
3286 3679 3537 3737 nimium
3560 3682 3656 3738 de-

1999 3763 2280 3819 siderium
2312 3777 2488 3817 suum
2520 3761 2579 3816 in
2610 3761 2862 3818 adventu
2895 3763 3125 3821 Domini
3158 3768 3491 3839 conﬁtetur,
3519 3786 3657 3829 enu-

2000 3869 2233 3909 merans
2263 3854 2547 3923 quantam
2581 3851 2970 3923 superborum
3005 3853 3428 3914 insecutionem
3463 3863 3657 3931 pertu-

2000 3940 2149 3997 l'erit.
2179 3941 2226 3995 B
2254 3939 2435 4011 Cujus
2466 3938 2681 3995 mentis
2707 3940 2936 3995 devotio
2967 3959 3072 4014 per
3100 3943 3257 4016 Caph
3288 3942 3545 4003 litteram
3563 3948 3658 4004 de-

2000 4030 2286 4104 signatur,
2321 4046 2447 4101 quae
2479 4044 2674 4083 mnus
2704 4029 3248 4103 interpretatur,per
3277 4049 3457 4105 quam
3478 4052 3656 4107 opera

1986 4119 2086 4178 vel
2114 4119 2304 4176 cordis
2335 4117 2420 4174 vel
2450 4116 2709 4188 corporis
2736 4117 3166 4190 exprimuntur.

2522 4205 2569 4260 H
2599 4204 2642 4259 B
2673 4204 2853 4278 Caph,
2890 4224 3125 4264 manus.
3417 4261 3421 4266 .

2072 4292 2116 4353 B
2145 4295 2302 4369 Caph
2324 4294 2635 4362 autem,ita
2649 4310 2846 4351 manus
2866 4294 3285 4369 interpretatur
3306 4302 3370 4354 ut
3389 4300 3651 4371 ejusdem

2003 4403 2212 4443 manus
2238 4384 2495 4458 palmam
2519 4381 2637 4438 sive
2658 4375 2847 4439 volam
2870 4384 3244 4458 significet,id
3272 4392 3362 4444 est
3386 4403 3498 4445 non
3522 4406 3655 4446 con-

1996 4479 2247 4532 tractam
2278 4491 2429 4543 eam,
2455 4472 2555 4528 sed
2583 4476 2844 4544 apertam
2866 4474 3256 4548 expansisquc
3274 4462 3477 4551 digitis
3503 4477 3653 4535 insi-

232 4564 511 4622 tientiam
542 4562 1037 4630 donet,tormenta
1065 4579 1175 4617 sua
1202 4567 1571 4635 retemperat.
1606 4567 1663 4618 et
1690 4564 1891 4621 afﬂicti
1922 4582 1969 4646 D
2003 4569 2164 4623 nuet.
2197 4565 2334 4621 Ideo
2365 4578 2580 4619 manus
2600 4578 2798 4633 opera,
2827 4561 2916 4618 vel
2940 4564 3319 4637 corporis,vel
3343 4566 3652 4635 cordis,vel

235 4650 428 4710 animi
460 4666 734 4707 mazrores
764 4648 1154 4721 promiséiione
1183 4650 1563 4707 beatitudinis
1585 4652 1887 4708 confortat.

224 4741 581 4800 Secundum
613 4738 932 4811 eloquium,
966 4739 1257 4813 subjunge
1281 4740 1448 4808 Hist,
1479 4740 1539 4795 id
1568 4744 1895 4798 est‘secun-

232 4830 390 4887 dum
416 4828 885 4900 promissionem,
920 4844 1041 4900 qua
1067 4827 1384 4901 spopondit
1413 4828 1472 4884 in
1506 4829 1811 4903 Evangelio
1832 4848 1894 4887 se

223 4932 531 4991 passuros
560 4920 854 4973 tormenta
868 4936 869 4939 η
883 4914 1128 4971 minime
1156 4914 1494 4972 relicturum
1505 4960 1518 4972 .

222 5007 315 5061 -77
392 5004 623 5062 Vmiant
644 5004 793 5060 mihi
818 5005 1200 5061 miwrationes
1229 5011 1344 5062 tuae
1369 5009 1424 5061 et
1452 5012 1649 5062 vtvam.

388 5094 543 5163 Quia
561 5095 659 5151 (ex
679 5101 777 5149 tua
796 5093 1234 5151 meditatio-mea
1252 5099 1307 5158 -ἐι
1334 5102 1411 5151 est
1451 5098 1465 5159 ζ
1486 5137 1500 5150 .

288 5186 360 5239 ’0
387 5182 499 5238 Per
523 5181 931 5238 miserationes
951 5181 1368 5253 Chri'sti,vitam
1389 5198 1451 5240 se
1469 5183 1595 5239 vult
1611 5185 1891 5257 consequi

237 5275 548 5337 etet-nam,
581 5270 724 5343 quia
760 5270 886 5326 sola
918 5269 1018 5327 illa
1071 5271 1217 5326 bene
1264 5270 1479 5327 dicitur
1531 5273 1668 5341 vita,
1714 5288 1891 5346 quam

236 5356 419 5416 nulla
440 5357 711 5415 molestia
739 5358 1032 5428 sollicitat,
1065 5377 1179 5415 nec
1191 5374 1351 5417 mors
1380 5366 1650 5433 suspecta
1679 5362 1893 5418 contri-

233 5451 380 5505 stat.
411 5448 560 5513 Quia
588 5447 680 5505 lex
709 5452 834 5516 tua,
865 5447 966 5503 illa
989 5447 1146 5503 enim
1172 5447 1472 5505 meditatio
1490 5449 1700 5507 'beatos
1732 5452 1889 5520 facit,

185 5552 375 5610 cquae
401 5536 682 5608 operibus
715 5526 886 5592 bonis
917 5534 1192 5591 calorum
1226 5551 1405 5608 regna
1434 5537 1744 5609 conquirit.
1764 5540 1890 5595 Non

174 5642 181 5664 ε
228 5626 518 5699 segniper
546 5623 932 5682 istam‘sclam
945 5622 1384 5681 Meditatimiem
1407 5623 1559 5683 beati
1579 5626 1888 5698 siticinum,

2002 4653 2189 4727 ipsius
2219 4652 2436 4709 amoris
2470 4649 2704 4718 interni,
2739 4651 3053 4724 signiﬁcat.
3100 4654 3335 4726 Apertio
3365 4673 3498 4715 vero
3527 4656 3654 4727 ejus

1980 4742 2297 4815 significat
2314 4741 2373 4797 id
2393 4739 2543 4814 quod
2568 4739 2857 4814 PrOpheta
2886 4742 3517 4810 commcndat,dicens:
3544 4744 3650 4800 Re-

2000 4829 2128 4887 vela
2155 4830 2401 4887 Domino
2445 4829 2597 4885 viam
2649 4833 2814 4885 tuam
2871 4834 2930 4887 et
2985 4847 3156 4903 spera
3207 4832 3268 4887 in
3330 4848 3487 4900 eum,
3540 4835 3649 4897 etc.

2003 4921 2174 4993 (Psal.
2202 4920 2415 4989 xxxv1,)

2001 5011 2066 5065 81
2144 5009 2351 5080 Defecit
2380 5010 2441 5063 in
2463 5007 2707 5062 salutare
2734 5015 2894 5062 tuum
2923 5008 3114 5063 anima
3140 5024 3263 5064 mea
3288 5024 3301 5063 :

2143 5098 2205 5153 Et
2224 5098 2291 5151 in
2317 5099 2542 5153 verbum
2571 5103 2729 5151 tuum
2742 5097 3151 5167 'supersperavi.

2074 5189 2113 5241 C
2140 5186 2359 5242 Deiecit
2386 5185 2585 5241 anima
2610 5200 2760 5251 mea,
2794 5182 3086 5257 significat
3116 5184 3336 5245 lassata
3352 5191 3442 5243 est
3479 5190 3652 5259 atque

2002 5274 2261 5349 fatigata,
2293 5274 2447 5348 quod
2481 5290 2584 5347 per
2612 5271 2796 5328 nimia
2852 5272 2999 5328 solet
3056 5275 3283 5330 evenire
3340 5276 3649 5332 desideria.

2004 5365 2129 5421 Mos
2158 5363 2314 5421 enim
2344 5363 2455 5420 iste
2481 5361 2865 5417 humanitatis
2914 5366 3024 5430 est,
3059 5367 3143 5431 ut,
3204 5366 3360 5436 quod
3411 5364 3654 5422 omnino

2001 5450 2493 5525 concupiscimus,
2527 5451 2585 5506 in
2619 5466 2684 5506 eo
2714 5448 2924 5506 lassari
2954 5455 3130 5524 atque
3187 5452 3430 5509 deﬁcere
3460 5452 3652 5509 videa-

2003 5542 2296 5609 mur.Sed,
2328 5544 2394 5596 ut
2420 5538 2785 5612 intelligatur
2832 5556 2948 5611 quo
3003 5541 3652 5613 defectusistepergat,

2002 5632 2164 5687 addit
2186 5631 2268 5687 :In
2292 5627 2731 5702 salutare,quod
2751 5628 2992 5689 Hebrea
3006 5630 3209 5703 lingua
3220 5628 3655 5701 dicitur-Iesus,
