3986 6164
491 296 610 361 443

1399 294 1464 357 s.
1509 244 1907 358 BaUNoms
1953 289 2577 355 HERBIPOLENSIS
2619 288 3003 353 EPISCOPI.
3685 302 3780 363 ιιι

491 438 550 493 et
574 449 645 491 ne
674 429 888 507 aliquis
912 428 991 489 ita
1015 428 1421 504 exponendum
1444 432 1500 485 et
1520 426 1892 485 sentiendum
1912 424 2138 483 dubita—
2163 425 2219 493 Α
2247 426 2317 483 88
2388 424 2722 483 Secundum
2745 420 3214 482 misericordiam
3239 427 3389 481 tuam
3420 426 3609 501 civilia:
3629 448 3733 493 mc,-

492 523 701 595 ret,adj
713 521 876 579 unxit
898 521 987 578 :Et
1020 521 1077 576 in
1108 520 1347 576 verbum
1370 523 1561 587 tuum,
1578 517 1635 573 id
1658 520 1748 574 est
1768 515 2140 590 unigenitum

492 613 726 683 Filium,
764 611 864 685 qui
893 616 983 667 est
1011 610 1111 667 Dei
1143 609 1347 665 virtus.

491 706 563 759 82
632 701 983 776 Defecerunt
1011 701 1169 757 oculi
1199 699 1313 755 mei
1342 702 1406 755 in
1424 696 1723 771 eloquium
1754 705 1959 752 tuum:

638 792 919 856 Dicentes,
955 790 1211 863 Quando
1235 789 1618 846 consolaberis
1650 803 1739 841 me
1759 787 1789 842 ἲ

562 881 901 937 Defecerunt
941 878 1095 935 oculi
1149 878 1376 935 cordis:
1428 881 1487 933 et
1534 877 1684 942 vide,
1715 876 1773 932 in
1820 873 2141 947 eloquium,

489 987 606 1026 non
636 970 708 1026 ab
734 969 985 1041 eloquio,
1016 968 1320 1023 deiecisse.
1346 965 1599 1022 Deﬁcere
1625 964 1781 1020 enim
1814 965 1886 1019 ab
1906 962 2139 1035 eloquio

485 1058 587 1115 Dei
616 1061 706 1114 est
734 1057 913 1113 totius
944 1057 1077 1111 boni
1114 1054 1359 1128 privatio
1386 1073 1398 1123 ;
1424 1054 1483 1109 in
1515 1053 1816 1127 eloquium
1846 1069 1980 1108 vero
2011 1051 2140 1123 ejus

484 1148 747 1211 deﬁcere,
783 1163 1013 1219 semper
1044 1144 1239 1217 augeri
1296 1149 1402 1199 est.
1438 1144 1723 1209 Dicentes,
1756 1160 1890 1198 cum
1941 1140 2142 1214 lingua

483 1237 643 1309 loqui
679 1236 881 1302 soleat,
907 1235 1048 1290 dicit
1077 1233 1277 1289 oculos
1307 1233 1555 1300 locutos,
1587 1237 1652 1288 ut
1680 1230 2138 1288 ostendatlumi-

484 1343 631 1382 nosa
658 1325 849 1381 cordis
881 1323 1189 1385 desideria,
1223 1320 1523 1378 silentioso
1572 1321 1826 1393 quodam
1871 1335 2139 1376 sermone

485 1413 864 1488 proclamare,
893 1417 951 1467 et
980 1430 1091 1481 pra:
1123 1410 1376 1466 clamore
1409 1409 1822 1465 ardentissimo
1871 1409 2136 1475 deﬁcere,

484 1506 541 1559 et
566 1506 688 1558 tam
714 1502 814 1556 diu
846 1517 908 1555 se
937 1499 1080 1555 dicit
1096 1499 1388 1554 defectum
1414 1498 1593 1555 istum
1614 1497 2138 1569 pertulisse,donec

485 1594 816 1663 exspectata
845 1587 1165 1644 incarnatio
1219 1587 1319 1643 Dei
1379 1586 1570 1642 cordis
1623 1590 1930 1658 appareret
1976 1603 2139 1659 aspe-

486 1679 700 1736 cﬁbus.

484 1770 553 1825 83
625 1769 778 1839 Quia
808 1767 997 1840 factus
1025 1783 1150 1822 sum
1178 1768 1332 1823 sicut
1363 1773 1493 1822 uter
1521 1766 1581 1821 in
1607 1767 1830 1837 pruina
1855 1783 1874 1821 :

622 1857 1089 1930 Jusliﬁcationes
1114 1864 1248 1911 tuas
1274 1873 1389 1912 non
1418 1872 1542 1910 sum
1574 1854 1810 1911 oblitus.

553 1947 594 2003 C
625 1946 871 2002 Causam
906 1962 1010 2000 cur
1051 1945 1448 2016 adjuvandum
1494 1962 1555 2001 se
1602 1948 1660 2000 et
1711 1943 2134 2000 consolandum

482 2039 643 2109 petat
666 2035 763 2091 hic
795 2033 977 2107 ponit.
1011 2034 1147 2090 Uter
1198 2034 1376 2101 enim,
1420 2051 1631 2107 corpus
1677 2032 1922 2089 mortale
1948 2033 2137 2107 signi-

485 2126 652 2191 ﬁcat;
688 2124 923 2199 pruina,
956 2122 1185 2177 cmleste
1218 2121 1569 2178 beneﬁcium
1620 2121 2017 2178 conversionis
2047 2138 2136 2178 os-

484 2213 691 2278 tendit,
724 2229 829 2284 per
860 2227 1037 2283 quam
1070 2211 1261 2267 evenit
1310 2215 1375 2267 ut
1412 2227 1545 2267 caro
1596 2215 1799 2267 nostra
1829 2210 2135 2267 lasciviens

486 2301 800 2357 afﬂictione
826 2299 1172 2371 pmnitcntia:
1224 2299 1621 2355 contrahatur.
1682 2299 1818 2356 Uter
1871 2299 2051 2373 igitur
2075 2299 2135 2355 in

484 2391 718 2463 pruina,
751 2388 945 2444 nativo
974 2388 1167 2445 colore
1205 2389 1493 2454 desertus,
1525 2388 1755 2461 glaciali
1778 2389 1967 2462 rigore
1998 2406 2136 2445 con-

484 2466 777 2546 trahitur;
811 2477 895 2533 sie
926 2494 1138 2549 corpus
1167 2480 1525 2543 sanctorum,
1546 2477 1832 2534 incentivo
1861 2478 2134 2535 vitiorum

483 2567 676 2625 calore
708 2571 1042 2633 vacuatum,
1066 2566 1347 2622 beneﬁcio
1376 2566 1771 2623 conversionis
1800 2566 2136 2624 attrahitur:

483 2663 542 2714 et
570 2674 704 2713 cum
731 2656 817 2712 sic
848 2655 1021 2711 fuerit
1045 2654 1289 2711 feliciter
1309 2654 1960 2728 maceratum,provenit
1980 2656 2135 2729 quod

483 2745 769 2819 sequitur,
802 2748 867 2801 ut
882 2744 1337 2816 justiﬁeationes
1392 2743 1492 2800 Dei
1546 2743 1883 2801 nullatenus
1904 2743 2138 2802 valeant

481 2834 767 2892 oblivisci.

479 2927 552 2982 84
625 2929 775 2996 Quot
806 2929 941 2980 sunt
969 2923 1086 2980 dies
1114 2923 1270 2978 servi
1295 2924 1389 2978 tui
1407 2943 1426 2977 .-

536 3038 545 3057 ι
625 3012 873 3085 Quando
902 3012 1084 3086 facies
1113 3012 1187 3068 de
1216 3011 1692 3084 persequentibus
1709 3029 1796 3069 me
1801 3013 2129 3084 judicium.

550 3105 592 3161 C
622 3103 825 3160 Sciens
856 3105 1392 3157 ccetussanctorum
1408 3117 1595 3174 usque
1626 3101 1697 3156 ad
1724 3102 1900 3158 ﬁnem
1924 3103 2129 3159 mundi

2393 516 2458 570 Et
2480 514 2816 573 custodiam
2845 513 3190 570 testimonia
3217 514 3331 570 oris
3356 515 3453 570 tui.

2321 605 2363 661 C
2396 604 2641 660 Viviﬁca
2668 619 2783 669 me,
2817 602 2966 659 dixit
2996 602 3312 658 secundum
3339 602 3784 682 misericordiam,id

2250 694 2426 762 est,in
2459 693 2561 750 illa
2588 693 2704 748 vita
2724 696 2939 749 reterna
2964 691 3268 760 constitue,
3291 692 3384 748 ubi
3411 700 3690 755 sanctorum
3703 702 3791 758 vita

2249 788 2356 841 est.
2390 783 2464 840 Ut
2492 781 2844 850 custodiam,
2867 780 2916 837 Η
2949 780 3035 837 vel
3066 797 3134 836 ea
3181 798 3302 853 qua":
3331 781 3385 837 in
3413 781 3523 856 lege
3548 788 3790 858 mandasti,

2248 872 2336 929 vel
2367 871 2469 928 illa
2497 888 2625 944 quas
2654 871 2715 926 in
2747 866 3064 944 evangeliis
3088 868 3391 943 protulisti.
3420 872 3464 926 A
3498 872 3641 930 Nullo
3662 880 3792 935 modo

2250 965 2535 1035 martyres
2564 959 2900 1017 testimonia
2953 959 3075 1028 Dei,
3108 957 3168 1015 id
3199 962 3285 1015 est
3338 961 3600 1034 martyris,
3627 970 3795 1040 martyr

2249 1051 2406 1107 enim
2436 1051 2596 1107 testis
2624 1048 3366 1116 dicitur,custodirent,nisi
3394 1049 3596 1106 Domini
3621 1054 3791 1112 miseri-

2248 1141 2448 1198 cordia
2476 1138 2575 1196 Dei
2607 1138 3074 1206 viviﬁcarentur;
3106 1136 3367 1193 viviﬁcati
3414 1143 3540 1195 sunt
3580 1141 3721 1208 enim,
3745 1161 3797 1199 ne

2247 1229 2500 1287 amando
2532 1229 2712 1285 vitam
2746 1231 3024 1301 negarent
3069 1226 3273 1293 vitam,
3299 1230 3353 1282 et
3402 1229 3634 1300 negando
3665 1232 3798 1288 vitam

2246 1319 2583 1376 amitterent
2610 1318 2829 1386 vitam;
2863 1333 2931 1372 ac
2984 1315 3068 1372 sic
3124 1315 3224 1389 qui
3279 1331 3378 1389 pro
3425 1315 3532 1373 vita
3569 1318 3801 1378 veritatem

2247 1409 2513 1465 deserere
2570 1406 2886 1464 noluerunt
2942 1404 3241 1462 moriendo
3298 1421 3397 1478 pro
3449 1406 3656 1464 veritate
3693 1409 3802 1464 vixe-

2245 1501 2406 1555 runt.

2412 1601 2817 1642 ARGUMENTUM
2857 1600 3223 1647 SEQUENTIUM
3261 1599 3396 1640 OCTO
3430 1601 3679 1641 VEBSUUM.

2314 1676 2356 1732 C
2387 1677 2428 1733 B
2459 1675 2626 1732 Plebs
2657 1673 2865 1743 ﬁdelis,
2893 1673 3173 1729 virtutem
3233 1672 3449 1730 Domini
3498 1673 3720 1747 factaque
3739 1674 3808 1731 de-

2163 1800 2212 1866 B
2242 1763 2675 1833 scribens,dicit
2689 1761 3243 1861 omniatemporalia
3255 1779 3420 1836 posse
3433 1761 3807 1829 ﬁniri,mandata

2242 1873 2376 1912 vero
2391 1855 2520 1926 ejus
2540 1868 2917 1926 nequaquam
2939 1850 3258 1908 terminum
3295 1851 3550 1925 reperire,
3570 1850 3809 1924 Bquorum

2243 1943 2567 2017 disciplina:
2620 1942 2859 1999 subdita
2909 1940 3271 2015 proclamat:
3326 1941 3388 1998 In
3433 1943 3678 1997 aeternum
3726 1957 3809 1996 non

2244 2033 2554 2091 obliviscar
2575 2031 3033 2105 justiﬁcationes
3066 2034 3225 2087 tuas.

2638 2174 2645 2179 .
2677 2124 2722 2177 A
2754 2121 2796 2176 Β
2825 2119 3096 2188 Lamech,
3138 2117 3467 2191 disciplina.

2316 2215 2358 2270 B
2387 2214 2455 2269 Et
2484 2212 2612 2268 ideo
2660 2210 2908 2267 Lamecb
2961 2206 3341 2281 disciplinam
3392 2210 3569 2274 sonat,
3609 2206 3729 2280 quia
3747 2205 3817 2260 Dei

2244 2302 2566 2376 disciplinae
2593 2300 2758 2374 plebs
2789 2297 2979 2355 ﬁdelis
3008 2297 3397 2355 libentissime
3418 2295 3631 2354 subdita
3652 2298 3737 2351 est.

2243 2394 2314 2450 89
2387 2397 2456 2450 In
2482 2400 2762 2450 aeternum
2791 2389 3057 2446 Domine:

2392 2483 2626 2539 Verbum
2664 2490 2830 2536 tuum
2852 2483 3157 2552 permanet
3193 2478 3255 2534 in
3282 2478 3441 2538 caelo.

2316 2575 2356 2629 C
2385 2573 2694 2629 Permanet
2731 2568 2913 2643 igitur
2957 2568 3206 2624 verbum
3255 2566 3356 2624 Dei
3410 2565 3469 2621 in
3521 2561 3820 2620 aetemumin

2244 2661 2405 2730 cmlo,
2434 2660 2493 2717 id
2523 2664 2632 2728 est,
2665 2658 2724 2714 in
2756 2673 3111 2731 unoquoque
3160 2660 3387 2724 sancto,
3419 2670 3558 2727 quos
3596 2653 3657 2708 de
3683 2653 3823 2706 morte

2244 2751 2384 2808 facit
2412 2750 2619 2817 vivere,
2654 2749 2709 2805 id
2735 2751 2843 2818 est,
2877 2764 2980 2821 per
3009 2749 3267 2803 mortem
3300 2740 3656 2817 temporalem
3682 2739 3825 2794 vivere

2243 2838 2625 2907 mternaliier;
2657 2842 2749 2894 est
2778 2836 2934 2894 enim
2966 2834 3025 2891 in
3069 2834 3192 2891 illis
3250 2833 3481 2901 ccelum,
3511 2830 3591 2888 vel
3631 2828 3700 2884 illi
3725 2830 3829 2883 sunt

2242 2930 2475 3011 qualum,
2507 2927 2609 3001 qui
2643 2944 2706 2984 se
2747 2924 2965 2983 caelesti
3012 2923 3456 2981 conversatione
3501 2922 3717 2976 tractare
3756 2933 3829 2971 no-

2242 3006 2506 3077 scuntur.
2537 3017 2664 3085 Vel,
2692 3016 2751 3073 in
2784 3014 2948 3081 coelo,
2980 3013 3038 3070 id
3071 3017 3183 3081 est,
3220 3014 3280 3070 in
3314 3010 3555 3086 angelis,
3582 3008 3635 3064 in
3661 3006 3829 3080 quibus

2242 3114 2393 3165 Deus
2417 3106 2662 3163 habitat.
2696 3106 2890 3161 Manet
2919 3101 3100 3176 igitur
3127 3101 3193 3158 in
3225 3100 3345 3157 illis
3394 3113 3613 3171 semper
3637 3094 3827 3152 verbum

480 3211 544 3251 se
577 3191 1001 3249 tentationibus
1028 3189 1246 3246 diaboli
1270 3171 1921 3265 subjacere,interrogat
1942 3208 2128 3265 quan-
2160 3171 2203 3238 C
2236 3197 2360 3268 Dei,
2393 3196 2532 3270 quia
2562 3194 2647 3250 illi
2663 3193 2889 3267 jugiter
2916 3171 2977 3248 in
3010 3190 3109 3247 Dei
3160 3188 3493 3247 ministerio
3521 3191 3577 3244 et
3599 3185 3743 3242 laude
3764 3183 3833 3237 lir-

479 3283 554 3338 do
588 3281 846 3336 mundus
868 3279 976 3334 iste
998 3279 1254 3346 finiatur,
1275 3282 1340 3333 ut
1369 3279 1440 3334 de
1465 3279 2019 3351 persecutoribus,id
2041 3284 2130 3337 est
2238 3285 2508 3343 missima
2536 3281 2952 3340 deliberatione
2975 3280 3337 3337 consistunt.

482 3368 712 3426 diabolo
742 3386 877 3424 cum
909 3367 1195 3423 ministris
1226 3373 1546 3440 praeparata
1572 3367 1715 3424 ultio
1745 3369 2126 3443 compleatur,

482 3475 599 3515 non
630 3457 768 3530 quia
796 3456 924 3511 vitae
954 3473 1073 3511 sua:
1105 3460 1339 3527 tempus
1386 3455 1614 3512 volebat
1665 3474 1999 3529 agnoscere,
2027 3459 2129 3515 sed

481 3546 836 3604 celeritatem
867 3543 1047 3600 futuri
1108 3542 1443 3616 postulabat
1484 3545 1717 3616 judicii,
1778 3547 1835 3602 in
1864 3564 1980 3619 quo
2002 3549 2131 3620 jam

484 3636 670 3693 beatis
696 3635 807 3691 erit
833 3650 1040 3705 reques
1071 3637 1127 3689 et
1157 3633 1439 3705 gaudium
1465 3631 1593 3689 sine
1624 3635 1737 3691 ﬁne
1760 3654 2128 3693 mansurum.

481 3727 553 3782 85
622 3726 1027 3781 Narraverunt
1059 3723 1210 3778 mihi
1232 3722 1420 3795 iniqui
1443 3721 1888 3792 fabulationes:

623 3815 735 3870 Sed
767 3823 827 3869 ut
859 3828 968 3869 non
1003 3811 1102 3867 (ea:
1125 3817 1251 3867 tua.
1395 3872 1405 3881 ί

558 3904 605 3960 Η
634 3905 681 3959 Α
710 3903 750 3959 C
780 3900 995 3974 Iniqui,
1028 3904 1169 3957 sunt
1192 3899 1450 3956 haeretici
1497 3899 1585 3956 vel
1612 3900 1796 3958 Judaei
1827 3902 1915 3959 vel
1946 3905 2132 3977 genti-

485 3993 572 4050 les
604 3989 960 4065 philosophi.
987 3994 1025 4045 C
1055 3990 1313 4054 Quorum
1338 3989 1603 4045 doctrina
1621 3989 1898 4049 inanibus
1919 3993 2135 4052 fabulis

483 4086 573 4139 est
597 4083 956 4153 comparata,
991 4078 1131 4151 quia
1176 4096 1210 4134 a
1238 4078 1363 4151 lege
1396 4077 1498 4133 Dei
1553 4078 1791 4136 omnino
1844 4081 2137 4156 discrepat

483 4175 541 4228 et
571 4189 604 4227 a
629 4168 915 4226 catholica
943 4167 1183 4224 veritate
1213 4166 1480 4223 discedit.

481 4262 552 4317 86
628 4258 841 4317 Omnia
870 4258 1159 4314 mandata
1187 4263 1287 4312 tua
1319 4273 1400 4312 vei
1418 4257 1534 4312 itas
1553 4275 1572 4312 :

625 4349 820 4422 Iniqui
845 4347 1129 4418 persecuti
1153 4352 1289 4402 sunt
1320 4362 1426 4413 me,
1460 4346 1691 4418 adjuva
1720 4363 1829 4403 me.

554 4442 594 4492 C
625 4437 852 4493 Veritas
882 4437 1039 4491 enim
1073 4452 1305 4508 semper
1330 4451 1528 4491 verum
1563 4426 1842 4507 loquitur,
1877 4438 1977 4494 sed
2004 4455 2132 4511 per-

2236 3378 2308 3434 90
2378 3379 2446 3433 In
2473 3374 2857 3449 generatione
2886 3377 2941 3427 et
2961 3371 3352 3445 generatione
3382 3369 3596 3426 veritas
3618 3372 3737 3421 tua:

2379 3464 2668 3523 Fundasti
2694 3472 2917 3519 terram
2944 3465 2998 3516 et
3024 3469 3365 3532 permanet.

2311 3556 2357 3611 II
2389 3554 2430 3610 Ο
2462 3553 2524 3610 In
2556 3549 2929 3626 generatione
2978 3553 3035 3606 et
3065 3548 3470 3622 generatione,
3530 3549 3760 3615 tempora
3782 3537 3837 3593 si-

2240 3643 2480 3719 gniﬁcat
2494 3641 2708 3715 quibus
2726 3639 2760 3695 d
2771 3656 2841 3696 uo
2862 3636 3063 3712 populi
3078 3638 3335 3695 Domino
3348 3636 3479 3694 cred
3487 3634 3838 3719 iderunt,unus

2241 3732 2388 3807 legis
2405 3736 2461 3789 et
2471 3726 2993 3804 prophetarum,ali
3003 3744 3074 3783 us
3089 3724 3398 3800 Evangelii
3411 3727 3469 3781 et
3482 3718 3840 3807 apostolorum.

2241 3823 2282 3879 C
2301 3803 2373 3878 in
2404 3803 2620 3894 quibus
2648 3822 2737 3875 est
2764 3817 3003 3881 veritas,
3034 3815 3093 3872 id
3126 3819 3240 3884 est,
3273 3814 3402 3888 ipse
3433 3811 3699 3870 Dominus
3722 3803 3846 3861 Chri-

2243 3915 2390 3967 stus.
2424 3907 2702 3965 Fundasti
2734 3905 3087 3973 terram,hoc
3118 3907 3213 3961 est
3247 3898 3607 3960 constituisti
3641 3896 3850 3960 sanctos,

2244 3999 2343 4074 qui
2376 3999 2459 4055 sic
2490 3996 2717 4054 fundati
2741 3997 2974 4062 sunt,ut
2992 3992 3052 4049 in
3070 3992 3295 4051 Christi
3317 3989 3654 4050 credulitate
3671 3997 3850 4074 perma-

2243 4071 2439 4147 neant.
2474 4088 2545 4144 Et
2572 4086 2693 4142 haec
2724 4087 2813 4142 est
2836 4100 3015 4140 causa
3038 4099 3145 4139 cur
3188 4083 3252 4139 in
3286 4078 3658 4157 ganeratione
3679 4071 3849 4157 veritas

2242 4182 2371 4247 est;
2404 4176 2545 4249 quia
2571 4174 2816 4231 fundata
2872 4176 2963 4228 est
3012 4175 3189 4238 terra,
3224 4156 3311 4229 id,
3348 4174 3461 4238 est,
3492 4156 3847 4249 credentes-Si

2242 4266 2401 4325 enim
2422 4247 2555 4339 ipse
2584 4280 2700 4320 non
2732 4261 3039 4318 fundasset
3066 4259 3152 4317 sic
3199 4265 3453 4327 terram,
3485 4257 3543 4314 id
3575 4257 3658 4314 est
3680 4247 3852 4339 conﬁr-

2244 4338 2484 4425 masset,
2517 4369 2623 4409 nec
2647 4350 2805 4424 prior
2824 4348 3119 4424 generatio
3142 4356 3255 4405 nec
3280 4340 3542 4421 sequens
3561 4343 3644 4400 vel
3663 4338 3853 4398 credere

2241 4444 2303 4501 in
2332 4443 2650 4509 Christum,
2673 4439 2761 4497 vel
2790 4454 3132 4512 permanere
3163 4437 3226 4494 in
3263 4438 3383 4495 ﬁde
3408 4434 3705 4511 potuisset.

486 4526 588 4583 ﬁdi
620 4542 751 4582 eam
782 4523 1137 4597 quibusdam
1167 4522 1399 4579 nebulis
1437 4524 1727 4579 obciecare
1755 4527 2133 4584 contendunt.
2167 4539 2215 4605 Ῑ)
2240 4536 2309 4591 91
2391 4529 2778 4591 Ordinatione
2803 4537 2911 4585 tua
2934 4533 3282 4599 perseverat
3313 4527 3451 4584 dies

486 4616 551 4671 Et
582 4613 873 4688 persecuti
904 4612 1324 4684 suut,jubeudo
1348 4611 1789 4683 perversa,falsa
1812 4617 2134 4673 suadendo.

482 4702 730 4775 Adjeoit,
761 4702 855 4773 adj
867 4714 975 4767 uva
1005 4699 1291 4772 me,quasi
1316 4704 1517 4756 contra
1542 4699 1862 4758 immanem
1876 4703 2131 4763 belluam

482 4799 537 4851 et
568 4793 795 4850 hostem
827 4787 1306 4847 crudelissimum
1337 4805 1400 4845 se
1432 4788 1695 4860 adjuvari
1720 4792 1975 4862 postulat
1994 4811 2132 4851 con-

483 4887 576 4939 tra
605 4883 690 4940 sic
723 4880 1074 4938 fabulantes.

481 4974 551 5025 87
625 4970 995 5028 Pautominus
1023 4976 1557 5025 consummaverunt
1590 4984 1678 5024 me
1710 4968 1770 5025 in
1792 4978 1972 5028 terra.

624 5061 744 5133 Ego
773 5066 962 5117 autem
981 5076 1093 5115 non
1121 5058 1416 5131 dereliqui
1445 5058 1731 5115 mundata
1759 5064 1888 5116 tua.

554 5148 596 5204 C
626 5148 777 5204 Dum
809 5148 949 5204 dicit
979 5147 1354 5220 paulominus
1384 5151 1442 5203 et
1471 5146 1833 5204 nimietatem
1864 5166 2132 5223 persecu-

487 5237 662 5294 tionis
691 5236 964 5302 ostendit,
1000 5241 1058 5292 et
1087 5252 1148 5292 se
1178 5241 1374 5292 tamen
1407 5253 1523 5291 non
1554 5236 1834 5294 defecisse
1864 5239 1965 5295 Dei
1997 5258 2132 5298 mu-

485 5342 622 5381 nere
644 5323 973 5381 declaravit.
990 5328 1055 5379 In
1088 5330 1263 5392 terra,
1297 5326 1355 5380 in
1386 5325 1494 5382 hoc
1526 5325 1757 5382 saeculo.
1791 5327 1909 5400 Ego
1935 5334 2129 5387 autem

487 5432 602 5471 non
631 5412 912 5486 dcreliqui
943 5414 1218 5469 mandata
1247 5418 1368 5484 tua,
1393 5414 1613 5471 scilicet
1642 5414 1780 5488 quia
1810 5432 1979 5473 suam
2003 5436 2134 5476 con-

483 5503 764 5562 stantiam
798 5502 856 5557 in
889 5502 1165 5576 martyrio
1199 5520 1385 5576 usque
1417 5504 1475 5559 in
1507 5504 1683 5560 ﬁnem
1713 5503 1841 5560 vitae
1873 5509 2131 5566 ostendit

482 5597 541 5653 et
568 5592 778 5652 tenuit.

2391 4621 2677 4691 Quoniam
2703 4617 2904 4675 omnia
2930 4616 3192 4673 serviunt
3225 4616 3371 4673 tibi.

2312 4712 2353 4767 C
2382 4709 2616 4777 Quoties
2629 4704 3178 4780 singularinumero
3200 4704 3337 4762 dies
3360 4700 3859 4778 ponitur,vcnturus

2242 4800 2340 4857 ille
2371 4798 2756 4873 signiﬁcatur,
2779 4794 2882 4868 qui
2904 4811 3059 4851 unus
3078 4798 3261 4867 atque
3284 4796 3547 4850 aeternus
3567 4792 3671 4857 est,
3700 4787 3751 4841 et
3774 4794 3865 4873 nun

2241 4866 2666 4969 habethoctem
2699 4901 2714 4954 ;
2747 4866 2964 4956 dequo
3004 4866 3301 4956 scriptum
3348 4886 3479 4939 est:
3544 4880 3609 4936 Et
3653 4874 3752 4932 erit
3775 4866 3866 4966 illis

2241 4960 2527 5035 Dominus
2575 4974 2777 5030 lumen
2819 4975 3103 5029 aeternum
3132 4973 3338 5044 (Apoc.
3368 4971 3515 5043 xxx).
3555 4968 3621 5025 Et
3646 4979 3713 5021 ne
3739 4957 3869 5033 quis,

2241 5066 2533 5142 quomodo
2564 5064 2672 5121 hoc
2702 5061 2827 5119 ﬁeri
2856 5064 3077 5134 posset,
3109 5060 3519 5135 interrogaret
3563 5047 3873 5142 dubitando.

2239 5136 2454 5229 adjecit
2482 5150 2682 5209 omnia
2710 5148 2924 5208 servire
2952 5149 3234 5216 Creatori,
3269 5147 3379 5223 qui
3426 5163 3535 5222 pro
3564 5160 3672 5203 sua
3696 5136 3872 5197 volun-

2237 5249 2359 5301 tate
2389 5247 2447 5299 et
2474 5237 2822 5314 temporalia
2848 5241 2907 5294 et
2937 5243 3155 5295 aeterna
3183 5237 3488 5312 disponit.

2236 5336 2308 5390 92
2380 5331 2507 5390 Nisi
2532 5328 2692 5406 quod
2725 5326 2822 5384 lex
2851 5334 2961 5384 tua
2987 5328 3313 5385 meditatio
3346 5342 3480 5383 mea
3499 5330 3555 5389 -:-
3583 5329 3700 5379 est:

2384 5427 2541 5478 Tunc
2582 5424 2597 5485 ζ
2640 5418 2797 5492 forte
2823 5417 3130 5489 periissem
3162 5417 3229 5472 in
3264 5415 3627 5472 humilitate
3656 5422 3794 5465 mea.

2311 5510 2352 5567 Ο
2381 5481 2682 5566 Μθὰὶιελιὶὀ
2712 5481 2929 5578 quippe
2947 5503 3096 5580 legis
3116 5508 3205 5561 est
3228 5503 3339 5561 illa
3365 5521 3501 5578 quas
3535 5493 3792 5584 praecepit
3810 5481 3882 5584 V91

2240 5600 2495 5675 cogitare
2523 5596 2611 5655 vel
2658 5594 2869 5666 facere,
2901 5598 2968 5653 ut
3020 5592 3305 5653 interiore
3357 5592 3542 5667 quasi
3593 5580 3894 5647 consiliario
