3986 6164
182 308 275 371 εδδ

1344 293 1763 361 EXPOSI'I‘IO
1805 291 2293 358 PSALMORUM
2305 338 2317 353 .

3418 298 3540 361 446

181 443 411 501 ﬁrmatus
436 436 721 495 tormenta
738 431 927 508 possit
947 430 1242 492 saevientia
1261 430 1587 506 intrepidus
1610 447 1778 504 supe-
1804 426 1862 497 Α
1890 427 2082 502 phetis
2111 432 2168 485 et
2214 426 2479 502 psalmis.
2540 429 2781 504 Propter
2835 431 2990 506 quod
3030 431 3090 490 in
3147 450 3318 494 cruce
3360 435 3535 497 dixit:

180 548 301 590 rare.
332 530 391 586 In
420 524 763 592 humilitate,
788 525 848 580 in
869 523 1288 580 afﬂictionibus
1318 522 1482 590 dicit,
1510 539 1656 594 quas
1687 520 1784 594 pia

177 620 436 678 voluntate
480 615 759 681 toleravit,
809 632 844 670 a
890 613 1107 685 quibus
1139 630 1200 668 se
1242 613 1457 687 gaudet
1492 616 1778 683 ereptum,

180 708 380 784 quando
424 704 633 762 meruit
660 705 733 760 ad
765 707 1035 761 sanetum
1066 702 1365 775 pervenire
1412 699 1779 773 martyrium.

179 796 453 856 Humilitas
497 795 610 850 ista
640 811 674 849 a
721 791 1077 865 quibusdam
1133 789 1479 848 necessitate
1523 788 1779 856 subitur,

181 888 237 943 ab
261 885 396 953 aliis,
428 887 491 939 ut
520 900 554 939 a
583 882 824 949 sanctis,
846 880 1146 937 voluntate
1175 880 1512 953 suscipitur.

178 978 235 1032 93
293 976 349 1031 In
374 981 642 1031 aeternum
667 988 779 1026 non
808 970 1096 1027 obliviscar
1117 970 1538 1042 justiﬁcationes
1565 976 1701 1024 tuas.

294 1064 427 1133 Quia
448 1064 506 1117 in
535 1063 668 1133 ipsis
698 1061 986 1131 vivi/icasti
1011 1076 1116 1115 me.

234 1153 269 1208 C
290 1150 484 1208 Nullus
503 1150 660 1206 enim
682 1148 943 1205 ﬁdelium
966 1149 1138 1204 debet
1152 1146 1416 1203 oblivisci
1435 1146 1669 1201 illorum
1693 1145 1787 1199 he-

179 1240 468 1297 niﬁciorum
503 1236 756 1305 Domini,
780 1254 815 1293 a
845 1238 1060 1310 quibus
1083 1236 1254 1294 vitale
1284 1252 1503 1291 munus
1525 1234 1790 1290 noscitur

178 1329 452 1402 accepisse,
490 1327 612 1383 haec
633 1331 829 1383 autem
852 1326 1132 1382 beneﬁcia
1148 1330 1289 1381 sunt
1304 1323 1785 1397 justiﬁcationcs,

178 1437 282 1492 qua:
309 1416 467 1473 nobis
498 1416 679 1472 vitam
710 1415 920 1472 animae
967 1413 1362 1487 praestiterunt
1392 1412 1451 1468 in
1483 1411 1616 1467 ﬁde.
1650 1412 1787 1467 Pos-

180 1512 291 1566 sunt
314 1506 462 1563 enim
497 1505 747 1561 fortasse
778 1503 895 1559 alia
923 1504 1220 1560 memoriae
1250 1502 1536 1568 decidere,
1569 1500 1786 1556 beneﬁ-

180 1597 304 1654 cium
323 1598 516 1650 autem
542 1592 743 1650 nullus
762 1591 1025 1650 ﬁdelium
1048 1591 1432 1659 obliviscitur,
1456 1590 1515 1645 in
1542 1607 1658 1663 quo
1672 1588 1792 1644 vita

180 1687 464 1758 prastatur.

178 1776 232 1830 94
296 1776 423 1830 Tuus
442 1790 575 1828 sum
602 1788 698 1842 ego
726 1772 938 1828 salvum
970 1788 1055 1828 me
1081 1773 1191 1842 fac.

291 1864 557 1933 Quoniam
576 1862 997 1934 justiﬁcationes
1024 1869 1147 1916 tuas
1175 1861 1466 1933 exquisivi.

234 1953 268 2008 Ο
290 1954 439 2009 Tuus
470 1968 613 2008 sum
636 1966 762 2023 ego,
797 1967 913 2006 non
958 1954 1147 2022 potest
1175 1950 1366 2006 dicere
1419 1966 1548 2005 vere
1597 1949 1698 2021 qui
1731 1964 1792 2004 se

178 2042 304 2099 novit
331 2044 569 2115 peccato
620 2040 855 2097 servire.
890 2040 1103 2095 Servus
1131 2039 1288 2096 enim
1345 2038 1617 2095 vitiorum
1675 2055 1791 2093 non

179 2135 399 2186 meretur
425 2128 751 2185 Dominum
782 2127 992 2183 habere
1027 2132 1387 2184 sanctorum.
1421 2126 1570 2182 Illud
1596 2130 1793 2182 autem

180 2217 463 2285 considera,
497 2217 661 2290 quod
695 2218 837 2273 dum
870 2217 1131 2289 professa
1163 2216 1338 2271 fuerit
1364 2216 1572 2272 cohors
1594 2219 1796 2271 sancta

180 2320 356 2363 seesse
383 2305 646 2376 Domini,
679 2305 868 2360 adhuc
901 2306 1044 2378 petit
1076 2311 1140 2360 ut
1169 2304 1327 2361 salva
1356 2306 1476 2369 ﬁat,
1502 2304 1703 2376 utique
1734 2303 1793 2359 in

179 2396 259 2451 illa
271 2395 628 2468 judicatione
650 2396 866 2461 futura,
891 2411 1025 2450 cum
1048 2394 1199 2450 beati
1218 2395 1435 2449 intrant
1454 2394 1510 2448 in
1533 2392 1795 2466 requiem

178 2485 589 2558 sempiternam.
637 2484 747 2539 Sed
802 2500 984 2555 quare
1036 2482 1197 2539 salus
1253 2482 1367 2539 ista
1420 2487 1653 2555 petatur
1705 2499 1796 2538 as-

180 2574 334 2639 sidue,
386 2575 596 2630 subter
660 2571 927 2643 adjunxit
980 2572 1217 2628 dicens:
1286 2573 1569 2636 Quoniam
1622 2571 1796 2643 justi-

181 2664 441 2719 ﬁcationes
471 2667 616 2718 tuas
645 2660 949 2734 exquisivi.
982 2660 1091 2716 Alii
1140 2662 1412 2726 honores,
1444 2661 1543 2718 alii
1591 2661 1797 2716 mundi

179 2753 379 2825 gaudia,
411 2751 510 2808 alii
547 2751 849 2825 connubia
893 2756 1184 2823 quierunt,
1216 2768 1322 2823 ego
1343 2751 1800 2823 justiﬁcationes

177 2844 303 2898 tuas.
794 2844 823 2858 ’

180 2930 237 2985 95
295 2932 370 2987 Me
388 2935 845 3004 exspectaverunt
871 2938 1173 3002 peccatores
1202 2938 1261 2986 ut
1280 2929 1568 3002 perderent
1588 2947 1675 2987 me
1699 2948 1711 2986 :

297 3022 621 3078 Testimonia
646 3028 742 3076 tua
771 3020 1040 3077 intellexi.

234 3112 269 3162 C
292 3109 374 3165 Me
400 3112 909 3181 exspectaverunt,
935 3108 1157 3164 scilicet
1186 3107 1324 3163 mali
1345 3125 1618 3165 suasores
1640 3109 1802 3165 blan-

1819 1801 1869 1867 B

1891 519 2375 576 Consummatum
2405 523 2493 576 est
2524 521 2701 593 (Joan.
2736 522 2874 594 χιχ).

2049 625 2453 665 ARGUMENTUM
2492 627 2856 673 SEQUENTIUM
2896 630 3035 670 OCTO
3080 633 3375 674 VERSUUM.

1962 699 2004 754 Ο
2034 700 2076 754 Β
2107 697 2365 771 P0pulus
2405 699 2613 756 beatus
2662 701 3077 774 prophetarum
3127 710 3300 779 atque
3351 708 3539 765 Evan-

1891 787 2023 860 gelii
2054 786 2431 844 meditatione
2452 789 2761 860 proficiens
2792 807 2970 864 super
2984 793 3256 851 docentes
3284 813 3344 852 se
3367 814 3432 853 ac
3455 815 3540 854 se-

1892 877 2106 946 niores,
2158 877 2367 933 asserit
2417 894 2479 933 se
2527 878 2722 935 divina
2770 880 3122 939 intellexisse
3168 886 3464 954 mandata,
3498 888 3540 943 Β

1894 967 2047 1040 quod
2079 982 2215 1039 ergo
2252 983 2405 1022 mem
2435 966 2854 1038 interpretatur
2881 986 2951 1025 ex
2977 988 3116 1044 quo:
3152 973 3444 1046 signiﬁcat
3474 994 3544 1033 ex

1895 1073 2033 1129 quo,
2066 1055 2176 1111 hoc
2207 1060 2297 1111 est
2339 1056 2493 1126 quod
2542 1055 2758 1111 dicitur
2787 1058 2832 1112 Η
2873 1058 2952 1113 Β;
2987 1102 3000 1114 .
3033 1059 3333 1123 Quomodo
3367 1064 3544 1121 dilexi

1894 1146 2083 1219 legem
2114 1148 2299 1209 tuam,
2332 1144 2572 1201 Domine
2593 1146 2620 1199 ?
2654 1146 2708 1201 id
2742 1150 2850 1214 est,
2878 1164 2946 1203 ex
2977 1166 3093 1221 quo
3122 1152 3329 1208 all‘ectu
3352 1154 3549 1211 dulce-

1896 1233 2050 1289 dinis
2080 1238 2138 1289 et
2169 1232 2409 1303 amoris,
2446 1236 2510 1288 ut
2534 1233 2824 1305 signiﬁcet
2853 1252 2923 1291 ex
2954 1237 3179 1295 intimo.
3216 1241 3378 1304 Quod
3410 1261 3546 1300 vero

1896 1322 2112 1379 dicitur
2135 1339 2203 1377 ex
2224 1320 2397 1394 ipsis:
2426 1321 2715 1395 signiﬁcat
2737 1340 2804 1379 ex
2826 1324 2970 1396 ipsis
2993 1326 3225 1384 Domini
3249 1333 3544 1391 mandatis

1897 1411 2236 1468 eorumdem
2283 1411 2730 1483 concipiendum
2780 1430 3060 1485 amorem,
3114 1420 3269 1476 unde
3315 1422 3475 1492 dicit,
3515 1442 3551 1483 a

1898 1500 2193 1557 mandatis
2224 1500 2344 1555 tuis
2372 1498 2653 1557 intellexi.

2239 1590 2285 1645 H
2321 1594 2362 1644 Β
2387 1591 2558 1659 Mem,
2591 1607 2659 1646 ex
2690 1608 2805 1664 quo
2834 1592 2920 1648 vel
2950 1609 3018 1648 ex
3047 1593 3212 1666 ipsis.

1899 1680 1967 1734 97
2046 1680 2315 1748 Quomodo
2345 1679 2524 1735 dilexi
2550 1681 2720 1752 legem
2751 1685 2922 1748 luam,
2953 1683 3219 1742 Domine:

2050 1771 2173 1826 Tota
2202 1769 2291 1825 die
2316 1769 2599 1826 meditatio
2624 1786 2743 1826 mea
2771 1779 2826 1838 ρέα
2870 1783 2949 1829 est
2990 1779 3003 1842 ζ

1971 1862 2010 1914 C
2040 1858 2315 1925 Dicendo,
2335 1858 3023 1930 quomodo,promittitse
3040 1865 3334 1925 dicturum
3354 1887 3553 1943 quem-

1901 1947 2218 2003 admodum
2252 1945 2441 2019 legem
2470 1946 2569 2002 Dei
2601 1949 2895 2021 praacipua
2926 1950 3246 2013 intentione
3272 1963 3330 2015 et
3348 1960 3550 2016 volun-

1899 2040 2017 2092 tate
2047 2034 2328 2092 dilexerit.
2376 2037 2518 2090 Tota
2547 2037 2662 2103 die,
2695 2038 3040 2098 continuum
3097 2048 3330 2118 tempus
3368 2050 3550 2120 signi-

1904 2126 2057 2192 ﬁcat,
2090 2124 2407 2181 meditatur
2430 2124 2585 2180 enim
2614 2130 2734 2183 toto
2760 2128 2886 2183 vitae
2919 2134 3179 2203 tempore
3209 2133 3396 2208 legem
3427 2139 3550 2206 Dei,

1904 2216 2003 2288 qui
2041 2213 2239 2270 omnia
2268 2231 2395 2286 quae
2441 2213 2597 2282 facit,
2631 2215 2689 2269 in
2728 2214 2961 2273 laudem
2999 2221 3092 2276 Dei
3144 2224 3283 2295 agit.
3316 2225 3375 2281 Si
3421 2227 3554 2300 quis

1904 2303 2061 2359 enim
2091 2320 2225 2358 cum
2256 2303 2467 2358 timore
2500 2303 2597 2358 Dei
2629 2304 2792 2360 cibos
2826 2310 3218 2379 temperanter
3244 2314 3476 2387 accipit,
3506 2318 3557 2374 si

1905 2410 2144 2450 somnos
2170 2392 2576 2449 convenienter
2624 2393 2826 2466 carpit,
2868 2394 3056 2469 legem
3092 2399 3188 2455 Dei
3241 2404 3560 2463 meditatur

1906 2482 1967 2539 in
2027 2482 2325 2548 omnibus,
2397 2482 2676 2552 quoniam
2734 2500 2795 2540 se
2854 2484 3102 2544 honesta
3158 2495 3215 2545 et
3272 2494 3558 2564 probabili

1906 2571 2132 2629 actione
2161 2571 2554 2627 commendat.

1907 2661 1977 2715 95
2049 2660 2224 2732 Super
2252 2662 2504 2716 inimicos
2528 2677 2672 2717 meos
2701 2662 3027 2734 prudentem
3056 2684 3141 2723 me
3168 2670 3350 2740 fecisti

2119 2748 2379 2805 mandato
2410 2753 2502 2805 tuo
2524 2768 2544 2805 :

2054 2840 2195 2907 Quia
2226 2841 2285 2894 in
2313 2848 2583 2896 aeternum
2606 2841 2750 2896 mihi
2776 2850 2871 2897 est.

1982 2927 2023 2983 C
2057 2926 2283 2983 Inimici
2315 2926 2677 3000 intelligendi
2718 2934 2857 2985 sunt
2886 2932 3163 2990 obstinati
3202 2937 3408 3006 Judaei,
3443 2940 3562 2997 ha:-

1912 3016 2076 3073 retici
2113 3020 2171 3073 et
2201 3015 2436 3089 pagani,
2469 3016 2570 3088 qui
2610 3024 2898 3091 praecepta
2926 3022 3026 3077 Dei
3058 3041 3175 3080 non
3223 3033 3559 3098 operantur.

1912 3105 2102 3178 Supra
2135 3104 2281 3161 istos
2311 3105 2660 3177 prudentem
2693 3124 2755 3163 se
2787 3107 2927 3164 dicit
2957 3112 3248 3180 e‘Iectum,
3281 3118 3560 3188 quoniam

178 3195 376 3254 diendo.
409 3169 583 3264 Quod
632 3169 906 3269 agebant,
935 3202 999 3252 ut
1044 3214 1234 3253 meam
1279 3197 1533 3254 animam
1563 3198 1802 3255 vulnere
1831 3169 1875 3236 θ·
1906 3169 2079 3268 jussu
2098 3169 2463 3250 Deidevotus
2482 3194 2763 3267 implevit.
2788 3198 2899 3253 Sed
2921 3200 3074 3256 unde
3094 3169 3281 3259 factus

180 3288 445 3356 pravitatis
463 3287 824 3344 sauciarent.
846 3286 1111 3342 Ostendit
1122 3302 1253 3341 vero
1274 3304 1376 3359 per
1387 3287 1496 3343 hoc
1517 3288 1672 3360 quod
1696 3289 1798 3355 ait,

179 3382 653 3447 exspectaverunt,
686 3393 919 3448 pmnam
949 3375 1210 3448 martyrii
1240 3393 1356 3431 non
1380 3376 1562 3433 fuisse
1587 3377 1803 3433 accele-

180 3468 335 3519 ratam
361 3471 416 3522 et
444 3465 897 3538 praecipitatam,
931 3469 996 3519 ut
1027 3464 1256 3537 gravior
1284 3465 1448 3521 ﬁeret
1479 3482 1649 3537 pmna
1670 3483 1801 3539 pro-

182 3553 334 3608 tracta
360 3571 543 3626 quam
581 3553 925 3617 subitanea;
960 3553 1190 3624 gravior
1218 3558 1310 3609 est
1339 3553 1496 3610 enim
1530 3554 1644 3611 ista
1674 3571 1803 3627 per-

180 3644 390 3709 secutio,
453 3660 592 3715 qua
620 3647 679 3698 et
735 3659 1007 3697 coronam
1069 3642 1327 3715 martyrii
1386 3644 1714 3716 suspendit,
1748 3648 1807 3700 et

182 3734 397 3788 mortem
429 3732 651 3788 animae
681 3730 925 3787 suadere
956 3750 1067 3788 non
1095 3730 1448 3788 desinit.Scd
1474 3722 1814 3806 intelligens

182 3815 269 3874 iste
295 3820 700 3877 testimonium
733 3820 832 3876 Dei
866 3837 979 3876 non
1031 3824 1259 3893 poterat
1286 3821 1356 3876 ad
1384 3820 1526 3877 vitia
1555 3823 1805 3878 nefanda

182 3908 408 3979 perduci,
441 3910 609 3966 unde
639 3908 720 3965 illi
754 3908 859 3965 soli
885 3927 917 3965 a
946 3910 1045 3965 tali
1068 3909 1325 3982 periculo
1347 3910 1677 3967 liberantur
1705 3912 1806 3984 qui

182 3994 382 4054 Domini
426 3998 871 4055 illuminatione
903 4000 1229 4055 ﬁrmantur.
1290 3999 1549 4055 Intellexi
1609 4006 1805 4057 autem

181 4091 493 4157 exponetur,
517 4087 583 4142 id
616 4091 722 4153 est,
755 4092 1028 4159 operatus
1059 4104 1213 4153 sum,
1247 4087 1479 4143 sicutin
1507 4088 1619 4144 alio
1650 4088 1804 4161 psal-

181 4189 259 4229 mo
284 4176 531 4232 dicitur:
592 4176 804 4232 Beatus
853 4175 954 4248 qui
1002 4175 1278 4249 intelligit
1326 4193 1506 4249 super
1552 4194 1805 4250 egenum

180 4260 325 4330 (Psat.
353 4269 465 4334 xc),
498 4264 570 4320 id
609 4269 717 4333 est,
772 4263 1043 4320 subvenit
1099 4281 1299 4338 egeno.
1353 4264 1456 4322 Ille
1495 4264 1651 4321 enim
1704 4266 1805 4339 qui

179 4358 424 4420 operatur
457 4353 793 4410 secundum
815 4352 1174 4421 testimonia,
1198 4371 1313 4409 non
1335 4358 1529 4426 potest
1547 4355 1620 4410 ad
1642 4354 1803 4426 vitia,

182 4442 233 4492 ut
254 4440 521 4509 diximus,
556 4441 811 4498 nefanda
847 4441 1106 4514 perduci.

179 4525 239 4581 αἱ
300 4532 483 4587 Omnis
511 4531 1000 4588 consummationis
1028 4529 1144 4585 vidi
1168 4532 1335 4602 ﬁnem
1359 4549 1378 4585 :

300 4620 487 4675 Latum
519 4618 843 4675 mandatum
872 4627 1025 4674 tuum
1053 4620 1241 4674 nimis.

237 4707 273 4761 (Ζ
298 4707 739 4765 Consummatio
767 4712 858 4763 est
886 4708 1044 4763 enim
1070 4707 1336 4763 omnium
1367 4707 1648 4764 virtutum
1680 4727 1804 4782 per-

183 4792 349 4861 fectio,
377 4799 472 4853 cui
503 4796 998 4854 eonsummationi
1020 4796 1286 4852 Christus
1316 4800 1407 4852 est
1438 4797 1593 4866 ﬁnis,
1626 4815 1803 4869 quem

183 4896 233 4937 se
257 4886 459 4944 vidisse
489 4886 654 4953 dicit,
683 4903 817 4941 cum
838 4902 972 4942 eum
989 4884 1326 4941 illuminata
1346 4890 1538 4942 mente
1560 4887 1807 4943 credidit

184 4986 290 5028 esse
310 4980 643 5041 venturum.
679 4975 888 5031 Latum
919 4974 1263 5030 mandatum
1293 4973 1587 5047 signiﬁcat
1615 4975 1805 5033 chari-

184 5061 356 5129 tatem,
381 5080 564 5137 quam
587 5063 741 5120 circa
766 5064 951 5120 Deum
983 5063 1197 5119 habere
1218 5064 1502 5135 jubemur
1524 5068 1582 5119 et
1609 5065 1805 5136 proxi-

186 5163 344 5206 mum.
364 5153 514 5209 Nam
547 5154 687 5225 quid
709 5152 886 5208 latius
906 5151 1167 5209 essedici
1194 5156 1405 5225 potest,
1440 5169 1615 5225 quam
1648 5155 1803 5226 quod

186 5238 491 5298 universam
528 5241 716 5316 legem
746 5246 803 5298 et
830 5241 1249 5314 prophetarum
1280 5240 1435 5296 dicta
1464 5241 1807 5299 concludit?

184 5319 395 5387 Nammt
412 5327 678 5385 Salvator
692 5328 910 5396 docuit,
926 5328 987 5383 in
1005 5327 1097 5383 his
1115 5328 1344 5409 duobus
1366 5329 1659 5385 mandatis
1676 5329 1807 5385 cha-

187 5410 349 5471 ritatis
374 5415 467 5472 lex
495 5417 689 5473 omnis
720 5421 778 5473 et
809 5416 1100 5490 prephetaz
1134 5417 1387 5489 pendent
1414 5418 1618 5484 (Matth.
1642 5422 1801 5486 xxu).

188 5497 225 5554 ll
251 5501 505 5561 Praevidit
521 5522 656 5580 ergo
680 5507 969 5580 Propheta
988 5508 1047 5563 in
1069 5505 1279 5580 spiritu
1295 5506 1590 5562 Christum
1607 5507 1806 5563 omnia

186 5602 624 5666 consummasse,
645 5613 776 5670 qua:
806 5597 1025 5670 scripta
1053 5600 1195 5653 sunt
1213 5596 1285 5651 de
1314 5612 1380 5651 eo
1412 5594 1471 5650 in
1492 5594 1639 5668 lege,
1672 5613 1803 5668 pro-

1913 3285 2106 3353 fuerit,
2141 3283 2407 3339 addidit:
2467 3287 2567 3340 tuo
2610 3286 2907 3342 mandato.
2940 3289 3226 3353 Quoniam
3280 3294 3422 3350 dum
3476 3294 3562 3352 illi

1912 3373 2169 3431 obedivit
2234 3374 2494 3441 ﬁdeliter,
2552 3379 2795 3431 cunctos
2857 3383 3118 3435 errantes
3184 3385 3562 3440 transcendit.

1911 3464 2173 3535 Adjecit:
2208 3465 2349 3536 quia
2378 3462 2438 3518 in
2484 3466 2767 3519 aeternum
2799 3465 2943 3523 mihi
2971 3470 3079 3534 est,
3130 3469 3351 3526 scilicet
3400 3490 3564 3529 man-

1913 3554 2117 3611 datum
2149 3558 2340 3616 tuum,
2374 3551 2599 3608 scilicet
2628 3551 2857 3609 dilectio
2886 3555 2985 3611 Dei
3016 3562 3074 3612 et
3104 3558 3373 3629 proximi.

1912 3643 1984 3698 99
2053 3648 2233 3716 Super
2259 3658 2443 3698 omnes
2470 3640 2714 3698 docentes
2744 3660 2829 3699 me
2858 3645 3141 3703 intellexi:

2092 3734 2238 3803 Quia
2266 3732 2577 3788 testimonia
2609 3740 2704 3787 tua
2733 3734 3016 3791 meditatio
3036 3753 3158 3791 mea
3178 3744 3233 3803 ξι
3277 3744 3358 3795 est
3402 3748 3414 3807 ζ
3462 3784 3475 3797 .

1986 3824 2027 3878 C
2058 3822 2437 3878 lntendamus
2468 3820 2564 3876 hie
2605 3821 2964 3893 superiorem
2994 3841 3251 3895 versum,
3300 3828 3400 3885 ubi
3450 3848 3567 3888 non

1915 3911 2081 3978 dixit,
2115 3916 2296 3983 supra
2321 3914 2538 3982 patres,
2564 3910 2667 3965 sed
2693 3927 2871 3982 super
2901 3912 3204 3983 inimicos;
3237 3916 3331 3973 hic
3370 3923 3567 3975 autem

1916 3999 2109 4073 arguit
2146 3999 2481 4071 magistros,
2516 3998 2738 4054 scilicet
2764 3999 3106 4069 Pharisaeos,
3143 4004 3285 4074 quia
3308 4006 3376 4061 ad
3412 4006 3567 4064 litte-

1914 4106 2042 4145 ram
2073 4106 2135 4144 se
2163 4091 2448 4149 tenentes,
2481 4084 2804 4158 spiritalem
2835 4088 3283 4162 intelligentiam
3316 4093 3568 4169 neglige-

1912 4179 2077 4234 bant.
2129 4178 2316 4248 Supra
2363 4175 2509 4231 tales
2540 4174 2725 4248 igitur
2773 4193 2978 4233 omnes
3020 4178 3309 4249 doctores,
3358 4184 3566 4240 merito

1914 4266 2123 4323 cohors
2171 4268 2375 4320 sancta
2430 4279 2493 4319 se
2551 4262 2764 4320 melius
2794 4264 3150 4323 intellexisse
3207 4266 3366 4338 dicit,
3429 4272 3568 4342 quia

1914 4355 2204 4412 sinceram
2240 4352 2336 4409 Dei
2368 4352 2697 4409 doctrinam
2731 4354 2975 4425 accepit,
3011 4356 3109 4411 sed
3136 4360 3192 4411 et
3223 4373 3326 4412 cur
3356 4357 3567 4416 melius

1913 4440 2279 4507 intellexerit,
2338 4456 2578 4496 causam
2636 4440 2796 4508 dicit,
2857 4440 2998 4513 quia
3069 4442 3406 4500 testimonia
3466 4449 3569 4502 tua

1834 4538 1883 4603 1)
1915 4531 2215 4588 meditatio
2248 4546 2380 4586 mea
2407 4534 2515 4585 est.

1918 4622 2019 4677 100
2056 4621 2232 4692 Super
2257 4634 2408 4675 senes
2439 4619 2694 4674 intellexi
2716 4635 2729 4674 :

2058 4710 2196 4777 Quia
2222 4708 2487 4763 mandata
2518 4711 2615 4763 tua
2642 4708 2893 4779 qumsivi.

1985 4803 2169 4869 Super
2199 4813 2369 4852 senes
2400 4795 2680 4852 intellexi.
2710 4796 2889 4853 Senes
2918 4798 3061 4853 dicit
3089 4798 3204 4863 hic,
3241 4815 3356 4854 non
3387 4815 3565 4854 canos

1914 4890 2130 4951 mente,
2164 4886 2262 4941 sed
2298 4901 2557 4956 corpore.
2606 4884 2747 4940 Vult
2780 4885 2958 4957 igitur
2986 4885 3198 4955 dicere,
3230 4885 3443 4941 melius
3475 4885 3563 4943 in-

1915 4973 2134 5032 tellexit
2162 4973 2415 5045 populus
2432 4990 2618 5028 novus
2644 4974 2766 5044 (qui
2789 4972 3033 5029 feliciter
3052 4972 3347 5029 Christum
3370 4991 3567 5031 susce-

1915 5063 2021 5137 pit)
2052 5079 2228 5135 quam
2253 5060 2448 5116 senior
2469 5059 2563 5115 ille
2579 5059 2879 5127 Judaicus,
2905 5060 3005 5133 qui
3028 5078 3165 5118 eum
3187 5065 3561 5120 contemnen-

1915 5154 2056 5209 dum
2080 5149 2385 5223 judicavit.
2412 5149 2601 5213 Quare
2623 5147 2908 5204 intellexit
2928 5168 3106 5223 super
3130 5152 3387 5208 seniores
3404 5152 3564 5208 addi-

1915 5242 2021 5310 dit,
2055 5239 2349 5296 videlicet:
2384 5237 2531 5303 Quia
2552 5238 2830 5293 mandata
2858 5243 2960 5294 tua
2980 5240 3265 5311 exquisivi
3288 5258 3301 5297 :
3328 5258 3444 5297 non
3466 5241 3566 5298 ho-

1916 5330 2143 5386 minum
2176 5342 2579 5401 perversorum
2611 5326 2887 5382 mandata
2918 5328 3158 5384 servavi.
3330 5319 3339 5325 ”
3547 5320 3550 5322 ’

1918 5422 2015 5475 101
2055 5418 2131 5475 Ab
2161 5417 2315 5473 omni
2342 5416 2433 5470 via
2462 5414 2611 5483 mala
2632 5415 2895 5486 prohibui
2913 5418 3074 5489 pedes
3102 5435 3275 5474 meos:

2060 5508 2123 5566 Ut
2149 5505 2445 5561 custodiam
2479 5505 2643 5559 verba
2673 5508 2785 5562 tua.

1985 5597 2026 5653 C
2056 5597 2142 5653 Ab
2174 5594 2333 5651 omni
2354 5593 2448 5649 via
2476 5591 2658 5649 mala:
2683 5593 2977 5667 signiﬁcat
2995 5594 3399 5654 haereticorum
3427 5613 3560 5669 pra-
