3986 6164
458 320 577 384 447

1365 314 1430 377 s.
1475 286 1875 375 Baouoms
1921 304 2546 370 HEBBIPOLENSIS
2591 291 2968 370 EPISGOPI.

3685 301 3799 370 ω

458 472 563 514 vas
593 453 918 522 suasiones,
948 449 1163 526 quibus
1182 446 1269 505 illi
1291 443 1706 504 blandiuntur:
1728 440 1818 499 vel
1844 438 2109 499 omnium
2138 439 2195 509 Α
2225 442 2398 499 miter
2427 439 2485 497 in
2518 437 2718 497 animo
2747 428 3332 495 constituere-bonum
3356 436 3681 511 pmpositum
3698 438 3793 498 im.)

461 545 751 603 malorum
785 559 959 617 prava
989 556 1183 613 opcra,
1215 537 1396 595 Pedes
1425 540 1621 592 autem
1649 549 1810 591 meos
1836 550 1848 588 :
1881 529 2106 605 signifi-

461 639 554 694 cat
577 648 886 692 assensum
905 628 1137 695 mentis,
1162 626 1265 700 qui
1286 642 1394 682 nos
1415 624 1671 698 quodam
1687 619 1929 693 vestigio
1948 618 2111 675 ducit

460 726 532 783 ad
565 724 826 798 culpam:
857 719 967 776 nisi
991 718 1177 793 pietas
1198 714 1298 772 Dei
1317 731 1424 771 nos
1445 711 1812 769 abstraxerit.
1839 709 1911 765 Ut
1934 707 2111 763 verba

461 820 563 872 tua
591 811 920 870 custodiam
950 825 962 864 :
993 807 1163 862 aliter
1182 805 1338 860 enim
1358 802 1537 860 verba
1556 800 1656 858 Dei
1679 798 1971 856 custodire
1992 813 2104 852 non

460 905 705 977 poterat,
765 898 880 956 nisi
927 912 1060 953 cum
1096 894 1203 950 illa
1254 891 1530 967 pestifera
1585 887 1782 945 suasio
1830 887 2111 960 probatur

458 991 720 1065 expulsa.

462 1081 566 1136 102
604 1078 641 1134 Α
664 1076 897 1150 judiciis‘
929 1076 1041 1130 tuis
1071 1089 1177 1128 non
1208 1070 1521 1127 declinavi:

595 1169 746 1238 Quia
772 1171 833 1222 tu
859 1166 1032 1234 legem
1055 1161 1290 1234 posuisti
1315 1159 1477 1214 mihi.

522 1259 639 1315 CA
675 1254 919 1329 judiciis
968 1252 1086 1308 tuis
1135 1249 1293 1317 dicit,
1352 1248 1408 1302 id
1436 1250 1525 1302 est
1572 1244 1645 1300 ab
1694 1242 1793 1298 illo
1825 1241 1978 1314 quod
2009 1244 2112 1296 tua

454 1346 726 1406 voluntas
757 1342 1060 1400 constituit
1089 1345 1145 1395 et
1164 1336 1395 1393 vivendi
1429 1332 1693 1406 regulam
1725 1329 1903 1396 dedit,
1938 1330 2012 1385 ab
2043 1345 2109 1386 eo

460 1438 665 1509 utique
692 1451 806 1490 non
837 1428 1141 1487 declinavi.
1176 1427 1323 1494 Quia
1353 1428 1417 1480 tu
1440 1422 1626 1496 legem
1654 1418 1900 1492 posuisti
1931 1418 2107 1473 mihi:

457 1508 687 1584 hocrest
714 1518 1114 1592 Evangelium,
1139 1515 1293 1589 quod
1319 1508 1904 1584 totiusplenitudinis
1933 1508 2112 1563 dona-

458 1615 544 1670 vit
567 1613 835 1670 etl‘ectum
860 1625 873 1664 :
909 1624 1025 1663 non
1056 1621 1192 1677 ergo
1222 1603 1313 1658 lex
1342 1605 1506 1657 vetus
1529 1601 1679 1672 (qum
1710 1596 1969 1653 ofﬁcium
2002 1612 2111 1668 pa:-

460 1701 672 1776 dagogl
702 1698 900 1767 habet)
931 1696 1026 1752 hic
1056 1691 1358 1763 accipitur.

462 1795 565 1851 103
605 1794 778 1860 Quam
804 1787 992 1842 dulcia
1019 1782 1270 1856 faucibus
1297 1781 1434 1835 meis
1450 1778 1667 1850 eloquia
1698 1780 1828 1831 tua:

602 1882 775 1951 Super
792 1877 903 1932 mei
929 1875 1016 1931 ori
1044 1888 1181 1928 meo.

526 1971 785 2036 C-Quam
830 1962 1044 2030 dulcia,
1078 1960 1136 2014 id
1169 1963 1260 2014 est
1292 1955 1426 2030 plus
1485 1952 1762 2010 omnibus
1802 1951 2016 2008 Adulcia
2054 1956 2116 2009 et

372 2056 379 2059 ’
458 2058 711 2117 maxime
758 2053 974 2111 dulcia.
1032 2049 1176 2116 Quia
1206 2047 1254 2102 Η
1312 2042 1559 2101 transito
1624 2041 1795 2098 melle
1843 2039 1952 2113 (vel
1997 2040 2112 2097 alio

458 2149 609 2220 cibo)
663 2163 767 2221 per
810 2142 1095 2216 palatum,
1141 2135 1371 2193 nullum
1404 2133 1581 2189 habet
1611 2131 1765 2221 ultra
1797 2145 2066 2211 saporem
2095 2146 2107 2186 :

457 2210 693 2309 eloquia
731 2249 866 2289 vero
896 2229 999 2286 Dei
1047 2228 1188 2299 (sive
1219 2226 1278 2280 in
1310 2240 1428 2288 ore,
1462 2221 1582 2277 sive
1611 2220 1670 2275 in
1698 2210 1989 2283 faucibus,
2020 2216 2108 2274 vel

457 2328 519 2383 in
546 2306 762 2381 arcano
794 2318 976 2377 abditi
1007 2314 1280 2390 pectoris)
1299 2327 1531 2383 semper
1562 2307 1759 2365 dulcia
1779 2310 1919 2363 sunt
1935 2306 2112 2362 medi-

458 2413 723 2473 tantibus
767 2426 854 2466 ea.
886 2412 927 2462 Ο
956 2410 1097 2461 Cum
1127 2401 1284 2459 enim
1314 2399 1507 2457 omnis
1536 2400 1747 2471 gustus
1793 2394 2110 2467 corporalis

459 2504 537 2562 sit
556 2503 614 2558 in
646 2498 838 2574 palato
867 2500 924 2552 et
953 2492 1223 2550 faucibus
1241 2494 1493 2554 tantum,
1524 2485 1757 2558 eloquia
1779 2489 1972 2540 tamen
2004 2484 2109 2540 Do-

458 2590 605 2649 mini
632 2571 917 2662 deglutita
944 2584 1004 2640 in
1034 2580 1228 2638 cordis
1257 2576 1601 2634 dulcescunt
1631 2571 1915 2629 faucibus.

458 2682 562 2738 104
604 2685 657 2736 Α
684 2675 962 2734 mandatis
993 2673 1102 2728 tuis
1131 2668 1423 2725 intellexi:

599 2771 889 2842 Propterea
917 2762 1064 2820 odivi
1092 2772 1305 2817 omnem
1334 2756 1481 2811 viam
1510 2752 1844 2824 iniquitatis.

528 2861 570 2917 Ο
600 2838 812 2931 Legem
843 2851 999 2910 enim
1031 2849 1129 2906 Dei
1170 2846 1433 2911 edoctus,
1484 2840 1769 2898 intellexit
1817 2838 2104 2913 scriptum

454 2950 639 3007 illud:
685 2928 812 3015 lilii,
845 2941 964 2999 noli
1022 2935 1323 2996 ambulare
1375 2949 1509 2989 cum
1568 2929 1770 3003 impiis
1825 2928 2101 3001 (Proui).

457 3042 601 3097 Item
649 3034 951 3093 audierat:
986 3024 1296 3086 Perdidisti
1342 3037 1547 3079 omnes
1588 3018 1691 3093 qui
1732 3017 2104 3075 .fornicantur

456 3131 563 3186 abs
604 3131 660 3184 te
710 3124 886 3199 (Psal.
923 3117 1109 3191 Lxxu),
1141 3113 1283 3172 talia
1313 3112 1530 3186 quippe
1654 3107 1948 3199 mandatis
2003 3105 2101 3165 Dei

618 3184 899 3277 audisset,
923 3184 1078 3267 viam
1098 3184 1425 3276 iniquitatis
1438 3196 1725 3255 intellexit
1747 3195 2104 3252 omnimodis
2131 3184 2174 3252 C

454 3303 874 3364 exsecrandum
884 3342 897 3368 ,
913 3296 1212 3371 quaejusto
1225 3288 1472 3347 Domino
1484 3286 1711 3361 placere
1726 3302 1843 3342 non
1855 3287 2099 3358 poterat.

632 3402 1031 3448 ARGUMENTUH
1058 3395 1426 3445 SEQUENTIUM
1457 3393 1597 3432 OCTO
1625 3390 1921 3431 VERSUUM.

525 3483 569 3539 (3
595 3482 634 3538 Β
661 3479 881 3536 Cohors
911 3476 1099 3540 beata,
1146 3468 1395 3543 pedibus
1429 3465 1552 3522 suis
1605 3462 1893 3520 Dominici
1943 3462 2104 3519 verbi

455 3573 653 3631 lumen
685 3568 913 3624 radiare
952 3559 1349 3634 congaudens.
1378 3555 1421 3611 B
1451 3552 1680 3626 Expetit
1712 3552 2106 3612 retributiones

454 3659 688 3719 Domini
716 3658 1025 3731 perpetuas
1054 3667 1067 3707 :
1104 3648 1176 3704 ob
1200 3662 1351 3719 quas
1383 3643 1504 3700 haec
1534 3641 1729 3731 littera
1764 3640 2105 3713 sempiterni

457 3765 672 3808 nomen
716 3728 961 3816 accepit.
1023 3739 1197 3794 Porro
1228 3734 1381 3808 quod
1439 3729 1618 3805 piscis
1652 3728 2101 3803 interpretatur:

457 3836 714 3897 ostendit
755 3851 890 3891 eum
933 3829 1036 3903 qui
1076 3828 1137 3883 in
1166 3822 1442 3881 ﬂuctibus
1495 3817 1690 3877 seculi
1717 3817 1917 3874 lumen
1946 3818 2106 3876 verbi

395 3940 403 3949 ‘
455 3926 720 4003 requirit.

706 4014 753 4072 Η
787 4013 830 4070 Β
859 4012 1013 4079 Nun,
1061 4003 1487 4078 sempiternum
1536 3997 1625 4054 vel
1655 3996 1854 4071 piscis.

452 4109 562 4165 105
599 4109 842 4163 Lucerna
868 4099 1095 4175 pedibus
1119 4095 1256 4152 meis
1286 4091 1513 4149 verbum
1537 4096 1692 4145 tuum
1712 4104 1732 4142 :

604 4202 667 4255 Et
698 4196 881 4252 lumen
909 4188 1120 4247 semitis
1147 4185 1302 4241 meis.

526 4287 869 4344 C'Testatur
907 4280 1080 4336 beata
1121 4273 1350 4338 cohors,
1387 4267 1633 4342 pedibus
1681 4264 1807 4321 suis
1864 4264 2109 4321 verbum

454 4377 552 4435 Dei
583 4376 662 4448 (id
694 4376 784 4431 est
816 4368 1147 4442 Scripturas
1177 4362 1436 4427 sanctas)
1465 4356 1680 4421 lucere,
1726 4369 1798 4410 ne
1847 4352 2113 4410 absentia

452 4466 575 4524 veri
606 4461 849 4521 luminis
895 4453 1208 4514 incidatin
1256 4450 1528 4506 ruinam:
1561 4461 1739 4518 quam
1790 4458 1894 4515 per
1939 4457 2110 4498 suam

456 4550 881 4630 providentiam
912 4547 1094 4601 vitare
1126 4558 1241 4597 non
1270 4542 1516 4611 poterat.
1550 4534 1620 4589 Et
1649 4532 1849 4588 lumen
1882 4529 2110 4587 semitis

459 4618 607 4701 meis
632 4658 644 4696 :
666 4640 712 4696 H
741 4638 813 4695 Ut
833 4636 942 4694 hoc
964 4630 1188 4688 lumine
1210 4627 1523 4701 praeeunte,
1542 4622 1684 4677 dum
1707 4618 1951 4677 semitas
1977 4618 2107 4674 vita:

457 4732 631 4790 istius
662 4725 988 4803 gradimur,
1023 4721 1095 4778 ad
1128 4717 1289 4775 illam
1338 4731 1466 4789 quae
1495 4727 1630 4767 vera
1656 4709 1750 4765 via
1776 4712 1865 4803 est
1891 4708 2108 4782 perdu-

457 4796 696 4880 cemur.“
716 4819 982 4874 Lucerna
1010 4826 1147 4883 ergo
1178 4805 1480 4877 Scriptura
1509 4802 1711 4855 sancta
1739 4796 1955 4853 dicitur
1976 4813 2108 4870 pro-

458 4911 769 4985 phetarum
795 4923 808 4962 :
843 4909 901 4962 et
930 4896 1375 4974 Evangeliorum
1405 4890 1626 4956 lumen,
1672 4886 1761 4944 vel
1792 4889 2111 4959 utrumque

457 4999 658 5055 lumen
688 5000 746 5052 et
768 4996 1027 5051 lucerna.

463 5087 566 5142 106
602 5086 794 5143 Juravi
817 5092 868 5140 et
892 5081 1064 5139 statui
1084 5097 1104 5134 :

607 5172 889 5231 Custodire
900 5170 1117 5243 judicia
1134 5163 1373 5239 justitia?
1403 5167 1537 5216 tuac.

535 5263 576 5320 C
601 5262 809 5319 Jurare
833 5264 923 5315 est
968 5257 1125 5314 enim
1166 5255 1300 5327 jure
1329 5260 1513 5314 orare,
1547 5245 1606 5301 id
1656 5249 1745 5301 est
1775 5244 2112 5316 aequitatem

464 5352 655 5408 dicere
679 5367 692 5406 :
728 5366 797 5405 ne
826 5346 961 5404 velit
988 5343 1282 5417 quispiam
1303 5337 1456 5412 quod
1488 5331 1780 5409 promisit,
1805 5332 1863 5387 in
1885 5337 2113 5405 partem

465 5440 707 5499 alteram
738 5436 1050 5494 declinare.
1081 5432 1286 5488 Jurare
1315 5428 1495 5501 igitur
1541 5422 1637 5478 hic
1676 5438 1792 5477 non
1822 5421 2116 5494 signiﬁcat

466 5531 902 5590 sacramentum
934 5526 1208 5599 praestare
1239 5518 1321 5591 (in
1351 5533 1467 5588 quo
1494 5509 1816 5569 invocando
1847 5509 2113 5567 divinita-

463 5626 580 5681 tem
614 5614 876 5676 veritatis
908 5616 1118 5672 testem
1150 5606 1544 5673 adduci-mus),
1568 5601 1667 5658 sed
1683 5601 1887 5673 jurare
1902 5603 1992 5657 est
2020 5600 2114 5655 ﬁr.

2216 531 2394 606 plere.
2422 528 2652 586 Judicia
2673 543 2808 584 vero
2823 526 3069 600 justitise
3093 529 3252 582 sunt:
3272 524 3612 583 cumexaltat
3633 527 3795 585 hamis

2217 620 2324 686 les,
2358 619 2560 693 dejioit
2589 617 2894 690 superbos.

2220 712 2322 767 107
2358 710 2696 766 Humiliatus
2723 724 2849 763 sum
2877 718 3255 777 usquequaque
3274 722 3293 758 :

2363 800 2606 865 Domine,
2632 798 2849 869 viviﬁea
2875 810 2967 851 me
2990 791 3285 851 secundum
3312 793 3519 849 verbum
3543 800 3693 849 tuum.

2289 888 2330 942 C
2356 886 2541 941 Deum
2593 900 2655 940 se
2706 883 2911 939 dicunt
2958 880 3222 937 membra
3262 879 3471 961 Qhristi
3514 895 3795 954 usquequa‘

2221 993 2333 1050 que
2348 974 2688 1032 humiliata:
2707 972 3027 1031 ostendunt
3046 968 3361 1026 multarum
3376 969 3788 1046 persecutionum

2220 1083 2283 1123 se
2314 1063 2670 1122 sustinuisse
2714 1060 2991 1135 pericula,
3040 1069 3101 1117 et
3128 1075 3198 1115 ex
3244 1056 3559 1123 humilitate
3598 1068 3691 1116 sua
3723 1075 3797 1116 se-

2219 1155 2479 1212 cundum
2507 1150 2928 1226 promissiones
2952 1148 3047 1205 Dei
3070 1147 3346 1205 viviﬁcari
3375 1163 3434 1204 se
3458 1149 3661 1221 petunt.
3682 1147 3793 1204 Ver-

2219 1244 2362 1301 bum
2387 1242 2545 1299 enim
2562 1240 2709 1297 illud
2722 1239 2834 1296 dici
2855 1241 3073 1313 potest:
3092 1235 3295 1293 Venite
3312 1235 3511 1305 adma,
3527 1251 3701 1293 omnes
3714 1236 3795 1309 qui

2208 1332 2524 1402 laboratis,
2557 1335 2667 1387 etc.
2695 1329 2908 1402 (Matth.
2940 1328 3042 1401 x1).

2222 1441 2324 1497 118
2352 1440 2681 1500 Voluntaria
2708 1439 2820 1494 oris
2844 1437 2958 1492 mei
2982 1434 3315 1507 beneplacita
3339 1433 3444 1505 fac,
3472 1431 3694 1507 nomine:

2361 1532 2428 1585 Et
2445 1529 2664 1603 judicia
2684 1535 2781 1584 tua
2814 1525 2944 1582 doce
2967 1539 3072 1580 me.
3107 1504 3124 1507 ⁷
3342 1504 3345 1505 ν
3598 1504 3601 1509 ’

2290 1622 2331 1678 C
2361 1619 2490 1675 Oris
2508 1621 2703 1674 autem
2729 1611 3056 1672 voluntaria
3074 1609 3361 1668 sacriﬁcia
3378 1625 3477 1666 seu
3500 1606 3802 1681 beneplacita

2217 1714 2357 1766 sunt
2381 1726 2393 1764 :
2428 1705 2794 1763 devotionem
2814 1701 3009 1760 laudis
3029 1700 3258 1766 otl‘erre,
3285 1715 3401 1755 non
3420 1686 3646 1769 alicujus
3666 1712 3801 1752 mun-

2141 1817 2187 1881 Β
2217 1800 2381 1855 danae
2409 1794 2703 1865 utilitatis,
2738 1793 2840 1850 sed
2874 1790 3118 1872 ριόρινίω
3146 1784 3461 1865 voluntatis
3490 1784 3697 1842 intuitu.
3723 1783 3803 1841 Ilia

2222 1905 2358 1962 ergo
2390 1884 2536 1959 petit
2564 1889 2628 1940 ut
2657 1883 2977 1939 reddantur
3006 1881 3244 1951 accepta
3261 1881 3374 1933 Deo
3398 1892 3411 1933 :
3432 1878 3697 1949 quatenus
3719 1873 3802 1929 hac

2222 1975 2514 2035 oblatione
2536 1973 2821 2047 placatus,
2836 1968 3066 2043 judicia
3096 1984 3206 2024 sua
3238 1983 3373 2023 eum
3403 1964 3609 2035 doceat,
3636 1962 3803 2036 questi-

2221 2066 2452 2151 delibus
2482 2062 2777 2121 mentibus
2808 2059 3086 2134 dignatur
3113 2054 3360 2137 aperire.

2221 2176 2326 2232 109
2362 2174 2707 2230 Animamea
2738 2170 2795 2224 in
2826 2165 3080 2223 manibus
3107 2164 3248 2220 meis
3275 2177 3478 2233 semper
3497 2178 3516 2216 :

2361 2264 2426 2319 Et
2457 2262 2626 2333 legem
2655 2264 2806 2317 tuam
2837 2272 2949 2313 non
2976 2271 3100 2312 sum
3129 2253 3350 2310 oblitus.
3762 2304 3773 2317 ι

2290 2353 2337 2410 Η
2368 2352 2580 2409 Anima
2590 2365 2729 2409 mea
2748 2347 2807 2401 in
2824 2343 3106 2402 manibus
3129 2341 3280 2399 meis
3295 2358 3309 2399 :
3333 2339 3439 2396 hoc
3455 2342 3553 2408 est,
3578 2336 3697 2409 quia
3712 2334 3805 2389 ani-

2217 2458 2377 2501 mam
2406 2452 2599 2499 meam
2628 2436 2689 2492 in
2719 2432 3189 2507 bonisoperibus
3224 2429 3557 2503 (secundum
3576 2424 3708 2501 quod
3732 2421 3803 2507 lex~

2216 2536 2321 2602 tua
2343 2527 2533 2603 jubet)
2553 2529 2831 2601 paratam
2863 2503 3105 2596 semper.
3123 2519 3341 2577 habeo:
3365 2516 3449 2575 vel
3470 2513 3596 2590 quia
3613 2503 3802 2603 paratus

2217 2601 2360 2679 sumi
2376 2615 2720 2690 martyrium
2743 2616 2978 2686 propter
3001 2614 3058 2669 te
3076 2609 3390 2665 sustinere.
3424 2604 3479 2660 C.
3506 2604 3612 2660 Hoc
3629 2601 3803 2673 ubique

2215 2724 2446 2781 semper
2463 2701 2815 2779 praecipitur,
2839 2699 2950 2759 hoc
2971 2695 3305 2772 specialiter
3323 2706 3739 2755 commonemur,
3754 2691 3804 2741 ut

2214 2796 2297 2854 sic
2328 2776 2636 2854 redeamus
2667 2792 2739 2847 ad
2760 2790 2958 2863 legem
2984 2805 2996 2844 :
3031 2803 3104 2843 ne
3125 2785 3546 2844 discedamusa
3571 2776 3803 2863 lege.‘Per

2213 2902 2427 2952 manus
2447 2884 2666 2955 itaque,
2686 2878 2778 2937 vel
2805 2861 3193 2951 operationes,
3217 2872 3307 2930 vel
3324 2875 3570 2947 potestas
3585 2861 3805 2955 intelligi.

2211 2980 2329 3043 tur,
2362 2973 2449 3030 vel
2482 2953 2879 3046 promptitudo
2911 2963 3385 3039 admartyrium'
3404 2964 3467 3039 et
3496 2953 3794 3045 passionem.

2213 3083 2316 3139 110
2355 3084 2664 3137 Posuerunt
2687 3058 2994 3149 peccatores
3026 3072 3286 3144 laqueum
3310 3067 3447 3127 mihi
3466 3085 3485 3123 :

2354 3171 2418 3224 Et
2444 3164 2816 3224 demandatis
2847 3163 2954 3218 tuis
2983 3175 3092 3217 non
3120 3158 3327 3217 erravi.

2286 3258 2326 3313 ll
2359 3254 2508 3322 Quid
2559 3256 2699 3311 sunt
2728 3250 2826 3315 isti
2856 3248 3100 3322 laquei:
3132 3245 3253 3304 nisi
3301 3240 3594 3302 tendiculae
3628 3232 3800 3322 diaboli

2210 3346 2297 3403 vel
2329 3321 3013 3419 suggestionesvejuslc
3046 3337 3110 3393 In
3142 3335 3256 3395 hac
3275 3335 3434 3396 enim
3463 3321 3802 3419 silvamuadi.

2210 3440 2299 3497 tot
2326 3413 2567 3508 laqueos
2596 3429 2844 3496 invenis,
2875 3432 3021 3501 quot
3050 3425 3192 3486 vitia
3223 3421 3535 3490 contueris.
3581 3413 3805 3489 Sequitur

2212 3524 2559 3589 remedium,
2588 3515 3148 3593 quodcognoscitur
3174 3514 3499 3575 contraista
3526 3520 3707 3593 uenam
3720 3516 3807 3593 plt-

2210 3629 2405 3686 gnare.
2422 3588 2645 3669 scilicet
2669 3588 3169 3681 quiaafmandatis
3184 3604 3285 3662 Dei
3307 3600 3543 3661 minime
3555 3588 3806 3655 declinavi.

2213 3684 2297 3761 Ab
2329 3700 2445 3757 illis
2472 3697 2633 3756 enim
2656 3695 2758 3769 qui
2789 3710 2906 3751 non
2928 3692 3205 3757 declinat,
3232 3686 3358 3753 ulla
3384 3684 3806 3769 deceptionean

2214 3789 2442 3865 capitur
2464 3805 2478 3844 :
2509 3787 2648 3859 quia
2665 3764 2843 3857 juxta
2858 3782 2988 3857 ipsa
3008 3780 3312 3847 mandata,
3330 3795 3453 3843 non
3474 3776 3531 3835 in
3551 3764 3809 3864 ipsisipsi-

2214 3851 2321 3937 (1ίῷ
2352 3882 2512 3936 sunt.
2566 3876 2612 3932 H
2634 3851 2911 3946 Laqueus
2938 3870 3109 3929 .enim
3130 3870 3307 3941 juxta
3330 3867 3509 3937 viam,
3532 3878 3641 3931 non
3667 3858 3716 3917 in
3740 3851 3811 3909 via

2216 3967 2487 4044 ponitur:
2523 3963 2659 4022 etsi
2691 3977 2963 4044 egressus
2993 3960 3065 4018 de
3090 3948 3185 4015 via
3215 3949 3403 4027 {ueris
3434 3952 3813 4023 mandatorum,

2214 4039 2390 4119 cades
2420 4056 2480 4111 in
2513 4039 2809 4127 laqueum.
3798 4096 3803 4107 ε

2218 4165 2318 4223 ω
2346 4161 2691 4237 ,Ηδιενεὰἰιαιθ
2708 4156 3332 4230 'acquzsivi;testimania
3350 4162 3447 4221 me
3476 4153 3536 4221 in
3548 4155 3809 4221 gemam:

2362 4253 2505 4323 Quia
2532 4248 2823 4309 exsultatio
2848 4245 3029 4305 cordis
3051 4245 3167 4302 mei
3191 4249 3345 4309 sunt.

2289 4346 2329 4398 C
2354 4319 2472 4399 ista
2500 4335 2820 4395 hereditas
2846 4333 3136 4397 lucrativa
3177 4336 3396 4390 aeterna
3437 4321 3709 4404 possessio
3731 4319 3815 4374 est

2219 4427 2603 4495 Testimonia,
2627 4424 3005 4487 sanctissima
3030 4426 3326 4496 precepts
3354 4422 3508 4489 sunt.
3542 4410 3814 4496 Meritum:

2219 4539 2289 4581 su
2298 4489 2601 4576 ltationem
2608 4514 2699 4574 sui
2713 4511 2909 4572 cordis
2919 4489 3815 4581 essedicebathﬁl‘edmmmpi

2217 4606 2496 4665 ccelestis:
2527 4604 2653 4678 ipse
2673 4601 2831 4661 enim
2857 4604 3115 4659 meretur
3134 4599 3215 4665 ad
3226 4614 3383 4666 eam;
3391 4577 3817 4678 θθξνθηὶωιᾳωξά

2218 4698 2503 4772 probatur
2520 4668 2592 4751 de
2608 4691 2713 4752 tali
2724 4688 3124 4764 eoquisitione
3146 4668 3423 4762 gaudere.
3448 4668 3821 4772 {Lucumonis

2219 4755 2376 4845 enim
2408 4788 2467 4843 et
2494 4755 2924 4858 praecepta'tila,
2953 4778 3074 4839 haec
3094 4755 3235 4843 sunt
3259 4773 3565 4843 hereditas
3568 4762 3729 4842 justi,
3746 4755 3821 4815 hio

2219 4880 2277 4933 et
2305 4875 2367 4932 in
2398 4875 2664 4932 futurum
2692 4869 2754 4927 in
2772 4872 3091 4929 internum.

2214 4984 2327 5039 112
2363 4979 2634 5039 Inelimwi
2678 4972 3094 5033 cormmad
3478 4968 3487 4980 ι
3561 4963 3629 5024 Γπ
3695 4957 3725 5013 Ι.
3794 4962 3822 5007 η

2436 5076 2554 5125 tuas
2583 5067 2645 5122 in
2668 5071 2974 5123 aeternum:

2365 5161 2592 5230 Propter
2620 5153 3059 5213 retributionem.
3594 5188 3603 5230 ἐ

2293 5250 2341 5307 Η
2373 5222 2650 5305 Inclinavi
2680 5259 2779 5299 cor
2828 5258 3061 5309 meum,
3081 5238 3305 5297 sciiicet
3324 5236 3408 5293 ad
3452 5222 3819 5309 humilitatﬂln-

2223 5334 2498 5396 Inclinavi
2520 5330 2783 5399 -enim,id
2812 5333 2902 5386 est
2925 5327 3231 5386 bumiliavi
3260 5343 3363 5383 cor
3389 5334 3601 5387 meum,
3618 5303 3824 5399 attain:

2220 5391 2484 5500 telligere
2514 5391 2900 5479 meruissem:
2936 5418 3082 5493 quia
3123 5414 3359 5491 superbi
3418 5427 3531 5500 non
3560 5391 3823 5500 inclinet

2220 5532 2321 5572 cer
2335 5488 2515 5576 εἶιιιιιη
2530 5511 2588 5566 in
2603 5488 3023 5565 humilitatem.
3036 5508 3106 5564 Et
3120 5488 3286 5564 addit
3304 5504 3378 5561 ad
3398 5498 3535 5575 quid
3559 5488 3823 5576 inetiam

2218 5605 2318 5674 rit,
2353 5573 2677 5660 scilicet‘ad
2709 5595 3008 5655 faciendas
3023 5573 3504 5669 justiﬁcatipnss:
3526 5573 3822 5644 bonum“!
