3986 6164
483 333 597 392 431

1395 332 1458 390 S.
1507 328 1903 394 BRUNUNIS
1947 325 2568 392 IlERBlPOLENSIS
2613 329 2992 394 El‘ISCOPI.

3771 336 3883 395 459

485 471 573 521 est
623 464 954 540 evangelica
995 465 1190 533 verba,
1243 481 1370 536 quae
1421 463 1683 520 dicturus
1731 467 1856 520 erat
1911 461 2127 536 populo
2155 463 2212 530 Α
2259 463 2362 518 129
2398 463 2688 522 Mirabilia
2713 465 3044 521 testimonia
3074 473 3176 522 tua
3217 465 3275 529 ξιι
3302 465 3536 522 Domine
3577 470 3596 534 ζ
3661 483 3680 521 :

488 555 800 611 creditura.

490 645 590 700 124
602 649 858 702 Faecum
871 659 1034 700 servo
1047 651 1144 700 tuo
1153 618 1463 699 secundum
1477 639 1939 700 misericordiam
1951 649 2008 698 tu
2015 657 2136 698 am:

625 734 694 788 Et
707 732 1153 805 justi/icationes
1181 740 1312 788 tuas
1341 731 1481 788 doce
1508 747 1620 786 me.

553 823 593 878 C
625 818 1083 878 Misericordiam
1116 837 1296 893 supra
1325 837 1388 876 se
1409 819 1534 876 ﬁeri
1560 819 1730 892 petit:
1751 819 1889 892 quia
1901 819 2134 892 justum

480 916 568 968 est
581 917 646 968 ut
667 911 891 984 jugiter
907 908 1280 984 rogetur,qui
1306 909 1356 964 si
1393 925 1509 964 non
1549 911 1780 981 petatur
1799 907 2130 964 offenditur.

478 1001 652 1058 Servo
685 1001 784 1056 tuo
817 1017 832 1055 :
869 999 1009 1072 quia
1051 999 1252 1055 statim
1293 998 1532 1070 corruit,
1564 998 1662 1070 qui
1709 997 1953 1054 alterius
2003 1014 2133 1054 esse

477 1089 746 1147 voluerit.
772 1090 843 1145 Et
871 1087 999 1144 vide
1029 1088 1183 1161 quod
1198 1086 1654 1160 juetificationes
1685 1103 1746 1142 se
1785 1086 1978 1142 doceri
2029 1103 2130 1160 po-

477 1179 734 1248 stulavit,
768 1195 946 1250 quam
969 1179 1096 1250 jam
1127 1177 1370 1232 devotus
1402 1176 1641 1249 accepit.
1673 1177 1744 1232 Et
1791 1193 1894 1248 per
1941 1180 2130 1232 totum

476 1269 772 1344 psalmum
804 1270 1137 1341 frequenter
1167 1267 1308 1340 petit
1347 1283 1464 1322 uno
1510 1263 1658 1334 loco,
1692 1265 1846 1338 quod
1895 1263 2008 1322 alio
2066 1282 2130 1322 se

479 1359 772 1432 accepisse
804 1357 1015 1413 fatetur
1042 1375 1056 1414 :
1093 1359 1155 1412 ut
1189 1361 1338 1412 Deus
1361 1355 1516 1428 quod
1550 1354 1708 1410 dedit
1735 1359 2054 1423 conservet,
2073 1359 2130 1410 et

474 1448 614 1521 quia
643 1447 872 1521 petendi
909 1463 1214 1517 nunquam
1247 1445 1420 1500 debet
1439 1460 1568 1501 esse
1609 1442 1932 1499 fastidium.
1967 1444 2125 1500 Hanc

475 1536 634 1594 enim
664 1537 1070 1591 assiduitatem
1095 1559 1104 1586 ι
1129 1541 1146 1588 t
1169 1533 1356 1590 oratio
1386 1533 1667 1590 Dominca
1687 1531 1974 1606 designat,
1994 1549 2121 1606 quae

366 1663 370 1668 ο
475 1627 616 1682 dicit
665 1641 680 1680 :
739 1629 955 1686 Panem
1021 1627 1287 1678 nostrum
1365 1622 1772 1694 quotidianum
1822 1621 1896 1677 da
1953 1621 2122 1678 nobis

473 1716 666 1772 hodie.

471 1805 578 1862 1'25
611 1810 822 1864 Servus
853 1814 982 1861 tuus
1023 1810 1078 1870 ῐ-ι
1103 1807 1288 1870 sum}
1357 1817 1462 1872 ego
1492 1818 1512 1856 :

612 1898 692 1952 Da
722 1895 864 1950 mihi
895 1895 1242 1950 intellectum
1273 1895 1336 1948 ut
1362 1891 1545 1965 sciam
1573 1889 1905 1951 testimonia
1923 1899 2045 1946 tua.

539 1985 580 2041 C
611 1987 824 2041 Servus
853 1989 990 2040 tuus
1021 1998 1176 2051 sum,
1209 1983 1286 2036 da
1315 1979 1460 2036 mihi
1489 1968 1508 2036 τ’
1529 1977 1864 2052 quLsolitus
1893 1983 1981 2034 est
2015 1979 2118 2035 do-

467 2092 626 2144 nare,
659 2091 788 2148 quas
811 2073 974 2145 justo
991 2089 1058 2128 ac
1088 2069 1436 2127 fiducialiter
1464 2069 1696 2144 petaris.
1729 2068 2024 2148 Utsciam,
2057 2067 2114 2124 id

467 2169 556 2220 est
586 2169 651 2219 ut
680 2147 917 2235 accepta
951 2159 1252 2216 retineam.
1281 2158 1437 2214 Scire
1466 2157 1620 2214 enim
1653 2155 1798 2213 illud
1819 2147 1936 2223 est;
1961 2157 2118 2239 quod

469 2254 528 2308 in
561 2233 1103 2308 nostram—notitiam
1118 2248 1374 2316 veniens,
1391 2245 1554 2302 nulla
1569 2245 1854 2302 oblivione
1867 2233 2112 2302 deletur.

469 2343 534 2397 Et
565 2339 834 2414 quamvis
863 2337 1062 2395 omnia
1091 2335 1454 2406 expedientia
1492 2335 1786 2391 continuis
1843 2335 2114 2408 precibus

469 2427 889 2486 sintaDomino
903 2423 1543 2500 postalanda,maxime
1564 2428 1758 2481 tamen
1781 2423 2112 2480 divinarum

467 2520 902 2593 Scripturarum
969 2513 1298 2571 intellectus
1353 2513 1578 2587 jugiter
1642 2505 1928 2586 petendus
1975 2517 2110 2578 est:

467 2608 568 2682 qui
599 2612 818 2682 quanto
843 2605 977 2680 plus
1009 2603 1344 2678 percipitur,
1361 2609 1524 2660 tanto
1547 2619 1778 2675 suavior
1799 2601 2109 2658 invenitur.

468 2717 572 2773 126
612 2721 859 2784 Tempus
875 2711 1152 2785 faciendi,
1177 2709 1412 2772 Domine
1440 2726 1453 2764 :

607 2805 1042 2874 Dissipaveruut
1075 2802 1252 2872 legem
1283 2809 1470 2854 tuam.

534 2898 580 2950 A
609 2893 834 2952 Clamat
881 2889 1135 2963 populus
1159 2887 1368 2954 ﬁdelis,
1400 2892 1633 2960 tempus
1673 2886 1919 2944 faciendi
1955 2903 1967 2942 :
2002 2887 2110 2944 hoc

462 2989 552 3041 est
581 2989 646 3040 ut
677 2982 896 3038 mundo
950 2995 1254 3054 apparens,
1286 2981 1525 3050 peccata
1573 2975 1878 3042 dissolvas,
1911 2977 2108 3049 ipsum

462 3071 761 3131 diabolum
778 3075 1135 3145 prosternas.
1150 3066 1572 3124 Additcausam
1589 3065 1832 3120 faciendi
1849 3065 2001 3138 quod
2017 3081 2110 3137 pe-

461 3164 610 3220 tivit.
640 3161 786 3227 Quia
808 3159 1244 3232 dissipaverunt
1270 3155 1454 3212 Judaei
1487 3154 1699 3227 legem,
1721 3170 1898 3227 quam
1915 3153 2106 3210 illeeis

462 3251 872 3308 inviolabiliter
895 3246 1189 3304 custodire
1216 3243 1506 3318 praecepit.
1539 3241 1837 3316 Dissipare
1857 3243 2015 3298 enim
2030 3242 2106 3299 le-

463 3357 617 3414 gem,
649 3343 738 3395 est
768 3337 936 3394 aliter
958 3337 1146 3394 vivere
1178 3351 1355 3406 quam
1385 3333 1476 3388 lex
1507 3331 1784 3405 praecipit,
1818 3336 1874 3388 et
1921 3333 2108 3389 facere

463 3429 616 3504 quod
648 3427 738 3482 lex
767 3427 1028 3482 damnat.

463 3536 564 3592 127
608 3534 737 3591 Ideo
765 3531 945 3588 dilexi
971 3531 1250 3587 mandata
1279 3537 1380 3585 tua
1410 3547 1428 3582 :

597 3628 788 3694 Super
815 3637 1029 3678 aurum
1053 3625 1107 3676 et
1125 3619 1417 3690 tapazion.
1451 3619 1462 3628 '

532 3714 577 3769 ll
603 3712 767 3770 Sicut
785 3711 940 3768 enim
971 3726 1180 3766 aurum
1205 3711 1548 3764 cunctorum
1581 3706 1950 3782 metallorum
1982 3722 2104 3779 pre-

459 3803 609 3859 tium
641 3798 1034 3875 prlecellit,ita
1062 3798 1326 3870 topazius
1351 3795 1639 3868 (omnium
1664 3811 2009 3869 gemmarum
2043 3796 2103 3855 in

459 3909 523 3948 se
553 3891 776 3947 habens
801 3887 1290 3964 pulchritudines)
1326 3884 1588 3942 omnium
1614 3884 1795 3940 vincit
1829 3884 2102 3956 honores,

458 3981 586 4038 ideo
617 3979 906 4052 Propheta
925 3994 1102 4050 super
1131 3975 1326 4032 omnia
1339 3975 1460 4030 base
1473 3975 1752 4031 mandata
1773 3972 2100 4030 Deidilexit:

458 4069 668 4144 quiain
689 4069 782 4126 his
803 4068 1116 4124 adventum
1139 4063 1390 4134 Domini,
1406 4062 1505 4136 qui
1530 4062 1819 4118 mundum
1834 4061 2099 4132 redemit,

457 4161 792 4216 nuntiatum
823 4155 1062 4212 invenit.

459 4269 560 4324 128
595 4269 918 4337 Propterea
943 4262 1020 4319 ad
1047 4263 1246 4318 omnia
1263 4260 1542 4318 mandata
1571 4270 1673 4317 tua
1701 4259 1998 4334 dirigebar
2029 4277 2043 4318 :

597 4357 837 4416 Omnem
859 4354 1013 4409 viam
1039 4353 1294 4426 iniquam
1314 4351 1448 4408 odio
1477 4351 1672 4407 habui.

526 4445 568 4499 Ο
596 4443 704 4508 Qui
727 4443 912 4516 legem
943 4441 1045 4497 Dei
1077 4439 1356 4512 diligebat
1393 4456 1568 4513 super
1615 4455 1826 4496 aurum
1857 4442 1915 4496 et
1939 4455 2102 4513 gem-

457 4547 869 4612 mas,'necesse
901 4529 1010 4584 fuit
1042 4528 2104 4600 utadomniamandataejusdirectus

457 4624 764 4696 appareret
797 4635 808 4674 :
843 4623 900 4675 et
919 4634 1242 4690 congruum
1276 4616 1386 4672 fuit
1404 4621 1470 4672 ut
1497 4615 1718 4673 odisset
1737 4634 1971 4674 omnem
2003 4619 2108 4680 ini.

457 4728 635 4785 quam
666 4710 839 4778 viam,
872 4707 971 4780 qui
996 4705 1210 4766 meruit
1237 4723 1433 4762 amare
1463 4705 1872 4763 rectissimam.
1899 4708 2106 4782 Iniqua

455 4800 613 4858 enim
651 4798 743 4856 via
787 4803 896 4868 est,
929 4813 1056 4869 quae
1106 4811 1212 4850 nos
1245 4794 1405 4850 ducit
1435 4795 1507 4849 ad
1557 4794 1696 4850 vitia
1727 4812 1740 4850 :
1774 4799 1950 4866 recta,
1975 4814 2102 4870 quae

457 4893 526 4948 ad
555 4889 804 4948 salutem
837 4885 1019 4944 trahit
1043 4888 1103 4941 et
1127 4884 1391 4952 virtutes,
1423 4882 1966 4958 indulgentiamque
1994 4885 2104 4942 tri-

455 4981 585 5038 buit
614 4985 672 5036 et
703 4979 976 5036 salutem.

597 5100 990 5142 ARGUMENTUM
1029 5099 1398 5147 SEQUENTIUM
1436 5098 1576 5138 OCTO
1613 5097 1896 5138 VERSUUM.

531 5193 574 5248 B
595 5192 843 5248 Sanctus
869 5191 1122 5265 populus
1153 5190 1364 5247 asserit
1394 5205 1457 5246 se
1487 5187 1786 5262 aperuisse
1806 5205 1870 5245 os
1900 5205 2096 5258 suum,

458 5279 766 5340 attraxisse
813 5279 1106 5352 spiritum,
1139 5283 1204 5334 ut
1231 5281 1359 5352 ejus
1390 5279 1662 5336 audiatur
1717 5278 1922 5334 oratio.
1946 5277 2008 5351 (C
2032 5279 2102 5334 Et

459 5371 588 5428 ideo
619 5369 812 5424 littera
841 5366 1186 5423 vocabulum
1203 5367 1320 5424 oris
1347 5367 1664 5440 accepit)in
1685 5383 1802 5440 qua
1822 5366 2100 5440 parvulus

457 5460 706 5534 quisque
739 5461 795 5512 et
822 5454 1067 5512 humilis
1099 5455 1402 5512 introitum
1423 5456 1614 5513 cordis
1635 5457 1838 5530 aperit,
1857 5470 1914 5514 et
1934 5454 2101 5530 spiri-

455 5556 584 5613 tum
614 5549 822 5622 divina:
845 5543 1144 5602 cbaritatis
1164 5549 1220 5600 et
1249 5544 1483 5618 pietatis
1509 5545 1763 5602 imbibit.

739 5636 788 5698 Η
818 5636 861 5698 Β
885 5633 1025 5710 Phe,
1058 5650 1123 5694 os
1153 5633 1226 5694 ab
1246 5649 1344 5694 ore
1359 5651 1474 5692 non
1506 5637 1578 5694 ab
1609 5651 1760 5695 osse.

2392 553 2530 610 Ideo
2553 562 2825 610 scrutata
2853 563 2939 610 est
2967 571 3038 610 ea
3064 556 3274 612 anima
3299 571 3454 612 mea.

2317 641 2358 696 C
2386 641 2805 700 Dirﬁnitionem
2836 643 3309 700 testimoniorum
3357 661 3475 700 uno
3519 643 3698 700 verbo
3741 660 3885 700 com-

2245 729 2451 804 plexus
2481 735 2588 802 est,
2619 731 2818 788 dicens
2851 731 3163 788 mirabilia.
3197 731 3490 788 Mirabilia
3517 731 3726 806 plane:
3746 749 3884 806 quo-

2244 818 2404 877 niam
2437 837 2540 894 per
2567 837 2634 877 ea
2663 820 2915 878 caelestis
2943 821 3130 878 virtus
3154 821 3496 878 hominibus
3524 820 3772 878 terrenis
3798 821 3883 877 in-

2243 909 2474 966 notuit:
2517 913 2573 966 et
2619 926 2795 967 nosse
2837 910 3124 966 dederunt
3179 909 3458 984 parvulis,
3498 911 3656 967 unde
3699 909 3885 984 angeli

2241 997 2412 1080 beata
2439 998 2820 1056 delectatione
2841 999 3230 1072 complentur.
3244 1004 3376 1056 Haec
3396 1000 3884 1073 semperscrutari

2240 1087 2396 1156 licet,
2429 1092 2486 1144 et
2515 1087 2756 1144 assidua
2803 1088 3181 1145 meditatione
3225 1087 3484 1162 perquiri
3520 1107 3533 1144 :
3567 1105 3682 1144 non
3739 1087 3882 1144 illud

2239 1175 2430 1232 timeri
2464 1178 2618 1250 quod
2651 1175 2789 1232 dicit
2822 1195 2834 1233 :
2868 1175 3089 1233 Altiora
3118 1181 3174 1234 te
3222 1194 3295 1233 ne
3326 1177 3650 1251 quaesieris,
3682 1181 3740 1233 et
3769 1178 3883 1235 for-

2239 1265 2386 1320 tiora
2433 1269 2489 1321 te
2537 1282 2609 1322 ne
2657 1267 2954 1321 scrutatus
3003 1265 3184 1322 fueris
3236 1267 3438 1340 (Eccle.
3489 1266 3628 1339 In):
3677 1265 3882 1324 altiora

2236 1355 2391 1410 enim
2425 1353 2537 1410 dici
2557 1371 2671 1410 non
2690 1357 2958 1426 possunt,
2975 1371 3100 1428 qua:
3124 1359 3189 1411 ut
3203 1356 3883 1428 perquirerenturedicta

2235 1448 2394 1500 sunt.

2238 1533 2338 1588 130
2373 1534 2694 1590 Declaratio
2722 1548 3054 1590 sermonum
3087 1543 3322 1591 tuorum
3356 1535 3652 1592 illuminat
3685 1552 3699 1590 :

2377 1627 2441 1679 Et
2466 1623 2816 1680 intellectum
2837 1623 2938 1680 dat
2964 1623 3246 1696 parvulis.
3570 1617 3580 1624 ’

2301 1711 2342 1767 C
2371 1711 2681 1770 Sermones
2710 1712 2811 1769 Dei
2835 1719 2970 1768 suat
2988 1729 3002 1770 :
3023 1715 3480 1786 quosjustorum
3513 1713 3882 1788 prephetavit

2229 1801 2565 1868 auctoritas,
2599 1805 2664 1858 ut
2691 1805 2780 1858 est
2815 1801 3000 1858 :Ecce
3051 1801 3213 1874 virgo
3253 1803 3538 1876 concipiet
3562 1805 3730 1874 (ικαὶ.
3763 1805 3879 1876 vn).

2227 1891 2296 1946 Et
2319 1889 2458 1947 alibi
2483 1908 2496 1946 :
2525 1891 2756 1946 Videbit
2786 1889 2979 1946 omnis
3009 1907 3144 1947 caro
3179 1889 3435 1948 salutare
3464 1891 3564 1948 Dei
3592 1893 3881 1967 (Isaiam).

2227 1980 2378 2036 Istos
2409 1995 2709 2036 sermones
2751 1978 3066 2036 declaravit
3115 1968 3541 2037 illuminatio'ne
3591 1983 3881 2039 adventus

2227 2069 2319 2125 sui
2353 2087 2366 2125 :
2399 2069 2534 2142 quia
2558 2085 2665 2140 per
2695 2069 2884 2139 ipsum
2915 2069 3222 2140 manifesta
3247 2070 3407 2142 facla
3435 2079 3592 2139 sunt,
3621 2087 3755 2144 que
3785 2088 3881 2128 sa-

2225 2159 2342 2214 cris
2361 2157 2572 2214 litteris
2590 2158 3310 2215 tenebanturabscondita.
3330 2158 3554 2216 Parvuli
3575 2164 3740 2228 sunt,
3760 2178 3878 2218 non

2225 2251 2392 2304 nitate
2427 2247 2568 2304 dicti
2625 2247 2726 2304 sed
2767 2247 2838 2304 de
2885 2245 3261 2320 simplicitate
3291 2252 3348 2304 et
3378 2247 3713 2306 humilitate
3743 2267 3881 2308 con-

2224 2337 2500 2404 scientiae.

2223 2429 2316 2484 131
2364 2429 2655 2509 0!th!
2683 2425 2896 2496 aperui
2921 2434 2978 2482 et
2999 2427 3230 2484 attraxi
3247 2427 3525 2496 spiritum
3555 2445 3576 2484 :

2363 2517 2510 2588 Quia
2539 2508 2825 2594 mandata
2849 2524 2955 2572 tua
2985 2516 3403 2574 desiderabam.

2291 2606 2332 2660 C
2363 2605 2438 2662 Os
2470 2605 2624 2662 enim
2645 2603 2800 2661 -dicit
2830 2605 3046 2676 mntis
3071 2605 3376 2662 introitum
3403 2625 3416 2662 :
3449 2606 3552 2678 qui
3583 2613 3724 2664 tunc
3743 2627 3880 2683 ape-

2219 2695 2387 2764 ritur,
2405 2695 2640 2767 quando
2669 2693 2890 2768 aliquid
2922 2685 3152 2780 diem.
3174 2711 3472 2752 curamus.
3489 2697 3879 2773 Attrahitspi-

2218 2783 2492 2851 ritum,id
2523 2787 2612 2838 est
2639 2783 2911 2839 virtutem
2941 2783 3212 2852 faciendi,
3225 2800 3405 2856 quam
3426 2801 3603 2857 perse
3633 2803 3752 2843 non
3773 2804 3877 2861 po-

2219 2876 2368 2929 terat
2419 2871 2684 2944 adipisci.
2737 2867 3065 2927 Attrah'itur
3115 2872 3274 2928 enim
3335 2873 3600 2956 spiritus,
3630 2878 3878 2948 quando

2219 2977 2386 3017 mens
2409 2960 2694 3018 salutaris
2707 2959 2978 3016 desiderii
2999 2961 3329 3033 completur
3347 2963 3879 3040 aﬂ‘ectmgtincipit

2217 3051 2385 3106 ﬁrma
2420 3053 2613 3106 mente
2641 3047 2784 3104 velle
2815 3049 2972 3122 quod
3004 3053 3138 3106 ante
3179 3049 3478 3124 appetivit.
3511 3053 3658 3118 Quia
3697 3071 3880 3125 mn-

2217 3141 2352 3196 data
2381 3145 2508 3196 tua:
2535 3140 2800 3195 ardorem
2833 3137 3128 3210 siquidem
3158 3141 3572 3197 mandatorum
3589 3133 3931 3210 habuissa,

2218 3246 2279 3286 se
2313 3229 2526 3296 innuit,
2557 3227 2687 3284 ideo
2735 3227 2892 3284 enim
2923 3228 3151 3301 aperuit
3195 3245 3280 3298 os,
3325 3229 3465 3302 quia
3495 3219 3877 3290 desiderabat

2215 3319 2511 3376 mandata.

2214 3409 2319 3466 432
2355 3408 2550 3480 Aspice
2579 3409 2637 3464 in
2666 3423 2759 3464 me
2777 3415 2833 3464 et
2860 3406 3140 3463 miserere
3165 3409 3320 3464 mei:

2352 3498 2677 3555 Secundum
2695 3496 2985 3569 judicium
3013 3497 3372 3568 diligentiam
3401 3514 3606 3555 nomen
3635 3509 3834 3558 tuum.

2284 3586 2326 3642 C
2347 3587 2702 3658 Frequenter
2737 3584 3022 3641 Dominus
3053 3585 3262 3659 aspicit
3283 3584 3490 3656 iratus,
3517 3593 3581 3644 ut
3607 3589 3824 3661 perdat
3855 3609 3870 3647 :

2213 3675 2368 3732 sicut
2395 3675 2728 3732 Sodomam.
2760 3675 2984 3746 Aspicit
3011 3673 3186 3732 etiam
3217 3676 3534 3748 propitius:
3561 3682 3624 3733 ut
3653 3679 3712 3735 in
3744 3696 3876 3735 mu-

2214 3765 2453 3820 neribus
2475 3761 2608 3820 fecit
2633 3762 2794 3820 Abel.
2822 3763 2892 3819 Et
2917 3763 3046 3820 ideo
3085 3780 3158 3820 ne
3189 3763 3246 3820 in
3279 3769 3503 3837 partem
3533 3767 3873 3840 suscipere-

2212 3858 2308 3910 tur
2337 3853 2642 3910 adversam
2668 3871 2681 3908 :
2714 3852 3004 3924 adjunxit,
3024 3856 3082 3908 et
3111 3853 3385 3910 miserere
3416 3855 3874 3913 mei.Judicium

2211 3941 2428 4016 quippe
2459 3940 2560 3998 Dei
2589 3944 2706 3998 est:
2724 3944 2790 3996 ut
2807 3956 3018 3996 nomen
3036 3957 3211 3998 suum
3238 3941 3626 4015 diligentibus
3647 3944 3875 4018 largia—

2209 4035 2306 4088 tur
2340 4029 2619 4087 auxilium
2655 4029 3087 4086 misericordite.
3115 4031 3227 4098 Sic,
3252 4035 3309 4087 et
3339 4033 3667 4089 secundum
3712 4033 3873 4090 illud

2204 4120 2522 4193 judicium,
2553 4119 2663 4176 sibi
2699 4119 2846 4192 petit
2874 4119 3162 4176 misereri.

2213 4211 2318 4266 133
2356 4211 2594 4268 Gressus
2622 4224 2780 4265 meos
2801 4208 2990 4279 dirige
3016 4209 3330 4268 secundum
3355 4212 3646 4284 eloquium
3675 4222 3876 4270 tum:

2352 4303 2424 4355 Et
2451 4313 2564 4354 non
2593 4296 2926 4354 dominetur
2953 4299 3075 4354 mei
3099 4299 3284 4355 omnis
3311 4299 3618 4372 injustitia.

2282 4388 2324 4444 C
2347 4387 2598 4444 Gressus
2625 4385 2918 4460 significat
2947 4391 3142 4442 motus
3171 4387 3564 4446 animaeznam
3591 4390 3746 4446 sicut
3762 4407 3882 4464 per

2212 4493 2452 4550 gressus
2481 4475 2740 4548 corporis
2769 4475 2842 4531 de
2870 4474 2995 4540 loco
3017 4475 3089 4531 ad
3118 4475 3311 4532 locum
3334 4477 3879 4548 transferin1ur,ita

2136 4580 2184 4648 D
2213 4573 2273 4624 et
2303 4567 2362 4622 in
2383 4564 2892 4638 illis,qulbusdam
2921 4564 3220 4636 passibus,
3233 4565 3353 4622 sive
3371 4567 3446 4623 ad
3467 4567 3728 4636 meliora,
3743 4569 3882 4624 sive

2220 4657 2290 4712 ad
2321 4656 2521 4728 pejora
2551 4653 2980 4728 progredimur.
3012 4653 3342 4710 Secundum
3373 4655 3704 4729 eloquium:
3721 4657 3884 4728 petit

2211 4761 2334 4802 sese
2362 4747 2566 4800 saneta
2595 4741 2804 4798 cohors
2826 4741 2998 4816 dirigi
3024 4742 3106 4815 (id
3138 4749 3248 4812 est,
3273 4745 3599 4801 secundum
3623 4747 3805 4817 jussu
3817 4752 3890 4803 et

2213 4833 2518 4906 precepts)
2552 4829 2766 4903 quibus
2798 4830 3120 4886 observatis
3147 4831 3234 4900 ﬁt,
3249 4836 3316 4888 ut
3337 4831 3502 4888 nulla
3531 4832 3616 4889 illi
3637 4832 3890 4905 injusti-

2212 4923 2295 4978 tia
2322 4919 2614 4978 dominari
2645 4919 2950 4992 potuisset.
2987 4919 3058 4974 Et
3085 4919 3216 4976 vide
3241 4937 3419 4993 quam
3451 4926 3620 4978 caute
3658 4926 3833 4994 petat
3865 4941 3884 4980 :

2213 5029 2330 5068 non
2361 5009 2519 5066 enim
2551 5008 2714 5081 petit,
2737 5011 2804 5062 ut
2831 5023 2867 5063 a
2897 5007 3061 5064 nulla
3089 5007 3397 5082 iniquitate
3428 5009 3888 5083 pulsetur,quia

2212 5100 2322 5156 hoc
2363 5097 2664 5155 communi
2695 5095 2820 5177 lege
2868 5095 2961 5152 hic
3004 5097 3130 5153 fieri
3161 5114 3277 5153 non
3309 5102 3540 5172 potest:
3573 5099 3696 5158 ﬁeri
3722 5116 3882 5158 vero

2208 5192 2402 5262 potest
2448 5191 2515 5244 ut
2551 5204 2668 5243 non
2699 5185 3054 5255 dominetur,
3089 5204 3204 5243 non
3258 5185 3456 5244 solum
3505 5188 3718 5263 aliqua,
3749 5191 3884 5248 sed

2209 5278 2402 5334 omnis
2433 5275 2734 5349 iniquitas.

2212 5367 2314 5422 134
2345 5367 2574 5424 Redime
2603 5381 2696 5422 me
2717 5383 2755 5422 a
2784 5365 3091 5422 calumniis
3117 5365 3412 5424 hominum
3445 5385 3464 5423 :

2351 5461 2420 5514 Et
2441 5456 2760 5516 custodiam
2783 5455 3066 5520 mandata
3095 5464 3216 5512 tua.

2280 5545 2320 5602 C
2351 5545 2666 5603 Calumniaa
2693 5550 2833 5601 sunt
2862 5543 3168 5600 hominum
3201 5550 3403 5602 contra
3433 5546 3705 5604 honorem
3757 5560 3894 5606 ve-

2209 5635 2400 5696 ritatis
2423 5634 2847 5710 controversiae,
2877 5633 2966 5695 vel
2983 5635 3204 5711 jurgiae
3227 5635 3522 5715 requisita
3537 5651 3704 5720 :quas
3719 5649 3896 5701 mc-
