4068 6160
218 317 337 379 16553

1440 297 1877 367 EXPOSITIO
1920 296 2452 369 PSALMOBUM.

3550 303 3671 365 454

222 451 333 506 rito
366 447 800 509 cohors-sancta
814 441 1290 517 prccabaturase
1308 438 1540 506 auferri,
1561 436 1656 501 ut,
1681 439 1897 496 amotis
1925 422 1979 505 Ᾰ
2016 437 2117 494 139
2161 436 2460 494 Tabescere
2489 455 2576 493 me
2604 440 2733 509 fecit
2763 438 2913 495 zelus
2944 456 3130 495 meus:

219 535 703 603 adversitatibus,
736 533 1024 589 mandata
1053 530 1153 588 Dei
1203 533 1405 603 posset
1448 526 1755 599 indagare.
1798 528 1896 585 Est

216 627 379 685 enim
413 623 712 683 calumnia
732 624 1142 679 commentum
1173 619 1413 692 aliquod
1436 609 1778 692 periculosae
1797 616 1897 673 fal-

216 715 420 774 sitatis
433 714 729 785 objectum
754 728 768 767 :
786 710 948 784 quod
961 708 1132 766 bonis
1149 724 1386 781 semper
1409 703 1755 764 hominibus
1772 710 1895 763 stu-

215 807 314 863 dio
378 801 782 879 perversitatis
842 798 1145 871 objicitur,
1207 802 1275 853 ut
1334 801 1491 853 recta
1536 795 1898 853 conscientia

215 900 421 952 actum
457 893 533 950 ab
564 891 668 957 eis,
702 889 1046 947 decolorare
1077 891 1379 956 conantes,
1412 884 1711 942 criminari
1741 885 1895 942 vale-

217 988 344 1042 ant.
381 980 491 1041 Vel
523 980 774 1037 brevius.
808 979 856 1034 H
886 979 933 1034 A
965 974 1279 1033 Calumnia
1320 979 1409 1032 est
1439 973 1585 1031 falsa
1630 972 1896 1030 criminis

216 1072 503 1145 objectio.

219 1164 327 1219 135
366 1161 599 1217 Faciem
626 1162 779 1213 tuam
812 1157 1082 1213 illumina
1109 1171 1277 1227 super
1302 1170 1517 1211 servum
1542 1161 1732 1211 tuum:

368 1252 435 1306 Et
466 1249 599 1306 doce
627 1265 714 1304 me
732 1246 1174 1320 justiﬁcationes
1205 1252 1345 1301 tuas.

292 1341 339 1398 C
373 1339 684 1396 Desiderat
714 1339 926 1393 sancta
969 1334 1184 1391 cohors
1215 1332 1531 1390 Salvatoris
1580 1331 1896 1387 adventum

220 1431 402 1503 cujus
432 1428 585 1503 facie
611 1425 712 1482 illu
722 1424 948 1481 minata
968 1427 1111 1480 sunt
1138 1422 1446 1478 tenebrosa
1462 1425 1717 1494 peccata,
1738 1428 1787 1476 et
1802 1423 1901 1492 qui

218 1523 395 1576 vitam
425 1516 656 1574 confert
685 1513 938 1570 mortuis
968 1518 1027 1569 et
1053 1511 1383 1568 certissima
1411 1505 1669 1566 remedia
1698 1510 1900 1581 despe-

224 1608 394 1664 ratis.
429 1605 533 1662 Vel
548 1604 648 1661 ita
675 1602 973 1669 illumiua,
1002 1606 1068 1656 ut
1082 1599 1477 1656 illuminatam
1492 1598 1697 1654 faciem
1712 1600 1896 1666 tuam,

224 1715 347 1755 non
374 1695 634 1753 velatam
657 1692 994 1766 conspicere
1018 1689 1264 1763 possim.
1286 1689 1497 1762 Legem
1515 1688 1672 1743 enim
1704 1687 1900 1760 Moyse

226 1788 478 1851 ferente,
510 1784 570 1840 in
602 1782 808 1839 faciem
838 1778 1188 1878 ejus-Judaei
1221 1776 1556 1878 conspicere
1739 1779 1897 1848 pote-
1933 1813 1981 1878 Β

229 1881 371 1933 rant
400 1872 596 1947 (Exod.
629 1870 858 1941 xxxrv):
893 1868 1036 1943 quia
1067 1866 1273 1923 velatis
1293 1865 1481 1939 legem
1498 1864 1775 1921 cordibus
1797 1882 1904 1921 au-

230 1966 503 2022 diebant.
535 1959 748 2018 Vultus
777 1959 934 2017 enim
964 1957 1150 2030 Moysi
1172 1956 1365 2030 fulgor
1378 1959 1503 2013 erat
1529 1954 1696 2028 legis:
1726 1971 1902 2027 quem

233 2055 386 2128 quia
412 2051 602 2110 ,ἰυᾶωί
634 2050 973 2123 conspicere
986 2063 1104 2103 non
1128 2045 1421 2114 valebant,
1437 2036 1902 2101 velabatvultum

232 2154 294 2201 et
332 2143 419 2199 ita
448 2139 737 2214 respicere
765 2138 1099 2194 valuerunt.
1134 2134 1283 2191 Illud
1333 2133 1527 2191 velum
1575 2132 1769 2189 cordis
1809 2132 1903 2188 hic

243 2231 474 2290 auferri
507 2229 668 2303 petit,
692 2232 758 2285 ut
787 2225 1004 2283 claram
1045 2224 1191 2297 legis
1238 2222 1540 2280 veritatem
1589 2238 1905 2294 agnoscere

238 2320 460 2396 possit.

240 2414 358 2468 136
394 2412 592 2469 Exitus
619 2423 890 2481 aquarum
914 2405 1263 2462 dedumerunt
1290 2404 1437 2459 oculi
1467 2404 1576 2458 mei
1586 2422 1608 2458 .-

395 2501 554 2574 Quia
581 2515 693 2554 non
717 2496 1092 2553 custodierunt
1122 2494 1293 2563 legem
1324 2500 1499 2549 tuam.

323 2591 371 2647 C
396 2589 598 2646 Exitus
630 2601 948 2660 aquarum:
983 2582 1277 2657 significat
1299 2582 1582 2660 lacrymas
1613 2580 1900 2653 cepiosas:

248 2698 408 2754 quas
430 2685 567 2735 tunc
586 2659 1020 2751 profundimus,
1039 2672 1275 2745 quando
1288 2659 1654 2743 peccatorum
1680 2676 1905 2725 nostro-

251 2787 395 2827 rum
427 2764 827 2825 recordatione
859 2763 1215 2818 mordemur.
1250 2760 1395 2815 Nam
1420 2758 1467 2815 si
1494 2760 1773 2815 mandata
1803 2758 1911 2815 Do-

256 2858 411 2916 mini
443 2854 895 2921 custodiremus,
911 2850 1167 2907 lzetitiam
1191 2848 1393 2921 utique
1405 2848 1775 2916 haberemus,
1796 2865 1912 2904 non

258 2948 536 3004 ardorem
567 2941 933 3018 plorationis.
965 2940 1034 2996 Et
1062 2939 1215 3008 vide,
1247 2937 1385 3012 quia
1414 2954 1517 3011 per
1545 2937 1745 2994 oculos
1777 2937 1917 2993 dicit

261 3035 732 3095 satisfactionem
761 3031 1022 3098 venisse;
1055 3045 1157 3103 per
1187 3045 1336 3101 quos
1367 3026 1699 3100 frequenter
1728 3025 1917 3083 illece-

2148 527 2304 599 Quia
2338 526 2502 584 obliti
2529 536 2655 584 sunt
2684 528 2849 584 verba
2880 532 2973 583 tua
2997 530 3218 584 inimici
3242 530 3371 585 mei.

2074 617 2114 672 C
2144 615 2345 672 Tabes
2376 620 2465 672 est
2494 615 2747 688 alicujus
2779 616 2967 672 morbi
2996 620 3292 673 contracta
3318 615 3667 673 necessitas:

2004 720 2134 775 qua:
2167 719 2277 758 nos
2315 703 2456 759 facit
2484 702 2764 777 paulatim
2784 704 3058 773 defluere,
3085 705 3224 760 dum
3248 704 3507 777 corporis
3530 704 3670 760 soli-

2004 792 2250 848 ditatem
2272 792 2772 865 consumitzquod
2803 793 2911 849 sibi
2933 794 3213 850 accidisse
3246 798 3511 861 testatur,
3534 811 3671 849 cum

2005 898 2122 937 non
2159 879 2499 953 patiebatur
2523 882 2880 955 perfidorum
2900 882 3247 938 laceratione
3261 881 3463 938 violari
3481 881 3672 954 legem

2005 969 2268 1035 Domini,
2304 970 2375 1025 Et
2405 969 2499 1027 hic
2528 970 2688 1027 zelus
2719 975 2806 1027 est
2822 972 3031 1027 bonus.
3057 972 3376 1042 Qandoque
3407 970 3586 1025 etiam
3611 970 3672 1025 in

2007 1058 2166 1114 malo
2198 1059 2462 1130 ponitur,
2495 1064 2562 1116 ut
2593 1060 2709 1116 ibi:
2745 1059 2915 1117 Zelus
2934 1060 3282 1115 etindividia
3313 1058 3678 1115 comeditdo.

2007 1165 2176 1204 mum
2207 1149 2408 1204 Jacob.
2620 1214 2627 1221 ε

2008 1238 2116 1293 MO
2154 1238 2402 1306 Ignitum
2431 1240 2710 1312 eloquium
2742 1243 2897 1294 tuum
2926 1238 3301 1296 vehementer:

2155 1328 2221 1382 Et
2249 1344 2436 1384 servus
2467 1332 2595 1384 tuus
2626 1328 2825 1384 dilexit
2852 1328 3013 1383 illud.

2080 1415 2410 1489 Clgnitum
2472 1422 2560 1473 est
2619 1416 2916 1489 eloquium
2978 1416 3240 1472 Domini:
3309 1419 3445 1489 quia
3482 1430 3687 1494 purgat

2009 1514 2353 1571 mortalium
2405 1517 2601 1582 corda,
2654 1515 2955 1571 mundana
2988 1516 3107 1571 fece
3155 1516 3468 1574 sordentia
3513 1522 3683 1580 vehe-

2010 1607 2262 1659 menter.
2293 1604 2359 1659 Et
2393 1609 2456 1660 ut
2489 1606 2595 1660 hoc
2656 1621 2771 1658 non
2805 1604 2876 1657 ad
2930 1609 3176 1660 mortem
3239 1606 3535 1678 crederes,
3589 1616 3690 1672 sed

2011 1692 2083 1746 ad
2119 1692 2395 1761 salutem,
2430 1693 2681 1749 addidit.
2719 1694 2783 1747 Et
2826 1710 3029 1749 servus
3078 1698 3225 1751 tuus
3285 1695 3487 1759 dilexit
3515 1702 3688 1763 illud:

2012 1782 2219 1854 utique
2242 1782 2523 1854 diligebat
2556 1781 2708 1853 quod
2744 1780 2918 1837 vitam
2953 1784 3223 1841 conferre
3256 1795 3495 1847 noverat
3515 1797 3573 1849 et
3592 1794 3694 1853 bo-

2014 1887 2241 1939 norem,
2276 1888 2389 1926 non
2425 1871 2582 1943 quod
2616 1874 2859 1925 mortem
2889 1872 3137 1927 afferret.
3169 1877 3214 1927 C
3252 1873 3323 1929 Et
3370 1879 3523 1934 sicut
3567 1883 3690 1939 elo-

2014 1960 2223 2031 quium
2255 1964 2678 2033 prazccptorum
2711 1965 2947 2028 peccata
2976 1962 3313 2020 consumit:
3350 1966 3429 2021 ita
3446 1985 3691 2041 peccan-

2013 2054 2154 2116 tem,
2190 2048 2238 2105 si
2271 2052 2670 2115 convertatur,
2703 2047 3015 2106 illuminat.

2016 2139 2117 2193 141
2168 2137 2617 2194 .4dolescentulus
2645 2153 2767 2194 sum
2796 2154 2890 2209 ego
2915 2147 2966 2195 et
2992 2146 3367 2213 contemptus:

2155 2227 2592 2298 Justiﬁcationes
2622 2235 2744 2282 tuas
2775 2244 2879 2283 non
2912 2246 3033 2284 sum
3065 2231 3289 2287 oblitus.

2087 2316 2133 2370 H
2169 2316 2282 2371 iste
2314 2312 2645 2369 versiculus
2677 2316 2747 2371 ad
2781 2316 3063 2389 populum
3097 2318 3494 2379 Christianum
3529 2326 3681 2382 refe-

2015 2405 2236 2460 rendus
2267 2407 2390 2460 est:
2425 2402 2522 2474 qui
2543 2403 2707 2474 prius
2727 2411 3119 2480 contemptus,
3135 2412 3192 2463 et
3208 2409 3278 2465 de
3295 2411 3471 2467 domo
3488 2415 3677 2485 patris

2014 2496 2260 2566 ejectus,
2313 2492 2577 2549 recolens
2612 2494 3067 2566 justificationes
3099 2496 3222 2568 Dei,
3283 2500 3680 2574 primogenita

2015 2582 2231 2656 prioris
2263 2582 2581 2654 accipiens,
2616 2584 2774 2656 prior
2805 2585 3043 2641 effectus
3075 2590 3182 2641 est.

2019 2674 2121 2728 142
2156 2673 2396 2727 Justitia
2423 2678 2511 2727 tua
2536 2672 2760 2743 justitia
2790 2676 2846 2729 in
2878 2683 3183 2731 aeternum:

2160 2764 2229 2815 Et
2262 2762 2359 2816 lea:
2390 2768 2483 2815 tua
2516 2762 2733 2818 veritas.

2093 2850 2135 2904 B
2167 2849 2269 2905 Hic
2303 2865 2509 2905 versus
2542 2850 2837 2921 justitiam
2888 2852 3117 2908 Domini
3151 2856 3207 2908 et
3254 2854 3442 2928 legem
3471 2858 3542 2914 ab
3575 2859 3681 2915 ho-

2023 2937 2249 2993 minum
2268 2932 2511 3010 justitia
2539 2942 2596 2994 et
2620 2938 3058 3014 legediscernit.
3078 2941 3394 3000 Hominum
3414 2947 3569 3003 enim
3586 2949 3683 3021 ju-

2026 3027 2188 3084 stitia
2218 3026 2699 3101 (quantacunque
2742 3029 2840 3099 sit)
2888 3029 3228 3102 temporalis
3278 3037 3387 3091 est.
3438 3035 3683 3094 Justitia

263 3128 408 3183 bras
438 3125 617 3197 hujus
646 3119 845 3180 saeculi
876 3118 1258 3176 attrabimus:
1290 3122 1354 3173 ut
1383 3116 1589 3173 merito
1641 3133 1743 3189 per
1787 3114 1919 3172 illos
1955 3185 1991 3197 Α
2027 3121 2223 3174 autem
2257 3115 2358 3171 Dei
2392 3115 2449 3169 in
2482 3120 2763 3173 aeternum
2798 3123 3027 3175 manet:
3064 3118 3201 3192 quia
3246 3123 3518 3196 quisquis
3549 3141 3678 3182 eam

263 3214 446 3289 culpa
473 3185 809 3279 mandetur,
842 3226 945 3282 per
972 3225 1120 3282 quos
1151 3211 1209 3263 et
1247 3223 1519 3264 excessus
1568 3185 1916 3262 admittitur.
1949 3185 1993 3254 (ἶ
2030 3205 2374 3262 custodierit
2394 3209 2610 3261 :rtcrna
2647 3207 2915 3264 felicitate
2931 3185 3227 3282 gaudebit.
3261 3185 3349 3268 ita
3376 3185 3431 3268 et
3461 3213 3532 3269 de
3555 3212 3684 3288 lege

431 3317 835 3359 ABGUMENTUM
874 3314 1238 3362 εεουεΝΤιυΜ
1278 3313 1417 3352 OCTO
1464 3313 1754 3353 νεῐιευυιί.

340 3397 383 3449 C.
412 3394 455 3449 Β
483 3391 698 3448 Cohors
729 3392 1090 3457 sanctorum,
1120 3387 1316 3443 carnis
1346 3403 1464 3443 suae
1479 3385 1916 3458 triumphatrix,

267 3482 600 3540 secundum
631 3476 1038 3552 hujuslltterae
1084 3493 1297 3533 nomen
1342 3475 1637 3548 justitiam
1687 3474 1917 3533 Domini

264 3573 610 3629 confitetur:
644 3573 701 3626 et
731 3566 965 3640 eloquia
994 3566 1123 3639 ejus
1155 3565 1361 3639 ignita,
1384 3566 1663 3621 continua
1688 3581 1749 3621 se
1779 3563 1919 3620 dicit

268 3661 580 3719 dilectione
608 3656 894 3715 venerari.

799 3746 846 3801 H
876 3749 916 3800 C
950 3742 1120 3812 Sade,
1145 3745 1401 3817 justitia.

272 3841 374 3897 137
412 3840 597 3896 Justus
624 3854 701 3907 es,
733 3836 958 3894 Domine
978 3839 1004 3890 .9

414 3939 480 3993 Et
508 3944 710 3993 rectum
732 3934 1013 4007 judicium
1037 3938 1213 3990 tuum.

343 4031 384 4082 C
411 4027 620 4083 Justus
645 4041 729 4088 es,
764 4023 1041 4080 Domine:
1076 4024 1177 4097 qui
1199 4024 1376 4096 jubes
1411 4028 1741 4097 peccatores
1757 4039 1819 4079 se
1840 4023 1921 4080 af-

276 4117 493 4190 ﬂigere,
520 4121 582 4171 ut
605 4130 704 4170 eos
734 4113 945 4169 debeat
977 4118 1079 4169 tua
1099 4113 1389 4169 medicina
1405 4112 1658 4170 salvere:
1685 4114 1917 4185 justum

274 4211 363 4263 est
392 4205 572 4272 enim,
606 4207 672 4259 ut
700 4201 1048 4274 delinquens
1066 4220 1167 4274 per
1183 4202 1641 4260 satisfactionem
1673 4202 1919 4276 corriga-

274 4301 389 4362 tur,
421 4298 480 4350 et
500 4291 736 4366 justitia
764 4290 864 4346 Dei
893 4290 1102 4346 humili
1149 4291 1511 4349 confessione
1558 4290 1914 4348 declaretur:

272 4384 398 4440 suis
421 4383 582 4440 enim
610 4380 839 4438 meritis
868 4384 1174 4453 putaretur
1192 4382 1393 4437 datum
1416 4380 1465 4437 si
1478 4383 1745 4454 peccator
1757 4380 1917 4455 jugi-

274 4478 360 4529 ter
387 4472 619 4529 ﬂoreret
646 4469 885 4526 illmsus.

278 4564 378 4619 138
410 4561 689 4619 laudasti
705 4560 990 4632 justitiam
1020 4561 1331 4617 testimonia
1361 4568 1493 4617 tua:

408 4652 479 4708 Et
507 4652 793 4707 veritatem
818 4653 971 4705 tuam
992 4651 1177 4705 nimis.

342 4745 381 4797 C
410 4738 729 4807 Mandasti,
762 4737 820 4794 id
851 4743 943 4795 est
972 4738 1316 4812 praecepisti,
1349 4738 1571 4795 scilicet
1622 4740 1917 4797 observari

274 4830 473 4897 nimis,
506 4830 566 4885 id
589 4833 678 4887 est
706 4828 891 4885 valde.
916 4827 1276 4884 Testimonia
1299 4845 1431 4885 vero
1464 4834 1625 4897 sunt,
1658 4846 1785 4901 quae
1809 4831 1919 4886 sub

273 4918 681 4976 testificatione
697 4926 838 4974 sunt
862 4916 1108 4992 prolata,
1134 4916 1188 4972 id
1202 4922 1607 4991 estprazcepta,
1638 4918 1766 4974 Haec
1781 4935 1919 4976 con-

272 5009 461 5065 tinent
498 5005 799 5079 justitiam
828 5010 886 5062 et
914 5004 1249 5062 veritatem:
1275 5005 1594 5078 justitiam,
1639 5008 1918 5079 quoniam

271 5096 576 5171 aequaliter
604 5096 805 5152 omnia
833 5095 1196 5152 discernunt:
1229 5093 1553 5159 veritatem.
1605 5097 1745 5169 quia
1794 5115 1924 5170 pro-

271 5186 456 5243 missa
484 5184 836 5241 retribuunt.
871 5184 917 5240 Η
946 5182 1050 5240 Vel
1071 5183 1268 5239 omnia
1283 5201 1409 5257 quae
1424 5185 1806 5244 mandantete
1817 5204 1921 5260 pa-

272 5276 476 5345 timur,
501 5275 692 5346 justa,
727 5277 883 5329 recta
913 5289 979 5328 ac
1006 5288 1141 5329 vera
1169 5277 1334 5329 sunt:
1362 5273 1502 5345 quia
1529 5278 1631 5330 aut
1661 5291 1764 5347 pro
1789 5292 1920 5348 pec-

271 5365 418 5421 catis
449 5362 668 5420 nostris
701 5362 1004 5436 ingruunt,
1056 5365 1155 5418 aut
1186 5365 1252 5418 ut
1299 5362 1529 5435 probati
1582 5364 1919 5422 manifeste-

275 5470 405 5509 mur
432 5452 733 5510 eveniunt.
762 5453 809 5508 A
840 5450 939 5509 Vel
966 5451 1106 5508 dicit
1122 5451 1460 5509 testimonia
1481 5453 1583 5510 Dei
1611 5455 1921 5527 essejusti-

274 5542 414 5599 tiam
440 5547 497 5600 et
530 5541 870 5600 veritatem:
893 5541 1124 5613 justum
1147 5541 1305 5598 enim
1333 5559 1396 5599 se
1425 5543 1634 5616 probat
1646 5545 1925 5604 mandan-

272 5632 370 5704 do,
399 5639 458 5691 et
491 5647 718 5702 verum,
744 5636 801 5690 et
828 5630 959 5691 ideo
987 5630 1112 5690 vnlt
1132 5631 1414 5692 custodiri
1444 5632 1645 5694 nimis.

2027 3294 2423 3359 sentiendum,
2455 3294 2793 3368 quicunque
2824 3314 2953 3353 eam
3005 3296 3329 3372 intelligere
3379 3304 3678 3372 meruerit,

2026 3382 2242 3440 caelesti
2273 3382 2511 3438 veritate
2539 3383 2895 3457 completur:
2928 3386 3142 3441 veritas
3164 3388 3322 3445 enim
3341 3389 3488 3465 legis
3518 3390 3682 3448 Chri-

2027 3477 2153 3529 stus
2183 3475 2291 3527 est.

2028 3563 2131 3619 143
2175 3561 2477 3617 Tribulatio
2505 3569 2556 3617 et
2584 3566 2847 3632 angustia
2876 3568 3203 3624 invenerunt
3232 3585 3349 3625 me:

2168 3650 2439 3707 Mandata
2470 3659 2566 3706 tua
2589 3653 2873 3710 meditatio
2901 3671 3024 3711 mea
3051 3660 3153 3714 est.

2098 3745 2138 3796 C
2168 3738 2491 3796 Tribulatio
2532 3745 2589 3796 et
2644 3743 2946 3815 angustia:
3009 3747 3231 3801 sanctis
3284 3747 3425 3803 viris
3470 3765 3686 3823 magna

2027 3834 2167 3886 sunt
2197 3846 2459 3897 munera,
2494 3830 2634 3901 quia
2665 3836 2882 3887 norunt
2912 3849 2973 3888 se
3002 3835 3257 3905 pondere
3284 3837 3490 3893 talium
3523 3855 3684 3894 com-

2028 3935 2262 3993 pressos
2324 3918 2611 3975 exsudare
2664 3925 2918 3991 peccata,
2961 3924 3018 3976 et
3063 3925 3303 3981 tendere
3350 3925 3423 3980 ad
3469 3927 3685 4000 gaudia

2028 4014 2263 4065 interna.
2293 4008 2648 4064 Invenerunt
2680 4026 2799 4065 me:
2825 4011 2993 4081 quasi
3026 4018 3483 4084 exspectantem,
3513 4017 3682 4088 quasi

2028 4099 2205 4154 ﬁxum
2239 4102 2295 4154 et
2318 4097 2390 4153 ad
2424 4112 2627 4153 earum
2662 4099 3684 4175 certaminaprteparatum.Subjun-

2026 4187 2111 4261 git
2138 4204 2271 4243 vero
2305 4185 2448 4241 illud
2479 4186 2858 4259 adjutorium,
2893 4188 3048 4243 unde
3078 4206 3139 4244 se
3162 4196 3399 4247 noverat
3420 4192 3477 4248 in
3494 4193 3681 4249 diver-

2026 4278 2109 4334 sis
2141 4275 2516 4349 passionibus
2547 4281 2840 4340 curatum,
2872 4275 3072 4334 dicens
3094 4279 3678 4350 :Mandatatua,etc.:

2027 4367 2305 4440 quoniam
2339 4380 2570 4436 semper
2596 4366 2655 4420 in
2687 4364 2900 4421 divinis
2931 4365 3247 4440 Scripturis
3295 4372 3419 4425 erat
3445 4369 3681 4428 animus

2027 4458 2367 4527 occupatus.

1950 4559 1998 4625 D
2034 4546 2133 4602 144
2172 4547 2423 4619 ιιΕᾳιιίιιιις
2452 4546 2763 4602 testimonia
2794 4550 2889 4600 tua
2917 4546 2979 4601 in
3007 4554 3275 4604 internum
3296 4567 3314 4603 .-

2172 4635 2507 4691 Iutellectum
2534 4635 2608 4691 da
2632 4634 2776 4690 mihi
2800 4642 2855 4691 et
2882 4636 3081 4692 vivam.

2101 4726 2147 4781 Η
2176 4724 2441 4797 Equites
2470 4723 2809 4780 testimonia
2831 4724 2927 4780 Dei
2949 4730 3117 4781 sunt:
3148 4726 3463 4799 quietaque
3482 4728 3680 4784 omnia

2031 4815 2395 4880 discernunt,
2428 4817 2734 4886 propterea
2762 4812 3039 4868 vivificari
3073 4832 3133 4869 se
3183 4813 3459 4886 postulat,
3488 4819 3553 4871 ut
3579 4832 3681 4887 pro

2030 4920 2232 4961 eorum
2264 4901 2650 4974 intelligentia
2680 4900 2857 4957 vitam
2887 4902 3078 4972 possit
3122 4917 3329 4974 capere
3373 4904 3681 4976 sempiter-

2031 5006 2189 5048 nam.
2251 4992 2292 5046 C
2323 4990 2577 5045 Breviter
2624 4990 2823 5061 itaque
2868 4990 3128 5045 definivit
3175 4990 3512 5048 testimonia
3563 4993 3679 5059 Dei,

2030 5096 2159 5137 esse
2186 5078 2519 5152 (equitatem
2549 5078 2610 5133 in
2643 5082 2925 5139 aeternum
2954 5082 3158 5135 contra
3187 5079 3603 5139 tribulationes
3624 5088 3682 5138 et

2030 5169 2335 5243 angustias
2362 5172 2512 5241 (quae
2544 5165 2888 5239 temporalia
2917 5184 3043 5225 esse
3095 5172 3443 5243 noscuntur)
3487 5176 3551 5228 ut
3580 5171 3682 5227 tali

2032 5275 2135 5333 spe
2166 5256 2517 5331 temporales
2548 5256 2832 5330 angustiae
2864 5261 3397 5316 contemnerentur.

2209 5363 2597 5404 ARGUMENTUM
2646 5362 2987 5410 SEQUENTIUM
3036 5365 3175 5405 OCTO
3213 5365 3501 5406 VERSUUM.

2103 5442 2143 5495 C
2174 5443 2215 5493 Β
2244 5435 2769 5493 Reverentissimus
2800 5436 3013 5494 chorus
3041 5439 3228 5511 (juxta
3255 5438 3437 5511 hujus
3479 5437 3682 5496 littera:

2035 5528 2296 5598 nomen),
2327 5526 2385 5581 in
2422 5530 2538 5582 toto
2565 5526 2737 5582 corde
2762 5543 2877 5584 suo
2908 5526 3122 5584 clamat
3146 5529 3218 5585 ad
3242 5528 3684 5603 Dominum,ju-

2036 5617 2415 5677 stificationes
2445 5616 2575 5690 ejus
2598 5614 2839 5677 sedulus
2871 5618 3207 5697 exquirens.
