3986 6164
472 259 590 336 ‘55

991 391 1038 448 Η
1069 390 1113 446 Β
1144 393 1321 464 Coph,
1367 393 1608 450 vacatio.

369 541 374 548 ,
475 485 578 540 115
617 481 866 538 Ctamavi
893 483 948 537 in
977 489 1082 538 toto
1111 482 1288 548 corde,
1319 484 1525 540 exaudi
1551 499 1656 551 me,
1687 485 1951 542 Domine!

600 572 1034 644 'Justi/icationes
1066 575 1190 628 tuas
1217 573 1518 646 requiram.

544 660 770 717 CHunc
801 659 1116 716 clamorem
1143 675 1259 716 non
1303 676 1592 733 corporeae
1637 661 1818 732 vocis,
1871 663 1974 719 sed
2005 661 2123 736 spi-

471 749 660 806 ritalis
690 748 903 805 mentis
934 747 1210 822 intellige.
1247 749 1288 804 Ο
1316 749 1419 806 Est
1440 749 1596 806 enim
1628 749 1740 808 iste
1769 749 1992 808 clamor
2020 753 2125 808 de-

468 843 611 894 votae
643 837 857 894 mentis
887 837 1152 906 affectus,
1189 837 1288 910 qui
1323 854 1540 912 magna
1567 839 1759 896 cordis
1801 841 2126 898 intentione

465 927 778 1000 profertur.
810 926 1205 1000 Cogitationes
1236 925 1370 983 illas
1401 927 1560 984 enim
1583 927 1876 984 exaudivit
1899 927 2128 986 Altissi-

467 1033 624 1083 mus,
656 1033 782 1088 qua:
814 1015 911 1090 pia
939 1015 1260 1072 intentione
1310 1015 1640 1073 volvuntur.
1673 1017 1738 1072 In
1783 1021 1903 1074 toto
1953 1019 2126 1075 corde

466 1104 708 1162 dicitur:
741 1121 813 1160 ne
845 1108 1082 1178 putares
1111 1103 1271 1162 aliud
1299 1104 1705 1178 cogitandum,
1740 1107 1976 1178 quando
2007 1107 2122 1164 cla-

465 1197 664 1250 matur
692 1193 764 1248 ad
793 1193 1134 1265 Dominum,
1163 1197 1228 1248 In
1261 1192 1386 1248 sola
1430 1193 1588 1250 enim
1638 1193 1912 1268 religiosa
1962 1195 2125 1272 cogi-

466 1283 684 1340 tatione
713 1283 887 1339 debet
916 1286 1074 1338 totus
1097 1281 1342 1356 spiritus
1367 1282 1660 1355 occupari,
1677 1299 1748 1338 ne
1761 1283 2126 1342 mensdivisa

465 1375 718 1444 nequeat
746 1371 901 1444 quod
937 1369 1196 1443 postulat
1227 1371 1563 1442 impetrare.
1617 1371 1686 1427 Et
1714 1371 1952 1428 intende
1981 1372 2121 1446 quid

465 1460 713 1517 clamat:
747 1460 872 1514 Non
905 1459 1156 1525 divitias,
1181 1458 2124 1533 honores,voluptates,sedjusti-

465 1549 772 1607 ﬁcationes
801 1553 931 1603 tuas
966 1548 1290 1621 requiram:
1326 1565 1441 1604 non
1477 1547 1724 1606 lectione
1757 1553 1985 1606 tantum
2019 1551 2120 1608 sed

465 1653 658 1710 opere.
739 1668 757 1680 κ
888 1631 893 1636 ’

467 1727 570 1782 146
607 1726 860 1783 (llamavi
887 1725 958 1782 ad
988 1734 1049 1782 te.
1066 1726 1278 1782 salvum
1307 1742 1394 1783 me
1421 1728 1542 1798 fac:

605 1817 675 1871 Et
702 1815 1002 1894 custodiam
1029 1815 1291 1872 mandata
1323 1819 1438 1872 tua.

536 1903 576 1958 C
604 1903 856 1962 Clamavi
889 1905 961 1960 ad
991 1909 1073 1960 te:
1107 1905 1177 1960 ad
1205 1903 1372 1959 illum
1406 1905 1562 1962 enim
1594 1905 1828 1975 clamat,
1872 1907 1972 1980 qui
2017 1923 2114 1980 pe-

462 1993 727 2049 titionem
761 2009 929 2050 suam
981 1993 1158 2066 digne
1210 1997 1328 2049 toto
1386 1995 1579 2049 cordis
1630 1995 1838 2052 affectu
1889 1995 2114 2052 effudit.

465 2081 608 2138 Cum
639 2083 801 2149 dicit,
834 2081 1065 2138 salvum
1099 2099 1192 2137 me
1223 2083 1342 2139 fac:
1377 2083 1436 2138 in
1469 2085 1665 2138 anima
1697 2083 1819 2140 vult
1846 2083 2114 2158 intelligi,

461 2187 578 2226 non
609 2171 666 2226 in
701 2188 957 2243 corpore,
993 2189 1108 2226 non
1142 2172 1302 2226 enim
1339 2173 1600 2244 corporis
1633 2171 1880 2230 salutem
1925 2177 2118 2246 petere

465 2262 710 2330 poterat,
743 2259 842 2331 qui
878 2249 1136 2317 libenter
1166 2259 1460 2332 corporeis
1491 2261 1866 2332 passionibus
1917 2263 2118 2334 subja—

463 2347 649 2404 eebat.

464 2437 567 2492 147
604 2438 864 2493 Prmveni
893 2437 1298 2494 immaturitate
1325 2446 1379 2494 et
1405 2439 1672 2495 clamavi:

604 2525 746 2594 Quia
775 2527 834 2580 in
858 2525 1022 2582 verba
1051 2535 1146 2582 tua
1169 2528 1575 2600 supersperavi.

529 2615 570 2670 C
601 2614 854 2670 Prazveni
884 2615 1342 2674 immaturitate:
1375 2615 1650 2690 quisquis
1681 2615 1740 2671 in
1773 2615 1945 2672 annis
1975 2633 2114 2690 pue-

459 2702 668 2760 rilibus
697 2702 978 2776 anticipat
1009 2703 1358 2760 modestiam
1391 2703 1734 2776 senectutis,
1757 2709 1814 2761 et
1833 2709 1968 2762 ante
1980 2705 2118 2762 facit

457 2791 868 2864 gravissimam
903 2795 1372 2865 mentem,quam
1406 2793 1893 2866 possitannorum
1907 2811 2114 2851 nume-

457 2881 700 2937 rositate
731 2895 1058 2936 canescere.
1091 2881 1238 2944 Quia
1271 2881 1329 2936 in
1366 2882 1546 2938 verba
1577 2885 1680 2938 tua
1711 2881 1792 2955 (id
1821 2887 1912 2940 est
1940 2883 1998 2940 in
2031 2883 2118 2940 Fi-

454 2969 626 3042 lium)
653 2985 888 3042 sperare
919 2985 1034 3025 non
1068 2969 1288 3026 destiti.
1321 2971 1367 3026 A
1398 2969 1500 3027 Vel
1532 2971 1592 3026 in
1614 2971 1789 3027 verba
1809 2971 2116 3044 propheta-

454 3076 586 3114 rum
619 3063 677 3114 et
706 3057 829 3124 Dei,
859 3058 1116 3130 potentis
1139 3059 1324 3116 facere
1338 3060 1494 3132 quod
1519 3059 1819 3132 promisit:
1844 3059 2113 3132 promisit

455 3147 613 3204 enim
645 3145 704 3202 in
734 3147 928 3204 verbis
960 3147 1085 3204 suis
1117 3147 1565 3220 Redemptorem
1597 3149 1940 3206 missurum.

455 3238 558 3293 148
594 3229 985 3294 Praevenerunt
1009 3237 1159 3292 oeuli
1188 3239 1296 3293 mei
1323 3237 1394 3294 ad
1426 3245 1476 3294 te
1503 3237 1750 3295 diluculo
1781 3255 1801 3295 :

600 3327 672 3382 σι.
691 3325 991 3382 meditarer
1019 3327 1236 3398 eloquia
1267 3335 1382 3383 tua.

521 3414 564 3469 C
593 3418 1008 3469 Praevenerunt
1034 3413 1188 3470 oculi
1219 3415 1364 3470 mei:
1387 3414 1678 3488 signiﬁcat
1700 3415 1900 3474 oculos
1915 3417 2110 3476 cordis

451 3505 585 3558 ante
616 3501 936 3558 credidisse
986 3506 1233 3558 venturo
1283 3503 1342 3558 in
1390 3520 1563 3561 carne
1613 3503 1878 3574 Domino,
1929 3523 2108 3579 quam

451 3591 581 3662 ejus
611 3590 918 3646 irradiaret
949 3589 1255 3647 adventus.
1307 3589 1574 3648 Christus
1623 3593 1780 3648 enim
1829 3598 1920 3650 est
1957 3594 2103 3665 dies,

450 3681 698 3752 ejusque
727 3679 1012 3736 adventus
1035 3684 1094 3735 et
1121 3679 1444 3736 incarnatio
1465 3679 1791 3736 diluculum
1809 3687 1924 3740 est:
1953 3682 2102 3739 dilu-

448 3767 650 3824 culum
682 3767 838 3824 enim
872 3767 1108 3824 initium
1141 3767 1257 3824 diei
1285 3768 1598 3841 signiﬁcat.
1631 3773 1707 3825 Ut
1756 3771 2100 3829 meditarer:

448 3874 687 3914 causam
720 3856 972 3914 reddidit
1001 3873 1107 3912 cur
1137 3862 1270 3914 ante
1303 3856 1630 3915 diluculum
1648 3875 1814 3917 mens
1839 3861 2104 3934 ejussur—

445 3945 679 4016 rexerit,
712 3963 827 4002 non
857 3949 923 4002 ut
953 3961 1160 4019 agrum
1183 3943 1420 4016 coleret,
1453 3946 1554 4004 sed
1576 3950 1642 4003 ut
1671 3947 1771 4004 Dei
1791 3945 2100 4007 meditare-

442 4039 542 4092 tur
571 4035 826 4108 eloquia.

441 4125 545 4180 149
585 4123 768 4182 Vocem
839 4141 1024 4181 meam
1091 4124 1226 4182 audi
1290 4123 1588 4187 secundum
1649 4127 2103 4185 misericordiam

655 4219 828 4284 tuam,
860 4215 1086 4271 Domine
1101 4232 1122 4270 .·

579 4303 889 4362 Secundum
907 4303 1188 4378 judicium
1220 4308 1378 4361 tuum
1409 4305 1628 4378 vivi/ica
1656 4321 1762 4362 me.

514 4397 554 4448 C
583 4392 733 4449 Petit
776 4410 945 4449 suam
996 4410 1194 4450 vocem
1254 4393 1514 4450 exaudiri
1565 4395 1893 4452 secundum
1934 4395 2098 4453 illam

449 4481 940 4550 misericordiam,
973 4497 1101 4554 quae
1133 4497 1201 4538 ex
1230 4481 1462 4538 miseris
1493 4483 1690 4540 beatos
1719 4483 1875 4551 fecit,
1907 4501 1976 4542 ex
2002 4502 2100 4542 ca-

443 4571 620 4645 ptivis
649 4565 888 4638 liberos,
921 4587 989 4626 ex
1020 4569 1271 4626 mortuis
1300 4571 1480 4628 vivos.
1513 4571 1675 4638 Quod
1707 4577 1902 4630 autem
1933 4573 2098 4630 addi-

441 4660 530 4716 dit
559 4659 789 4716 viviﬁca
821 4675 948 4716 me:
1010 4659 1320 4715 conﬁtetur
1349 4676 1412 4716 se
1467 4665 1766 4716 mortuum
1801 4678 1929 4718 esse
1968 4662 2097 4736 lege

434 4748 681 4824 peccati.
713 4747 1008 4804 Viviﬁcari
1041 4747 1198 4803 enim
1233 4765 1347 4806 non
1394 4753 1618 4820 potest:
1652 4749 1765 4804 nisi
1811 4751 1911 4824 qui
1941 4751 2000 4808 in
2032 4767 2094 4808 se

441 4839 740 4913 propriam
769 4856 884 4895 non
918 4837 1096 4894 habet
1118 4836 1320 4894 vitam.
1350 4835 1516 4902 Quod
1547 4854 1679 4894 vero
1710 4837 1852 4895 dicit
1885 4857 2092 4898 secun-

437 4929 582 4984 dum
605 4927 921 5000 judicium,
955 4925 1217 5001 intellige
1247 4924 1417 4997 illud,
1467 4943 1584 5000 quo
1623 4925 2094 5002 supplicantibus

438 5016 642 5088 parcit,
671 5022 729 5072 et
758 5034 820 5074 se
849 5018 1200 5075 damnantes
1231 5015 1500 5074 absolvit.

437 5103 544 5159 150
585 5107 1184 5178 Appropinquaverunt
1225 5114 1608 5180 persequentes
1636 5123 1721 5164 me
1769 5108 2092 5182 iniquitate:

577 5193 620 5246 Α
645 5192 758 5264 lege
785 5203 968 5250 autem
999 5203 1092 5252 tua
1125 5197 1281 5270 longe
1301 5197 1440 5269 facti
1461 5204 1606 5252 suut.

503 5284 552 5334 A
584 5279 625 5336 C
652 5281 1140 5354 Appropinquant
1173 5285 1330 5340 enim
1362 5289 1814 5358 persequentes:
1855 5289 2089 5362 quando

429 5373 565 5445 post
593 5369 794 5429 omnia
825 5387 1011 5443 usque
1042 5372 1114 5427 ad
1146 5371 1530 5451 lacerationes
1573 5373 1768 5431 carnis
1819 5377 2092 5436 videntur

431 5457 729 5516 accedere.
762 5458 808 5514 H
841 5457 1154 5533 Iniquitate
1185 5465 1381 5516 autem
1396 5463 1888 5538 apprOpinquant,
1921 5466 1977 5521 id
2000 5472 2090 5524 est

429 5565 564 5608 cum
597 5546 901 5628 iniquitate
933 5547 1063 5631 (hoc
1094 5551 1183 5609 est
1207 5549 1448 5630 inique).
1481 5552 1769 5624 Quoniam
1782 5555 2084 5635 patieban-

1279 341 1282 344 _
1387 259 1452 322 S.
1498 249 1892 342 BRUNONIS
1937 260 2555 328 HERBIPOLEN‘SIS
2598 260 2978 326 EPISCOPI.

3689 280 3818 343 ιω,

2154 400 2203 464 Λ
2244 401 2338 452 tur
2364 401 2649 472 martyres
2698 395 2855 453 mala
2883 414 2986 469 pro
3039 396 3226 454 bonis.
3257 400 3299 454 Α
3330 398 3443 472 lege
3474 409 3674 476 .autem,
3713 411 3790 469 isti

2235 486 2457 542 scilicet
2481 489 2906 560 persecutores,
2929 485 3120 560 longe,
3143 491 3275 555 etc.,_
3305 489 3433 561 quia
3457 491 3553 560 HA
3575 497 3792 568 unanto

2235 575 2307 630 ad
2340 579 2678 632 sanctorum
2707 592 2911 648 pinnas
2928 576 3638 650 appropinquabantztanto
3659 585 3794 660 siege

2234 662 2469 718 Domini
2499 663 2864 720 recedebant.
2899 663 2960 720 Si
2991 681 3124 721 vero
3155 668 3339 724 textus
3365 666 3590 740 alicm'us
3621 671 3792 734 habeat

2233 751 2532 824 iniquitati
2563 751 2653 808 vel
2681 751 2902 825 inique,
2934 752 3090 816 idem
3123 769 3328 812 sensus
3356 755 3510 814 recit:
3553 760 3640 831 qui
3669 764 3794 824 enim

2225 841 2423 913 justos
2453 841 2846 915 persequitur,
2879 842 3234 916 propinquat
3262 843 3532 917 iniquitati
3560 853 3609 904 et
3632 849 3790 924 inique

2233 930 2374 1004 agit.

2235 1037 2332 1092 151
2375 1039 2552 1110 Prope
2578 1053 2634 1093 es
2661 1045 2740 1105 tu,
2773 1039 3030 1094 Domine:

2373 1127 2440 1184 Et
2466 1143 2650 1185 omnes
2678 1128 2782 1183 vite
2809 1131 2916 1184 tute
2942 1129 3168 1185 ueritas.

2302 1215 2344 1272 C
2373 1219 2523 1272 Dum
2573 1215 2714 1272 dicit
2765 1233 2950 1290 prope
2980 1233 3042 1274 es
3099 1223 3184 1286 tu,
3243 1217 3509 1286 Domine:
3553 1221 3800 1278 conﬁtetur

2231 1320 2366 1360 eum
2397 1304 2614 1377 ubique
2639 1309 3005 1378 praesentem,
3056 1309 3113 1363 et
3137 1323 3273 1362 eum
3311 1323 3476 1365 nosse
3503 1308 3550 1364 si
3587 1326 3800 1382 perversa

2231 1393 2513 1466 gerimus.
2547 1410 2654 1450 nec
2684 1393 2976 1451 declinare
3002 1411 3138 1452 eum
3185 1412 3358 1468 posse
3401 1413 3526 1453 cum
3568 1397 3796 1471 fugimus.

2229 1481 2358 1540 Una
2388 1486 2479 1539 est
2505 1498 2642 1556 ergo
2673 1482 2940 1552 salus,ad
2971 1484 3169 1556 ipsum
3194 1484 3492 1543 festinare:
3521 1501 3674 1558 quem
3709 1503 3800 1544 non

2227 1571 2420 1646 possis
2455 1573 2725 1646 effugere.
2753 1573 2822 1630 Et
2850 1589 3056 1630 omnes
3071 1574 3174 1629 viae
3201 1573 3582 1635 tuezJudaius
3611 1574 3797 1642 hocnon

2227 1665 2422 1734 potest
2451 1659 2634 1733 loqui,
2670 1661 2772 1734 qui
2803 1660 2990 1718 noluit
3005 1663 3241 1720 credere
3258 1663 3478 1719 veritati
3497 1681 3511 1720 :
3525 1667 3800 1738 potestvero

2145 1767 2194 1834 Β
2225 1749 2418 1809 dicere
2448 1751 2549 1822 qui
2578 1749 2805 1806 Christo
2833 1751 3018 1808 credit
3045 1755 3105 1808 et
3133 1751 3410 1808 mandata
3428 1753 3548 1824 ejus
3574 1753 3800 1808 custodit.

2224 1841 2272 1894 Α
2299 1838 2487 1896 Etiam
2515 1839 2572 1895 in
2600 1838 2928 1909 tormentis,
2943 1840 3096 1913 quod
3128 1839 3230 1897 illa
3247 1857 3360 1897 non
3377 1839 3645 1898 immerito
3656 1841 3800 1913 potia»

2225 1935 2344 1996 tur,
2399 1928 2500 1986 sed
2573 1944 2709 1984 vero
2784 1927 2864 1984 sit
2920 1928 3020 1985 Dei
3083 1927 3143 1985 in
3211 1928 3322 1986 hoc
3389 1929 3673 2002 judicium.
3729 1929 3799 1984 Sic

2224 2013 2454 2084 Esther,
2487 2016 2572 2074 sic
2600 2015 2820 2086 Daniel,
2872 2019 2958 2074 sic
2984 2023 3101 2078 tres
3143 2017 3204 2074 in
3255 2018 3496 2086 camino,
3526 2018 3602 2075 sic
3639 2035 3798 2079 omnes

2225 2105 2412 2164 sancti
2433 2107 2784 2163 conﬁtentur
2813 2105 2956 2179 (Dan
2987 2111 3094 2176 Ill).

2226 2214 2331 2268 152
2369 2212 2534 2268 Initio
2553 2213 2778 2283 cognovi
2805 2212 2871 2269 de
2892 2215 3223 2270 testimoniis
3252 2216 3360 2270 tuis
3380 2233 3400 2270 :

2367 2303 2510 2371 Quia
2541 2303 2604 2356 in
2631 2307 2897 2357 mtemum
2922 2302 3176 2374 fundasti
3203 2319 3289 2360 ea.

2294 2391 2336 2446 C
2369 2389 2537 2446 Initio
2569 2389 2885 2463 (signiﬁcat
2912 2408 2947 2447 a
2975 2391 3329 2449 rudimentis
3359 2391 3560 2460 seaculi,
3606 2389 3796 2463 quando

2225 2496 2258 2534 a
2279 2479 2445 2552 justo
2473 2477 2618 2534 Abel
2647 2494 2861 2534 nomen
2889 2481 3042 2552 cepit
3069 2497 3200 2536 esse
3234 2485 3584 2538 sanctorum:
3625 2478 3704 2552 qui
3733 2479 3800 2533 in-

2225 2583 2442 2624 nocens
2475 2583 2508 2622 a
2538 2566 2762 2622 nefario
2812 2569 3006 2634 fratre,
3033 2568 3090 2624 in
3140 2569 3468 2643 exemplum
3515 2567 3795 2635 Salvatcris,

2222 2655 2450 2712 occisus
2479 2658 2568 2712 est
2596 2653 2750 2728 [Gem
2785 2656 2880 2728 tvj)
2910 2655 3052 2713 dicit
3080 2657 3360 2728 Ecclesia,
3397 2657 3627 2732 Cognovi
3653 2657 3712 2712 de
3733 2661 3798 2712 te-

2219 2743 2545 2802 stimoniis:
2575 2745 2620 2799 A
2645 2743 2868 2802 scilicet
2895 2745 3109 2818 quibus
3134 2748 3386 2805 tesiatus
3407 2764 3467 2804 es
3493 2751 3547 2803 te
3572 2747 3797 2802 daturum

2221 2833 2669 2906 Redemptorem
2690 2837 2747 2890 et
2756 2850 3000 2908 regnum
3019 2839 3328 2893 aeternum.
3343 2836 3484 2904 Quia
3509 2837 3801 2892 insternunt

2221 2923 2466 2980 fundata
2493 2925 2652 2979 sunt.
2702 2925 2750 2978 A
2777 2927 2818 2978 Ο
2865 2923 3088 2997 Quippe
3133 2943 3268 2998 qua:
3301 2925 3372 2982 ad
3418 2923 3801 2981 fundamentum

2197 3011 2518 3070 Christum
2550 3010 2938 3084 pertinebant.
2963 3013 3091 3086 Ipse
3101 3013 3266 3070 enim
3289 3015 3700 3072 fundamentum
3717 3015 3802 3076 est,

2223 3099 2283 3155 in
2316 3115 2430 3172 quo
2460 3099 2660 3155 omnia
2686 3099 2841 3155 dicta
2869 3104 2926 3156 et
2945 3099 3163 3173 scripta
3180 3101 3356 3176 Legis
3385 3100 3802 3174 etprophetarum

2225 3195 2283 3246 et
2311 3187 2607 3262 Evangelii
2647 3188 2892 3245 fundata
2937 3195 3076 3246 sunt
3114 3191 3332 3264 (Ephes.
3367 3193 3449 3264 ιι).
3491 3195 3528 3246 C
3555 3189 3694 3247 Unde
3717 3185 3804 3243 evi-

2219 3279 2426 3335 denter
2452 3278 2842 3352 cognoscitur,
2874 3279 2946 3336 ab
2977 3279 3246 3353 antiquis
3270 3284 3462 3338 mente
3491 3280 3805 3352 conspectum

2218 3367 2538 3424 Christum.

2408 3491 2796 3532 ARGUMENTUM
2833 3491 3185 3540 SEQUENTIUM
3229 3493 3368 3536 OCTO
3405 3492 3662 3536 VEBSUUM.

2285 3581 2328 3639 C
2354 3587 2398 3636 B
2429 3581 2708 3655 Populus,
2740 3581 3014 3639 vitiorum
3043 3583 3254 3658 victor,
3287 3601 3349 3641 se
3381 3583 3520 3658 petit
3558 3575 3810 3646 viviﬁcari,

2217 3671 2496 3744 quoniam
2529 3672 2808 3728 mandata
2818 3671 3306 3730 Dominisummo
3318 3672 3511 3730 studio
3522 3665 3801 3744 exquisivit:

2211 3757 2567 3832 principium
2599 3775 2830 3832 quoque
2859 3760 3168 3818 verborum
3200 3762 3439 3820 Domini
3457 3765 3684 3818 testatur
3705 3769 3806 3811 esse

2212 3847 2538 3918 veritatem,
2567 3852 2628 3904 et
2673 3847 2781 3906 hoc
2827 3855 2916 3906 est
2945 3859 3121 3923 caput
3150 3853 3314 3924 quod
3361 3866 3604 3926 praesens
3652 3845 3804 3902 littera

2209 3936 2491 3995 ostendit.
3371 3952 3387 3966 κ

2776 4026 2824 4082 ΙΙ
2857 4027 2896 4083 Β
2920 4027 3054 4097 Res,
3089 4034 3288 4101 caput.

2219 4114 2325 4172 153
2361 4114 2489 4172 Vide
2519 4113 2890 4173 humilitatem
2915 4131 3089 4172 meam
3120 4125 3174 4174 et
3201 4119 3358 4192 eripe
3381 4135 3496 4174 me:

2349 4205 2491 4274 Quia
2521 4205 2690 4274 legem
2721 4209 2880 4260 tuam
2907 4221 3017 4262 non
3042 4222 3166 4262 sum
3183 4207 3412 4264 oblitus.

2275 4295 2322 4350 A
2349 4292 2494 4349 Vide
2523 4291 2918 4350 humilitatem
2949 4309 3142 4352 meam
3163 4297 3224 4352 et
3253 4297 3413 4372 eripe
3434 4311 3524 4353 me
3546 4283 3803 4370 :Quamvis

2205 4382 2319 4439 ista
2347 4399 2454 4438 vox
2481 4382 2748 4439 videatur
2795 4386 3150 4457 martyrum:
3207 4388 3410 4442 tamen
3459 4398 3619 4440 nemo
3645 4383 3751 4435 eam
3775 4389 3802 4427 ι

2208 4489 2271 4529 se
2301 4475 2466 4544 putet
2491 4469 2884 4544 alienam,qui
2914 4472 2974 4529 in
3005 4471 3224 4530 Christi
3255 4489 3493 4548 corpore
3520 4473 3605 4528 est
3628 4461 3804 4525 consti-

2207 4564 2393 4616 tutus.
2425 4559 2495 4616 Et
2523 4559 2682 4632 eripe
2711 4576 2822 4616 me.
2855 4559 2898 4616 C
2926 4559 3159 4618 Scilicet
3182 4562 3256 4619 de
3285 4561 3619 4620 necessitate
3635 4567 3800 4640 pana-

2205 4665 2358 4717 rum,
2391 4651 2448 4704 et
2477 4648 2549 4704 de
2580 4647 2838 4721 periculo
2860 4649 3065 4706 mortis
3093 4651 3190 4722 (de
3211 4651 3432 4724 quibus
3459 4647 3606 4706 beati
3625 4646 3803 4712 marty-

2203 4753 2294 4794 res
2326 4753 2388 4793 se
2419 4735 2655 4793 liberari
2687 4729 2914 4810 petunt)
2947 4737 3033 4796 vel
3059 4739 3130 4795 de
3155 4739 3418 4814 periculo
3459 4737 3802 4812 peccatorum.

2202 4823 2564 4899 Quialegem
2597 4829 2778 4882 tuam.
2814 4826 2859 4882 H
2887 4828 2935 4882 A
2963 4831 3003 4882 C
3033 4827 3267 4886 Scilicet
3289 4824 3628 4903 quadixisti:
3650 4817 3804 4888 Quise

2201 4914 2418 4972 exultat
2444 4913 2871 4985 humiliabitur,
2903 4920 2961 4974 et
2988 4916 3088 4989 qui
3117 4933 3180 4973 se
3203 4917 3484 4974 humiliat
3501 4907 3806 4972 exaltabitur

2202 5005 2407 5078 (Matth.
2439 5003 2622 5077 xxx-11).

2199 5111 2305 5168 464
2339 5109 2543 5170 Judica
2560 5109 2840 5184 judicium
2865 5127 3047 5174 meum
3076 5121 3129 5174 et
3155 5113 3365 5173 redime
3393 5128 3509 5170 me:

2340 5202 2570 5272 Propter
2597 5200 2876 5274 eloquium
2903 5205 3062 5258 tuum
3082 5203 3303 5276 viviﬁea
3329 5218 3436 5259 me.

2269 5290 2316 5345 A
2347 5288 2388 5346 C
2416 5288 2566 5346 Petit
2595 5288 2808 5346 chorus
2839 5295 3174 5362 sanctorum
3198 5275 3505 5362 judicium
3552 5297 3728 5348 suum,
3755 5275 3802 5330 id

2201 5382 2290 5435 est
2317 5393 2576 5448 causam,
2612 5394 2729 5450 qua
2757 5394 2819 5435 se
2869 5377 3154 5444 tribuiant
3192 5383 3250 5436 et
3298 5376 3715 5464 persequuntur
3739 5365 3808 5464 il}-

2192 5469 2354 5541 jusw
2385 5467 2698 5535 ἀωῐῐιοηθε,
2731 5485 2766 5524 a
2817 5467 3061 5525 Domino
3097 5467 3379 5542 judicari,
3430 5469 3566 5522 etse
3593 5461 3660 5519 ab
3686 5458 3807 5542 ipsis

2197 5540 2429 5615 redimi.
2461 5553 2718 5629 Addidit,
2742 5562 2980 5636 prepter
3023 5540 3325 5638 eloquium
3368 5559 3556 5626 tuum,
3601 5540 3808 5620 Cillud,
