3986 6164
167 308 281 373 m.

1372 308 1789 373 EXPOSITIO
1832 307 2345 376 PSA'LMORUM.

3426 312 3570 376 ωε.

162 440 487 499 scilicetubi
512 440 803 516 promittit
835 459 849 498 :
882 441 991 508 Qui
1039 441 1225 497 credit
1271 441 1330 497 in
1364 456 1455 499 me
1498 459 1614 500 non
1658 460 1781 501 mo-
1809 445 1868 513 Α
1896 445 2129 517 quando
2161 445 2289 518 ejus
2322 445 2807 512 sententiam,nec
2840 448 3074 518 tempus
3094 443 3328 519 aliquod
3364 450 3552 504 muta.

156 530 304 587 ricini-
328 532 510 603 (Joan.
543 535 645 599 χι).

152 620 240 676 155
270 621 444 691 Longe
463 637 497 675 ιι
518 620 895 692 peccatoribus
914 620 1065 676 salus
1089 638 1109 675 :

264 710 402 778 Quia
419 709 839 781 justiﬁoationes
871 717 995 766 tuas
1024 727 1136 765 non
1165 709 1567 782 exquisierunt.

202 798 245 855 Η
270 799 309 854 C
340 798 548 855 Merito
580 798 716 873 ergo
748 815 783 855 a
810 797 999 856 salute
1033 799 1167 854 facti
1201 788 1341 855 eunt
1370 798 1540 873 longe
1564 800 1773 869 Judaei,

139 888 226 961 qui
248 892 593 960 respuerunt
635 886 843 969 salutis
894 893 1193 944 auctorem
1224 891 1280 944 et
1323 888 1777 960 justiticationes

141 976 266 1051 legis
296 993 412 1032 non
443 964 870 1050 intelligehant,
903 976 1047 1050 quia
1096 976 1395 1033 Christum
1446 977 1503 1032 in
1544 977 1627 1035 eis
1657 995 1773 1035 non

141 1069 500 1137 agnoverunt.
526 1067 574 1121 A
620 1065 724 1122 Vel
773 1066 974 1133 etiam,
1008 1083 1042 1122 a
1069 1064 1429 1139 quibuslibet
1456 1068 1774 1139 peccatori«

141 1157 234 1211 bus
259 1154 447 1228 legem
478 1153 579 1211 Dei
612 1156 1048 1228 spernentibus,
1074 1154 1245 1228 longe
1274 1158 1365 1211 est
1394 1156 1577 1212 salus.

143 1244 227 1300 156
260 1243 665 1301 Misericordiae
692 1252 805 1302 tua?
831 1246 1047 1312 multce,
1082 1246 1362 1300 Domine:

258 1332 567 1391 Secundum
588 1333 868 1404 judicium
898 1343 1054 1390 tzmm
1082 1334 1303 1405 vivi/ica
1329 1350 1435 1389 me.

195 1427 231 1477 C
257 1421 659 1479 Miserationes
693 1422 926 1479 Domini
960 1427 1230 1496 sunt,per
1259 1439 1406 1495 quas
1455 1423 1688 1480 afﬂictis
1717 1427 1775 1480 et

138 1511 329 1567 sauciis
358 1510 605 1567 diversis
630 1512 822 1568 modis
871 1512 1182 1569 subvenire
1222 1512 1521 1585 dignatur.
1555 1513 1773 1570 Secun-

142 1602 261 1656 dum
280 1600 572 1672 judicium
602 1604 771 1657 tuum
802 1601 1030 1657 viviﬁca
1059 1601 1226 1668 me,H
1260 1617 1331 1657 ne
1361 1601 1692 1658 inveniatur
1712 1603 1770 1658 in

146 1707 222 1746 me
244 1691 391 1763 quod
414 1689 710 1761 judicium
743 1691 949 1747 mortis
975 1690 1307 1759 assumat,C
1338 1690 1477 1763 quia
1510 1707 1614 1747 nec
1643 1690 1771 1748 sine

144 1777 334 1849 judicio
356 1779 797 1844 miseretur,nec
811 1778 938 1836 sine
961 1779 1770 1852 misericordia,judicat.ldeo

154 1867 352 1940 quando
376 1867 687 1925 miseretur
708 1869 959 1941 judicat,
992 1873 1048 1925 et
1071 1869 1307 1942 quando
1330 1869 1560 1940 judicat
1595 1870 1771 1926 mise-

157 1962 303 2013 retur.

161 2048 241 2101 157
271 2047 416 2104 Πειιεὶ
442 2054 536 2120 qui
561 2052 970 2121 persequuntur
998 2063 1081 2104 me
1110 2055 1159 2103 et
1181 2047 1451 2104 tribulant
1479 2064 1564 2105 me

271 2138 305 2191 Α
330 2139 650 2194 testimoniis
681 2139 790 2193 tuis
817 2153 928 2193 non
958 2136 1252 2193 declinavi.

211 2224 247 2279 C
271 2224 461 2282 Narrat
489 2226 649 2282 enim
680 2226 927 2298 injurias
959 2225 1081 2282 sive
1127 2225 1579 2299 persecutiones,
1615 2228 1769 2284 unde

155 2328 400 2373 numerus
443 2314 759 2372 electorum
818 2314 1045 2383 crescit,
1098 2332 1301 2372 verum
1360 2315 1516 2372 inter
1569 2317 1770 2373 omnia

151 2401 448 2462 nullatenus
475 2420 539 2462 se
571 2423 607 2462 a
636 2404 989 2463 testimoniis
1021 2405 1121 2462 Dei
1167 2404 1492 2462 declinasse
1520 2408 1769 2463 testatus

148 2496 237 2546 est.

143 2582 232 2636 158
267 2580 381 2639 Vidi
398 2584 831 2656 praevaricantes
856 2592 908 2640 et
933 2584 1269 2640 tabescebam
1303 2600 1316 2640 :

264 2673 394 2741 Quia
413 2674 632 2747 eloquia
664 2681 758 2729 tua
784 2690 896 2729 non
923 2673 1317 2730 custodierunt.

198 2761 380 2817 CVidi
410 2762 640 2835 aliquos
673 2762 730 2817 in
783 2762 1287 2835 persecutionibus
1335 2764 1534 2831 fidem,
1586 2778 1766 2836 quam

140 2854 445 2921 tenuerunt,
497 2852 873 2925 abnegantes.
925 2852 1087 2917 Quod
1120 2853 1329 2909 cohors
1376 2857 1580 2909 sancta
1609 2851 1765 2925 θεορί-

136 2937 279 2996 ciens
307 2940 691 3014 afﬂigebatur,
727 2939 930 2996 dolens
952 2957 1013 2996 se
1035 2941 1224 2998 socios
1249 2939 1381 2997 fidei
1396 2941 1723 3013 perdidisse
1748 2959 1760 3010 ;

136 3027 224 3083 sed
252 3029 399 3085 unde
428 3029 765 3086 tabescebat
794 3028 1215 3102 ostendit,quia
1247 3030 1650 3103 praevaricator
1673 3040 1768 3087 ne-

1890 534 1995 603 bit,
2030 552 2136 591 nec
2185 552 2277 592 res
2309 536 2432 592 ulla
2462 535 2767 591 subvertit.
2798 534 3032 591 Judicia
3062 550 3196 592 vero
3227 534 3333 593 illa
3352 538 3546 609 putat;

1888 623 2122 696 quando
2153 624 2380 681 dicetur
2411 642 2425 680 :
2459 622 2997 693 Venite,benedicti
3024 623 3213 681 Patris
3244 624 3379 693 mei,
3406 624 3545 695 ὡς

1887 717 1945 769 et
1977 729 1989 769 :
2017 714 2120 782 Ite,
2150 713 2446 771 maledicti
2499 714 2559 769 in
2615 713 2810 787 ignem
2841 716 3122 770 aeternum
3148 714 3358 785 (latth.
3388 716 3543 787 xxv).

1885 801 2016 857 Haec
2038 802 2264 874 judicia
2292 803 2351 858 in
2379 807 2664 859 aeternum
2700 800 2817 859 lixa
2845 802 3185 859 manebunt.
3210 803 3305 861 Sic
3335 802 3395 860 in
3426 806 3544 861 uno

1884 907 2053 947 versu
2087 895 2143 947 et
2171 891 2338 948 initia
2368 896 2580 949 nostras
2613 891 2748 948 ﬁdei
2778 892 2837 948 et
2881 891 3072 949 adhuc
3118 892 3364 950 ventura
3401 895 3540 949 cori-
3570 940 3577 944 .

1885 979 2084 1048 clusit,
2112 980 2312 1037 omnia
2341 982 2400 1038 in
2450 982 2693 1038 veritate
2734 979 3109 1054 complenda.
3138 983 3187 1038 Α
3232 980 3337 1039 νεὶ
3367 983 3542 1040 Verba

1884 1072 1986 1124 tua
2013 1086 2047 1125 a
2075 1070 2313 1127 veritate
2343 1075 2446 1127 tua
2498 1074 2713 1127 interna
2751 1069 3094 1144 precedunt,
3124 1075 3185 1128 et
3212 1071 3294 1128 ita
3334 1074 3538 1129 eoi-uin

1885 1157 2239 1231 principium
2271 1164 2364 1216 est
2390 1160 2702 1217 veritas.Et
2741 1158 3017 1233 quoniam
3049 1161 3122 1217 ab
3167 1159 3269 1217 illa
3297 1160 3536 1227 veritate

1882 1248 2225 1320 procedunt,
2275 1249 2503 1306 veracia
2551 1251 2691 1305 sunt
2738 1253 2796 1305 et
2845 1248 3141 1305 neminem
3185 1245 3416 1305 fallunt.
3469 1249 3537 1304 Et

1884 1335 2161 1408 quoniam
2193 1336 2489 1395 neminem
2522 1337 2756 1403 fallunt,
2786 1341 2844 1394 et
2872 1338 2957 1394 eis
3004 1339 3417 1412 pronuntiatur
3435 1339 3534 1410 ju-

1882 1424 2035 1481 dicia
2057 1426 2304 1498 justitiae
2338 1432 2470 1495 tuae,
2503 1426 2727 1485 scilicet
2752 1426 2871 1484 vita
2905 1428 3090 1499 justo,
3119 1442 3285 1500 paena
3330 1426 3534 1500 impio;

1856 1513 1941 1581 in
1969 1518 2250 1571 aeternum
2301 1521 2476 1573 erunt
2523 1516 2637 1573 ista
2685 1517 2907 1589 iudicia
2945 1516 3195 1589 justitilu
3236 1514 3350 1572 tua:
3378 1529 3536 1585 vera,-

1882 1608 1939 1658 et
1969 1605 2289 1660 manebunt
2322 1607 2378 1661 in
2408 1610 2710 1675 internum,
2746 1606 2827 1672 hi,
2859 1605 2919 1661 in
2950 1605 3085 1675 vita,
3116 1604 3311 1673 isti,in
3339 1610 3534 1678 pinna.

2055 1710 2459 1752 succursurum
2491 1708 2859 1760 SEQUENTIUM
2889 1711 3028 1751 oc'ro
3057 1688 3353 1752 venenati.

1952 1784 1992 1837 C
2021 1782 2063 1838 Β
2091 1786 2439 1839 Sanctorum
2471 1789 2653 1841 ccetus
2698 1782 3134 1858 perse‘cu'ti'Oncs
3172 1778 3539 1842 saevientium

1879 1864 1983 1943 pro
2014 1870 2298 1928 charita‘te
2347 1872 2579 1929 Domini
2620 1873 2732 1929 sibi
2777 1872 2920 1929 dicit
2960 1884 3092 1930 esse
3138 1872 3530 1946 gratissimas.

1880 1959 1945 2029 B,
1978 1959 2180 2017 dentes
2211 1965 2429 2026 autem,
2464 1977 2612 2033 quos
2642 1961 2822 2033 hujus
2848 1960 3058 2018 litterae
3098 1956 3310 2018 nomen
3338 1961 3530 2036 expri-

1881 2047 1991 2103 mit
2019 2047 2109 2104 vel
2141 2052 2477 2105 sanctorum
2510 2047 2898 2123 intellige,qui
2924 2050 3240 2106 Dominum
3267 2050 3528 2120 laudant;

1879 2135 1967 2192 vel
1992 2139 2531 2209 persecutorum,de
2548 2139 2767 2210 quibus
2782 2138 2998 2195 dicitur
3021 2156 3035 2195 :
3062 2134 3185 2194 Filii
3201 2134 3530 2209 hominum,

1878 2226 2080 2284 dentes
2110 2244 2312 2283 eorum
2343 2245 2508 2284 arma
2537 2232 2593 2284 et
2623 2220 2857 2302 sagitta.

2446 2316 2493 2372 ΙΙ
2532 2316 2575 2372 Β
2612 2316 2732 2393 Sin,
2765 2316 2971 2374 dentes.

1880 2404 1976 2459 161
2018 2406 2308 2478 Principes
2331 2407 2607 2477 persecuti
2632 2414 2762 2462 sunt
2791 2423 2875 2463 me
2896 2408 3100 2480 gratis:

2020 2495 2085 2550 Et
2112 2512 2147 2550 a
2176 2494 2355 2551 verbis
2385 2497 2495 2551 tuis
2523 2488 2845 2568 formidavit
2872 2511 2965 2553 cor
2989 2508 3194 2553 meum.

1952 2586 1992 2637 C
2024 2583 2343 2656 Principes,
2375 2583 2470 2640 hic
2502 2590 2902 2658 persecutores
2923 2586 3207 2643 debemus
3227 2585 3528 2660 accipere;

1876 2672 1961 2728 sic
1990 2672 2146 2728 enim
2177 2676 2233 2728 et
2256 2673 2558 2729 diabolum
2608 2673 2932 2747 principem
2962 2674 3240 2745 dicimus,
3281 2676 3381 2749 qui
3414 2675 3529 2733 sibi

1876 2760 2194 2833 primatum
2250 2760 2311 2816 in
2366 2760 2685 2819 sceleribus
2732 2754 3065 2819 vindicavit.
3125 2763 3340 2832 Gratis,
3389 2765 3530 2838 quia

1875 2850 2061 2905 sancti
2090 2853 2374 2925 martyres
2406 2868 2509 2907 nec
2552 2850 2635 2907 eis
2666 2851 2886 2907 tributa
2913 2852 3039 2907 dari
3080 2850 3527 2925 prohibuerunt,

1875 2954 1980 2993 nec
2009 2938 2401 2995 obedientiam
2434 2940 3077 3009 subtraxerunt,verum
3100 2941 3277 2997 etiam
3309 2942 3411 3014 pro
3442 2941 3526 2999 eis

1872 3026 2301 3083 oraverunt.llli
2333 3044 2566 3099 quoque
2596 3045 2712 3085 non
2734 3029 3007 3084 timentes
3024 3034 3227 3084 earum
3259 3038 3527 3102 persecu-

135 3132 413 3191 quaquam
438 3118 673 3192 eloquia
701 3118 1035 3192 evangelica
1064 3118 1761 3187 custodivit,scilicet:Qui
1803 3188 1833 3192 _
1870 3116 2112 3183 tionem,
2141 3116 2235 3171 Dei
2272 3115 2666 3173 formidabant
2713 3115 3004 3190 praeterire
3028 3112 3335 3190 praecepta,
3368 3119 3525 3175 unde

136 3188 567 3274 perseveraverit
588 3224 776 3281 usque
799 3188 1059 3263 inlinem
1076 3207 1171 3263 hic
1197 3206 1392 3263 salvus
1415 3208 1526 3263 erit
1550 3206 1758 3279 (Matth.
1792 3188 1836 3254 C
1873 3202 2072 3259 subdit
2100 3221 2119 3258 :
2142 3203 2209 3259 Et
2241 3219 2275 3259 a
2304 3203 2497 3260 verbis
2528 3204 2645 3260 tuis
2676 3188 3081 3262 formidavitli
3106 3188 3464 3263 Fermidavit
3495 3215 3528 3262 a
3586 3242 3593 3247 -

133 3296 203 3360 ι).
227 3291 270 3350 li
302 3294 396 3352 Vel
411 3297 595 3353 Judzei
620 3297 1087 3370 praevaricatores
1108 3295 1371 3369 sunt,qui
1399 3296 1671 3352 dixerunt
1690 3295 1761 3351 ad
1870 3293 2043 3348 verbo
2076 3292 2194 3360 illo,
2226 3310 2343 3365 quo
2374 3293 2456 3349 ait
2488 3312 2500 3349 :
2536 3293 2643 3360 Qui
2676 3310 2768 3350 me
2790 3294 3087 3367 negaverit
3105 3302 3301 3352 ceram
3335 3292 3523 3352 homi-

133 3380 353 3456 Moysen
385 3401 398 3439 :
431 3385 645 3441 Omnia
668 3402 1032 3459 quaecunque
1053 3384 1265 3441 dixerit
1286 3384 1574 3441 Dominus
1594 3383 1767 3441 facie.

127 3485 248 3525 mus
279 3472 481 3544 (Exod.
511 3475 667 3546 xxxv)
693 3492 706 3529 :
739 3476 796 3530 et
827 3492 941 3530 non
992 3474 1271 3530 fecerunt.
1304 3473 1371 3529 Et
1403 3472 1595 3540 nos,in
1621 3473 1762 3545 bap-

125 3558 290 3616 tismo
337 3562 560 3618 diabolo
612 3567 669 3618 et
719 3563 995 3636 operibus
1056 3564 1186 3636 ejus
1240 3563 1668 3630 renuntiantes,
1709 3565 1765 3619 et

126 3650 444 3707 renuntiata
473 3652 775 3720 facientes,
810 3653 1256 3725 praevaricantes
1286 3669 1514 3708 sumus.
1539 3646 1619 3707 De
1648 3669 1764 3724 quo

123 3738 308 3793 sancti
336 3739 705 3796 vehementer
734 3739 953 3797 dolent.

128 3821 225 3876 l59
266 3825 389 3882 Vide
414 3829 676 3899 quoniam
704 3828 962 3884 mandata
992 3835 1089 3883 tua
1118 3828 1311 3897 dilexi,
1342 3829 1567 3885 Domine
1596 3846 1616 3884 .-

256 3915 323 3969 In
348 3916 726 3973 misericordia
756 3925 852 3973 tua
882 3917 1098 3988 vivi/ica
1125 3933 1229 3972 me.

189 3999 233 4056 Ο
263 4002 413 4061 Bene
458 4005 621 4073 dicit,
654 4005 828 4062 dilexi
885 4006 1180 4072 mandata,
1228 4004 1450 4062 scilicet
1506 4006 1767 4079 martyrii

120 4104 327 4158 pcenas
354 4111 537 4168 usque
567 4095 640 4151 ad
660 4100 911 4151 mortem
934 4095 1586 4167 perferendo,Dominus
1610 4095 1768 4151 enim

119 4181 451 4239 animorum
478 4183 795 4257 qualitates
824 4184 1052 4258 gratius
1082 4184 1320 4257 respicit
1343 4201 1520 4257 quam
1551 4184 1771 4240 crucia~

120 4271 243 4324 tum
279 4271 490 4328 carnis.
527 4272 766 4346 Oportet
791 4290 928 4346 ergo
959 4271 1206 4328 hilarem
1251 4278 1568 4345 martyrem
1619 4287 1767 4328 esse.

121 4353 327 4416 Merito
353 4377 489 4437 ergo
516 4360 930 4418 viviticandum
961 4378 1023 4418 se
1053 4360 1286 4434 petebat
1316 4360 1376 4415 in
1406 4360 1577 4417 beata
1606 4360 1774 4417 vitaa

118 4441 387 4519 Domino,
421 4449 522 4523 qui
552 4450 732 4507 vitam
763 4450 943 4523 hujus
975 4449 1169 4507 saeculi
1199 4466 1303 4522 pro
1332 4466 1467 4506 vera
1494 4448 1774 4523 religione

116 4541 567 4612 contempserat.

118 4624 215 4679 160
252 4628 607 4701 Principium
636 4628 927 4685 verborum
956 4636 1176 4685 tuorum
1206 4629 1406 4685 veritas
1437 4643 1451 4682 :

254 4718 325 4770 In
346 4724 621 4773 aeternum
650 4718 838 4773 omnia
856 4716 1075 4789 judicia
1094 4717 1334 4789 justitice
1354 4724 1485 4773 tua}.

180 4801 224 4858 Ο
260 4803 411 4860 illud
438 4804 814 4878 principium,
849 4805 993 4861 mihi
1026 4804 1255 4861 videtur
1283 4803 1616 4878 significare
1660 4804 1774 4861 ini-

116 4889 263 4948 tium
292 4893 733 4965 Scripturarum
756 4894 1110 4961 divinarum,
1144 4893 1456 4950 scilicet.ln
1491 4892 1775 4966 principio

117 4980 330 5036 creavit
358 4981 520 5038 Deus
547 4980 758 5038 coelum
792 4987 850 5039 et
875 4988 1112 5038 terram.
1147 4981 1296 5037 lllud
1343 4981 1523 5049 enim,
1570 4981 1778 5054 princi-

120 5068 280 5139 pium
309 5070 627 5126 verborum
658 5071 782 5139 Dei,
808 5071 1091 5144 probatur
1120 5088 1248 5128 esse
1295 5070 1571 5143 perfectio
1598 5070 1779 5127 totius

119 5158 403 5216 veritatis.
430 5159 497 5215 Et
544 5158 701 5216 sicut
744 5159 807 5218 in
839 5159 1127 5233 principio
1156 5176 1292 5216 vera
1341 5163 1430 5215 est
1457 5159 1776 5232 Scriptura,

121 5241 199 5299 ita
225 5245 285 5301 in
314 5246 455 5301 line.
490 5246 719 5303 Veritas
764 5247 947 5316 enim,
978 5264 1107 5320 qua:
1136 5264 1170 5303 a
1213 5246 1503 5319 principio
1533 5264 1667 5303 vera
1694 5245 1780 5303 lo-

127 5334 526 5405 quitur,etiam
556 5335 734 5391 verba
757 5353 868 5392 sua
893 5353 1083 5408 usque
1104 5336 1177 5392 a‘d
1206 5337 1383 5391 linem
1405 5350 1539 5391 vera
1585 5340 1780 5392 osten-

126 5422 209 5478 dit
230 5423 436 5480 dicens
467 5441 483 5480 :
517 5422 742 5480 Caelum
764 5429 822 5481 et
841 5429 999 5481 terra
1017 5424 1564 5491 transibunt,verba
1584 5429 1780 5480 autem

127 5529 249 5571 mea
296 5526 418 5570 non
469 5512 813 5570 transibunt
858 5515 1082 5584 (Matth.
1134 5519 1309 5583 κων).
1362 5513 1593 5570 Judicia
1650 5530 1782 5571 vero

117 5601 357 5683 jnsh'tie
403 5601 601 5679 ipsius
662 5606 834 5659 erunt
880 5602 1006 5661 sine
1066 5602 1429 5663 dubitatione
1481 5607 1780 5682 perpetua,

437 5728 711 5797 Pareat.
756 5731 988 5818 CXLII2

1872 3379 2066 3449 nibus,
2100 3381 2323 3455 negabo
2354 3386 2427 3437 ‘et
2455 3398 2590 3438 cum
2621 3397 2818 3439 coram
2858 3382 3026 3439 Patre
3076 3399 3206 3440 meo
3239 3386 3389 3451 (Luc.
3423 3384 3521 3458 ιχ).

1877 3470 1982 3524 162
2017 3471 2267 3528 ιίειαὺον
2283 3487 2380 3541 ego
2408 3488 2573 3544 super
2601 3472 2817 3544 eloquia
2845 3479 2939 3528 tua
2971 3489 2984 3529 :

2015 3558 2165 3616 Sicut
2194 3562 2293 3632 qui
2321 3561 2530 3618 invenit
2556 3562 2732 3633 spolia
2761 3563 2956 3619 multa.

1944 3648 1986 3703 C
2021 3650 2149 3722 Ipse
2178 3649 2432 3721 denique
2457 3649 2710 3723 populus
2743 3650 3110 3709 Christianus
3148 3640 3380 3710 laitatus‘
3409 3656 3521 3723 est,

1872 3740 2155 3810 tanquam
2189 3738 2288 3810 qui
2318 3738 2539 3795 invenit
2567 3739 2755 3813 spolia
2784 3740 2989 3808 multa,
3026 3742 3265 3814 quando
3289 3742 3529 3816 eloquia

1874 3826 1973 3883 Dei
2001 3826 2223 3883 Judaeis
2251 3844 2366 3883 non
2398 3828 2788 3898 credentibus,
2824 3831 2894 3885 ad
2927 3829 3240 3888 utilitatem
3281 3831 3533 3905 propria

1875 3914 2106 3982 salutis,
2141 3915 2375 3988 eripuit.
2410 3905 2659 3988 Eloquia
2683 3934 2916 3990 quoque
2937 3924 3076 3975 sunt
3104 3919 3205 3975 Dei
3237 3919 3285 3975 Η
3309 3921 3540 3992 quibus

1876 4002 2021 4059 dixit
2054 4019 2067 4058 :
2100 4007 2244 4058 Cum
2278 4021 2380 4060 vos
2409 4011 2852 4077 persequentur,
2867 4012 2923 4062 et
2952 4006 3321 4076 maledicent,
3352 4009 3410 4064 et
3439 4008 3531 4064 di-

1878 4095 2008 4166 cent
2036 4108 2208 4147 omne
2230 4091 2450 4148 malum
2472 4093 2783 4149 adversum
2804 4110 2904 4150 vos
2926 4094 3275 4152 mentientes
3297 4098 3535 4168 propter

1879 4197 1972 4237 me
2000 4182 2471 4254 gaudete(Matth.
2502 4181 2558 4253 v)
2587 4183 2655 4237 Et
2686 4185 2874 4237 totum
2906 4182 3277 4256 Evangelium
3302 4174 3537 4256 eloquia

1878 4270 1981 4329 Dei
2012 4273 2170 4339 sunt,
2200 4274 2240 4325 C
2268 4273 2326 4325 et
2353 4286 2558 4327 omnes
2584 4286 2762 4326 sacra:
2793 4272 3244 4329 admonitiones.

1879 4359 1985 4417 163
2021 4359 2379 4430 Iniquitatem
2408 4357 2530 4415 odio
2561 4357 2733 4414 habui
2759 4361 2813 4415 et
2841 4360 3191 4417 abominatus
3216 4377 3337 4418 sum
3369 4380 3387 4417 :

2024 4448 2215 4517 Legem
2243 4454 2420 4503 autem
2451 4454 2606 4503 tuam
2633 4446 2829 4504 dilexi.

1796 4558 1848 4626 Ι)
1951 4536 1993 4592 C
2023 4534 2175 4626 Dicit
2203 4551 2265 4626 se
2296 4536 2489 4626 odisse
2517 4535 2911 4609 iniquitatem,
2945 4538 3100 4611 quod
3150 4538 3239 4597 fas
3272 4541 3380 4608 est,
3415 4543 3547 4596 non"

1876 4625 2175 4683 hominem
2231 4624 2542 4698 iniquum;
2575 4629 2750 4697 atque
2806 4642 2937 4682 eam
2989 4627 3076 4683 sic
3127 4627 3537 4705 abominatum

1883 4714 2067 4771 fuisse
2097 4717 2161 4768 ut
2189 4711 2358 4786 longe
2387 4714 2651 4769 redderet
2671 4729 2800 4770 eam
2819 4732 2853 4769 a
2882 4730 2943 4772 se
2963 4714 3537 4788 alienam,quate'nus

1883 4803 2071 4877 legem
2104 4802 2204 4858 Dei
2234 4803 2485 4874 perfecta
2508 4803 2806 4866 voluntate
2835 4803 3119 4876 diligeret.

1887 4892 1989 4949 164
2025 4892 2231 4963 Septies
2262 4891 2320 4945 in.
2350 4890 2439 4946 die
2464 4891 2680 4947 laudem
2709 4892 2834 4947 dixi
2857 4892 2963 4947 tibi
2995 4907 3008 4946 :

2027 4980 2201 5052 Super
2219 4978 2437 5050 judicia
2457 4979 2693 5050 justitiae
2720 4988 2852 5035 tuae.

1956 5069 2003 5125 H
2035 5068 2261 5141 Septies
2304 5065 2505 5123 laudat
2541 5072 2724 5122 Deum
2771 5083 2875 5138 per
2922 5066 3097 5134 diem,
3147 5067 3318 5139 cujus
3370 5083 3537 5125 mens

1888 5158 2211 5232 perdurans
2243 5156 2303 5211 in
2335 5154 2504 5228 pleno
2535 5155 2844 5228 splendore
2888 5156 2961 5212 ad
3007 5155 3177 5212 illum
3218 5146 3549 5233 septimuml

1888 5247 2042 5303 diem
2076 5245 2332 5315 festinat,
2363 5244 2460 5317 qui
2511 5247 2600 5299 est
2641 5243 2962 5300 Sabbatum
3014 5245 3427 5324 Sabbulorum',
3478 5244 3545 5301 id’

1888 5340 1978 5392 est
2008 5333 2239 5407 requies
2269 5336 2501 5389 aeterna.
2536 5332 2578 5387 Ο
2608 5331 2709 5388 Vel
2748 5333 2822 5389 ad
2854 5332 3131 5403 litteram,
3165 5333 3340 5390 horas
3370 5336 3426 5390 et
3454 5333 3539 5390 vi-

1890 5441 1986 5482 ces
2011 5427 2257 5496 septem,
2290 5421 2505 5495 quibus
2553 5421 2807 5479 Ecclesia
2849 5423 3031 5480 Deum
3061 5423 3285 5492 laudat,
3315 5414 3542 5496 signifi-

1891 5515 1981 5570 cat
2011 5512 2233 5570 scilicet
2275 5510 2648 5580 matutinum,
2699 5510 2951 5581 tertiam,
3004 5515 3248 5581 sextam,
3302 5510 3546 5579 nonani;

1892 5601 2305 5673 lucernariam,
2339 5598 2800 5677 completOriam,
2832 5606 2891 5660 et
2929 5602 3267 5662 nocturnas.
3296 5601 3343 5660 Α
3371 5599 3414 5659 C
3441 5594 3550 5680 Ve]

3138 5725 3216 5811 is.
