3986 6164
266 432 371 493 461

261 675 324 715 ea
348 656 520 712 video
548 672 723 728 quem
753 661 1041 728 exspecto.

260 766 360 819 175
440 763 588 817 Vivet
617 762 810 816 anima
837 778 960 818 mea
989 771 1042 819 et
1064 763 1311 820 laudabit
1341 772 1390 820 te
1422 780 1436 820 :

433 856 501 908 Et
518 850 735 922 judicia
760 858 855 907 tua
886 850 1223 923 adjuvabunt
1251 869 1355 909 me.

323 940 364 996 C
393 939 748 995 Promittens
778 939 1034 996 Ecclesia
1063 941 1321 996 animam
1353 956 1521 996 suam
1545 940 1603 996 in
1626 944 1906 996 aeternum

256 1028 647 1100 vivere,quam
674 1032 909 1084 noverat
928 1028 1264 1085 salutariter
1283 1028 1906 1102 credidisse,laudabo,

253 1117 527 1189 inquit,te
556 1116 782 1172 cantico
814 1115 1037 1172 scilicet
1067 1119 1395 1191 novo,quod
1430 1117 1605 1173 homo
1637 1116 1735 1173 ille
1755 1117 1910 1173 salu-

254 1206 457 1261 tariter
477 1205 787 1261 innovatus
805 1221 1011 1262 canere
1033 1205 1460 1263 debet.Judicia
1486 1223 1619 1262 vero
1641 1206 1742 1261 illa
1766 1205 1909 1262 dicit

253 1313 313 1352 se
344 1296 644 1367 adjuvare,
680 1311 806 1367 quae
838 1311 900 1350 se
931 1295 990 1350 in
1022 1294 1261 1352 famulis
1295 1296 1420 1352 suis
1452 1295 1743 1350 facturum
1764 1311 1901 1367 pro-

253 1384 436 1453 misit,
471 1382 691 1440 scilicet
724 1400 737 1439 :
768 1383 995 1453 Venite,
1028 1383 1316 1441 benedicti
1338 1384 1718 1440 Patris.Tunc
1744 1385 1902 1440 enim

254 1473 502 1545 perfecte
532 1471 718 1527 credit
746 1488 808 1527 se
838 1473 1260 1544 adjuvandum,
1294 1473 1530 1545 quando
1560 1473 1671 1528 erit
1710 1472 1901 1544 justo-

254 1578 383 1617 rum
418 1577 701 1617 numerus
732 1560 804 1615 ad
836 1560 1131 1617 dexteram
1163 1560 1561 1618 collocandus.

261 1669 357 1722 176
430 1669 631 1723 Erravi
656 1669 799 1729 sicut
825 1670 945 1724 ovis
975 1684 1101 1740 quae
1121 1670 1324 1742 periit:
1436 1733 1440 1737 ,

428 1762 636 1830 Quaere
660 1774 879 1813 servum
907 1761 1224 1832 tuum,quia
1250 1758 1513 1815 mandata
1534 1761 1631 1814 tua
1650 1773 1759 1813 non
1778 1774 1902 1813 sum

496 1847 722 1901 oblitus.

1489 436 1897 498 EXPOSITIO
1942 436 2452 501 PSALMORUM.

266 569 396 625 ideo
426 567 583 623 enim
616 567 801 639 legem
833 571 995 624 tuam
1019 585 1251 642 semper
1272 569 1824 642 meditor,quoniam
1848 569 1906 623 in
1936 570 1991 635 Α
2023 569 2046 622 1

3554 442 3675 506 462

2162 570 2242 625 Ad
2273 573 2573 628 Dominum
2599 589 2723 630 cum
2751 575 3053 633 tribulam
3078 576 3317 633 clamavi

2160 658 2227 713 Et
2248 660 2512 717 exaudiui
2532 678 2635 718 me.

2091 745 2132 801 C
2162 747 2391 804 Primus
2422 749 2621 822 itaque
2648 753 2869 825 gradus
2895 754 3179 811 virtutum
3210 754 3436 829 incipit,
3460 755 3522 812 in
3553 772 3671 829 quo

2019 835 2307 908 Propheta
2328 839 2693 896 confessiene
2714 840 3077 915 lacrymabili
3098 844 3246 916 petit
3270 859 3332 901 se
3361 844 3435 900 de
3462 845 3670 901 mundi

2016 920 2189 978 istius
2220 925 2594 984 tribulatione
2623 928 2877 985 liberari.
2910 932 3272 1004 Quapropter
3299 935 3357 989 et
3394 932 3666 989 auditum

2017 1027 2079 1066 se
2109 1012 2553 1086 dicit,quoniam
2581 1016 2640 1071 in
2668 1017 3045 1076 tribulatione
3075 1019 3364 1076 clamavit.
3380 1019 3668 1077 Dominus

2015 1100 2172 1156 enim
2205 1103 2392 1158 nescit
2422 1104 2670 1173 differre,
2706 1123 2880 1178 quem
2931 1111 3282 1181 compuncto
3329 1108 3503 1165 corde
3552 1108 3666 1165 sibi

2015 1190 2267 1245 senserit
2297 1192 2646 1264 supplicare.
2682 1195 2814 1259 Quae
2844 1213 2979 1253 vero
3009 1197 3089 1253 sit
3116 1196 3436 1268 tribulatio,
3467 1213 3502 1252 a
3547 1213 3669 1269 qua

2015 1294 2077 1333 se
2106 1276 2341 1334 liberari
2376 1281 2538 1353 petit,
2560 1283 2836 1339 subditur
2868 1302 2881 1340 :
2912 1285 3176 1356 Domine,
3194 1283 3380 1342 libera
3407 1284 3666 1342 animam

2014 1382 2227 1433 meam,
2261 1372 2369 1424 etc.

2010 1475 2047 1528 2
2160 1476 2385 1530 Domine
2415 1476 2589 1533 libera
2609 1480 2855 1535 animam
2883 1495 3057 1536 meam
3086 1497 3120 1536 a
3150 1480 3317 1536 labiis
3339 1481 3547 1553 iniquis
3574 1498 3589 1536 :

2153 1569 2208 1628 -Ξ-
2230 1622 2235 1629 _
2260 1564 2326 1618 Et
2368 1568 2382 1628 ζ
2426 1582 2459 1620 a
2490 1566 2685 1636 lingua
2713 1566 2917 1623 dolosa.

2081 1648 2123 1704 C
2153 1650 2302 1706 Petit
2330 1668 2392 1707 se
2423 1651 2658 1710 liberari
2689 1654 2996 1729 Propheta,
3020 1656 3095 1712 ab
3126 1655 3346 1729 iniquis
3376 1655 3667 1713 suasioni-

2009 1737 2303 1807 bus,unde
2334 1740 2662 1799 humanum
2693 1760 2878 1817 genus
2917 1745 3158 1800 corruit.
3190 1744 3360 1813 Nam,
3393 1761 3529 1801 cum
3576 1760 3668 1800 ve-

2009 1827 2194 1884 nisset
2222 1845 2463 1903 serpens
2514 1831 2585 1886 ad
2634 1832 2834 1900 Evam,
2868 1832 3015 1888 dixit
3060 1848 3165 1905 per
3213 1831 3369 1889 labia
3410 1832 3660 1907 iniqua:

324 1939 363 1989 C
386 1934 509 1991 Vox
539 1933 641 1990 illa
667 1933 936 1992 Ecclesia:
965 1938 1053 1991 est
1083 1939 1140 1990 et
1168 1933 1435 1991 omnium
1466 1934 1803 2000 electorum,
1821 1933 1897 1989 si-
1928 1937 1976 2004 Β
2008 1916 2124 2004 (ἔνι’
2145 1932 2261 1971 non
2291 1918 2662 1974 manducetis
2689 1919 2761 1975 de
2783 1919 2894 1976 hoc
2921 1918 3221 1993 Ῑίὲηοίθεη
3251 1923 3359 1990 1")-
3391 1924 3658 1994 Cumque

264 2028 351 2078 cut
377 2028 433 2079 et
460 2026 617 2079 totus
648 2023 912 2097 psalmus
945 2023 1172 2080 iste.Ait
1199 2024 1358 2079 enim
1390 2022 1490 2078 ille
1518 2022 1694 2079 homo
1726 2038 1896 2095 gene-

265 2111 519 2184 ralis,qui
550 2110 608 2167 in
639 2112 825 2168 Adam
855 2115 1230 2183 erraverat,et
1259 2113 1331 2167 ad
1365 2111 1563 2168 caulas
1593 2110 1692 2167 Dei
1715 2127 1817 2183 per
1836 2126 1898 2167 se

266 2201 438 2257 redire
466 2218 580 2257 non
615 2201 1146 2273 poterat,quoniam
1168 2217 1388 2257 munus
1418 2200 1564 2256 illud
1596 2200 1897 2273 sapientiae

263 2290 576 2361 perdiderat
606 2290 761 2362 quod
792 2289 1045 2346 habebat
1076 2306 1090 2345 :
1123 2289 1322 2345 Erravi
1370 2289 1560 2362 quasi,
1595 2307 1629 2345 a
1678 2289 1770 2345 via
1798 2292 1900 2344 tua

263 2377 857 2447 discessi,etvitiorum
874 2377 1061 2433 invias
1083 2377 1432 2435 solitudines
1452 2395 1640 2435 caecus
1661 2378 1893 2434 intravi.

257 2468 406 2523 sicut
431 2467 574 2536 ovis,
609 2467 734 2523 ovis
763 2466 876 2523 ista
905 2467 1081 2523 unica
1118 2470 1207 2523 cst
1254 2471 1601 2523 cunctorum
1632 2465 1893 2545 ﬁdelium

255 2555 633 2630 congregatio.
664 2556 734 2611 Et
782 2556 926 2612 bene
976 2555 1201 2611 dictum
1229 2561 1337 2619 est.
1369 2572 1496 2627 quae
1528 2555 1797 2628 perierat,
1834 2558 1897 2610 ut

252 2661 557 2719 agnoceres
585 2644 748 2700 illam
778 2644 1179 2700 misericordia
1201 2645 1305 2700 Dei
1334 2644 1517 2700 fuisse
1541 2649 1891 2716 reparatam.

252 2733 698 2801 Quere,Christo
728 2732 973 2789 Domino
1005 2732 1523 2805 dicitur,quoniam
1546 2737 1603 2789 te
1634 2733 1896 2789 humana

250 2821 613 2880 imbecillitas
643 2838 759 2878 non
788 2825 979 2894 potest
1008 2821 1363 2894 perquirere.
1390 2820 1639 2876 Additur
1662 2838 1895 2893 quoque

248 2910 641 2984 requisitionis
669 2927 846 2968 causa
877 2926 890 2966 :
927 2910 1067 2982 quia
1114 2911 1412 2979 mandata,
1445 2914 1579 2979 etc.;
1613 2910 1892 2981 quoniam

246 3000 355 3056 iste
373 3002 534 3072 juste
563 2999 881 3073 requiritur
905 2999 1003 3072 qui
1036 3000 1315 3055 mandata
1341 2999 1444 3055 Dei
1466 3017 1579 3055 non
1615 2999 1894 3072 probatur

250 3089 479 3145 oblitus.

699 3212 903 3252 ORATIO
940 3212 1010 3251 sx
1048 3211 1204 3251 PSAL.
1246 3211 1439 3251 CXVIII.

2006 2003 2105 2059 illa
2135 2006 2534 2078 respondisset
2564 2024 2598 2063 a
2630 2011 2741 2064 Deo
2773 2008 2955 2065 fuisse
2997 2007 3384 2082 prohibitum,
3429 2008 3511 2065 ait
3556 2025 3662 2082 per

2004 2091 2268 2167 linguam
2292 2093 2551 2151 dolosam
2574 2096 2951 2155 :Manducate
2963 2101 3021 2154 et
3035 2097 3198 2153 eritis
3214 2097 3368 2154 sicut
3387 2097 3661 2173 dii(Ibid.)

2004 2200 2039 2255 3
2148 2200 2291 2269 Quid
2319 2205 2479 2257 detur
2508 2202 2614 2259 tibi
2641 2212 2738 2261 aut
2766 2203 2899 2276 quid
2927 2212 3236 2276 apponatur
3254 2203 3359 2260 tibi
3391 2219 3405 2260 ε

2146 2289 2225 2345 Ad
2254 2290 2507 2359 linguam
2533 2291 2814 2350 dolosam?

2075 2376 2117 2432 C
2150 2377 2476 2435 Revertitur
2504 2381 2791 2455 Propheta
2820 2382 2893 2438 ad
2924 2381 3440 2455 interrogationem
3463 2396 3655 2438 suam.

2003 2465 2216 2530 Quaerit
2246 2471 2450 2524 contra
2470 2468 2696 2527 facinus
2720 2475 2841 2527 tam
2864 2470 3365 2528 immanissimum
3387 2467 3557 2542 quale
3576 2486 3661 2525 re-

2003 2554 2263 2611 medium
2291 2555 2401 2613 sibi
2435 2559 2694 2615 crederet
2724 2577 2853 2617 esse
2882 2558 3515 2633 pra:standum,sed,ne
3543 2561 3658 2613 tar-

2001 2643 2165 2700 daret
2193 2644 2410 2701 Christi
2443 2647 2749 2717 auxilium,
2785 2648 3075 2708 medicina
3107 2648 3373 2722 sequitur
3403 2645 3660 2720 postula-

2005 2737 2080 2800 ta,
2116 2750 2286 2790 versu
2320 2736 2586 2807 sequenti
2623 2754 2636 2792 :

2002 2839 2037 2893 4
2145 2840 2371 2910 Sagitta:
2398 2844 2630 2913 potentis
2660 2852 2840 2902 acutae
2870 2861 2884 2898 :

2144 2928 2277 2984 Cum
2299 2930 2625 2987 carbonibus
2644 2931 3007 2988 desolatoriis.

2071 3015 2112 3070 C
2141 3017 2285 3072 Ecce
2315 3017 2461 3073 illud
2490 3020 2817 3076 remedium
2847 3020 3069 3076 invenit
3094 3018 3249 3091 quod
3274 3017 3432 3074 labia
3450 3016 3654 3089 iniqua

1998 3105 2263 3161 destruat
2294 3123 2306 3160 :
2340 3107 2571 3180 Sagittae
2594 3109 2845 3180 potentis
2866 3108 3252 3179 acutaa,verba
3280 3111 3421 3162 sunt
3440 3105 3650 3161 divinas

1997 3192 2165 3266 legis,
2199 3195 2414 3266 quibus
2445 3197 2620 3253 corda
2649 3196 3082 3254 adversantium
3108 3195 3266 3253 velut
3293 3193 3651 3267 quibusdam

323 3301 515 3357 palma
543 3302 726 3358 totius
755 3300 1155 3368 beatitudinis,
1192 3301 1470 3372 Deusﬂui
1504 3299 1706 3357 ﬁdeles
1734 3304 1889 3365 tuos,
1921 3304 1966 3372 ρ
1992 3282 2210 3372 jaculis
2241 3285 2691 3343 transforantur.
2726 3286 3017 3343 Carbones
3046 3283 3402 3353 desolatorii,
3425 3283 3536 3339 hoc
3563 3286 3655 3338 est

250 3397 318 3445 ut
346 3391 399 3445 in
428 3390 555 3463 lege
583 3397 685 3446 tua
714 3389 1376 3459 ambulent,testimonia
1403 3393 1506 3444 tua
1535 3393 1889 3457 scrutentur,

250 3480 523 3535 mandata
543 3478 877 3535 custodiant
897 3478 1154 3534 salubris
1174 3478 1435 3550 provisor
1452 3478 1895 3541 informas,con-

249 3569 385 3623 cede
413 3568 581 3623 nobis
603 3567 1058 3639 justiﬁcationes
1087 3572 1221 3623 tuas
1250 3572 1370 3623 toto
1408 3567 1580 3622 corde
1612 3581 1889 3638 quaarere,

247 3654 472 3728 eloquia
504 3653 847 3728 intelligere,
870 3654 1164 3711 mirabilia
1190 3655 1503 3726 prmdicare
1534 3660 1597 3710 ut
1627 3655 1728 3726 qui
1760 3654 1891 3710 hac-

246 3748 413 3801 tenus
441 3745 610 3816 quasi
644 3744 881 3816 perditae
912 3761 1046 3800 oves
1085 3745 1408 3800 erravimus
1453 3743 1573 3799 tuis
1621 3743 1734 3816 piis
1782 3744 1890 3799 hu-

248 3834 422 3890 meris
452 3833 681 3889 restitui
712 3833 982 3905 paradiso
1012 3832 1354 3906 gloriemur.
1388 3833 1496 3898 Qui
1525 3832 1669 3889 vivis
1717 3836 1773 3888 et
1804 3848 1888 3888 re—

247 3936 412 3992 gnas,
445 3928 555 3977 etc.

792 4054 1118 4111 PSALMUS
1157 4055 1342 4111 CXIX.

665 4161 1019 4201 ARGUMENTU
1030 4162 1073 4199 Μ
1116 4161 1219 4200 PSA
1228 4162 1275 4200 L.
1316 4158 1443 4200 CXIX
1452 4187 1465 4199 .

317 4259 356 4313 Ο
384 4260 420 4315 Β
448 4260 687 4316 Cantica
714 4261 1021 4334 graduum
1039 4260 1266 4317 cantica
1287 4258 1700 4315 ascensionum
1729 4262 1893 4327 sunt,

242 4350 460 4419 quibus
476 4350 548 4405 ad
574 4366 831 4422 superna
850 4348 1575 4421 conscenditur.Propheta
1593 4348 1809 4403 clamat
1823 4347 1895 4402 ad

243 4437 585 4506 Dominum,
602 4444 668 4494 ut
696 4437 976 4494 liberetur
1023 4439 1094 4494 ab
1142 4437 1381 4510 iniquis,
1415 4437 1900 4508 vehementerque

248 4526 535 4599 afﬂigitur
562 4526 808 4599 quod,in
841 4526 951 4582 hac
977 4526 1095 4583 vita
1124 4525 1346 4582 diutius
1377 4541 1899 4593 commorans,ma-

238 4612 436 4671 lorum
468 4615 846 4687 permistione
876 4619 1291 4687 praegravatur.

677 4721 790 4777 'l'l‘.
844 4722 1130 4778 Canticum
1168 4721 1461 4791 graduum.

311 4828 354 4883 C
383 4827 524 4883 Novi
555 4828 794 4901 quidem
822 4827 976 4883 tituli
1033 4833 1091 4884 et
1141 4826 1441 4882 mirabiles
1492 4826 1849 4882 inchoantur
1884 4843 1898 4883 :

239 4915 549 4972 Canticum
580 4917 895 4989 graduum.
925 4919 1067 4973 Cum
1100 4917 1321 4989 gradus
1352 4915 1627 4970 audimus
1657 4913 1716 4969 in
1745 4913 1900 4986 psal-

241 5004 503 5070 mis,non
518 5005 815 5076 corporeis
827 5005 1132 5078 gressibus
1150 5004 1523 5076 suspicemur
1542 5003 1901 5065 subeundos,

240 5094 343 5149 sed
380 5094 595 5150 mentis
626 5093 987 5166 accipiamus
1024 5110 1357 5151 ascensum.
1394 5094 1525 5149 Ideo
1567 5091 1721 5148 enim
1754 5108 1902 5163 pree-

243 5182 499 5238 missum
529 5185 621 5238 est
647 5182 960 5252 canticum,
986 5188 1052 5239 ut
1083 5183 1192 5239 hoc
1223 5183 1417 5254 potius
1448 5182 1520 5237 ad
1550 5181 1757 5236 animae
1778 5197 1905 5253 pro-

243 5275 476 5327 vectum
510 5270 805 5344 applicare
835 5271 1174 5328 debeamus.
1200 5272 1272 5326 Et
1299 5256 1520 5342 gradus
1550 5268 1649 5325 isti
1670 5269 1905 5325 humili-

242 5359 385 5415 tatis
414 5363 555 5416 sunt
583 5376 886 5427 ascensus,
919 5376 1171 5432 quorum
1201 5359 1430 5432 primus
1461 5362 1550 5413 est
1581 5357 1800 5413 relictio
1849 5362 1906 5414 et

244 5447 538 5505 confessio
570 5435 967 5520 peccatorum.
1002 5450 1048 5504 A
1079 5447 1237 5504 Nihil
1268 5447 1425 5503 enim
1458 5446 1613 5502 aliud
1664 5446 1720 5501 in
1776 5445 1907 5501 istis

250 5535 497 5593 canticis
527 5537 811 5593 docemur
840 5554 1019 5611 quam
1051 5538 1367 5594 ascendere
1395 5536 1454 5590 in
1499 5528 1690 5603 corde,
1723 5535 1780 5589 in
1822 5535 1905 5590 af-

242 5626 403 5684 fectu
431 5625 615 5697 bono,
641 5625 701 5682 in
757 5626 892 5699 ﬁde,
924 5630 982 5688 et
1037 5643 1161 5704 spe,
1197 5625 1498 5695 cbaritate,
1528 5623 1588 5680 in
1621 5623 1908 5683 desiderio

251 5714 383 5780 vita
413 5716 665 5779 eterna.

2001 3370 2179 3444 digne
2209 3374 2701 3445 compunctionis,
2733 3392 2859 3448 quae
2890 3374 3270 3433 solitudinem
3301 3376 3359 3428 et
3388 3372 3652 3429 devasta-

1972 3458 2220 3515 ‘tionem
2251 3466 2307 3517 et
2335 3461 2755 3520 desolationem
2787 3464 2847 3520 in
2880 3469 3077 3521 mente
3098 3463 3238 3519 facit
3256 3464 3654 3535 peccatorum,

1999 3551 2057 3603 et
2105 3553 2317 3622 purgat
2358 3549 2597 3607 livorem
2646 3556 3039 3625 peccatorum.
3079 3553 3125 3609 A
3169 3549 3295 3620 Vel,
3344 3549 3649 3620 carbones,

1998 3636 2097 3691 isti
2128 3643 2268 3692 sunt
2297 3639 2645 3712 exemplaris
2675 3641 2794 3697 vita
2822 3647 3184 3698 sanctorum.

1997 3748 2034 3802 5
2156 3751 2265 3806 Hei
2290 3747 2434 3803 mihi
2449 3746 2461 3800 l
2494 3749 2627 3820 quia
2656 3749 2926 3805 incolatu:
2969 3764 3123 3805 meus
3162 3745 3517 3820 prolongata:
3544 3750 3653 3808 est;

2248 3837 2497 3891 habitan
2525 3853 2649 3891 cum
2678 3836 3054 3893 habitantibus
3084 3837 3294 3895 Cedar:

2140 3926 2391 3983 Multum
2420 3925 2602 3979 incola
2623 3926 2734 3995 fuit
2762 3927 2956 3981 anima
2975 3942 3116 3983 mea.

2073 4016 2115 4070 C
2144 4013 2276 4070 Hei!
2310 4028 2503 4068 sermo
2529 4012 2780 4070 dolentis
2806 4015 3077 4085 est,quod
3098 4015 3277 4087 hujus
3299 4018 3506 4074 mundi
3526 4034 3656 4091 pro-

2003 4103 2227 4159 lixitate
2256 4099 2743 4173 fatigetur.Quam
2775 4101 3071 4173 querelam
3102 4109 3337 4161 sanctos
3379 4104 3657 4162 habuisse

2004 4208 2119 4247 non
2154 4190 2403 4245 dubium
2435 4191 2543 4244 est.
2567 4188 2879 4256 Incolatus,
2914 4188 3208 4262 significat
3238 4193 3657 4265 peregrinatio-

2006 4295 2171 4345 nem;
2201 4275 2395 4333 incola
2423 4280 2512 4332 est
2541 4277 2720 4344 enim,
2753 4278 2854 4349 qui
2886 4278 2957 4333 ad
2988 4282 3223 4351 tempus
3253 4284 3469 4336 terram
3518 4280 3659 4337 colit

2008 4366 2279 4430 alienam,
2312 4369 2368 4420 et
2398 4382 2433 4420 a
2462 4364 2653 4436 patria
2682 4381 2792 4421 sua
2818 4364 2991 4438 longe
3011 4367 3349 4438 disjunctus
3377 4368 3656 4433 εει.ουοᾶ

2009 4457 2079 4511 de
2102 4453 2218 4510 illis
2240 4453 2447 4509 merito
2475 4452 2970 4525 dicitur,quorum
3002 4455 3361 4513 conversatio
3399 4457 3458 4513 in
3497 4456 3659 4515 caelis

2008 4548 2098 4600 est
2127 4544 2388 4616 (Philipp.
2423 4540 2741 4613 m).Cedar,
2775 4542 3102 4614 Hebraeum,
3136 4544 3555 4618 interpretatur
3583 4553 3660 4602 te-

2008 4634 2217 4701 nebrae,
2248 4636 2306 4688 et
2352 4630 2648 4704 signiﬁcat
2695 4636 3042 4704 praesentem
3095 4634 3407 4704 mundum,
3440 4635 3500 4690 in
3544 4649 3661 4707 quo

2010 4720 2232 4777 malitia
2260 4723 2547 4792 regnat,et
2575 4723 2866 4776 amatores
2890 4720 3078 4793 ipsius
3092 4722 3416 4779 tenebrosis
3435 4722 3662 4779 actibus

2012 4807 2574 4865 involutos.Mu1tum
2609 4807 2800 4864 incola
2827 4808 3101 4881 fuit,quia
3129 4814 3466 4866 sanctorum
3492 4826 3661 4865 mens

2012 4898 2108 4953 hic
2139 4897 2459 4953 incolatum
2493 4896 2713 4968 patitur
2743 4896 2839 4952 ubi
2874 4898 2984 4952 sub
3015 4896 3178 4952 nullo
3198 4898 3413 4969 gaudio
3437 4897 3663 4955 habita-

2013 5003 2074 5043 re
2103 4985 2495 5058 cognoscitur.

2010 5093 2046 5148 6
2158 5093 2290 5148 Cum
2319 5092 2405 5146 his
2435 5090 2535 5161 qui
2562 5089 2795 5146 oderunt
2820 5106 3006 5161 pacem
3035 5105 3187 5146 eram
3210 5092 3473 5163 paciﬁcus
3504 5108 3518 5148 :

2157 5181 2293 5236 Cum
2323 5179 2582 5250 loquebar
2598 5178 2727 5245 illis
2755 5179 3153 5250 impugnabant
3172 5196 3258 5236 me
3276 5182 3502 5252 egrotis
3542 5184 3592 5245 ζ.

2081 5268 2123 5323 C
2149 5266 2250 5323 Ille
2280 5266 2438 5322 enim
2469 5264 2591 5321 odit
2619 5281 2819 5337 pacem
2854 5266 2953 5338 qui
2981 5283 3097 5322 non
3141 5271 3300 5324 amat
3345 5267 3665 5324 Christum.

2012 5358 2183 5413 Eram
2216 5354 2496 5428 paciﬁcus
2544 5369 2677 5408 cum
2730 5354 2911 5426 pacis,
2946 5354 3168 5412 scilicet
3213 5355 3491 5428 inimicis,
3522 5354 3669 5412 illud

2013 5446 2267 5519 impleas
2324 5441 2725 5516 evangelicum
2780 5459 2792 5497 :
2844 5442 3080 5517 Diligite
3132 5444 3405 5500 inimicos
3446 5447 3670 5500 vestros

2014 5535 2163 5606 (Mat.
2209 5536 2286 5603 v).
2340 5530 2713 5603 Loquebatur
2758 5531 2936 5588 etiam
2986 5532 3286 5605 pacificus,
3343 5549 3456 5589 non
3507 5532 3669 5603 inju-

2016 5623 2200 5690 rians,
2232 5620 2332 5678 sed
2364 5619 2825 5694 impugnabatur
2853 5620 3059 5695 gratis,
3088 5622 3227 5679 dum
3269 5619 3670 5681 contentiones

2017 5710 2261 5779 fallaces
2288 5711 2585 5791 pateretur
2614 5707 2687 5769 ab
2712 5706 3079 5771 inﬂammata
3107 5708 3434 5790 iniquitate.
