4068 6160
195 406 229 465 6
284 404 607 464 Benedictus
636 404 901 464 Dominus

286 498 388 567 Qui
415 512 525 553 non
557 495 708 552 dedit
738 512 836 553 nos
866 497 929 552 in
964 506 1287 570 captionem
1317 499 1575 552 (lenaeus
1605 508 1838 550 eorum.

1428 264 1867 334 EXPOSITIO
1910 266 2448 348 PSALMOBUM.

3531 286 3659 356 470

1903 405 1961 475 Α
1993 405 2057 465 in
2092 410 2343 470 circuitu
2381 415 2526 491 :gille
2563 419 2748 495 enimf
2769 420 2975 482 circuit
3015 427 3229 485 auxilio
3281 434 3506 489 aterna
3555 432 3654 491 de-

2002 498 2294 561 fensionis
2324 522 2443 573 eos,
2477 525 2623 580 quas
2667 512 2776 569 sibi
2811 514 3011 573 ﬁdeles
3055 535 3183 576 esse
3227 525 3543 597 cognoscit.
3575 527 3660 584 Ex

254 587 295 644 H
324 587 540 643 Dentes
568 586 666 642 hic
717 586 1222 644 numerositatem
1275 585 1472 658 signat
1503 578 1827 651 vitiorum,
1861 600 1897 640 a
1997 588 2113 647 hoc
2144 610 2301 649 nunc
2335 612 2348 650 :
2381 578 2538 654 istud
2571 602 2847 660 saeculum
2892 606 3202 681 signiﬁcat.
3237 578 3429 686 quue
3458 614 3517 671 in
3544 633 3649 672 sa-

188 676 391 750 quibus
422 693 498 732 ne
524 675 853 748 capiamur,
876 674 1065 749 gratia
1092 673 1193 731 Dei
1223 692 1284 730 er
1305 673 1522 729 uimur.

181 768 215 822 6
279 766 481 822 Anima
508 772 700 822 nostra
727 766 874 821 sicut
894 782 1085 836 passer
1113 773 1297 836 erepta
1327 767 1407 819 est
1438 780 1457 818 :

278 857 352 912 De
383 856 582 927 laqueo
608 854 949 909 venantium.

178 946 211 999 7
275 945 531 1017 Laqueus
559 944 833 1000 contritus
860 946 941 998 est
969 958 982 997 :

276 1036 340 1090 Et
365 1049 468 1090 nos
497 1032 730 1088 liberati
752 1047 959 1087 sumus.

244 1123 285 1179 ll
318 1121 678 1178 Tenduntur
706 1119 879 1176 nobis
922 1119 1140 1192 laquei,
1160 1119 1221 1175 in
1251 1116 1760 1191 concupiscentiis
1795 1136 1868 1176 ac

176 1212 416 1268 diversis
446 1209 682 1267 astutia
728 1207 1028 1265 diabolica
1077 1208 1246 1265 dolis.
1273 1208 1386 1265 Sed
1435 1206 1694 1265 contrito
1727 1208 1862 1265 dia-

174 1300 297 1356 bolo
325 1299 441 1356 sub
473 1297 731 1371 pedibus
764 1296 983 1354 nostris
1003 1297 1130 1370 (qui
1156 1297 1324 1354 nobis
1350 1296 1600 1370 laqueus
1632 1296 1747 1367 est)
1775 1298 1859 1355 si-

174 1395 266 1445 cut
292 1404 499 1462 passer
528 1386 772 1459 sapiens
802 1391 860 1442 et
888 1389 1144 1451 astutus,
1172 1386 1473 1442 evolamus
1503 1386 1574 1442 ab
1607 1385 1740 1442 illo.

174 1482 205 1535 8
268 1478 625 1549 Adjutorium
652 1480 911 1531 nostrum
938 1476 1000 1530 in
1030 1475 1254 1531 nomine
1282 1476 1511 1532 Domini
1541 1493 1554 1531 :

271 1569 383 1638 Qui
409 1567 546 1639 fecit
575 1565 774 1621 caelum
799 1568 853 1619 et
878 1571 1106 1620 terram.

244 1656 286 1713 ll
315 1654 699 1728 Adjutorium
732 1657 1006 1709 nostrum
1039 1652 1099 1708 in
1142 1652 1379 1709 nomine
1418 1653 1648 1710 Domini
1685 1670 1699 1709 :
1739 1655 1847 1713 hoc

1995 679 2198 737 culum
2236 702 2250 740 :
2284 684 2428 741 illud
2474 687 2642 757 dicitl
2670 679 2971 764 saeculum,
3004 698 3099 754 ubi
3150 679 3559 777 jamE'I-sanctis
3589 707 3650 764 in

1992 771 2307 843 majestate
2339 775 2431 831 sui
2461 775 2703 839 luminis
2732 771 3166 857 apparebit.Sed
3190 771 3306 847 cur
3326 794 3651 866 prabeatur

1987 858 2105 916 ista
2131 862 2399 920 defensio
2425 877 2849 942 consequenter
2875 877 3201 949 exponitur.

1970 998 1989 1005 ,
2018 950 2054 1005 3
2129 951 2274 1020 Quia
2303 971 2414 1011 non
2444 958 2714 1031 relinquet
2739 964 3001 1022 Dominus
3046 969 3259 1041 virgam
3300 982 3646 1045 peccatorum

2196 1059 2366 1115 super
2392 1055 2591 1103 sortem
2609 1050 2889 1120 justorum
2920 1072 2933 1110 :

2127 1130 2193 1187 Ut
2235 1149 2347 1189 non
2370 1138 2671 1193 extendant
2711 1141 2853 1212 justi
2907 1144 2980 1200 ad
3038 1146 3387 1221 iniquitatem
3442 1169 3638 1210 manus

2190 1238 2341 1279 suas.
3335 1253 3352 1265 ‘

2045 1306 2087 1363 C
2118 1309 2333 1384 Virga:
2370 1314 2505 1370 boni
2536 1317 2793 1392 malique
2824 1326 3080 1394 potestas
3119 1326 3503 1401 significatur,
3538 1332 3636 1390 hic

1970 1400 2170 1453 autem
2205 1399 2262 1455 in
2307 1402 2524 1459 malam
2578 1412 2803 1478 partem
2847 1412 3031 1486 accipi
3090 1399 3467 1475 manifestum
3520 1426 3633 1479 est.

1967 1484 2109 1541 Sors
2130 1487 2476 1558 justorum:
2515 1496 2604 1552 est
2631 1496 2832 1572 religio
2863 1484 3212 1574 Christiana,
3243 1524 3422 1582 supra
3455 1527 3635 1582 quam

1964 1591 2083 1629 non
2110 1576 2256 1635 sinit
2287 1578 2562 1638 Christus
2610 1586 2833 1659 virgam
2868 1597 3232 1662 peccatorum
3262 1576 3343 1665 (id
3387 1576 3487 1653 est.
3519 1600 3634 1654 ini-

1963 1680 2142 1735 quam
2168 1671 2519 1737 potestatem
2542 1676 2948 1752 tyrannorum)
2965 1681 3189 1739 diutius
3211 1684 3538 1759 insurgere,
3558 1706 3636 1746 ne

181 1750 257 1803 est
285 1760 499 1802 nomen
534 1743 696 1816 quod
727 1746 819 1799 est
848 1759 1030 1815 super
1059 1759 1233 1798 omne
1263 1759 1501 1810 nomen,
1536 1742 1717 1815 hujus
1747 1763 1844 1853 np-
1874 1788 1918 1853 Β
1959 1751 2278 1810 Ecclesiam
2305 1757 2411 1813 Dei
2439 1761 2666 1831 possint
2689 1764 3036 1839 longissima
3060 1774 3469 1844 persecutione
3490 1793 3633 1834 con-

239 1835 249 1845 '
297 1834 307 1845 ⁸
420 1832 670 1853 j2_-1-_3_
727 1831 934 1853 ...Α-ιε-
962 1831 1277 1853 ..Ξ.......ι..Δ
1308 1830 1501 1853 1-----2
1563 1832 1607 1853 -2
1646 1833 1697 1853 3.,
1739 1833 1753 1853 2
1960 1842 1970 1853 ι
2188 1844 2254 1853 ν-.
2680 1852 2685 1853 ,

185 1834 344 1892 minis
372 1832 699 1905 adjutorio,
727 1831 937 1888 mortis
962 1831 1280 1888 vincuntur
1308 1830 1530 1903 laquei,
1561 1832 1611 1889 si
1645 1833 1706 1889 in
1738 1832 1839 1891 illo

183 1939 515 1982 maneamus
547 1920 731 1978 afﬁxi.

242 2014 280 2069 C
306 2013 457 2068 Bene
486 2026 631 2084 ergo
654 2010 715 2066 in
737 2009 945 2083 quinto
976 2010 1160 2082 gradu
1192 2009 1491 2076 dicuntur,
1515 2011 1613 2082 qui
1637 2027 1839 2085 corpo-

184 2102 379 2158 reosin
408 2100 689 2173 passione
734 2115 946 2156 sensus
991 2097 1238 2156 Domino
1281 2098 1528 2170 juvante
1558 2115 1835 2172 superare

181 2190 494 2247 valuerunt.

626 2294 833 2333 ORATIO
871 2295 944 2333 EX
983 2294 1140 2334 PSAL.
1181 2293 1372 2333 CXXIII.

242 2367 545 2437 Conclude,
563 2367 831 2436 Domine,
847 2366 1073 2423 hiantia
1093 2384 1195 2424 ora
1215 2365 1634 2439 malorum,qui
1663 2368 1830 2425 savis

182 2455 658 2513 obtrectationum
682 2455 963 2511 dentibus
982 2472 1183 2511 vorare
1207 2454 1512 2510 nituntur:
1542 2461 1606 2511 ut
1637 2456 1737 2529 qui
1761 2458 1831 2514 de

183 2553 366 2601 nostra
384 2544 600 2601 virtute
631 2543 979 2613 diffidimus,
1001 2544 1257 2601 nominis
1280 2543 1368 2600 tui
1391 2544 1682 2615 adjutorio
1707 2564 1831 2603 mu~

183 2635 420 2691 niamur.
444 2634 555 2690 Per
589 2632 905 2689 Dominum
937 2637 1205 2689 nostrum
1234 2633 1464 2700 Jesum,
1496 2637 1604 2690 etc.

700 2721 1024 2778 PSALMUS
1061 2722 1301 2779 CXXIV.

587 2826 991 2867 ARGUMENTUM
1030 2828 1185 2867 PSAL.
1219 2828 1410 2868 CXXIV.

1955 1842 2161 1898 terere.
2188 1844 2264 1900 Ut
2317 1863 2434 1902 non
2484 1852 2799 1909 extendant
2850 1857 2923 1912 ad
2980 1842 3357 1933 iniquitatem
3410 1881 3631 1924 manus

1951 1946 2112 1997 suas,
2140 1932 2188 1987 H
2218 1933 2277 1988 id
2314 1939 2425 2003 est,
2454 1940 2517 1992 ut
2547 1955 2660 1995 non
2702 1944 2991 2016 cogitent:
3028 1932 3169 2020 quid
3204 1949 3353 2005 mihi
3385 1954 3629 2023 prodest

1948 2020 2102 2090 quod
2128 2021 2340 2091 justus
2371 2041 2525 2093 sum,
2559 2028 2606 2083 si
2639 2047 2872 2105 semper
2908 2042 3349 2110 persequuntur
3380 2057 3473 2097 me
3504 2042 3622 2101 ini-

1948 2106 2096 2176 qui?
2128 2108 2240 2165 hoc
2270 2115 2401 2167 est:
2428 2117 2493 2170 ut
2522 2118 2854 2177 sustineant
2892 2106 3181 2194 males,vet
3232 2144 3354 2183 non
3402 2129 3621 2190 faciant

1946 2194 2103 2250 mala
2130 2213 2143 2250 :
2180 2214 2303 2254 non
2336 2201 2491 2259 enim
2520 2205 2617 2260 diu
2667 2208 2948 2282 relinquit
2977 2213 3132 2271 Deus
3163 2215 3342 2272 talem
3391 2218 3617 2295 virgam

1943 2300 2127 2355 super
2149 2287 2376 2357 justos,
2411 2290 2545 2349 licet
2573 2294 2672 2351 diu
2708 2298 2976 2356 videatur
3004 2302 3340 2363 imbecillis.

1972 2375 2004 2429 4
2070 2379 2334 2449 Benefac,
2368 2385 2604 2440 Domine

2088 2469 2259 2523 Bonis
2287 2479 2341 2526 et
2372 2475 2530 2529 rectis
2560 2476 2735 2532 corde.

2011 2554 2052 2609 C
2074 2555 2251 2627 Optat
2282 2557 2469 2633 igitur
2497 2564 2782 2636 propheta
2813 2565 2905 2623 his
2946 2569 3070 2623 ﬁeri
3103 2570 3349 2642 bonum,
3374 2578 3473 2652 qui
3506 2600 3611 2639 ne-

1938 2641 2138 2697 sciunt
2178 2661 2214 2700 a
2265 2646 2514 2706 Domino
2564 2670 2739 2724 prava
2782 2654 3081 2713 voluntate
3128 2641 3413 2732 separari:
3448 2669 3608 2727 Recti

1938 2731 2110 2785 corde
2131 2738 2408 2808 sunt,qui
2430 2744 2607 2796 Deum
2632 2747 2977 2815 sequuntur,
3003 2748 3061 2801 et
3089 2764 3201 2803 non
3236 2755 3442 2824 praire
3465 2775 3604 2816 con-

1935 2818 2208 2876 tendunt.
2232 2823 2278 2878 Η
2304 2826 2372 2881 Et
2392 2826 2491 2899 qui
2510 2846 2678 2885 suam
2697 2830 3057 2889 voluntatem
3077 2818 3290 2895 divina:
3312 2844 3600 2904 voluntati

248 2901 289 2956 C
312 2900 531 2959 Clamat
560 2899 850 2974 prOpheta
895 2900 1063 2957 nobis
1111 2899 1174 2955 in
1222 2900 1479 2958 Domino
1528 2902 1826 2993 conﬁden-
1934 2906 2331 2979 conformant,
2361 2932 2476 2971 non
2503 2916 2760 2974 divinam
2787 2920 3145 2979 voluntatem
3172 2928 3245 2983 ad
3275 2899 3597 2993 suam

188 2990 337 3056 dum,
373 3008 443 3047 ne
483 2990 827 3045 laboremus
873 2988 1169 3047 incassum
1204 3006 1218 3047 :
1253 2996 1507 3062 petens:
1542 2994 1606 3047 ut
1653 2992 1826 3050 rectis
1930 3010 2068 3052 vare
2093 2996 2322 3057 volunt.

188 3080 548 3154 prosperitas,
580 3077 780 3151 pravis
807 3076 1060 3135 vindicta
1088 3081 1416 3152 proveniat.

614 3168 733 3224 TT.
767 3166 1050 3224 Canticum
1075 3167 1375 3238 graduum.
1855 3157 1900 3225 C

253 3261 293 3314 C
318 3258 590 3326 Quamvis
620 3256 783 3314 scala
805 3256 917 3312 ista
944 3256 1240 3325 salutaris,
1262 3261 1618 3332 competenti
1649 3278 1831 3318 reme-

190 3345 279 3404 dio
304 3346 562 3404 videatur
582 3361 716 3401 esse
736 3349 1108 3402 constructa:
1134 3344 1299 3404 nulla
1325 3352 1523 3404 tamen
1554 3349 1830 3406 ﬁrmitate

191 3436 576 3503 consistimus,
609 3433 724 3489 nisi
766 3432 884 3489 illic
911 3434 1142 3491 Domini
1171 3435 1456 3509 regimine
1484 3442 1826 3496 teneamur:

192 3541 310 3597 qua
337 3531 532 3582 tamen
555 3522 827 3581 ascensio
854 3524 917 3579 ﬁt
938 3529 1152 3590 mente,
1178 3542 1293 3580 non
1316 3543 1574 3599 corpore.
1601 3528 1747 3583 Nam
1771 3527 1827 3583 in

195 3631 301 3671 uno
328 3614 512 3689 magis
559 3613 692 3670 loco
744 3612 1034 3679 sedentes,
1064 3618 1123 3669 et
1160 3613 1381 3671 cellula
1429 3616 1545 3671 situ
1594 3615 1827 3686 reclusi,

192 3704 472 3760 efﬁcacius
500 3703 653 3759 istos
682 3701 901 3774 gradus
928 3702 1305 3759 ascendimus
1326 3721 1503 3778 quam
1535 3706 1583 3761 si
1611 3723 1712 3778 per
1733 3706 1831 3763 ho-

195 3791 406 3848 minum
435 3809 539 3850 ora
567 3789 904 3848 volitemus.

228 3880 253 3933 1
324 3882 436 3953 Qui
459 3878 747 3951 conﬁdunt
776 3879 835 3933 in
863 3879 1092 3935 Domino
1126 3880 1269 3935 sicut
1312 3897 1465 3937 mons
1510 3882 1643 3939 Sion
1674 3899 1687 3938 :
1722 3899 1831 3940 non

391 3969 816 4024 commovebitur
842 3970 899 4023 in
928 3976 1202 4026 aeternum
1231 3987 1251 4024 :

328 4060 432 4126 Qui
462 4058 677 4114 habitat
702 4059 763 4111 in
789 4057 1146 4114 Hierusalem.

262 4148 303 4200 Α
327 4148 561 4202 Sextum
601 4145 848 4218 gradum
882 4145 1164 4212 ascendit,
1189 4148 1343 4217 quod
1382 4148 1737 4205 omnimodis
1772 4150 1831 4205 in

200 4231 433 4291 Domino
456 4235 780 4300 conﬁdens,
808 4250 912 4290 nec
940 4234 1322 4308 prosperitate
1344 4237 1631 4294 malorum
1649 4238 1834 4294 homi-
1861 4262 1869 4270 ο

198 4336 330 4377 num
363 4324 577 4379 titubat
607 4324 667 4379 in
699 4323 812 4379 ﬁde
840 4323 912 4378 de
945 4327 1094 4380 Deo:
1124 4325 1223 4380 sed
1249 4325 1379 4381 ﬁxis
1399 4327 1701 4399 gressibus
1727 4328 1836 4384 iter

199 4408 253 4464 in
282 4411 459 4468 altum
485 4412 812 4468 continuat.
830 4412 876 4468 H
905 4411 1065 4479 Sion,
1090 4412 1145 4468 id
1171 4417 1262 4469 est
1286 4414 1636 4487 speculatio:
1661 4415 1836 4490 signi-

198 4500 326 4555 ﬁcat
356 4506 615 4558 sanctam
645 4500 959 4557 electorum
990 4503 1519 4575 congregationem,
1550 4504 1608 4560 in
1639 4505 1833 4561 altitu-

199 4584 326 4644 dine
353 4588 859 4663 contemplationis
897 4589 1170 4661 positam.
1204 4589 1372 4647 Mons
1401 4591 1586 4661 (juxta
1627 4592 1835 4649 Danie-

198 4672 330 4746 lem)
352 4678 632 4735 Dominus
665 4676 931 4734 Christus
955 4678 1114 4748 (Dan.
1144 4677 1207 4749 ιι)
1237 4694 1250 4734 :
1275 4680 1377 4750 qui
1402 4679 1460 4735 in
1488 4697 1622 4737 eum
1655 4685 1837 4737 totam

199 4778 356 4837 spem
386 4766 565 4840 ponit,
613 4782 729 4822 non
765 4765 1224 4822 commovebitur
1252 4768 1309 4822 in
1347 4772 1630 4826 aternum
1660 4786 1673 4823 :
1699 4771 1840 4842 quia

199 4855 504 4912 conformis
552 4854 807 4911 efﬁcitur
852 4854 1078 4927 corpori
1135 4854 1331 4928 gloria
1375 4856 1611 4914 Christi.
1646 4858 1686 4913 C
1734 4858 1837 4914 Hic

198 4956 421 5015 quoque
450 4942 838 5013 Hierusalem,
852 4941 1148 4999 calestem
1171 4960 1300 5000 esse
1325 4946 1575 5018 patriam
1598 4947 1841 5003 adverti-

198 5037 495 5107 mus(qua
514 5036 607 5090 est
624 5032 774 5088 visio
794 5031 977 5104 pacis)
998 5032 1069 5088 de
1099 5048 1217 5104 qua
1246 5032 1447 5091 nullus
1476 5039 1668 5107 potest
1688 5053 1841 5093 com-

199 5122 405 5177 moveri
434 5123 537 5194 qni
570 5119 787 5178 meruit
819 5119 879 5175 in
909 5136 978 5176 ea
1005 5120 1303 5177 constitui.

229 5209 263 5262 2
331 5210 527 5268 Hontes
556 5213 619 5266 in
643 5211 882 5266 circuitu
909 5209 1027 5281 ejus
1055 5227 1076 5265 :
1106 5217 1159 5267 et
1189 5214 1457 5269 Dominus
1507 5215 1567 5269 in
1604 5216 1842 5272 circuitu

390 5302 593 5374 populi
618 5300 727 5356 sui.

329 5392 411 5445 Ea:
438 5390 540 5446 hoc
567 5405 719 5446 nunc
745 5395 797 5444 et
824 5404 993 5460 usque
1024 5389 1087 5444 in
1112 5391 1397 5447 secutum.

258 5478 298 5530 C
326 5477 425 5534 Hic
457 5477 617 5535 enim
659 5477 1079 5544 montes,viros
1104 5482 1338 5534 sanctos
1364 5479 1675 5552 designant
1701 5497 1713 5535 :
1740 5481 1841 5555 qui

202 5560 552 5625 Hierusalem
583 5564 748 5624 illam
770 5564 1062 5624 calestem
1093 5566 1445 5626 inhabitant.
1470 5571 1538 5626 Et
1558 5570 1843 5629 Dominus

1966 3086 2003 3140 5
2078 3089 2426 3147 Declinantes
2455 3101 2635 3150 autem
2673 3097 2731 3151 in
2761 3098 3117 3168 obligatiom’s
3144 3103 3379 3167 adducet
3404 3113 3597 3190 Domi!

2149 3193 2257 3233 nus
2284 3196 2408 3237 cum
2431 3184 2780 3254 operantibus
2809 3188 3158 3262 iniquitatem
3184 3206 3210 3251 :

2084 3268 2204 3320 Pax
2231 3283 2396 3339 super
2423 3271 2611 3328 Israel.

2009 3351 2050 3406 C
2080 3352 2328 3411 Pulchre
2370 3359 2611 3415 definita
2658 3368 2799 3419 sunt
2830 3382 3007 3438 Opera
3052 3367 3386 3444 iniquitatis
3418 3396 3432 3435 :
3466 3397 3595 3439 esse

1939 3439 2238 3513 obligatio.
2272 3462 2401 3516 qua
2432 3465 2538 3504 nos
2584 3450 2831 3509 vinculis
2879 3439 3180 3528 pravitatis
3228 3462 3495 3536 innectit,
3528 3475 3595 3528 ut

1937 3545 2066 3585 esse
2092 3529 2267 3609 liberi
2313 3552 2693 3609 nequeamus,
2727 3558 2859 3598 cum
2893 3544 3110 3604 talibus
3153 3552 3454 3628 tantisque
3500 3557 3593 3614 la-

1941 3618 2107 3690 queis
2139 3622 2617 3698 constringimur.
2644 3629 3031 3703 Declinantes,
3060 3635 3118 3692 id
3150 3643 3262 3707 est,
3285 3618 3459 3714 jussa
3488 3647 3589 3704 Dei

1939 3724 2053 3762 non
2079 3720 2518 3784 persequentes.
2546 3717 2671 3773 Pari
2716 3720 2871 3776 enim
2916 3727 3207 3784 sententia
3237 3739 3503 3803 pereunt,
3535 3741 3594 3793 et

1940 3796 2040 3867 qui
2097 3799 2392 3858 declinare
2440 3805 2612 3875 jussa
2649 3808 2900 3879 Domini,
2933 3816 2990 3867 et
3018 3817 3244 3888 Operari
3304 3821 3589 3880 malitiam

1937 3882 2084 3941 velle
2115 3891 2491 3947 contendunt.
2533 3893 2642 3949 Pax
2685 3913 2862 3970 super
2911 3882 3085 3958 Israel
3121 3922 3134 3959 ε
3170 3905 3291 3963 hac
3340 3928 3450 3983 pax
3480 3910 3592 3969 iste

1941 3973 2210 4032 Salvator
2263 3983 2371 4047 est,
2432 3982 2530 4053 qui
2584 4000 2816 4057 semper
2871 3988 3132 4047 defendit
3186 4012 3249 4050 se
3304 3973 3588 4058 videntes.

1942 4060 1988 4117 Η
2016 4062 2122 4127 Qui
2157 4064 2330 4121 etiam
2365 4068 2633 4126 auferens
2673 4075 2987 4132 maceriam
3018 4078 3332 4139 inimicitia
3360 4086 3590 4144 Judae-

1943 4166 2074 4205 rum
2098 4155 2157 4207 et
2177 4154 2460 4225 gentium,
2477 4158 2609 4214 fecit
2631 4164 2880 4234 utraque
2901 4163 2959 4220 in
2985 4169 3378 4243 credentibus,
3404 4191 3588 4232 unum

1942 4240 2096 4319 qugd
2130 4245 2255 4297 erat
2285 4248 2417 4299 ante
2449 4245 2699 4305 divisum
2734 4251 2948 4323 (Ephes.
2982 4256 3068 4329 η).

2397 4377 2599 4419 ORATIO
2627 4381 2696 4420 EX
2730 4384 2886 4425 PSAL.
2917 4387 3134 4430 CXXIIII.

2018 4471 2268 4544 Repelle,
2298 4475 2562 4545 Domine,
2590 4483 2881 4554 nequitias
2908 4486 3362 4565 insurgentium,
3380 4512 3414 4550 a
3438 4500 3593 4554 sorte

1939 4559 2235 4631 justorum
2264 4582 2275 4619 :
2314 4570 2377 4620 ut
2407 4567 2507 4638 qui
2542 4568 2598 4624 in
2633 4575 2685 4627 te
2716 4578 2837 4629 toto
2866 4578 3039 4634 corde
3064 4559 3386 4650 conﬁdunt,
3413 4584 3594 4643 nullis

1945 4649 2332 4708 tentationum
2383 4653 2673 4715 imbribus
2721 4664 3079 4733 quatiuntur.
3124 4669 3230 4725 Per
3275 4670 3592 4729 Dominum

1946 4741 2211 4793 nostrum
2241 4740 2446 4798 Jesum
2476 4745 2770 4805 Christum
2803 4751 3010 4823 ﬁlium,
3042 4760 3151 4812 etc.

2479 4902 2805 4965 PSALMUS
2854 4912 3056 4969 CXXV.

2384 5026 2784 5071 ARGUMENTUM
2815 5034 2966 5075 PSAL.
2999 5036 3162 5076 CXXV.

2020 5132 2059 5182 C
2088 5129 2452 5188 Sanctissimi
2485 5136 2591 5191 viri
2643 5137 2873 5196 Domini
2923 5145 3294 5205 miseratione
3342 5149 3595 5224 liberati,

1950 5216 2171 5290 gratias
2202 5226 2421 5293 agunt:
2455 5226 2607 5295 quod
2639 5229 2710 5283 de
2741 5230 3105 5290 obnoxietate
3128 5236 3453 5296 saevissima
3473 5216 3602 5315 pec:
