3986 6164
449 297 608 376 “ῌί
1405 298 1468 360 S.
1516 298 1912 366 BRUNDNIS
1957 296 2580 362 HERBIPOLENSIS
2623 294 3001 364 El’iSCOPl.
3705 309 3800 368 812

953 432 1364 498 TT.Canticum
1389 431 1680 504 graduum.
2173 432 2231 500 Α
2261 449 2546 506 pauperes
2593 435 2959 507 aspiciebant
3018 431 3229 507 frigore
3279 431 3608 504 constrictos,
3649 437 3803 512 inopia

497 519 551 584 ,1
628 521 690 581 In
719 523 1076 581 convertenda
1104 523 1372 580 Dominus
1401 522 1769 594 captivitatun
1797 520 1930 576 Sion
1963 538 1976 576 :
2257 539 2408 578 saeva
2429 528 2771 592 maceratos,
2791 523 3093 578 mittentes
3113 520 3331 578 semina
3347 523 3580 579 sua.Sua
3595 523 3739 584 dicit:
3757 534 3807 586 ut

627 613 782 669 Facti
805 629 996 670 sumus
1020 614 1162 668 sicut
1191 611 1478 668 consolati.
2259 611 2330 667 de
2359 612 2611 684 prepriis
2657 611 2980 679 laboribus,
3005 627 3121 667 non
3154 609 3222 666 de
3251 609 3458 684 rapinis
3487 611 3806 687 eleemosynas

555 699 602 758 Η
633 699 947 777 Captivitas
976 699 1114 758 Sion
1147 701 1279 769 fuit,
1311 717 1446 756 cum
1479 698 1748 756 Ecclesia
1791 701 2152 772 premeretur
2259 699 2446 758 facere
2477 701 2686 757 debere
2724 717 3064 776 cognoscas.
3117 698 3396 756 Mittentes
3421 715 3580 756 vero:
3607 701 3810 778 intelligo

483 806 521 870 ο,
546 788 776 849 cultura
796 787 1086 863 idolorum
1114 807 1128 845 :
1153 789 1254 845 sed
1277 805 1554 846 conversa
1588 792 1678 844 est
1700 787 1761 844 in
1784 785 2148 852 libertatem,
2259 789 2676 863 praemittentes
2707 789 2768 845 in
2801 792 3168 862 cmlum,quo
3205 793 3354 854 ante,
3375 793 3554 845 nostra
3577 794 3686 846 acts
3719 809 3810 864 pcr-

485 878 718 950 quando
749 877 1004 940 adventu
1056 877 1307 948 Domini,
1342 877 1550 934 inferni
1597 876 1830 934 vincula
1875 877 2150 949 disrupta
2256 878 2500 936 veniunt
2519 895 2694 952 quam
2728 895 2836 934 nos
2861 895 2874 934 :
2902 877 3002 934 illa
3030 877 3187 934 enim
3208 880 3340 934 sunt
3363 877 3640 935 thesaurus
3662 885 3814 936 noster

481 970 639 1047 sunt.
663 965 866 1033 CVide
897 970 1095 1026 autem
1122 969 1279 1040 quod
1300 983 1415 1023 non
1437 966 1600 1034 dicit,
1628 965 1761 1022 facti
1783 983 1993 1022 sumus
2017 982 2150 1022 con-
2257 967 2317 1024 in
2349 968 2491 1024 coelo
2522 968 2884 1024 condendus.
2910 967 2952 1023 ll
2985 966 3096 1022 Vel
3123 969 3325 1022 euntes
3359 966 3698 1040 (pradicando
3719 985 3813 1025 ver-

487 1055 803 1126 solati,sed
850 1056 987 1114 facti
1045 1073 1254 1127 sumus
1313 1056 1464 1114 sicut
1518 1054 1846 1112 consolati:
1881 1053 2023 1130 quia
2051 1053 2153 1110 illa
2258 1057 2402 1114 bum
2434 1057 2556 1127 Dei)
2584 1057 2849 1114 ﬂebant:
2894 1073 3072 1130 super
3117 1054 3330 1112 duritia
3373 1054 3550 1112 cordis
3591 1071 3687 1112 non
3722 1073 3815 1114 cre-

485 1145 827 1229 captivitate
849 1145 1104 1220 explosa,
1123 1161 1242 1218 non
1274 1145 1466 1203 reddit
1494 1161 1602 1202 nos
1624 1144 1864 1201 omnino
1886 1160 2148 1227 securos,
2258 1147 2546 1203 dentium.

483 1234 670 1290 donec
696 1233 893 1292 inisto
919 1251 1159 1308 corpore
1179 1233 1412 1290 mortali
1435 1233 1875 1301 versamur,sed
1899 1232 1960 1288 in
1981 1233 2152 1302 beata
2293 1237 2328 1292 8
2407 1237 2688 1293 Venientes
2717 1243 2900 1292 autem
2927 1235 3149 1292 venient
3173 1235 3234 1290 in
3259 1233 3631 1290 multatione:

468 1321 846 1406 .Hierusﬂem
869 1322 983 1382 erit
1012 1326 1170 1382 certa
1190 1328 1248 1382 et
1276 1323 1534 1395 perfecta
1550 1321 1893 1379 consolatio.
2402 1329 2685 1384 Portantes
2712 1325 3027 1398 manipulos
3055 1339 3197 1380 suos.

517 1415 554 1472 2
634 1413 780 1470 Tunc
806 1413 1079 1486 repletum
1103 1419 1182 1469 cst
1215 1412 1419 1482 gaudio
1443 1427 1500 1468 os
1529 1419 1777 1469 nostrum
1811 1427 1825 1467 :
2329 1414 2370 1470 C
2399 1412 2708 1471 Venientes
2733 1432 2746 1472 :
2775 1413 2860 1470 illi
2890 1413 3134 1470 veniunt:
3162 1411 3220 1468 in
3253 1409 3630 1480 exsultatione,
3655 1411 3822 1483 quibus

621 1505 692 1560 Et
729 1501 928 1575 lingua
952 1508 1142 1560 nostra
1168 1503 1226 1558 in
1257 1501 1644 1564 exsultatione.
2249 1503 2376 1575 jam
2408 1502 2812 1560 misericordia
2839 1501 3036 1558 divina
3078 1503 3416 1575 praestatur:
3447 1499 3539 1572 qui
3566 1497 3648 1554 hic
3676 1497 3824 1555 taliter

548 1593 589 1650 G
613 1591 778 1652 Tunc
807 1588 1093 1667 repletum
1124 1593 1218 1646 est
1239 1607 1306 1648 os
1350 1589 1432 1663 (id
1476 1594 1568 1646 est
1613 1588 1806 1646 cordis
1846 1587 2148 1660 arcanum)
2257 1591 2792 1666 egerunt,qualiter
2811 1591 2912 1648 Dei
2945 1591 3121 1663 jussa
3159 1587 3598 1664 praecipiuntzet
3621 1587 3824 1644 fecerunt

483 1678 698 1757 gaudio
723 1677 820 1736 :in
847 1679 1100 1740 adventu
1144 1679 1376 1736 Domini
1431 1678 1771 1746 Salvatoris,
1802 1695 1936 1735 cum
1989 1693 2147 1734 com-
2257 1679 2611 1754 manipulos,
2635 1681 2692 1736 id
2717 1684 2826 1749 est,
2855 1677 3358 1736 fructuosissimus
3385 1675 3635 1733 actiones.
3653 1676 3711 1732 Et
3727 1675 3825 1730 felix

482 1768 734 1869 mutavit
764 1767 1161 1872 captivitatem
1193 1773 1456 1826 nostram
1497 1769 1558 1825 in
1595 1768 1902 1842 gaudium.
1929 1768 2001 1826 Et
2030 1766 2140 1823 lin-
2172 1805 2219 1872 Β
2257 1767 2378 1837 ille,
2403 1769 2500 1842 qui
2534 1768 2781 1826 triticeis
2809 1767 3170 1842 ponderibus
3200 1766 3558 1840 ingravatur:
3585 1780 3649 1820 ne
3671 1761 3826 1872 levitas

479 1873 598 1939 sua
625 1856 686 1936 in
715 1856 1105 1933 exsultatione
1129 1875 1142 1915 :
1169 1858 1264 1915 cui
1293 1856 1435 1916 talia
1455 1856 1684 1914 Domini
1720 1871 1966 1916 munere
1994 1873 2139 1930 prte-
2172 1851 2219 1872 ”
2249 1857 2627 1931 stipularum,
2660 1862 2794 1915 vota
2821 1857 3102 1914 messoris
3131 1855 3350 1922 eludat,
3375 1858 3433 1910 et
3466 1857 3594 1910 tunc
3619 1851 3828 1908 attendat

481 1948 812 2024 utebantur.
2249 1946 2594 2004 inanitatem
2623 1945 2841 2004 laboris
2870 1945 2983 2016 sui,
3019 1945 3255 2020 quando
3295 1944 3420 2017 jam
3467 1959 3572 1999 non
3616 1939 3830 2015 pravalet

513 2037 550 2094 3
625 2039 771 2096 Tunc
797 2036 976 2094 dicent
1005 2037 1154 2094 inter.
1172 2044 1358 2108 gentes
1391 2055 1404 2093 ε
2249 2035 2500 2110 operari.

542 2113 548 2119 ’
623 2127 995 2200 Magni/icavit
1016 2127 1284 2184 Dominus
1310 2129 1492 2200 facere
1519 2143 1644 2182 cum
1670 2127 1768 2182 eis.
2614 2118 2629 2134 ’
2728 2141 2932 2184 ORATIO
2969 2142 3039 2180 sx
3077 2141 3240 2181 PSAL.
3280 2139 3440 2178 cxxv.

554 2215 597 2288 (ἶ
625 2216 751 2290 N9"
780 2219 976 2276 αυίιθω
1009 2215 1152 2304 dicit
1179 2220 1404 2288 gentes:
1429 2216 1533 2271 Sed
1565 2217 1719 2304 ίηίβτ
1741 2217 1980 2288 gentes:
2007 2211 2147 2304 quia
2325 2231 2655 2298 Consolare,
2683 2231 2944 2298 Domine,
2976 2229 3263 2304 p0pulum
3293 2232 3477 2295 tuum,
3498 2230 3551 2282 et
3575 2223 3730 2281 libera
3753 2239 3831 2278 nos

483 2303 546 2394 in
576 2305 828 2362 adventu
850 2303 1095 2394 immini
1132 2308 1338 2377 εαηωε
1375 2299 2148 2394 υηίνθτεθλίῖθτήηοηΑοῗθξίί·
2255 2339 2290 2379 a
2321 2321 2650 2394 captivitate
2679 2299 3074 2394 pessimorum
3101 2317 3376 2374 vitiorum
3402 2335 3416 2373 :
3439 2319 3502 2371 ut
3523 2313 3660 2387 quod
3686 2311 3761 2366 hic
3783 2311 3826 2364 in

485 2393 738 2482 derunt:
767 2393 868 2448 sed
909 2391 1062 2482 ίξιίθτ
1098 2396 1300 2466 gentes
1329 2397 1517 2464 erant:
1539 2409 1609 2448 ex
1638 2393 1914 2482 sentibus
1944 2389 2148 2448 ﬁdeles
2255 2389 2530 2482 lacrj'mis
2553 2389 2897 2475 serimus,te
2920 2407 3281 2480 retribuente
3306 2421 3436 2462 cum
3469 2401 3661 2479 gaudio
3687 2404 3832 2457 mets-

485 2481 644 2550 l'acti,
671 2496 808 2538 cum
839 2479 1057 2554 quibus
1085 2482 1397 2538 Dominum
1421 2481 1717 2555 magnalia
1739 2481 1928 2538 facere
1948 2497 2059 2537 θον]

2222 2565 2224 2570 ν
2257 2479 2412 2556 mus.
2431 2501 2540 2556 Per
2562 2497 2872 2555 Dominum
2896 2500 3162 2555 nostrum
3183 2479 3390 2553 JeSum
3407 2491 3694 2558 Christum,
3713 2493 3796 2546 etc.

491 2571 638 2629 bant
667 2569 860 2631 adhuc
887 2569 1136 2643 gentiles
1165 2568 1455 2626 inﬁdeles.

521 2660 564 2735 4,
627 2629 996 2735 Μᾴαηίβαῖυἰι
1023 2659 1287 2718 Dominus
1314 2662 1498 2734 facere
1529 2660 1813 2719 nobiscum
1847 2679 1860 2717 :
2780 2631 3111 2689 PSALMUS
3149 2629 3384 2687 CXXVI-

631 2734 784 2806 Επιί
809 2764 1000 2812 sumus
1030 2749 1303 2814 ιεειαηιεδ,
2671 2736 3073 2779 ARGUMENTUM
3115 2737 3277 2777 psan.
3317 2734 3500 2775 cxxvr.

564 2841 606 2895 C
633 2839 705 2912 Et
732 2853 811 2910 ne
838 2841 1078 2910 putares
1125 2837 1371 2912 gentiles
1402 2837 1684 2911 (dicentes
1729 2839 1801 2896 de
1854 2837 2149 2906 ﬁdelibus,
2329 2839 2372 2896 C
2403 2837 2713 2895 Providens
2744 2835 3030 2910 propheta
3053 2835 3200 2892 Novi
3233 2831 3576 2892 Testamenti
3605 2829 3834 2904 gratiam:

496 2925 900 3006 magniﬁcavit
940 2926 1227 2986 Dominus
1257 2927 1493 3000 (falsum
1538 2927 1778 2998 dixisse,
1799 2927 2154 2984 conﬁrmant
2259 2929 2430 2984 docet
2451 2927 2678 3000 neiquis
2699 2925 2951 3000 propriis
2969 2925 3194 2982 viribus
3217 2922 3444 2996 aliquid
3461 2919 3586 2978 boni
3607 2916 3835 3006 applicet:

491 3002 695 3074 fideles
718 3031 925 3074 eorum
957 3015 1184 3072 dictum
1225 3015 1504 3073 dicentes.
1530 3015 1926 3090 Magniﬁcavit
1955 3015 2150 3073 Domi-
2261 3017 2362 3072 sed
2393 3015 2634 3072 Domino
2655 3013 2936 3089 largitori.
2964 3013 3259 3086 Loquitur
3277 3011 3450 3070 etiam
3471 3011 3538 3066 de
3565 3007 3675 3081 ipso
3699 3002 3840 3062 Domi-

491 3123 627 3186 ws,
657 3105 724 3162 id
748 3108 844 3168 est
865 3105 1121 3164 decrevit
1140 3123 1387 3180 magnos
1423 3123 1530 3163 nos
1553 3105 2154 3180 ostenderejgentibus
2196 3177 2230 3186 _
2262 3119 2336 3159 no
2365 3108 2423 3160 et
2451 3101 2756 3176 apostolis,
2779 3101 2866 3159 vel
2899 3100 3241 3174 quicunque
3276 3100 3460 3174 ipsius
3487 3095 3730 3156 mandata
3752 3108 3841 3166 per-

491 3177 832 3254 donationes
855 3194 1164 3267 virtutum.
1190 3177 1346 3258 Facti
1380 3211 1590 3254 sumus
1637 3196 1860 3270 (utique
1888 3177 1964 3252 de
1993 3199 2160 3252 tanta
2188 3177 2232 3246 α
2270 3192 2494 3248 ﬁciunt.

492 3283 705 3358 gratia)
735 3282 1022 3340 laetantes.
2551 3281 2667 3337 TT.
2702 3282 2998 3339 Canticum
3029 3279 3310 3352 graduum
3336 3277 3617 3336 Satomoni.

526 3372 575 3442 5e
638 3372 975 3448 Convertere,
1007 3373 1254 3442 Domine,
1287 3374 1656 3446 captivitatem
1682 3378 1929 3431 nostram
1966 3389 1979 3430 :
2335 3363 2608 3427 Salomon
2639 3369 3055 3442 interpretatur
3082 3368 3390 3442 paciﬁcus,
3415 3371 3474 3425 et
3498 3358 3843 3440 signiﬁcatDo-

637 3459 793 3520 Sicut
817 3467 1026 3518 torrens
1056 3463 1116 3516 in
1144 3468 1349 3519 austro.
2261 3459 2516 3528 minum,
2545 3460 2617 3517 de
2647 3477 2763 3532 quo
2792 3457 3105 3532 Apostolus
3135 3458 3218 3515 ait
3256 3477 3271 3516 :
3306 3459 3434 3532 Ipse
3461 3460 3546 3514 est
3569 3470 3668 3528 pax
3691 3451 3842 3506 nostra

565 3549 606 3604 C
639 3547 946 3622 Postulaut
978 3549 1175 3622 populi
1207 3549 1408 3608 fideles
1437 3567 1548 3607 sua
1574 3551 1788 3608 iterum
1823 3554 2060 3626 peccata
2078 3551 2160 3626 di_
2266 3549 2480 3621 (Ephes.
2518 3549 2597 3622 ll).
2649 3548 2872 3606 Domus
2916 3548 3095 3621 hujus
3141 3546 3476 3604 Salomonis
3507 3564 3519 3602 :
3548 3539 3731 3601 Christi
3767 3536 3843 3594 Ec

493 3636 675 3696 mitti.
702 3636 870 3700 Sicut
897 3641 1147 3694 torrens.
1173 3638 1219 3694 Η
1248 3639 1295 3694 Α
1324 3639 1550 3696 Etenim
1585 3641 1762 3698 ﬂante
1789 3642 2002 3697 Austro
2032 3642 2156 3713 (qui
2267 3638 2463 3707 clesia,
2497 3655 2624 3711 quae
2654 3643 2712 3695 et
2739 3637 2948 3695 civitas
2977 3641 3066 3694 est
3089 3636 3239 3708 ejus.

491 3729 584 3807 agt
616 3729 832 3800 ventus
857 3725 1112 3799 calidus)
1143 3727 1452 3784 solvuntur
1481 3727 1719 3801 glacies,
1745 3734 1804 3786 et
1848 3728 2156 3802 impletum
2305 3728 2330 3783 1
2407 3729 2529 3784 Nisi
2562 3728 2824 3785 Dominus
2849 3727 3209 3798 aediﬁcaverit
3233 3726 3460 3782 domum
3487 3742 3510 3779 .'

495 3813 668 3896 aquis
716 3818 1038 3876 torrentem
1088 3815 1227 3872 fecit
1283 3833 1514 3874 currere
1548 3836 1562 3874 :
1591 3817 1675 3874 sic
1719 3819 1894 3874 ﬂante
1938 3818 2156 3892 Spiritu
2407 3815 2467 3870 In
2499 3819 2701 3870 vanum
2730 3815 3116 3870 laboraverunt
3145 3813 3247 3885 qui
3271 3812 3682 3883 aedi/iconicum.
3731 3885 3771 3896 ﬂ
3818 3886 3825 3895 _

499 3885 725 3985 ςῇροιο,
748 3908 987 3978 accepta
1021 3905 1369 3964 remissione
1407 3923 1508 3980 per
1537 3906 1814 3977 lamenta,
1852 3885 2160 3964 solvuntur
2337 3907 2378 3960 C
2404 3903 2712 3960 lEditicant
2739 3903 3002 3959 domum.
3029 3901 3130 3974 qui
3158 3901 3219 3956 in
3255 3909 3712 3989 unumquemque
3725 3885 3846 3989 Cliti:

503 3995 992 4066 peccataqnostra.
1014 3993 1061 4049 A
1082 3997 1122 4048 Ο
1151 3993 1406 4052 Torrens
1439 3995 1595 4052 enim
1631 3995 1884 4054 dicimus
1912 3995 2158 4053 ﬂumina
2265 3993 2545 4060 stianum,
2568 3991 2869 4048 veritatem
2902 3989 3038 4048 ﬁdei
3068 3989 3359 4047 fabricare
3387 3985 3745 4046 contendunt:
3764 3985 3846 4074 ipa!

497 4079 796 4163 hiemalia,
819 4085 878 4138 et
905 4087 1144 4155 peccata
1189 4087 1392 4140 nostra
1437 4101 1566 4158 qum
1616 4084 1952 4159 frigidantia
1980 4085 2156 4142 corda
2263 4082 2419 4139 enim
2450 4086 2590 4140 sunt
2616 4082 2829 4139 domus
2861 4081 3080 4153 quibus
3108 4079 3252 4137 dicit
3273 4077 3597 4154 Apostolus,
3617 4087 3706 4164 vos
3725 4079 3844 4164 ea"?

499 4159 846 4250 congelant:
874 4187 1001 4245 qua:
1036 4170 1226 4228 calore
1255 4171 1509 4245 Spiritus
1542 4173 1726 4230 sancti
1757 4173 2064 4232 solvuntur
2093 4174 2153 4231 in
2262 4171 2404 4229 estis
2433 4170 2720 4245 templum
2745 4170 2846 4226 Dei
2869 4171 2916 4243 (I
2938 4172 3062 4227 Cor.
3088 4171 3194 4241 ιιι).
3220 4170 3334 4226 Sed
3386 4167 3505 4235 isti,
3527 4163 3577 4222 si
3601 4159 3710 4250 suis
3745 4159 3846 4210 viri-

497 4247 810 4334 lacrymas.
836 4260 948 4316 Sed
980 4263 1045 4335 ut
1081 4259 1252 4330 nobis
1281 4279 1494 4322 sensus
1523 4261 1708 4336 possit
1734 4268 2001 4320 constare
2021 4262 2152 4340 ple-
2262 4262 2375 4319 bus
2403 4260 2690 4318 aedificare
2717 4277 2782 4316 se
2827 4263 3056 4333 putant,
3082 4259 3355 4315 laborare
3397 4255 3665 4341 videntur;
3689 4247 3849 4341 in?

499 4347 706 4406 nitudo
736 4365 750 4405 :
784 4334 1288 4424 pronuntiandum
1321 4354 1411 4407 est
1441 4334 1792 4420 convertere,
1817 4351 1872 4408 id
1906 4356 1996 4408 est
2024 4334 2155 4410 ἔστι·
2261 4367 2430 4419 num,
2457 4349 2570 4406 nisi
2612 4349 2800 4423 gratia
2831 4349 2928 4406 Dei
2971 4349 3149 4406 donet
3182 4347 3504 4405 verissimae
3552 4334 3849 4399 credulitatis

495 4440 658 4494 verte
678 4435 841 4510 (quia
859 4437 1159 4510 deponens
1190 4443 1281 4495 est
1307 4439 1550 4496 verbum
1581 4439 1893 4514 antiquum
1915 4457 2151 4498 conver-
2261 4441 2554 4497 effectum.

495 4525 642 4597 tere)
662 4523 1059 4616 captivitatem
1091 4530 1350 4582 nostram
1379 4544 1392 4584 :
1418 4527 1572 4585 sicut
1589 4531 1819 4587 torrens
1851 4529 1907 4586 in
1939 4532 2151 4588 Austro
2181 4550 2228 4616 D
2294 4531 2332 4584 2
2400 4529 2526 4586 Nisi
2553 4529 2816 4584 Dominus
2843 4525 3168 4616 custodierit
3189 4525 3470 4616 civitatem
3499 4539 3519 4578 :

495 4612 854 4672 convertitur
878 4613 940 4670 in
967 4611 1277 4688 liquorem.
2181 4611 2220 4616 ⁷
2276 4645 2284 4658 ο
2400 4619 2626 4674 Frustra
2651 4616 2842 4688 vigilat
2869 4615 2968 4687 qui
2991 4613 3219 4670 custodit
3245 4629 3392 4670 eam.

531 4704 572 4760 6
640 4703 754 4774 Qui
777 4704 1054 4760 seminant
1084 4705 1142 4759 in
1174 4705 1460 4778 lacrymis.
2331 4707 2373 4762 C
2392 4705 2606 4764 Civitas
2624 4704 2784 4762 enim
2805 4702 3034 4760 Domini
3056 4701 3424 4758 Hierusalem
3448 4691 3761 4789 intelligitur
3773 4701 3854 4789 οφξ

639 4794 701 4850 In
731 4793 1098 4852 cxsultatimze
1125 4801 1347 4850 metant.
2260 4796 2445 4865 lestis,
2467 4795 2638 4868 cujus
2668 4810 2804 4867 pars
2832 4791 3025 4850 adhuc
3063 4790 3474 4865 peregrinatur
3498 4785 3556 4843 in
3593 4785 3746 4839 terris
3771 4793 3784 4832 :
3810 4788 3852 4826 In

569 4882 612 4940 C
639 4881 930 4957 Spir-italis
962 4881 1276 4943 seminatio
1329 4899 1561 4958 semper
1605 4883 1664 4940 in
1714 4883 1990 4960 lacrymis
2013 4892 2104 4944 est
2136 4904 2150 4944 ε
2262 4903 2378 4960 qua
2407 4879 2931 4959 episcopi'vigilare
2969 4897 3146 4954 super
3181 4895 3421 4954 gregem
3467 4890 3634 4934 suum
3661 4869 3854 4960 conten-

499 4975 602 5028 aut
629 4952 788 5029 enim
837 4970 1022 5029 sancti
1071 4971 1380 5045 deplorant
1426 4952 1716 5044 praeterita
1764 4952 2018 5046 peccata,
2053 4980 2156 5033 aut
2261 4952 2511 5044 dunt,ut
2531 4952 2793 5047 pervigili
2815 4988 2958 5027 cura
2974 4952 3103 5026 eam
3126 4952 3852 5037 cu'stodiantzquibusidcm

499 5058 838 5116 cruciantur
875 5060 1084 5116 timore
1126 5061 1478 5127 futurorum,
1513 5065 1615 5118 aut
1649 5063 2154 5134 persecutionibus
2261 5062 2666 5136 dicitur,qnod
2682 5059 3114 5120 aediﬁcantibus
3137 5075 3152 5115 :
3176 5075 3249 5115 ne
3269 5057 3514 5116 credant
3531 5049 3678 5141 solas
3693 5047 3857 5141 him)"

500 5145 840 5228 salientum
873 5149 977 5206 sed
1026 5149 1125 5222 qui
1174 5148 1290 5207 tale
1339 5167 1539 5206 semen
1587 5151 1902 5218 seminant.
1934 5158 2156 5210 metent
2261 5171 2369 5211 nas
2398 5151 2628 5226 vigilias
2659 5150 2988 5224 praevalere,
3011 5165 3146 5205 cum
3175 5145 3302 5206 sola
3324 5143 3595 5203 divinitas
3617 5139 3856 5195 incursio-

501 5234 722 5318 gaudia
745 5235 954 5292 futura
981 5237 1411 5309 promissionis.
1447 5240 1694 5297 Econtra
1731 5245 2063 5313 peccatores
2092 5243 2152 5299 in
2262 5243 2357 5300 nis
2388 5241 2646 5315 pericula
2676 5239 2862 5314 possit
2889 5254 3106 5295 arcere.
3758 5312 3783 5322 ,Δ
3837 5309 3847 5322 ⁸

501 5312 716 5405 gaudio
747 5323 1063 5396 seminant,
1090 5331 1148 5382 et
1177 5331 1405 5384 metunt
1437 5328 1494 5383 in
1526 5312 1824 5403 lacrymis.
2295 5333 2330 5388 3
2388 5312 2616 5388 Vanum
2645 5312 2724 5386 est
2748 5329 2898 5385 vobis
2927 5336 3060 5384 ante
3084 5327 3260 5384 lucem
3283 5312 3808 5395 surgerev-I-W‘Ui“
3835 5312 3849 5369 ί

535 5415 572 5469 7
645 5417 848 5473 Eunles
871 5414 1026 5470 ibant
1053 5422 1105 5472 et
1133 5417 1337 5485 ﬂebant
1367 5435 1386 5472 :
2470 5427 2755 5493 postquam
2783 5416 3051 5474 sederitis.

645 5502 914 5564 Miltentes
939 5505 1152 5560 semina
1178 5521 1299 5560 sua.
2405 5511 2512 5580 Qui
2536 5508 2879 5565 manducetis
2903 5523 3106 5580 panem
3134 5505 3358 5564 doloris.
3650 5582 3695 5588 ῃ
3788 5573 3802 5588 .

573 5594 614 5652 C
638 5593 853 5652 Euntes
883 5591 1072 5652 sancti
1091 5593 1247 5652 bona
1271 5595 1585 5667 operando.
1612 5595 1890 5655 Flebant:
1915 5599 2150 5672 quando
2330 5603 2373 5657 Ο
2402 5599 2606 5656 Adhuc
2644 5597 2804 5671 ipsos
2851 5597 3120 5654 doctores
3148 5591 3486 5666 alloquitur,
3517 5591 3584 5646 ut
3611 5582 3860 5644 emensi!!!
