3986 6164
204 336 213 349 '
234 330 334 390 Πὸ

1411 318 1826 382 EXPOSITIO
1868 316 2386 379 PSALMORUM‘.

3450 323 3463 329 ’
3486 319 3607 381 474

229 460 524 533 corrigatur
548 454 971 532 populus,dum
988 455 1148 513 videt
1166 455 1341 512 etiam
1364 454 1679 527 magistros
1699 468 1840 525 prze-
1866 448 1925 517 Α
1954 450 2241 505 dicatores
2272 465 2388 505 non
2419 448 2852 505 confundantur
2879 447 2939 505 in
2965 448 3298 524 porta,quia
3318 450 3404 508 eis
3424 454 3608 525 aperi-

229 548 475 608 monitos.
509 546 593 604 llli
626 550 823 603 autem
853 550 987 602 ante
1023 545 1214 602 lucem
1246 559 1484 618 surgere
1528 545 1800 615 quaerunt
1832 557 1845 596 :

230 640 318 714 qui
346 637 593 711 neglecta
622 635 955 692 humilitate
983 634 1218 702 Christi,
1253 632 1417 707 prius
1461 631 1668 688 volunt
1695 629 1848 687 exal-

228 727 323 784 tari
353 742 520 800 quam
548 723 1193 797 bumiliari.Surgite,id
1224 726 1332 790 est,
1365 721 1529 795 prius
1572 718 1848 777 humilia-

226 817 422 872 tionem
451 813 753 881 sustinete,
788 818 845 870 et
893 817 1026 887 post
1072 828 1382 869 ascensum
1415 811 1654 883 praemia
1691 826 1847 882 quae-

223 904 318 961 rite
343 902 938 977 gaudiorum.Panem
971 901 1189 957 doloris
1221 918 1234 956 :
1270 900 1507 974 perfecti
1535 900 1851 956 comedunt

222 993 535 1061 Christiani,
566 1008 700 1048 cum
727 1010 789 1049 se
819 991 1096 1065 lacrymis
1128 990 1400 1047 ﬁdelibus
1429 989 1753 1062 castigant:
1777 990 1849 1044 de

225 1082 419 1157 quibus
448 1080 596 1138 alius
622 1081 892 1154 psalmus
920 1080 1081 1136 dlcit.
1116 1080 1374 1136 Fuerunt
1403 1078 1549 1134 mihi
1581 1078 1849 1151 lacryma:

224 1189 348 1229 mea:
375 1186 553 1245 panes
583 1170 753 1242 (Psal.
785 1170 919 1243 xu).
954 1168 1075 1224 Illis
1105 1169 1263 1225 enim
1311 1167 1477 1224 dolor
1526 1166 1696 1240 panis
1738 1169 1847 1233 est,

221 1260 307 1334 qui
336 1276 394 1317 se
423 1259 494 1315 de
524 1258 838 1315 afﬂictione
870 1257 1218 1324 reﬁciunt,et
1247 1257 1318 1314 de
1345 1257 1648 1312 mundana
1667 1254 1850 1311 tristi-

218 1350 295 1405 tia
319 1346 707 1405 consolantur.
739 1348 812 1403 Et
839 1347 1107 1420 sequitur
1135 1346 1373 1419 quando
1426 1345 1675 1401 debeant
1721 1362 1851 1401 sur-

217 1454 353 1511 gere,
384 1437 481 1510 qui
504 1436 665 1507 jussi
697 1440 838 1492 sunt
867 1439 1003 1492 ante
1052 1435 1271 1491 sedere.
1303 1436 1466 1490 Tunc
1513 1433 1669 1490 enim
1720 1450 1848 1489 sur-

218 1530 356 1599 gent,
386 1542 521 1581 cum
553 1523 777 1581 dederit
807 1522 1054 1593 dilectis,
1089 1526 1223 1589 etc.,
1257 1523 1315 1578 id
1345 1526 1604 1589 est,cum
1632 1521 1851 1578 mortui

216 1614 431 1682 fuerint,
464 1630 586 1670 non
617 1617 752 1669 ante
782 1616 1055 1669 mortem.

217 1732 245 1789 t
341 1732 471 1788 Cum
499 1729 716 1786 dederit
741 1728 956 1786 dilectis
980 1728 1097 1784 suis
1124 1744 1375 1784 somnum
1409 1742 1528 1782 ecce
1556 1726 1850 1785 hereditas

395 1820 625 1876 Domini
651 1832 665 1872 :

329 1910 459 1965 Filii
483 1924 694 1965 merces
722 1910 942 1981 fructus
972 1908 1204 1963 ventris.

266 2007 301 2062 C
325 2005 524 2063 Dilecti
559 2010 701 2062 sunt
729 2004 853 2071 Dei,
887 2004 990 2077 qui
1017 2020 1152 2061 eum
1182 2003 1369 2059 nimia
1398 2001 1679 2059 charitatc
1724 2019 1849 2075 pcr-

213 2095 446 2169 quirunt.
480 2096 531 2152 H
567 2095 713 2152 Cum
743 2094 828 2150 illi
857 2098 1094 2166 accepto
1124 2092 1338 2167 quietis
1384 2109 1591 2150 somno
1624 2093 1695 2147 ab
1739 2092 1849 2148 hoc

210 2185 394 2241 seculo
422 2184 763 2252 discedunt,
796 2188 934 2239 tunc
984 2184 1135 2238 ﬁunt
1179 2176 1491 2238 haeredita's
1541 2181 1775 2237 Domini
1831 2196 1844 2235 :

212 2271 328 2345 quia
341 2274 466 2345 jam
499 2272 817 2345 subjacent
841 2270 1435 2339 tentationibus,tunc
1465 2272 1680 2326 non.Et
1700 2286 1850 2325 mer-

212 2375 292 2417 ces
331 2360 564 2417 fructus
608 2358 827 2415 ventris
860 2376 873 2415 :
908 2359 949 2414 C
981 2360 1038 2414 id
1070 2363 1161 2415 est
1188 2357 1340 2416 uteri
1371 2358 1682 2428 virginalis,
1718 2374 1844 2429 par-

211 2450 311 2504 tus.
338 2448 564 2505 Merces
593 2446 753 2503 illius
787 2448 1011 2504 fructus
1032 2451 1121 2504 est
1143 2447 1336 2503 omnis
1367 2447 1543 2502 homo
1577 2446 1677 2519 qui
1710 2463 1846 2502 cum

213 2537 307 2594 Deo
336 2535 674 2611 perenniter
701 2537 981 2610 gaudebit
1013 2554 1027 2592 :
1060 2541 1118 2593 et
1145 2536 1260 2593 ista
1309 2552 1533 2592 merces
1576 2535 1731 2592 dicta
1758 2539 1850 2591 est

209 2624 646 2696 bereditaspon
677 2630 874 2682 autem
904 2625 1138 2682 deitatis
1169 2627 1271 2683 sed
1295 2624 1681 2682 humanitatis
1704 2642 1846 2681 mor-

209 2731 290 2772 ces
315 2716 627 2787 dicitur,ut
656 2714 716 2771 in
746 2716 1005 2772 secundo
1036 2715 1264 2789 psalmo
1294 2714 1528 2781 dicitur,
1547 2714 1785 2788 postula
1813 2732 1848 2771 a

211 2820 307 2872 me,
336 2809 440 2862 etc.

210 2924 240 2982 ἁ
332 2922 481 2978 Sicut
499 2923 734 2994 sagittae
762 2923 825 2977 in
854 2938 1028 2977 manu
1048 2923 1282 2994 potentis
1315 2937 1328 2977 :

328 3010 410 3067 Ita
430 3012 569 3083 ﬁlii.
583 3027 955 3067 emcussorum.

263 3099 300 3154 Ο
327 3100 575 3174 Sagitta
606 3116 621 3155 :
656 3100 839 3156 sancti
874 3098 1120 3172 apostoli
1151 3098 1238 3155 vel
1270 3099 1457 3155 caeteri
1504 3098 1847 3172 prmdicato-

204 3204 299 3245 res.
327 3188 388 3245 In
419 3206 613 3247 manu
646 3188 922 3262 potentis,
964 3189 1019 3244 id
1072 3192 1164 3244 est
1207 3188 1267 3243 in
1318 3184 1605 3261 potestate
1633 3187 1845 3245 Christi
1875 3199 1919 3268 ρ

206 3278 515 3334 transmissi
555 3278 634 3334 ad
684 3277 1143 3351 praedicandum.
1175 3277 1339 3334 Sicut
1364 3276 1520 3333 enim
1547 3276 1730 3334 telum
1760 3276 1848 3333 vel

209 3367 400 3441 sagitta
446 3369 645 3425 missa
670 3384 705 3424 a
734 3370 985 3439 potente,
1010 3365 1341 3423 rectissima
1362 3369 1419 3423 et
1447 3366 1560 3422 cito
1586 3365 1747 3422 venit
1775 3366 1848 3422 ad

210 3455 549 3514 destinatum
582 3457 780 3513 locum
815 3472 827 3511 :
860 3455 947 3512 ita
970 3454 1219 3528 apostoli
1260 3455 1322 3511 in
1371 3472 1605 3512 omnem
1633 3459 1848 3512 terram

208 3544 371 3614 missi,
405 3546 519 3603 cito
543 3562 668 3619 quo
714 3545 1101 3601 mittebantur
1140 3549 1530 3617 pervenerunt
1578 3548 1639 3601 et
1676 3545 1851 3617 jussa

211 3632 706 3707 impleverunt.lta
732 3638 789 3689 et
821 3633 924 3689 ﬁlii
954 3650 1332 3690 cxcussorum
1365 3648 1380 3688 :
1414 3633 1473 3688 in
1520 3632 1668 3699 loco,
1691 3632 1852 3689 scili-

213 3727 293 3778 cet
313 3724 739 3798 prophetarum
760 3724 1223 3790 succedentes,et
1252 3738 1455 3778 eorum
1482 3722 1847 3795 pr0phetiam

208 3809 632 3886 interpretando
661 3816 721 3868 et
748 3811 1114 3886 explanando
1144 3811 1850 3868 discutientes.Discutere

206 3908 276 3955 est
313 3909 506 3959 tectam
554 3900 799 3973 aliquod
848 3899 1045 3973 palam
1096 3902 1305 3970 facere,
1356 3900 1655 3974 prephetas
1710 3916 1846 3973 ergo

207 4004 527 4049 excussoces
597 3989 895 4059 dicuntur,
966 3990 1247 4062 quoniam
1308 3993 1532 4046 secreta
1588 3989 1848 4045 cmlestia

206 4081 403 4137 mundo
421 4078 1084 4154 propuleruntlllorum
1104 4078 1211 4134 filii
1237 4095 1250 4134 :
1275 4076 1522 4151 apostoli
1542 4078 1848 4151 sunt,quia

201 4182 382 4231 σθω
406 4170 577 4227 dictis
603 4170 938 4241 credentes,
971 4168 1405 4241 quodammodo
1436 4167 1549 4224 ﬁde
1587 4166 1845 4240 generati

209 4262 346 4315 sunt.

198 4371 235 4427 6
323 4374 525 4432 Beatus
554 4375 648 4431 vir
672 4375 772 4447 qui
794 4375 1042 4447 implevit
1058 4373 1390 4430 desiderium
1406 4388 1570 4428 suum
1588 4388 1658 4428 ea:
1679 4372 1841 4444 ipsis:

1861 1827 1908 1891 B

1960 543 2056 594 tur
2088 556 2101 594 :
2139 537 2311 594 malis
2339 556 2474 595 vero
2507 537 2818 608 clauditur,
2852 539 2981 596 ideo
3010 540 3460 597 confundentur.

2420 664 2625 702 ORATIO
2663 664 2731 702 EX
2773 664 2925 703 PSAL.
2959 664 3143 703 CXXVI.

2032 752 2349 809 Domorum
2380 752 2735 827 spiritalium
2769 752 3262 820 zediﬁcator,Deus
3290 757 3361 810 ut"
3387 772 3493 811 nos
3515 772 3611 811 cu-

1960 840 2181 897 stodias
2229 842 2632 914 deprecamur,
2666 840 2845 914 imple
2896 840 2957 897 in
2998 845 3053 897 te
3102 842 3457 899 desiderium
3511 861 3611 900 no-

1959 934 2148 986 strum
2182 947 2195 985 :
2231 934 2288 986 et
2316 930 2515 987 electis
2544 930 2663 986 tuis
2692 948 2800 987 nos
2830 930 3085 1003 adjunge
3117 948 3219 1003 pro
3252 931 3611 989 meritis.Per

1960 1018 2273 1075 Dominum
2306 1024 2576 1076 nostrum
2607 1020 2808 1100 Jesum
2841 1019 3160 1075 Christum.
3194 1024 3303 1076 etc.

2473 1136 2799 1193 PSALMUS
2837 1136 3096 1193 CXXVII.

2314 1242 2712 1281 ARGUMENTUM
2750 1241 2817 1281 EX
2859 1242 3019 1282 PSAL.
3058 1242 3267 1281 CXXVII.

2029 1345 2069 1395 C
2094 1339 2385 1413 Propheta
2435 1341 2589 1397 bona
2632 1339 2966 1397 timentium
3015 1340 3199 1396 Deum
3232 1357 3605 1411 enumerans,

1958 1446 2058 1486 eos
2091 1429 2404 1497 benedicit,
2440 1433 2504 1486 ut
2532 1433 2748 1486 aeterna
2776 1429 2993 1503 gaudia
3012 1435 3462 1502 consequantur.

2411 1519 2522 1575 TT.
2558 1520 2843 1576 Canticum
2872 1518 3166 1588 graduum.

2031 1608 2072 1664 C
2101 1609 2284 1674 Quam
2317 1608 2393 1664 sit
2423 1608 2774 1681 magnificus
2805 1624 2997 1664 nonus
3023 1608 3393 1681 gradus,ipse
3412 1627 3611 1668 nume-

1961 1715 2062 1753 rus
2092 1696 2350 1753 declarat
2381 1714 2392 1753 :
2428 1697 2529 1769 qui
2558 1696 2712 1753 trina
2737 1700 3042 1771 protentus
3068 1696 3614 1769 triplicatione,san-

1960 1790 2120 1843 ctum
2148 1786 2320 1842 nobis
2339 1786 2643 1841 Trinitatis
2674 1785 2912 1842 culmen
2941 1784 3218 1841 ostendit.

1962 1876 1987 1930 1
2101 1876 2258 1932 Beati
2284 1891 2467 1931 omnes
2497 1876 2596 1947 qui
2623 1875 2822 1930 timent
2844 1875 3136 1930 Dominum
3167 1891 3179 1929 :

2102 1966 2219 2036 Qui
2246 1965 2537 2020 ambulant
2567 1966 2626 2019 in
2658 1965 2763 2020 viis
2787 1964 2922 2035 ejus.

2030 2053 2224 2109 Primo
2255 2053 2526 2110 timorem
2560 2052 2792 2110 Domini
2823 2053 2895 2108 ab
2929 2052 3108 2125 hujus
3150 2052 3344 2109 saeculi
3394 2056 3613 2112 terrore

1958 2140 2441 2199 divisit.Dicendo
2473 2142 2628 2198 enim
2663 2140 2816 2197 beati
2838 2157 3044 2197 omnes
3067 2141 3167 2214 qui
3189 2141 3400 2198 timent
3421 2142 3613 2200 Domi-

1958 2247 2125 2298 num,
2157 2232 2414 2287 ostendit
2444 2248 2561 2287 non
2592 2247 2720 2287 esse
2768 2231 2990 2298 beatos,
3026 2229 3127 2302 qui
3176 2230 3356 2302 h‘ujus
3405 2233 3612 2288 mundi

1957 2320 2214 2392 pericula
2244 2320 2303 2376 in
2335 2320 2651 2377 amissione
2682 2318 3094 2392 temporalium
3140 2336 3335 2375 rerum
3366 2319 3615 2377 sollicita

1958 2413 2152 2466 mente
2185 2408 2670 2466 formidant.Cum
2702 2408 2813 2464 viis
2845 2406 3150 2481 pluraliter
3177 2407 3356 2464 dicit:
3382 2413 3614 2483 aposto-

1955 2498 2044 2554 los
2100 2503 2158 2555 et
2209 2499 2523 2572 prophetas
2581 2498 2893 2571 significat,
2936 2515 3039 2571 per
3084 2514 3231 2570 quos
3275 2498 3509 2555 venitur
3540 2500 3612 2556 ad

1957 2605 2137 2644 unam
2166 2588 2343 2657 viam,
2378 2588 2436 2645 id
2468 2593 2557 2645 est
2585 2587 2903 2644 Christum.
2925 2585 3043 2643 Soli
3076 2585 3257 2660 igitur
3285 2587 3613 2660 isti,sanct‘o

1956 2676 2056 2733 illo
2090 2677 2190 2733 Dei
2222 2678 2430 2733 timore
2460 2676 2775 2733 Dominum
2806 2677 3035 2741 timent,
3068 2676 3167 2748 qui
3218 2677 3525 2735 ambulant
3551 2680 3612 2736 in

1954 2765 2064 2822 viis
2093 2768 2243 2838 ejus,
2278 2766 2334 2821 id
2362 2770 2452 2823 est
2482 2767 2806 2839 praeceptis,
2842 2770 2899 2822 et
2934 2765 2993 2821 in
3026 2764 3120 2820 his
3150 2783 3279 2838 quae
3312 2768 3608 2840 prophetat

1957 2855 2208 2928 apostoli
2251 2859 2309 2912 et
2330 2855 2698 2929 evangelistac
2730 2854 3280 2928 praedicaveruntdn
3313 2857 3611 2928 sequenti-

1958 2944 2069 3000 bus
2101 2944 2369 3001 versibus
2398 2944 2924 3014 tribus,euumcrat
2945 2942 3229 3000 utilitates
3255 2943 3484 3002 timoris
3502 2946 3610 3002 Do-

1955 3049 2127 3089 mllll.

1953 3125 1991 3178 2
2100 3122 2324 3179 Labores
2347 3138 2614 3179 manuum
2643 3129 2864 3179 tuarum
2991 3122 3125 3194 quia
3166 3124 3179 3189 ζ
3203 3122 3560 3181 manducabis
3591 3141 3605 3182 ε

2103 3214 2296 3269 Beatus
2326 3228 2380 3269 es
2411 3220 2461 3269 et
2492 3213 2622 3270 bene
2652 3213 2756 3268 tibi
2784 3213 2906 3268 erit.

2026 3300 2068 3356 C
2100 3301 2351 3358 Labores
2381 3318 2669 3358 manuum
2703 3318 2715 3358 :
2751 3301 3145 3358 remuneratio
3176 3304 3266 3359 est
3316 3303 3606 3359 bonorum

1956 3406 2219 3463 operum.
2276 3392 2346 3447 Et
2402 3408 2475 3448 ne
2522 3391 2679 3447 istud
2732 3389 3015 3464 pabulum
3065 3407 3299 3449 carnem
3348 3395 3607 3464 putares,

1957 3478 2420 3536 addidit.Beatus
2441 3497 2503 3537 es
2524 3498 2536 3536 :
2552 3497 2723 3537 nemo
2754 3480 2912 3536 enim
2928 3481 2999 3537 de
3015 3479 3231 3536 carnali
3254 3479 3611 3539 comestione

1958 3566 2164 3624 beatus
2189 3569 2458 3637 efﬁcitur,
2490 3569 2603 3626 nisi
2647 3569 2748 3642 qui
2781 3567 3031 3642 spiritali
3080 3569 3232 3625 dono
3282 3569 3606 3643 saginatur.

1957 3656 2108 3714 Bene
2137 3657 2242 3713 tibi
2277 3658 2385 3714 erit
2417 3676 2430 3714 :
2464 3674 2598 3714 cum
2631 3659 2923 3731 acceperis
2954 3657 3111 3730 quod
3142 3656 3346 3713 oculus
3386 3675 3502 3714 non
3523 3658 3606 3714 vi-

1957 3746 2175 3812 dit,nec
2206 3748 2366 3803 auris
2397 3748 2637 3815 audivit,
2672 3764 2777 3804 nec
2806 3746 2867 3802 in
2897 3764 2996 3803 cor
3023 3746 3281 3804 hominis
3319 3747 3604 3818 ascendit,

1957 3836 2112 3907 quod
2144 3836 2298 3893 Deus
2330 3853 2392 3893 se
2412 3836 2722 3910 diligenter
2742 3835 3085 3910 praeparavit
3115 3836 3245 3909 (lsa.
3280 3837 3444 3910 wa).

1958 3927 1986 3975 3
2101 3926 2248 3983 Uxor
2274 3934 2368 3982 tua
2391 3927 2535 3983 sicut
2559 3928 2690 3982 vitis
2719 3926 3003 3983 abundans
3037 3942 3050 3981 :

2097 4016 2160 4070 In
2186 4015 2450 4071 lateribus
2480 4015 2668 4071 domus
2692 4019 2823 4072 tuae.

2026 4104 2066 4158 C
2095 4102 2248 4160 Uxor
2276 4102 2434 4158 dicta
2461 4108 2551 4159 est
2579 4103 2747 4177 quasi
2773 4106 2839 4158 ut
2868 4119 3069 4159 soror:
3094 4106 3449 4176 quaprOpter
3470 4120 3606 4159 uxo-

1955 4208 2078 4249 rem
2110 4191 2205 4247 hic
2234 4190 2581 4265 sapientiam
2613 4192 2895 4247 debemus
2924 4191 3241 4248 advertere.
3274 4190 3421 4248 Vitis
3472 4206 3605 4248 vero

1954 4285 2144 4337 mater
2171 4284 2260 4337 est
2289 4296 2690 4356 uvarum,quze
2722 4278 2917 4336 dulcia
2935 4280 3070 4336 vina
3094 4279 3609 4353 profundens,cor-

1953 4370 2029 4426 da
2059 4373 2260 4426 nostra
2284 4372 2522 4425 recreat.
2557 4368 2652 4425 Sic
2679 4371 2736 4425 et
2765 4367 3055 4441 sapientia
3084 4369 3313 4425 fructus
3350 4368 3607 4426 inferens

323 4463 441 4519 Non
467 4464 848 4537 confundetur
888 4479 1014 4520 cum
1056 4464 1308 4536 loquetur
1353 4462 1597 4518 inimicis
1622 4463 1739 4517 suis
1784 4463 1846 4517 in
1945 4458 2258 4531 jocundos,
2292 4456 2455 4513 suavi
2486 4474 2593 4513 nos
2624 4456 3007 4513 delectatione
3057 4456 3328 4515 laetificat.
3380 4459 3603 4529 Latera,

384 4561 571 4625 porta.

260 4640 296 4692 Ο
322 4642 437 4698 Hos
469 4657 614 4713 ergo
661 4641 981 4715 apostolos,
1015 4642 1217 4698 beatos
1265 4639 1428 4707 dicit,
1460 4655 1596 4696 cum
1639 4656 1841 4696 eorum

199 4722 347 4784 labor
374 4731 448 4786 ad
481 4729 745 4804 gloriosa
774 4733 904 4787 vota
932 4728 1277 4804 pervenerit.
1310 4729 1359 4785 Η
1385 4728 1488 4785 Vel
1532 4726 1629 4784 ille
1668 4728 1842 4786 homo

202 4815 434 4888 populus
462 4820 678 4877 beatus
710 4823 799 4877 est
830 4836 844 4875 :
878 4819 979 4893 qui
1002 4818 1263 4892 implevit
1283 4834 1458 4874 suum
1481 4817 1842 4874 desiderium

199 4904 418 4978 exipsis
449 4908 760 4982 apostolis,
810 4908 869 4965 id
922 4912 1031 4977 est,
1063 4925 1133 4965 ex
1179 4905 1585 4980 praedicatione
1637 4923 1841 4964 eorum

204 5005 520 5065 conversus,
551 5012 621 5055 ea
650 5014 779 5070 quae
824 4997 1141 5071 praedicata
1188 4999 1346 5065 sunt,
1378 4994 1601 5053 scilicet
1626 4998 1843 5052 aeterna

204 5078 498 5154 desiderat,
532 5089 593 5143 et
622 5086 887 5160 implevit
923 5087 1051 5159 jam
1101 5086 1210 5142 hoc
1257 5084 1614 5141 desiderium
1646 5101 1834 5157 opere.

204 5166 292 5225 Vel
320 5172 680 5233 desiderium
710 5193 780 5234 ex
806 5176 952 5249 ipsis
982 5174 1204 5249 implet,
1238 5173 1338 5247 qui
1359 5173 1515 5246 quod
1545 5172 1657 5246 ipsi
1688 5173 1841 5231 desi—

206 5255 489 5335 derabant,
504 5264 729 5322 scilicet
757 5282 886 5323 esse
915 5266 977 5321 in
1007 5262 1368 5321 beatitudine
1399 5266 1698 5331 aeterna,et
1717 5262 1843 5337 ipse

207 5345 499 5408 desiderat.
550 5353 593 5410 C
640 5354 812 5413 Porta
860 5354 1110 5411 civitatis
1156 5352 1547 5419 Hierusalem,
1578 5351 1844 5409 Christus

209 5439 286 5492 est
313 5453 327 5493 :
355 5438 489 5513 ipsa
516 5441 674 5499 enim
705 5442 971 5517 loquitur
1002 5443 1105 5517 qui
1135 5446 1293 5499 recta
1322 5440 1598 5514 praedicat
1634 5442 1703 5497 de
1724 5441 1840 5497 Do-

211 5523 372 5581 mino.
402 5529 535 5586 Tali
565 5547 698 5605 ergo
727 5532 852 5591 loco
881 5532 1048 5607 prius
1093 5535 1428 5606 peccatores
1471 5534 1527 5587 et
1577 5530 1842 5587 inﬁdeles

213 5611 349 5673 exire
373 5617 537 5687 facit,
567 5623 622 5677 et
649 5622 885 5681 devotos
927 5620 1187 5680 introire.
1232 5619 1460 5679 Fideles
1505 5619 1660 5678 enim
1706 5637 1844 5694 prae-

1876 4570 1922 4635 Β
1953 4548 2069 4605 duo
2098 4550 2443 4604 testamenta
2478 4550 2620 4602 sunt
2674 4563 2686 4603 :

2740 4547 2972 4615 domus,
3028 4547 3263 4620 prOpria
3309 4547 3603 4621 cogitatio.

1954 4637 2118 4693 Mens
2147 4637 2303 4693 enim
2338 4636 2396 4690 in
2427 4635 2777 4710 cogitatione
2807 4653 2916 4693 sua
2946 4637 3115 4710 quasi
3162 4636 3223 4692 in
3262 4637 3382 4693 inde
3404 4637 3607 4711 defigi-

1953 4726 2258 4797 tur.Cujus
2280 4724 2650 4799 cogitationis
2673 4725 2790 4781 duo
2829 4724 3032 4794 latera,
3059 4724 3246 4799 legem
3270 4729 3327 4781 et
3352 4725 3603 4798 Evange-

1953 4813 2099 4871 lium
2129 4816 2327 4888 accipe
2359 4830 2371 4868 :
2408 4815 2467 4870 in
2499 4814 2717 4887 quibus
2747 4832 2915 4871 mens
2945 4818 3148 4870 sancta
3177 4814 3348 4887 quasi
3368 4812 3429 4869 in
3465 4814 3606 4871 duo-
3700 4838 3703 4841 ί

1952 4903 2064 4960 bus
2090 4903 2229 4959 indis
2262 4902 2546 4959 lateribus
2578 4904 2811 4960 ﬁrmata
2843 4902 3146 4960 solidatur.

1952 4994 1985 5048 4
2092 4993 2227 5048 Filii
2256 4994 2342 5048 tui
2367 4992 2510 5047 sicut
2536 4993 2772 5050 novellae
2798 4992 3071 5048 olivarum
3105 5007 3118 5045 :

2090 5083 2155 5137 In
2181 5081 2419 5137 circuitu
2445 5095 2650 5138 mensae
2675 5084 2807 5137 tuae.

2023 5169 2151 5226 Filii
2182 5169 2268 5225 tui
2303 5186 2317 5224 :
2351 5169 2398 5225 H
2431 5168 2492 5224 Id
2523 5173 2613 5225 est
2642 5172 2808 5225 actus
2838 5168 2994 5237 boni,
3027 5168 3368 5228 assistentes
3398 5169 3458 5225 in
3489 5169 3603 5226 cir-

1951 5259 2114 5316 cuitu
2141 5258 2449 5330 Scriptura:
2479 5262 2536 5313 et
2566 5257 2841 5315 doctrinae
2872 5257 3146 5325 caelestis,
3177 5276 3313 5316 cum
3357 5258 3602 5333 pingue-

1951 5349 2088 5406 dine
2144 5348 2306 5421 pacis
2364 5350 2421 5403 et
2477 5347 2922 5403 obumbratione
2981 5348 3233 5405 virtutis.
3274 5352 3313 5403 C
3353 5347 3455 5405 Vel
3498 5348 3602 5404 ﬁlii

1953 5443 2270 5509 utrumque
2323 5452 2527 5493 sexum
2583 5435 2896 5510 signiﬁcat,
2952 5436 3600 5510 spiritualiter‘ccelesti

1948 5529 2135 5586 verbo
2154 5525 2417 5600 genitum
2442 5542 2456 5581 :
2481 5529 2537 5582 et
2567 5525 3031 5595 mensa,Domini
3054 5525 3361 5594 altare,ubi
3384 5523 3601 5583 cmlesti

1953 5634 2102 5693 pane
2133 5615 2497 5689 saginantur.
