4068 6160
488 270 608 334 475

488 409 526 468 5
633 411 768 468 Ecce
791 406 872 465 sic
895 403 1238 464 benedicatur
1258 401 1414 462 homo
1447 419 1461 460 :

637 499 744 568 Qui
771 499 924 555 timet
953 496 1264 552 Dominum.

557 590 599 646 C
627 589 774 645 Cum
807 585 968 652 dicit,
1001 599 1132 640 ecce
1158 583 1240 638 sic
1273 598 1286 636 :
1320 580 1615 655 significat
1661 580 1816 637 sicut
1862 579 2136 653 superius

482 678 811 752 expositum
843 672 1042 741 est,sic
1061 671 1214 728 enim
1249 673 1508 726 meretur
1535 667 1926 742 benedici,qui
1958 686 2134 726 suum

447 777 452 779 ’
481 768 650 824 timet
671 767 989 822 auctorem.

477 859 516 914 6
625 855 914 913 Benedicat
941 851 1044 908 tibi
1062 852 1326 907 Dominus
1352 865 1424 906 ex
1450 849 1584 905 Sion
1619 863 1632 903 :

621 947 690 1001 Et
716 943 899 1000 videas
931 942 1069 997 bona
1096 939 1440 996 Hierusalem
1468 938 1722 994 omnibus
1768 938 1960 994 diebus
2005 939 2136 994 vitae

693 1042 822 1090 tuae.

548 1123 590 1177 C
620 1122 770 1179 Dicit
797 1120 977 1186 enim,
1009 1117 1317 1175 benedicat
1359 1119 1414 1172 te
1464 1113 1751 1172 Dominus
1781 1131 1850 1171 ex
1877 1115 2036 1182 Sion,
2071 1113 2132 1170 id

475 1219 567 1272 est
595 1211 862 1269 Christus
893 1209 994 1282 qui
1026 1209 1086 1263 in
1116 1207 1225 1263 hoc
1257 1209 1453 1262 monte
1483 1204 1825 1260 hominibus
1855 1220 2135 1277 apparere

475 1304 754 1376 dignatus
787 1304 904 1356 est:
925 1303 982 1354 et
1005 1313 1107 1368 pro
1132 1294 1390 1352 nominis
1420 1294 1512 1349 sui
1541 1293 2134 1365 qualitate,tanquam

475 1391 694 1467 pastori
723 1389 946 1460 optimo
977 1402 1208 1457 semper
1237 1382 1552 1439 aseribitur
1581 1399 1595 1437 :
1631 1382 1766 1438 Sion
1800 1381 1956 1438 enim
2001 1397 2132 1454 spe-

475 1481 691 1538 culatio
725 1480 1142 1550 interpretatur
1191 1490 1204 1528 :
1258 1470 1620 1527 Hierusalem
1663 1470 1961 1526 indicatur
1990 1469 2133 1526 visio

475 1567 840 1643 pacis.0ptat
854 1580 991 1636 ergo
1012 1568 1079 1618 ut
1101 1561 1160 1616 in
1183 1559 1545 1616 Hierusalem
1561 1557 1756 1615 videat
1774 1563 1982 1615 cuncta
2003 1575 2136 1631 quin

473 1660 630 1716 bona
659 1659 818 1710 sunt.
853 1653 964 1710 Sed
1012 1668 1085 1706 ne
1127 1650 1391 1706 crederes
1423 1649 1480 1703 in
1515 1646 1733 1704 cmlesti
1767 1647 2131 1704 Hierusalem

473 1741 876 1818 temporaliter
903 1740 1018 1797 ista
1047 1741 1201 1837 bona
1231 1737 1686 1807 videri,addidit,
1710 1735 1986 1792 omnibus
2009 1735 2129 1792 die-
2161 1775 2210 1840 Β

471 1837 590 1892 bus
611 1831 740 1889 vitae
769 1837 902 1896 tuae,
938 1830 996 1886 id
1031 1832 1122 1884 est
1150 1827 1278 1883 vitas
1301 1830 1554 1882 aeternae.

469 1927 500 1978 ’1
612 1923 677 1977 Et
704 1919 885 1976 videas
913 1919 1056 1990 ﬁlios
1078 1917 1326 1988 ﬁliorum
1357 1922 1582 1970 tuorum
1613 1931 1627 1969 :

610 2013 808 2068 Pacem
834 2025 999 2080 super
1029 2007 1222 2064 Israel.

539 2102 582 2158 Ο
613 2099 790 2156 Filios
819 2097 977 2153 enim
1009 2095 1268 2151 ﬁliorum
1293 2109 1307 2148 :
1334 2094 1532 2166 signat
1560 2094 1991 2166 nepotes.0uod
2020 2093 2130 2150 uti-

467 2207 584 2264 que
613 2187 804 2245 beatis
829 2184 970 2241 viris
996 2183 1334 2255 contingere
1357 2181 1678 2254 potest,qui
1701 2182 2127 2254 prmdicationi-

465 2281 581 2336 bus
611 2275 834 2334 sanctis
855 2273 1104 2346 populos
1125 2271 1345 2328 multos
1373 2271 1797 2345 generant.Pax
1825 2276 1914 2328 est
1936 2272 2128 2329 Domi-

467 2385 584 2426 nus
615 2361 1022 2435 Salvatorzqui
1051 2361 1272 2416 insidet
1299 2359 1460 2416 illam
1484 2359 1716 2416 beatam
1738 2360 2124 2431 Hierusalem,

467 2461 526 2514 et
553 2457 764 2512 cuncta
793 2453 949 2508 bona
977 2449 1196 2518 facit,et
1215 2449 1775 2522 beata,quaecunque
1797 2451 2125 2521 maiestatis

467 2561 588 2602 suae
627 2541 840 2598 virtute
887 2536 1295 2610 complectitur
1326 2553 1340 2591 :
1375 2534 1476 2592 illa
1505 2553 1708 2609 pacem
1757 2537 1974 2608 videas,
2007 2556 2124 2596 non

468 2632 662 2690 solum
693 2629 846 2686 filios
877 2627 1158 2684 ﬁliorum.

908 2733 1114 2772 ORATIO
1153 2732 1223 2770 EX
1263 2732 1422 2770 PSAL.
1463 2731 1672 2771 CXXVII.

539 2807 912 2867 Timentibus
943 2821 1157 2862 nomen
1188 2809 1380 2872 tuum,
1413 2803 2118 2872 Domine,beatitudinem

465 2899 680 2973 largire
709 2900 1053 2972 perpetuam
1085 2910 1098 2950 :
1137 2897 1200 2949 ut
1227 2893 1366 2949 talis
1391 2891 1560 2950 nobis
1589 2894 2014 2968 actio,talisque
2043 2896 2122 2954 sit

463 2989 738 3061 vita,un
767 2983 992 3041 celsum
1013 2983 1086 3038 de
1105 2981 1276 3038 bonis
1307 2981 1596 3038 fructibus
1628 2983 1903 3040 meritum
1926 3002 2120 3058 repor-

464 3081 549 3135 tet
575 3077 650 3133 ad
681 3075 892 3132 sidera.
919 3073 1027 3130 Per
1056 3071 1373 3128 Dominum
1405 3075 1670 3128 nostrum
1691 3071 1894 3131 Jesum
1927 3073 2118 3131 Chris-

467 3171 616 3234 tum,
649 3169 762 3221 etc.

963 3247 1288 3306 PSALMUS
1326 3248 1614 3306 CXXVIII.

866 3356 1246 3396 ARGUMENTUH
1286 3355 1442 3395 PSAL.
1482 3356 1712 3396 CXXVIII.

538 3433 581 3488 C
612 3435 656 3486 Β
683 3427 974 3503 PrOpheta
1002 3431 1202 3484 monet
1221 3426 1636 3496 Ecclesiam,ut
1659 3429 1816 3487 dicat
1837 3433 1978 3505 quot
1997 3451 2118 3491 eer-

465 3519 692 3578 tamina
719 3535 753 3575 a
783 3516 908 3574 suis
938 3513 1240 3589 pertulerit
1266 3513 1538 3572 hostibus
1566 3521 1662 3586 (ne
1688 3519 1823 3590 quis
1850 3521 2114 3581 ﬁdelium

466 3610 537 3666 de
567 3605 818 3682 propriis
844 3602 1324 3660 tribulationibus
1353 3603 1642 3677 desperet)
1653 3607 1972 3678 praedicens
2001 3612 2116 3669 eis-

465 3700 598 3756 dem
631 3693 912 3761 inimicis,
943 3693 1097 3767 quod
1129 3691 1211 3749 eis
1244 3691 1302 3747 in
1325 3691 1550 3764 judicio
1581 3694 1776 3752 futuro
1825 3715 1954 3757 esse
1977 3717 2116 3758 ven-

463 3792 667 3844 turum
701 3787 956 3841 noverat.

909 3873 1026 3929 TT.
1061 3872 1351 3928 Canticum
1376 3869 1670 3940 graduum.

531 3965 573 4022 C
603 3964 782 4021 Docet
811 3961 904 4018 hic
934 3959 1221 4035 propheta
1248 3958 1564 4016 toleranter
1605 3979 1714 4018 nos
1762 3964 1957 4022 saeculi
1989 3985 2114 4025 mo-

465 4052 667 4110 lestias
680 4049 1234 4122 sustinere,quando
1255 4047 1518 4105 Ecclesia:
1538 4051 1770 4108 crebras
1791 4052 1972 4112 fuisse
1989 4073 2118 4130 pas-

463 4143 660 4200 siones
679 4140 1048 4213 comprobat.

464 4235 490 4290 1
604 4231 760 4304 Saepe
789 4236 1243 4303 expugnaverunt
1267 4245 1354 4283 me
1381 4245 1418 4284 a
1436 4227 1726 4300 juventute
1752 4247 1874 4289 mea
1897 4249 1910 4288 :

609 4322 768 4376 Dicat
794 4335 944 4374 nunc
967 4318 1154 4373 Israel.

534 4409 576 4464 C
605 4409 894 4464 Admonet
923 4405 1206 4479 propheta
1239 4404 1436 4476 Israel,
1471 4407 1529 4462 id
1559 4411 1650 4464 est
1679 4408 2020 4481 Ecclesium,
2053 4417 2120 4469 ut

1399 269 1467 332 S.
1513 267 1908 332 BRUNUNIS
1952 268 2570 336 IIEItBlFOLENSIS
2613 274 2990 350 EPISCOPI.

3719 296 3818 358 476

2168 405 2225 471 Α
2255 420 2362 460 sua
2393 421 2408 462 :
2441 409 2508 462 ut
2537 405 2830 484 intelligas
2859 429 3165 487 nunquam
3187 415 3406 474 ﬁnitam
3419 419 3700 481 Ecclesiam
3716 441 3820 491 esse

2244 495 3101 588 persecutioneimproborum,
3133 521 3260 578 qua:
3290 504 3367 562 ita
3394 525 3533 584 saepe
3558 517 3634 568 est
3675 530 3820 588 expn-
3874 497 3878 500 ’

2243 587 2423 672 gnata
2448 600 2462 640 :
2493 587 2702 644 crescit
2723 589 2878 646 enim
2908 593 3634 672 persecutionibus,suaque
3651 587 3824 662 contri-

2244 671 2403 762 tione
2432 675 2768 748 grandescit
2793 693 2806 732 :
2841 695 2978 736 nam
3010 680 3061 738 si
3093 681 3188 738 hic
3218 687 3446 741 sanctos
3466 671 3607 744 viros
3627 690 3824 762 amittit,

2243 760 2454 852 futurae
2485 765 2689 836 patriae
2719 767 2990 840 acquirit.
3006 770 3130 826 Non
3159 774 3348 844 potest
3375 771 3541 847 igitur
3566 760 3826 852 ﬁnit-Lque

2245 849 2370 907 suis
2397 852 2764 912 detrimentis
2795 861 3070 932 augetur:
3092 859 3246 916 unde
3275 877 3386 918 non
3408 862 3646 935 potuisse
3666 849 3825 925 tamen

2244 939 2358 996 sibi
2409 941 2719 1014 praevalere
2767 945 2908 1002 dicit
2955 963 3076 1016 eos,
3108 964 3257 1021 quos
3287 949 3546 1022 superius
3590 969 3647 1009 se
3688 971 3830 1028 expu-

2241 1044 2458 1102 gnasse
2486 1038 2907 1092 commemorat
2941 1053 2954 1093 :
2988 1035 3126 1110 quia
3148 1053 3448 1110 nunquam
3477 1038 3556 1096 eis
3582 1044 3830 1100 consensit

2245 1119 2318 1174 ad
2353 1117 2595 1176 malum.

2243 1208 2278 1264 3
2352 1211 2536 1282 Supra
2563 1209 2816 1268 deorsum
2844 1229 3027 1270 meum
3050 1215 3460 1288 fabricaverunt
3481 1226 3749 1291 peccatores
3775 1237 3788 1277 :

2383 1297 2851 1372 Prolongaverunt
2875 1303 3225 1377 iniquitatem
3253 1321 3430 1362 suam.

2314 1385 2356 1442 C
2385 1385 2932 1446 Fabricatumwero
2962 1407 3142 1464 supra
3171 1391 3411 1448 dorsum
3441 1407 3604 1448 suum
3621 1393 3836 1452 Ecclesia

2242 1478 2494 1531 testatur
2523 1493 2557 1532 a
2585 1479 2989 1550 peccatoribus
3015 1495 3028 1535 :
3057 1479 3160 1553 qui
3191 1480 3356 1538 dolos
3385 1481 3564 1538 facere
3584 1481 3834 1554 festinant,

2243 1567 2300 1619 et
2331 1563 2588 1622 occultas
2621 1567 3122 1642 suasiones,quasi
3147 1569 3207 1624 in
3229 1569 3469 1626 dorsum
3496 1569 3836 1642 Ecclesiaembi

2241 1652 2423 1708 videri
2454 1671 2567 1711 non
2603 1656 3058 1732 possunt)agunt
3090 1673 3104 1712 :
3139 1657 3240 1730 qui
3273 1659 3357 1716 sic
3387 1658 3598 1716 occulte
3626 1665 3834 1717 avertere

2242 1757 2276 1796 a
2307 1746 2513 1800 sancta
2541 1744 2654 1800 ﬁde
2685 1742 2914 1818 aliquos
2936 1744 3356 1816 moliuntur,ut
3383 1746 3467 1804 vel
3497 1745 3695 1820 paucos
3716 1747 3834 1804 deci-

2239 1831 2534 1905 piant,qui
2562 1831 2880 1890 Ecclesiam
2925 1838 3109 1892 totam
3161 1836 3491 1894 subvertere
3532 1853 3639 1893 non
3666 1839 3834 1909 potue-

2239 1921 2782 1996 runt.Prolongatas
2808 1939 3043 1998 quoque
3075 1924 3219 1981 dicit
3249 1923 3410 1999 ipsas
3439 1923 3688 1993 insidias,
3714 1941 3834 1997 quas

2237 2007 2474 2066 assidue
2504 2009 3071 2085 hostesingerebant
3090 2012 3366 2070 ﬁdelibus
3389 2029 3404 2068 :
3431 2011 3744 2088 prolongata
3758 2017 3830 2068 est

2237 2097 2393 2154 enim
2425 2098 2547 2154 haec
2574 2098 2860 2174 iniquitas
2889 2101 2962 2157 ab
2994 2101 3138 2158 Abel
3169 2118 3362 2175 usque
3389 2100 3580 2170 huc,et
3604 2101 3657 2158 in
3692 2100 3836 2158 finem

2237 2204 2428 2260 usque
2458 2188 2652 2244 saeculi
2682 2188 3151 2264 prolongabitur.

2235 2279 2270 2334 4
2379 2279 2646 2334 Dominus
2665 2277 2851 2351 justus
2879 2278 3124 2336 concidet
3149 2280 3384 2336 cervices
3408 2286 3723 2352 peccatorum
3748 2294 3761 2333 :

2377 2365 2802 2438 Confundantur
2845 2373 2897 2424 et
2937 2376 3327 2426 convertantur
3371 2373 3652 2426 retrorsum
3687 2383 3837 2425 mune:

2446 2456 2544 2528 qui
2569 2455 2797 2512 oderunt
2825 2457 2977 2514 Sion.

2303 2544 2345 2600 C
2375 2545 2637 2602 Cervices
2671 2560 2684 2600 :
2717 2561 2820 2618 pro
2851 2545 3126 2618 superbia
3155 2546 3376 2618 posuit,
3409 2562 3579 2620 quam
3623 2543 3835 2602 concidit

2231 2631 2518 2691 Dominus
2569 2631 2630 2689 in
2671 2632 2788 2690 illis
2835 2633 2918 2690 sic
2962 2635 3440 2708 expugnantibus
3471 2653 3486 2692 :
3517 2651 3641 2692 cum
3667 2651 3752 2691 eos
3775 2633 3832 2690 ad

2231 2720 2692 2778 misericordiam
2710 2739 2815 2796 per
2831 2721 3228 2781 humilitatem
3246 2727 3306 2781 et
3321 2722 3748 2782 satisfactionem
3766 2738 3832 2778 re-

2228 2809 2352 2867 dire
2378 2810 2685 2884 permittit.
2717 2811 3166 2869 Confundantur
3196 2829 3212 2869 :
3245 2813 3308 2870 in
3351 2817 3600 2871 extremo
3619 2809 3826 2886 judicio,

2227 2899 2330 2974 qui
2351 2899 2479 2972 jam
2509 2916 2614 2974 per
2641 2899 3043 2974 paenitentiam
3077 2901 3290 2958 nolunt
3318 2899 3608 2960 confundi.
3631 2901 3692 2956 Et
3715 2915 3828 2954 con-

2226 2992 2528 3046 vertantur
2553 2992 2706 3045 retro
2739 3006 2752 3044 :
2788 2990 2860 3046 ad
2891 3006 3124 3062 poenam
3172 2996 3452 3048 aeternam
3484 3007 3498 3046 :
3529 2989 3634 3064 ipsi
3676 2987 3827 3054 enim,
3862 3002 3870 3009 '

2224 3077 2285 3135 id
2314 3081 2424 3144 est,
2455 3077 2733 3134 obstinati
2764 3077 2876 3152 ipsi
2907 3079 3156 3136 oderunt
3175 3079 3408 3150 Sion,id
3429 3082 3514 3137 est
3532 3076 3824 3137 Ecclesiam.

2144 3138 2188 3208 (ἶ
2224 3168 2262 3224 5
2337 3138 2342 3140 ν
2367 3138 2536 3226 Fiant
2560 3168 2704 3224 sicut
2725 3138 2918 3240 fenum
2942 3175 3204 3226 tectorum
3234 3185 3249 3224 :

2367 3255 2516 3326 Quod
2537 3257 2868 3330 priusquam
2894 3257 3166 3316 evellatur
3191 3259 3436 3315 exaruit.

2293 3335 2336 3404 (Σ
2367 3346 2586 3403 Fenum
2611 3345 2671 3402 in
2702 3345 2870 3404 tectis
2897 3347 3160 3420 antiquis
3189 3349 3615 3417 crescens,ante
3633 3348 3828 3416 tempus

2224 3433 2584 3492 eollectionis
2613 3434 2826 3492 arescit
2853 3439 2912 3493 et
2939 3435 3279 3509 peritzquia
3309 3435 3473 3494 nulla
3499 3435 3658 3491 ﬁrma
3675 3431 3832 3490 radice
3859 3451 3865 3457 ·

2222 3523 2425 3598 viguit.
2463 3524 2662 3596 Itaque
2688 3529 3108 3598 comparantur
3156 3531 3495 3599 peccatores
3537 3523 3615 3581 illi
3653 3521 3833 3580 caduco

2224 3614 2356 3672 feno
2387 3612 2668 3687 quoniam
2717 3616 2775 3670 et
2820 3613 2916 3670 hic
2947 3614 3290 3688 frequenter
3329 3615 3674 3690 dispereunt,
3702 3613 3834 3668 ante-

2223 3719 2404 3778 quam
2433 3703 2504 3760 de
2535 3701 2645 3760 hac
2672 3701 2800 3760 luce
2839 3701 3122 3760 tollantur
3170 3721 3184 3761 :
3241 3707 3568 3763 nascuntur
3611 3701 3747 3759 enim
3783 3697 3832 3752 in

2224 3790 2632 3850 cacuminibus
2660 3791 2968 3866 superbiae,
3023 3793 3124 3850 ubi
3173 3793 3346 3851 nulla
3395 3791 3674 3852 soliditate
3714 3803 3827 3845 con-

2225 3883 2464 3940 sistunt.
2499 3881 2545 3937 Η
2576 3881 2692 3938 Nec
2721 3879 2910 3938 ullum
2938 3897 3190 3955 granum
3220 3881 3506 3942 bonitatis
3549 3878 3828 3956 proferunt.

2223 3973 2260 4028 6
2368 3975 2448 4028 De
2479 3986 2582 4044 quo
2609 3986 2722 4028 non
2748 3971 2998 4046 implebit
3025 3988 3258 4028 manum
3279 3989 3442 4030 suam
3467 3971 3562 4045 qui
3587 3975 3765 4026 metet:

2365 4061 2430 4116 Et
2457 4061 2646 4116 sinum
2669 4076 2836 4116 suum
2861 4060 2963 4134 qui
2987 4061 3306 4135 manipulos
3329 4061 3564 4132 colliget.

2295 4148 2338 4206 Ο
2369 4147 2670 4218 Metentes,
2721 4147 2914 4222 angeli
2955 4152 3120 4220 sunt,
3165 4149 3270 4222 qui
3319 4149 3526 4208 ultimo
3553 4147 3640 4205 die
3659 4137 3834 4218 judioii

2227 4238 2588 4296 frumentum
2619 4236 2938 4294 electorum
2971 4235 3032 4293 in
3061 4236 3275 4296 horreo
3301 4237 3551 4297 cmlestis
3570 4233 3749 4310 patria
3767 4246 3827 4286 re-

2225 4327 2489 4383 condunt
2514 4341 2529 4384 :
2553 4326 2656 4383 sed
2681 4325 2755 4383 de
2775 4324 3047 4396 istis(hoc
3077 4330 3167 4384 est
3195 4325 3722 4400 superbis)manum
3740 4333 3833 4377 non

2225 4413 2638 4489 implent,quia
2666 4431 2766 4472 eos
2797 4431 2832 4472 a
2861 4413 3142 4472 societate
3171 4417 3514 4474 sanctorum
3544 4409 3834 4487 reprobatos

463 4498 621 4554 dicat
648 4495 804 4552 bella
829 4513 955 4551 sua.
990 4495 1153 4566 Saepe
1185 4513 1198 4550 :
1231 4493 1327 4551 hic
1348 4495 1544 4568 signat
1574 4497 1966 4570 frequentiam
1987 4518 2118 4574 pas-
2145 4513 2194 4580 Β
2226 4506 2554 4578 segregant.
2589 4507 2664 4560 De
2695 4501 2824 4560 istis
2855 4502 3013 4559 enim
3043 4519 3225 4578 supra
3254 4503 3481 4562 dictum
3506 4506 3610 4571 est,
3639 4495 3835 4556 venient

462 4587 773 4654 sionum.A
793 4584 1100 4657 juventute
1126 4599 1139 4638 :
1161 4583 1454 4657 signiﬁcat
1479 4587 1712 4656 quando
1733 4605 1768 4644 a
1791 4589 1971 4646 fratre
1991 4607 2118 4664 per-

465 4691 631 4731 verso
653 4675 857 4746 justus
885 4670 1028 4728 Abel
1059 4670 1287 4728 occisus
1333 4676 1425 4728 est
1472 4671 1625 4740 (Gen.
1677 4675 1776 4747 IV),
1831 4680 1890 4732 et
1929 4679 2117 4736 caeteri

466 4764 742 4837 deinceps
797 4758 1218 4834 quamplurimi
1269 4759 1506 4834 :ipsius
1555 4775 1789 4836 quoque
1846 4767 2119 4838 passione

464 4852 680 4911 Christi
709 4854 1045 4925 expugnata
1095 4853 1184 4906 est
1231 4846 1510 4906 Ecclesia.
1546 4851 1706 4907 Dicat
1737 4871 1892 4910 nunc
1941 4855 2118 4914 Israel

463 4943 544 5013 (id
566 4947 656 5000 est
670 4941 729 4998 in
752 4941 862 4998 hoc
883 4937 1117 5008 saeculo,
1139 4929 1374 5017 quando
1390 4943 1624 5014 tempus
1639 4947 1728 4998 est
1741 4943 2118 5017 poenitentiae)

465 5011 532 5088 ut
576 5029 945 5086 instruantur
994 5011 1236 5101 reliqui,
1254 5026 1475 5098 fideles,
1509 5011 1922 5102 patienterhic
1970 5011 2120 5091 ferre

465 5117 900 5193 persecutiones
931 5133 944 5174 :
977 5116 1119 5190 quia
1147 5117 1207 5172 in
1241 5115 1438 5172 futura
1465 5117 1584 5173 vita
1603 5135 1719 5174 non
1751 5126 2122 5195 expugnatur

466 5210 728 5265 sanctus.
761 5206 925 5263 Istud
959 5221 1191 5278 quoque
1243 5205 1398 5260 dicat
1446 5223 1603 5262 nunc
1637 5207 1834 5277 Israel,
1869 5225 1972 5281 per
1998 5215 2120 5268 tres

463 5313 671 5354 versus
701 5299 1014 5368 sequentes
1046 5293 1520 5351 subaudiendum
1553 5299 1663 5353 est.

464 5389 503 5441 2
606 5389 768 5458 δῶρα
796 5390 1251 5457 expugnaverunt
1278 5399 1364 5439 me
1391 5400 1424 5439 a
1445 5384 1738 5457 juventute
1769 5403 1891 5444 mea
1925 5405 1938 5443 :

610 5475 823 5530 Etenim
853 5489 958 5528 non
987 5479 1279 5545 potuerunt
1306 5473 1466 5528 mihi.

539 5562 582 5620 Ο
611 5567 764 5620 Bene
788 5560 931 5619 dicit
959 5560 1211 5619 Ecclesia
1239 5567 1630 5636 expugnatam
1653 5580 1716 5622 se
1745 5581 1778 5622 a
1808 5564 2120 5636 juventute

2225 4593 2285 4649 in
2317 4589 2704 4650 exsultatione
2728 4591 2980 4648 ferentes
2997 4591 3334 4666 manipulos
3359 4591 3609 4649 suoszde
3637 4581 3834 4660 injustis

2225 4680 2320 4738 hic
2345 4679 2747 4754 dicitur,quod
2777 4696 2882 4738 nec
2914 4697 3156 4738 manum
3182 4680 3422 4755 plenam
3445 4678 3711 4738 fructibus
3729 4689 3835 4732 con-

2225 4768 2694 4844 portent.Manus
2724 4769 2798 4826 ad
2826 4769 3256 4843 operationem;
3291 4771 3462 4828 sinus
3489 4769 3559 4828 ad
3580 4761 3835 4824 conscien-

2226 4859 2370 4916 tiam
2400 4857 2679 4931 pertinet.
2719 4857 2783 4914 In
2815 4855 3105 4914 malorum
3138 4858 3298 4916 enim
3325 4857 3570 4930 actibus,
3598 4858 3833 4912 neutrum

2227 4947 2380 5022 frugi
2411 4945 2632 5020 aliquid
2665 4948 2858 5020 potest
2888 4944 3155 5003 inveniri.

2223 5040 2262 5094 7
2366 5037 2434 5092 Et
2459 5052 2571 5094 non
2598 5035 2863 5093 dixerunt
2907 5035 3007 5109 qui
3047 5036 3415 5108 praeteribant
3443 5031 3719 5093 benedictio
3743 5027 3836 5084 Do-

2438 5126 2586 5181 mini
2611 5139 2776 5198 super
2802 5140 2892 5181 vos
2922 5141 2936 5180 :

2371 5213 2760 5272 Benedirimus
2789 5213 2939 5270 vobis
2971 5213 3028 5270 in
3060 5215 3283 5272 nomine
3313 5213 3556 5282 Domini.

2299 5301 2342 5359 C
2373 5302 2826 5360 Praetereuntes:
2849 5304 2989 5358 sunt
3019 5300 3208 5358 sancti
3234 5301 3358 5371 Dei,
3393 5299 3493 5374 qui
3524 5299 3672 5357 hunc
3693 5309 3838 5352 mun-

2229 5391 2372 5448 dum
2402 5394 2774 5465 praetereunt,
2807 5388 2947 5463 quia
2975 5407 3080 5464 pro
3112 5388 3296 5446 nihilo
3327 5388 3567 5458 habent,
3596 5391 3649 5443 et
3674 5383 3738 5442 ad
3755 5377 3838 5436 illa

2230 5479 2486 5538 caelestia
2515 5484 2638 5538 toto
2671 5495 2870 5537 amore
2901 5482 3245 5537 transeunt:
3269 5497 3305 5535 a
3333 5467 3838 5562 quibus,sceleratis

2228 5567 2480 5628 inaniter
2525 5567 2926 5642 operantibus,
2955 5567 3120 5628 nulla
3168 5567 3496 5627 benedictio
3539 5563 3834 5640 prestatur.
