4068 6160
164 210 249 270 rn
1337 192 1749 287 exposmo
1807 194 2349 261 PSALMORUM.

3454 208 3573 271 478

153 339 237 399 Sed
260 355 320 395 ne
346 336 465 395 ista
492 332 821 393 benedictio
852 335 1160 409 putaretur
1208 330 1493 389 humanis
1542 328 1776 387 viribus
1811 330 1876 397 Α
1906 328 2412 404 terim,patienter
2439 333 2854 408 expectavit.Et
2883 337 3037 412 quod
3072 356 3187 397 non
3220 338 3367 399 dixit
3412 346 3571 402 tran-

149 425 1087 503 spplicanda,addit,benediximus
1118 424 1303 489 vobis,
1337 426 1427 477 etc
1462 439 1476 477 :
1511 421 1647 493 ipsa
1686 422 1787 473 est

147 520 271 575 enim
318 518 491 572 ﬁrma
518 519 576 571 et
614 530 753 571 vera
792 513 1140 581 benedictio,
1196 530 1323 586 quae
1376 511 1491 567 sub
1534 507 1789 564 Domini

142 604 667 664 commemoratione
711 604 929 677 agitur,
981 621 1014 658 a
1047 620 1163 676 quo
1197 600 1355 657 venit
1406 615 1581 655 omne
1614 596 1795 669 quod

137 696 359 770 expedit.

555 817 762 857 ORATIO
800 818 872 857 EX
911 817 1067 856 PSAL.
1106 816 1332 856 CXXVIII.

192 912 270 967 Ab
296 909 567 965 omnium
599 906 1081 980 impugnantium
1120 904 1417 978 nequitiis,
1446 896 1796 957 Ecclesiam

131 1008 276 1057 tuam
322 998 593 1063 Domine,
629 998 869 1053 dextera
916 1000 1030 1051 tum
1070 992 1339 1067 potentiae
1382 989 1634 1047 defende
1676 1002 1691 1042 :
1730 992 1798 1044 ut

133 1088 368 1145 inimicis
399 1090 729 1142 retrorsum
762 1083 1270 1152 conversis,sacris
1290 1099 1324 1138 a
1348 1084 1403 1136 te
1429 1075 1797 1135 benedictio-

133 1178 289 1233 nibus
318 1174 758 1248 repleatur.Per
773 1173 1092 1229 Dominum
1112 1176 1378 1228 nostrum
1396 1170 1603 1226 Jesum
1626 1165 1797 1221 Chri-

134 1273 293 1334 stum,
324 1270 437 1321 etc.

542 1376 547 1379 ’
653 1377 987 1434 PSALMUS
1022 1376 1256 1433 CXXIX.

536 1484 950 1523 ARGUMENTUM
990 1484 1144 1522 PSAL.
1184 1481 1371 1521 CXXIX.

198 1587 235 1643 C
259 1584 487 1643 Clamat
517 1583 809 1657 propheta
828 1583 901 1638 ad
924 1581 1337 1651 Dominum,ut
1361 1597 1393 1635 a
1411 1582 1789 1651 peccatorum

146 1675 405 1750 profundo
453 1673 745 1729 liberetur
796 1688 808 1727 :

147 1781 385 1839 querens
415 1763 491 1819 de
525 1760 976 1818 calamitatibus
1006 1758 1301 1815 indicatis.

569 1852 685 1906 TT.
719 1852 1015 1908 Canticum
1042 1850 1337 1920 graduum.

150 1945 170 2000 1
264 1945 333 2000 De
358 1941 659 2015 profundis
688 1941 933 1996 clamavi
960 1938 1031 1995 ad
1062 1944 1113 1994 te
1145 1939 1372 1994 Domine
1405 1952 1419 1989 :

268 2032 514 2095 Domine,
548 2029 761 2086 exaudi
788 2045 971 2085 vocem
1001 2045 1194 2085 meam.

207 2122 243 2177 Ο
269 2119 629 2176 Profundum
661 2122 752 2175 est
780 2117 952 2190 quasi
985 2132 1154 2190 porro
1180 2114 1640 2186 fundum,cujus
1670 2113 1791 2169 ima

152 2210 361 2266 omnino
410 2209 687 2264 demersa
713 2210 872 2262 sunt.
908 2206 989 2262 De
1034 2206 1148 2261 isto
1181 2204 1472 2278 profundo
1504 2203 1790 2276 gloriosas

156 2297 336 2354 effudit
362 2297 657 2371 lacrymas
686 2293 1275 2368 Petrus,publieanus
1307 2298 1541 2367 pectora
1567 2294 1791 2349 tutudit

157 2388 264 2442 Luc.
292 2386 466 2457 xvm),
497 2385 687 2441 Jonas
725 2384 943 2440 tacitus
987 2382 1321 2439 vociferavit
1350 2383 1528 2455 (Joan.
1558 2383 1641 2455 ιι).
1677 2384 1787 2439 Do-

156 2476 311 2541 mine,
340 2474 546 2531 exaudi
604 2491 618 2528 :
673 2474 757 2529 sic
816 2488 952 2529 cum
1002 2473 1073 2528 de
1122 2472 1414 2546 profundo
1460 2473 1664 2545 oravit,
1715 2475 1784 2530 ad

155 2563 398 2620 altissimi
431 2561 850 2635 Redemptoris
880 2560 1142 2617 celeriter
1172 2562 1325 2618 dona
1373 2562 1653 2635 pervenit.
1690 2563 1791 2619 Est

150 2668 269 2725 ergo
306 2650 444 2708 illud
495 2652 880 2725 profundum,
930 2650 1225 2722 profunda
1268 2649 1579 2708 humilitas
1604 2652 1787 2726 pmni-

150 2741 340 2797 lentiae.

151 2832 180 2882 2
280 2833 436 2887 Fiant
460 2847 627 2887 aures
657 2837 772 2887 tua?
800 2829 1135 2886 intendentes
1159 2846 1172 2883 :

282 2921 340 2974 In
366 2936 545 2976 vocem
567 2920 966 2992 deprecationis
996 2934 1152 2975 meae.

861 1669 1322 1728 benevolentiam
1376 1668 1515 1725 boni
1564 1668 1788 1740 judicis
1819 1706 1867 1771 B
1897 1675 1931 1726 7

1904 418 2187 476 sitorium
2219 420 2456 495 aliquod
2489 425 2990 500 verbum,exponit
3020 433 3571 501 sequenter,dibens

1904 507 2057 565 illud
2089 512 2336 567 verbum
2359 514 2673 570 Dominum
2692 533 2704 571 :
2722 515 2986 589 Speravit
3011 518 3209 575 anima
3230 537 3361 578 mea
3387 523 3444 578 in
3468 528 3575 580 Do-

1909 598 2097 666 mino,
2130 600 2357 657 scilicet
2388 602 2487 675 qui
2519 607 2607 659 est
2631 605 2873 661 verbum
2906 606 3381 681 Patris,speravit
3411 613 3570 670 enim

1910 688 2114 744 anima
2145 705 2300 756 mea,
2324 693 2479 763 quod
2516 693 2728 749 futuris
2760 697 3123 768 temporibus
3148 698 3218 754 de
3250 700 3433 757 Maria
3460 704 3571 759 vir-

1909 776 2067 850 gine,
2099 783 2341 853 propter
2378 780 2679 839 interitum
2728 785 2957 856 generis
3005 785 3248 843 humani
3301 790 3567 848 auferen-

1910 867 2077 942 dum,
2112 870 2276 926 nasci
2309 870 2668 944 dignaretur.

1906 958 1943 1012 6
2049 964 2094 1015 Α
2127 959 2380 1017 custodia
2408 963 2685 1018 matutina
2714 979 2883 1035 usque
2911 964 2981 1019 ad
3011 970 3222 1022 noctem
3254 986 3271 1022 :

2050 1048 2240 1121 Speret
2270 1050 2441 1107 Israel
2467 1053 2525 1105 in
2560 1053 2817 1108 Domino.

1978 1136 2020 1192 C
2048 1139 2096 1193 A
2126 1138 2398 1196 custodia
2441 1140 2733 1195 matutina
2768 1158 2780 1196 :
2815 1142 3091 1199 Custodia
3138 1146 3430 1203 matutina
3477 1152 3568 1205 est

1907 1228 2259 1284 resurrectio
2308 1228 2544 1295 Christi,
2579 1228 2679 1301 qui
2725 1232 3189 1290 custodientibus
3227 1234 3565 1308 sepulcrum

1905 1315 2201 1372 militibus
2232 1317 2524 1373 matutino
2554 1322 2815 1390 tempore
2845 1322 3116 1377 surrexit.
3149 1340 3217 1379 ex
3261 1341 3376 1396 quo
3407 1325 3566 1383 enim

1904 1403 2177 1462 Christus
2208 1406 2526 1462 resurrexit
2554 1424 2588 1461 a
2618 1409 3031 1482 mortuis,spes
3062 1397 3330 1468 Ecclesia
3362 1415 3567 1470 confir-

1903 1497 2066 1549 mata
2096 1498 2187 1551 est
2214 1494 2277 1550 in
2310 1495 2786 1569 Domino.Usque
2814 1498 2887 1553 ad
2913 1500 3226 1571 noctem,id
3254 1506 3567 1575 est,usque

1901 1582 1960 1637 in
1992 1584 2174 1639 ﬁnem
2207 1584 2440 1640 mundi.

2045 1674 2196 1744 Quia
2228 1673 2379 1745 apud
2403 1675 2697 1731 Dominum
2726 1677 3106 1734 misericordia
3136 1694 3149 1731 :

2042 1764 2107 1817 Et
2134 1763 2357 1833 copiosa
2381 1761 2528 1833 apud
2557 1778 2683 1818 eum
2712 1764 3027 1837 redemptio.

1970 1849 2012 1905 C
2043 1850 2296 1906 Reddita
2324 1855 2416 1906 est
2443 1867 2624 1906 causa
2652 1853 2963 1921 mirabilis,
3014 1870 3196 1926 quare
3252 1855 3433 1913 Israel
3464 1857 3565 1915 de-

1896 1939 2126 1996 buisset
2155 1939 2215 1995 in
2248 1938 2500 1996 Domino
2533 1957 2805 2012 sperare:
2835 1942 3052 2014 quiain
3083 1944 3211 2015 ejus
3246 1961 3427 2000 manu
3462 1946 3568 2002 mi-

1899 2028 2218 2084 sericordia
2247 2033 2360 2099 est,
2395 2046 2521 2101 quae
2552 2034 2743 2102 potest
2789 2047 2859 2086 ex
2908 2048 3176 2103 perverso
3225 2032 3419 2089 facere
3457 2034 3565 2106 ju-

1899 2121 2079 2186 stum,
2113 2134 2184 2173 ex
2215 2117 2515 2174 imbecillo
2546 2118 2960 2187 immortalem,
2993 2136 3062 2175 ex
3091 2137 3302 2177 carneo
3335 2123 3566 2196 angelis

1898 2205 2175 2263 similem.
2208 2206 2454 2263 Addidit
2481 2209 2658 2264 etiam
2706 2213 2764 2264 et
2801 2208 3035 2280 copiosa
3064 2210 3393 2282 redemptio
3449 2231 3462 2269 :
3520 2218 3567 2271 A

1898 2296 2047 2360 Quia
2078 2313 2192 2351 non
2225 2314 2374 2352 auro
2408 2314 2511 2352 nec
2537 2300 2797 2370 argento,
2833 2298 2934 2353 sed
2980 2299 3233 2370 pretioso
3273 2303 3567 2375 sanguine

1899 2402 2005 2440 nos
2038 2385 2311 2440 redemit.
2347 2387 2392 2442 Η
2424 2386 2525 2443 Vel
2559 2387 2795 2459 copiosa
2824 2387 2985 2454 dicit,
3021 2404 3091 2442 ne
3121 2387 3441 2461 quisquam
3474 2393 3568 2451 de-

1898 2477 2160 2547 speraret
2189 2473 2266 2529 de
2294 2476 2481 2543 venia,
2514 2476 2811 2532 arbitrans
2866 2492 2983 2530 non
3036 2492 3224 2548 usque
3253 2479 3335 2534 'ad
3370 2480 3565 2554 ipsum

1898 2561 2326 2634 redemptionis
2358 2564 2609 2636 pretium
2641 2582 2814 2637 posse
2844 2563 3164 2637 pervenire.

1895 2654 1931 2708 8
2038 2652 2104 2707 Et
2135 2653 2253 2723 ipse
2282 2653 2514 2710 redimet
2538 2655 2709 2709 Israel
2739 2673 2758 2709 :

2039 2742 2124 2796 Ea:
2150 2744 2408 2799 omnibus
2439 2743 2821 2814 iniquitatibus
2850 2744 2987 2815 ejus.

1969 2833 2009 2885 C
2040 2830 2314 2886 Redemit
2340 2831 2539 2903 itaque
2572 2831 2786 2887 Israel:
2821 2829 3106 2903 sanguine
3146 2833 3428 2906 pretioso,
3463 2837 3565 2911 qui

1900 2918 2173 2991 purifieat
2188 2936 2308 2975 non
2332 2921 2725 2991 cruentat,qui
2746 2937 2859 2974 non
2880 2917 3138 2974 maculat
3154 2920 3256 2976 sed
3279 2927 3567 2983 emundat

216 3008 258 3063 Η
292 3008 411 3065 Non
457 3009 555 3065 hic
605 3007 899 3064 carnalem
946 3021 1148 3064 aurem
1198 3009 1491 3083 propheta
1532 3009 1790 3081 postulat
1826 3073 1861 3083 Α
1900 3009 1972 3064 ab
2004 3006 2287 3064 omnibus
2319 3007 2585 3064 maculis.
2618 3008 2728 3062 Sed
2762 3024 2895 3061 cum
2930 3006 3071 3060 dicit
3101 3006 3229 3079 ipse
3259 3026 3271 3065 :
3308 3016 3565 3071 ostendit

155 3096 347 3165 (sciens
371 3097 555 3155 Deum
584 3097 993 3167 incorporeum
1023 3073 1333 3167 esse),-sed
1366 3073 1790 3171 virtutem,qua
1818 3073 1862 3140 δ
1902 3100 2113 3171 praeter
2142 3095 2341 3168 ipsum
2370 3095 2651 3153 evadendi
2680 3073 3208 3168 impossibilitatem
3243 3115 3256 3152 :
3292 3104 3351 3157 et
3379 3101 3561 3162 alium

158 3200 282 3242 suos
309 3186 575 3242 exaudire
602 3186 901 3258 dignatur,
933 3184 1213 3258 exposcit.

156 3278 183 3327 3
282 3275 337 3331 Si
362 3274 684 3347 iniquitates
708 3275 1097 3342 observaveris,
1128 3276 1359 3332 Domine
1389 3292 1404 3331 :

282 3364 522 3434 Domine,
554 3364 683 3435 quis
713 3356 1049 3418 sustinebit?

217 3451 256 3506 C
284 3453 653 3524 Iniquitatem
684 3451 809 3507 vult
836 3451 1081 3525 intelligi
1103 3468 1276 3508 omne
1298 3456 1788 3528 peccatum,quod

160 3545 329 3609 potest
371 3541 571 3615 aliqua
618 3540 904 3613 pravitate
953 3541 1244 3597 committi
1276 3557 1290 3597 :
1326 3543 1599 3615 iniquum
1631 3544 1787 3601 enim

159 3632 254 3693 est,
284 3632 431 3702 quod
469 3631 708 3702 justum
760 3646 874 3685 non
923 3634 1030 3686 est.
1060 3629 1280 3687 Videns
1328 3648 1466 3704 ergo
1505 3633 1789 3706 propheta

159 3716 364 3774 nullum
394 3736 544 3789 esse,
580 3718 683 3791 qui
734 3735 850 3774 non
897 3725 1000 3775 aut
1041 3719 1494 3792 cogitationibus
1528 3723 1783 3789 excedat,

158 3809 247 3859 aut
273 3822 444 3865 vacuo
464 3822 739 3864 sermone
765 3807 1087 3880 delinquat,
1119 3813 1221 3864 aut
1252 3809 1411 3865 inani
1443 3813 1577 3866 actu
1614 3827 1785 3867 occu-

158 3897 311 3961 petur
350 3913 364 3950 :
412 3896 557 3953 dicit
599 3895 846 3968 justitia:
876 3896 1063 3969 ipsius
1094 3896 1421 3954 humanum
1455 3916 1639 3971 genus
1671 3916 1783 3955 non

158 3982 542 4054 sumcere,nisi
572 3984 982 4041 misericordiae
1013 3989 1249 4058 preestet
1269 3987 1550 4044 auxilium
1576 4004 1588 4044 :
1615 4004 1785 4045 nemo

157 4071 296 4127 enim
325 4073 506 4130 solam
540 4074 641 4130 Dei
666 4073 960 4147 justitiam
996 4074 1284 4131 sustinere
1315 4081 1533 4149 posset.

157 4160 186 4214 In
286 4165 431 4235 Quia
458 4164 608 4237 apud
633 4171 686 4220 te
706 4165 1033 4236 propitiatio
1062 4167 1143 4220 est
1177 4181 1189 4219 :

281 4252 346 4308 Et
366 4262 587 4326 propter
616 4253 788 4323 legem
817 4260 970 4307 tuam
992 4254 1234 4308 sustinui
1257 4261 1326 4319 te,
1364 4256 1612 4311 Domine.

219 4338 531 4397 CTerritus
564 4341 749 4413 igitur
770 4340 1009 4413 justitia
1057 4340 1179 4410 Dei,
1213 4343 1285 4398 ad
1334 4348 1640 4415 patronam
1681 4345 1787 4399 mi-

1900 3185 2131 3244 nullum
2164 3184 2428 3258 potuisse
2459 3202 2565 3242 nos
2598 3184 2903 3241 redimere.

2366 3306 2570 3347 ORATIO
2610 3306 2679 3346 EX
2716 3307 2870 3346 PSAL.
2913 3307 3099 3346 CXXIX.

1970 3398 2284 3454 Intendant
2314 3413 2678 3469 quaesumus,
2706 3395 3211 3469 Domine,pietatis
3238 3402 3353 3455 tua;
3385 3419 3557 3462 aures

1897 3488 1957 3545 in
1990 3487 2286 3543 orationes
2317 3485 2821 3559 supplicum,quia
2844 3485 2999 3558 apud
3024 3489 3078 3541 te
3105 3487 3444 3559 propitiatio
3467 3498 3557 3550 est

1897 3579 2272 3651 peccatorum
2306 3592 2319 3630 :
2352 3580 2419 3630 ut
2449 3591 2564 3630 non
2590 3575 2860 3630 observes
2908 3573 3251 3647 iniquitates
3293 3584 3549 3650 nostras,

1896 3666 1997 3723 sed
2029 3665 2337 3738 impertias
2367 3663 2537 3720 nobis
2567 3662 3001 3719 misericordias
3031 3668 3186 3720 tuas.
3221 3669 3330 3725 Per
3356 3671 3553 3726 Domi-

1896 3771 2038 3811 num
2062 3758 2332 3811 nostrum
2363 3752 2589 3819 Jesum,
2615 3755 2723 3808 etc.

2440 3871 2568 3922 PSA
2578 3867 2771 3923 LMUS
2810 3866 3012 3924 CXXX.

2328 3972 2728 4013 ARGUMENTUM
2769 3973 2920 4012 PSAL.
2963 3974 3126 4013 CXXX.

1965 4077 2006 4132 C
2019 4074 2296 4147 Exemplo
2310 4090 2416 4128 suo
2432 4071 2719 4144 propheta
2739 4070 3133 4128 humilitatem
3147 4073 3546 4130 Christianum

1895 4164 2177 4240 populum
2208 4163 2446 4226 docens,
2478 4176 2710 4232 pcenam
2743 4160 2794 4216 ei
2821 4158 3233 4232 gravissimam
3277 4162 3462 4234 ponit,
3497 4165 3547 4219 si

1893 4254 2172 4311 mandata
2202 4249 2430 4306 Domini
2461 4265 2577 4304 non
2608 4264 2744 4303 cum
2775 4265 3013 4304 summa
3042 4248 3375 4306 humilitate
3407 4267 3544 4306 sus-

1893 4342 2109 4416 ceperit
2131 4340 2542 4409 :hortaturquo
2565 4336 2835 4393 Israelem
2853 4337 3078 4411 jugiter
3098 4355 3332 4410 sperare
3355 4339 3414 4394 in
3439 4339 3546 4397 Do-

157 4428 512 4488 serieordiam
543 4429 829 4487 convolat.
863 4431 989 4486 Non
1017 4434 1106 4487 est
1134 4430 1291 4487 enim
1324 4431 1383 4487 in
1430 4432 1650 4490 nostris
1680 4451 1775 4492 ac-
1807 4443 1853 4507 D
1886 4434 2067 4497 mino,
2101 4432 2390 4502 quatenus
2421 4425 2615 4483 saeculi
2643 4426 2885 4482 adversa
2914 4426 3102 4484 valeat
3130 4426 3396 4485 tolerare.

156 4513 300 4573 tibus
328 4523 390 4573 ut
417 4536 750 4575 mereamur
777 4518 1021 4586 absolvi,
1054 4519 1155 4575 sed
1195 4519 1385 4591 ipsius
1417 4521 1781 4593 propitiatio-

156 4603 239 4659 nis
264 4612 369 4677 est,
398 4612 462 4663 ut
484 4608 857 4665 conﬁtean
888 4624 1052 4664 reum
1083 4607 1331 4665 liberare
1352 4610 1782 4682 dignetur.Haac

155 4698 234 4747 est
258 4700 445 4753 autem
474 4697 655 4763 lex,id
685 4702 793 4763 est,
826 4697 1157 4770 evangelica
1196 4697 1409 4768 jussio,
1460 4715 1563 4771 per
1600 4716 1781 4772 quam

154 4796 207 4837 se
225 4783 356 4854 jure
382 4787 656 4843 credebat
684 4802 812 4842 esse
842 4785 1208 4842 salvandum.
1243 4786 1536 4843 Sustinuit
1568 4803 1581 4842 :
1624 4788 1782 4844 indi-

151 4875 234 4926 cat
267 4873 626 4943 charitatem,
667 4891 796 4947 quae
844 4879 1028 4930 totam
1078 4873 1349 4943 sustinet,
1396 4878 1454 4930 et
1495 4876 1782 4947 perfectos

150 4958 316 5017 efﬁcit
340 4962 723 5020 Christianos.
756 4962 860 5019 Vel
891 4963 983 5019 lex
1011 4967 1113 5019 tua
1158 4979 1171 5017 :
1223 4961 1315 5019 lex
1343 4967 1433 5020 est
1462 4964 1781 5021 miserendi

152 5050 571 5117 penitentibus.

149 5136 182 5188 5
278 5139 545 5197 Sustinuit
575 5143 769 5197 anima
797 5158 920 5198 mea
948 5143 1010 5198 in
1034 5142 1194 5198 verbo
1222 5142 1339 5214 ejus
1369 5157 1389 5196 :

280 5228 522 5300 Speravit
549 5232 745 5287 anima
772 5248 895 5287 mea
924 5232 981 5287 in
1011 5232 1262 5288 Domino.

211 5312 252 5369 C
276 5317 566 5375 Sustinuit
595 5320 796 5377 anima
825 5337 955 5376 mea
1002 5321 1060 5376 in
1106 5318 1280 5375 verbo
1313 5320 1442 5390 ejus
1476 5335 1490 5374 :
1524 5320 1663 5392 quia
1695 5321 1778 5378 in-

150 5406 525 5465 carnationem
560 5408 789 5465 Domini
819 5410 1092 5466 credebat
1120 5424 1248 5465 esse
1272 5411 1774 5466 venturam.Chri-

151 5493 266 5549 slus
290 5496 440 5554 enim
469 5497 718 5555 verbum
749 5497 909 5556 istud
957 5501 1064 5565 est,
1098 5498 1251 5570 quod
1296 5497 1638 5555 sustinendo
1679 5499 1773 5555 in-

2331 4516 2445 4572 T'I‘.
2482 4517 2779 4572 Canticum
2807 4516 3101 4585 graduum,

1962 4611 2003 4668 C
2034 4611 2216 4667 Totus
2246 4606 2343 4662 hic
2373 4603 2638 4679 psalmus
2670 4606 2741 4661 de
2775 4605 3225 4662 mansuetudine
3245 4610 3420 4679 atque
3441 4606 3545 4663 hu-

1891 4699 2139 4758 militate
2170 4699 2440 4752 cantatur
2472 4711 2485 4749 :
2518 4711 2702 4768 eoque
2730 4695 2886 4760 ﬁt,ut
2914 4711 3063 4767 quos
3094 4693 3258 4750 labor
3281 4694 3543 4767 praemis-

1892 4809 1969 4847 sa:
2000 4784 2383 4844 confessionis
2412 4782 2947 4851 afﬂxerat,dulcedo
2978 4782 3243 4856 gloriosae
3288 4783 3543 4840 devotio-

1892 4879 1985 4935 nis
2016 4874 2255 4934 reﬁciat.

1889 4972 1927 5023 2
2033 4964 2278 5028 Domine,
2306 4977 2418 5017 non
2447 4965 2526 5016 est
2551 4960 2857 5016 exaltatum
2884 4977 2977 5017 eor
3003 4973 3186 5014 meum
3214 4977 3235 5013 .-

2033 5056 2214 5126 Neque
2239 5051 2373 5107 elati
2399 5052 2529 5104 sunt
2557 5050 2704 5104 oculi
2730 5050 2860 5104 mei.

1961 5145 2004 5202 C
2023 5141 2241 5200 Taliter
2260 5139 2353 5195 hic
2376 5136 2781 5211 hypotheticus
2803 5136 3180 5212 syllogismus
3201 5137 3500 5195 enascitur
3523 5157 3536 5196 :

1891 5241 1980 5292 est
2010 5232 2167 5290 enim
2197 5225 2485 5296 sensus,si
2515 5243 2630 5281 non
2660 5225 2976 5282 exaltatum
3001 5243 3100 5282 eor
3122 5243 3541 5299 meum,neque

1887 5322 2022 5381 elati
2052 5323 2191 5376 sunt
2218 5315 2367 5372 oculi
2399 5312 2512 5369 mei
2565 5330 2577 5370 :
2625 5330 2659 5369 a
2703 5315 2979 5386 superbia
3021 5315 3292 5372 videlicet
3331 5315 3542 5371 reddor

1888 5409 2446 5470 alienus.Aattamen
2480 5419 2595 5458 non
2627 5405 2716 5459 est
2745 5403 3062 5460 exaltatum
3085 5421 3185 5460 cor
3214 5421 3540 5472 meum,ne-

1886 5519 1999 5575 que
2019 5497 2169 5556 oculi
2192 5494 2329 5552 elati
2350 5493 2563 5548 sunt.A
2581 5493 2855 5565 superbia
2874 5492 3055 5568 igitur
3071 5493 3284 5551 reddor
3307 5493 3538 5551 alienus
