4068 6160
183 308 266 369 ρει
1368 289 1796 353 EXPOSITIO
1847 292 2391 355 PSALMonuu.

3485 302 3603 365 482

178 438 465 506 Betlehem,
497 434 741 493 Michsea
771 431 1060 509 propheta
1089 430 1318 487 dicente
1363 445 1377 484 :
1425 426 1496 483 Et
1540 429 1600 482 tu
1640 422 1795 481 Beth
1862 426 1917 495 Α
1951 423 2194 494 Christi,
2219 426 2467 500 apostoli
2485 432 2542 485 et
2558 428 2655 486 alii
2674 431 2846 504 positi
2870 437 3205 507 suntsuper
3219 435 3417 492 sedem
3439 435 3601 492 Chri-

174 529 333 585 lebem
364 526 625 600 Ephrata
651 539 1027 597 nequaquam
1055 537 1117 578 es
1147 518 1435 584 minima;
1471 531 1542 571 ex
1572 520 1633 571 te
1659 514 1835 570 enim
1951 514 2027 571 sti
2062 514 2165 588 qui
2199 516 2438 573 fuerunt
2469 518 2661 576 factus
2700 521 3128 594 praedicationis
3165 523 3398 591 Christi,
3428 526 3601 581 verbo

170 618 299 674 exist
325 616 446 683 dux
479 613 750 683 Christus
780 611 976 685 (Mich.
1009 610 1089 681 v).
1136 606 1337 680 Campi
1389 604 1548 660 silvae
1584 621 1598 659 :
1637 602 1840 659 corda
1946 602 2111 662 illius
2143 605 2349 679 geniti.
2384 607 2492 663 Per
2518 609 2697 671 David
2729 610 2909 683 igitur
2937 611 3202 668 Christus
3233 612 3599 687 intelligitur,

167 709 289 771 sunt
315 703 608 778 gentium,
634 717 763 774 qua:
786 716 856 769 ex
880 697 1133 772 peccatis
1164 696 1329 770 prius
1358 691 1757 748 silvestribus
1780 694 1842 746 et
1948 693 2043 749 cui
2076 695 2251 750 Pater
2281 695 2391 751 hoc
2413 696 2654 768 juravit,
2687 700 2744 757 id
2777 705 2887 770 est,
2920 701 3165 757 ﬁrmiter
3212 703 3481 776 promisit
3508 720 3602 762 se-

166 793 418 853 dumosis
451 788 673 861 cubilia
721 789 961 845 fuerunt
1006 787 1357 852 daemonum,
1408 797 1566 838 nunc
1619 778 1837 851 campi
1947 784 2212 839 cundum
2240 782 2688 843 humanitatem,

163 885 483 942 vocitantur
515 876 1039 973 Domino__001f3f}f°
1086 871 1558 973 et__9¥?tirp‘fnt°'
1609 866 1836 941 Campi
1946 898 2015 954 12
2089 900 2155 956 Si
2178 900 2542 958 custodierint
2560 903 2671 973 ﬁlii
2699 903 2800 968 tui,
2833 906 3200 962 testamentrm
3227 923 3407 965 meum
3437 926 3456 966 :

164 992 195 1032 a
220 972 538 1047 capacitate
572 973 632 1025 et
662 966 859 1040 spatio
888 965 1102 1042 diffuso
1131 961 1270 1019 dicti
1295 964 1453 1018 sunt.

161 1069 193 1120 7
257 1054 620 1120 Introibimus
650 1060 713 1125 in
745 1055 1164 1121 tabernaculum
1191 1054 1306 1125 ejus
1338 1070 1355 1105 :

292 1148 663 1207 Adorabimus
692 1147 755 1201 in
784 1146 898 1201 loco
924 1142 1023 1198 ubi
1050 1145 1313 1198 steterunt
1336 1138 1496 1211 pedes
1521 1135 1669 1209 ejus.

164 1242 224 1298 ll.
252 1240 369 1296 Nos
400 1234 790 1294 introibimus
821 1232 880 1289 in
911 1229 1354 1288 tabernaculum
1403 1227 1504 1283 Dei
1537 1243 1551 1282 :
1607 1222 1714 1297 qui
1768 1223 1832 1280 in

166 1327 509 1403 adnuntians
548 1322 824 1397 Ecclesia
854 1338 960 1397 per
1001 1320 1318 1391 Dominum
1367 1330 1828 1403 congregemur.

2088 990 2156 1047 Et
2186 991 2499 1047 testimonia
2527 1008 2650 1049 mea
2677 992 2796 1049 haec
2824 1008 2951 1065 quae
2976 993 3168 1051 docebo
3195 1012 3303 1054 eos.

2014 1078 2056 1134 Ο
2091 1078 2318 1134 Dicitur
2346 1079 2523 1137 etiam
2554 1084 2609 1136 et
2638 1079 2745 1136 hoc
2763 1081 2834 1137 de
2854 1082 3134 1154 apostolis
3151 1089 3207 1140 et
3227 1086 3594 1157 Christianis,

1943 1164 2044 1238 qui
2075 1164 2183 1222 ﬁlii
2206 1166 2309 1222 Dei
2334 1165 2448 1222 dici
2472 1172 2812 1224 meruerunt
2835 1170 3167 1245 integritate
3190 1174 3403 1243 ﬁdei,si
3427 1179 3599 1233 testa-

1942 1258 2209 1311 mentum
2245 1255 2343 1312 Dei
2376 1273 2737 1328 omnemque
2759 1258 3083 1316 doctrinam
3117 1279 3263 1334 pura
3293 1263 3597 1322 devotione

1939 1345 2298 1400 custodiant.
2323 1344 2536 1401 Sedere
2566 1362 2797 1418 semper
2819 1349 2878 1404 in
2910 1349 3242 1408 coelcstibus
3268 1357 3327 1410 et
3354 1356 3598 1410 aeterna-

166 1419 204 1475 C
226 1417 403 1491 Pedes
432 1413 778 1489 signiﬁcant
803 1408 1172 1485 evangelicae
1192 1407 1532 1507 jussionesa
1558 1402 1640 1463 ibi
1662 1402 1819 1502 enim

1944 1430 2092 1500 liter,
2126 1432 2236 1490 hoc
2266 1437 2358 1491 est
2383 1450 2571 1507 usque
2620 1434 2680 1492 in
2732 1437 3033 1505 saeculum,
3067 1439 3286 1497 scilicet
3331 1442 3598 1499 futurum

169 1507 443 1579 steterunt
469 1502 656 1579 pedes
687 1501 840 1574 eius,
874 1498 976 1557 ubi
1006 1496 1142 1565 ﬁdei
1193 1496 1410 1561 veritas
1453 1492 1829 1569 dignoscitur

170 1612 282 1659 esse
311 1594 562 1669 {nudata
585 1606 600 1647 :
625 1593 789 1661 stant
808 1588 971 1657 enim
995 1585 1225 1659 Domini
1245 1584 1427 1660 pedes
1449 1587 1667 1657 aeterna
1686 1582 1826 1640 soli-

174 1688 332 1743 ditate
359 1680 632 1741 veritatis
660 1679 780 1735 ﬁxi.
812 1679 859 1734 Η
894 1677 979 1733 lbi
1005 1692 1143 1749 ergo
1168 1672 1656 1742 adorabimus,ibi
1690 1690 1824 1747 apo-

175 1774 371 1831 stolicae
396 1767 851 1844 praedicationes
876 1766 1218 1834 audiuntur,
1234 1780 1364 1836 qua:
1385 1764 1719 1818 sustentant
1740 1765 1822 1819 to-

177 1880 284 1920 tum
311 1876 529 1934 corpus
559 1856 833 1918 Ecclesiae
867 1872 882 1912 :
924 1855 1092 1915 locus
1137 1853 1336 1926 itaque
1384 1851 1514 1917 iste,
1567 1849 1823 1908 Ecclesia

179 1957 268 2009 est.

180 2043 209 2107 8
303 2040 498 2117 Surge,
528 2028 785 2109 Domine,
819 2036 880 2091 in
910 2033 1153 2119 requiem
1183 2035 1338 2093 tuam
1370 2045 1384 2086 :

278 2128 376 2186 'Tu
404 2136 457 2185 et
485 2143 620 2195 area
650 2122 1136 2193 sanctiﬁcationis
1167 2129 1301 2178 tuae.

240 2220 282 2276 Η
310 2219 349 2275 C
377 2219 588 2290 Surge,
625 2213 893 2280 Domine,
922 2212 981 2267 id
1013 2216 1101 2267 est
1131 2211 1204 2265 ab
1227 2207 1432 2265 inferis
1456 2210 1737 2263 revertere
1762 2208 1819 2263 in

179 2308 395 2365 deitatis
440 2311 556 2362 tuae
606 2300 1034 2377 beatitudinem
1084 2299 1529 2371 sempiternam.
1562 2295 1603 2351 C
1631 2297 1818 2363 Tuam

179 2398 296 2454 dico
317 2412 492 2469 quam
526 2393 636 2450 tibi
666 2397 770 2448 tua
801 2390 1082 2462 majestas
1114 2386 1407 2444 attribuit.
1441 2384 1527 2439 Tu
1558 2388 1616 2440 et
1662 2402 1816 2454 arca,

181 2487 275 2543 hoc
302 2490 389 2542 est
415 2482 886 2552 Ecclesia,quam
908 2476 1273 2535 sanctiﬁcare
1290 2475 1571 2549 dignatus
1591 2491 1672 2532 es.
1687 2474 1818 2531 Ideo

177 2592 297 2631 vero
323 2566 614 2647 Propheta
642 2572 713 2626 ad
748 2567 1045 2631 Christum
1079 2566 1263 2622 dicit:
1298 2579 1497 2636 surge,
1531 2564 1671 2635 quia
1692 2563 1819 2634 jam

180 2664 370 2747 spiritu
403 2658 672 2736 praevidit
698 2656 898 2727 omnia
926 2654 1170 2747 imple-ta
1198 2653 1819 2747 inprindestinatione,

180 2740 295 2827 quae
323 2748 595 2833 superius
628 2746 901 2807 Christus
930 2743 1221 2833 promisit.
1328 2740 1509 2809 Quasi
1553 2741 1769 2833 diceret
1802 2758 1817 2798 :

174 2842 290 2913 jam
318 2832 556 2915 explesti
584 2838 1012 2911 juramentum,
1046 2832 1358 2895 reddidisti
1408 2835 1629 2898 votum,
1661 2832 1819 2886 inve-

183 2930 311 2995 nisti
336 2924 527 2995 lociim
558 2916 699 2997 Deo,
722 2924 849 2996 jam
882 2921 1203 2996 produxisti
1233 2938 1303 2977 ex
1334 2921 1520 2977 latere
1566 2924 1669 2975 tuo
1716 2920 1820 2986 Ec-

185 3019 441 3087 clesiam;
472 3006 725 3091 exsurge
756 3030 929 3081 nunc,
956 3015 1243 3077 revertere
1276 3012 1339 3067 in
1374 3007 1820 3066 tabernaculum

186 3112 237 3161 et
262 3106 512 3180 requiem
542 3109 736 3173 tuam.

182 3196 219 3257 9
315 3186 619 3271 Sacerdotes
653 3192 738 3247 tui
770 3189 1071 3247 induantur
1089 3187 1314 3261 justitia
1344 3204 1364 3243 :

313 3286 375 3347 Et
398 3284 575 3364 sancti
606 3282 694 3337 tui
722 3279 1016 3337 exsultent.

247 3373 648 3451 Hsacerdotes
670 3369 772 3425 Dei
807 3368 1130 3424 induantur
1142 3365 1394 3447 justitia,
1423 3369 1489 3421 ut
1516 3363 1696 3420 lorica
1717 3363 1819 3436 ju-

187 3460 344 3516 stitie
373 3460 585 3523 muniti
618 3457 835 3533 (Ephes.
863 3456 961 3527 vx),
996 3471 1113 3511 non
1145 3455 1495 3510 sancientur
1529 3471 1563 3509 a
1600 3451 1819 3525 jaculis

186 3549 415 3607 inimici.
447 3550 488 3611 C
519 3550 589 3604 Et
614 3544 805 3603 sancti
836 3544 919 3600 tui
951 3543 1243 3600 exsultent
1279 3543 1379 3615 qui
1430 3541 1727 3598 Christum
1758 3541 1818 3597 in

191 3638 461 3712 baptismo
491 3637 839 3694 induerunt.
871 3635 914 3688 A
957 3631 1084 3700 Vel,
1136 3648 1340 3687 omnes
1389 3630 1596 3699 sancti,
1628 3647 1818 3686 sacer-

190 3728 338 3785 dotes
366 3726 502 3784 dicti
533 3729 711 3797 sunt,
736 3722 912 3797 regali
943 3721 1042 3778 illo
1077 3720 1399 3776 sacerdotio
1432 3720 1564 3776 ﬁdei
1597 3722 1653 3775 et
1681 3719 1817 3775 cha-

190 3816 366 3873 ritatis
393 3814 673 3879 decorati.

192 3905 255 3959 10
316 3909 540 3979 Propter
568 3901 744 3973 David
772 3917 990 3963 seruum
1019 3908 1177 3955 tuum
1207 3916 1228 3954 :

316 3982 435 4052 Non
457 4000 673 4057 avertas
699 3991 899 4065 [aciem
928 3989 1136 4047 Christi
1163 3988 1266 4049 tui.

255 4082 297 4139 H
325 4083 562 4157 Propter
585 4080 755 4139 illum
789 4078 889 4157 qui
938 4094 1007 4133 ex
1058 4076 1283 4135 semine
1332 4074 1510 4132 David
1570 4074 1818 4131 formam

190 4171 441 4228 servilem
472 4168 756 4243 suscepit,
788 4184 905 4227 non
937 4169 1233 4225 avertatur
1271 4163 1509 4225 claritas
1556 4163 1819 4237 imiginis

188 4248 595 4339 tueasanctis,
626 4246 687 4319 in
713 4257 930 4329 quibus
950 4254 1239 4319 inhabitet
1258 4254 1549 4320 Christus,
1573 4252 1675 4310 sed
1697 4252 1821 4339 illu-

190 4336 362 4425 minet
406 4366 525 4407 eos.
571 4340 618 4404 Α
649 4347 691 4403 C
716 4345 820 4402 Vel
872 4345 1019 4418 petit
1047 4343 1337 4418 PrOpheta
1363 4346 1429 4407 ut
1456 4359 1491 4398 a
1518 4345 1689 4415 gente
1716 4336 1818 4398 Ju-

189 4438 431 4496 dazorum
460 4456 576 4496 non
608 4438 831 4494 avertat
846 4433 1066 4490 ‘t'aciem
1097 4449 1289 4507 suam,
1314 4435 1550 4511 propter
1570 4435 1817 4487 mortem

187 4526 405 4607 Christi.
436 4526 725 4607 Exaudite
748 4528 837 4585 est
863 4521 1069 4587 oratio,
1098 4522 1245 4595 quia
1287 4521 1457 4581 multi
1517 4520 1588 4577 de
1646 4525 1820 4599 gente
1851 4537 1899 4605 ι)

188 4613 281 4680 illa
308 4602 444 4695 salvi
475 4604 619 4693 sunt
650 4614 784 4693 (Act.
813 4614 955 4684 xxi),
990 4616 1055 4673 ut
1082 4609 1328 4684 apostoli
1357 4614 1414 4666 et
1444 4609 1543 4664 alii
1574 4608 1766 4665 multi.

188 4705 245 4760 lt
318 4707 526 4763 Iuravit
554 4705 817 4783 Dominus
846 4700 1017 4763 David
1044 4701 1328 4755 veritatem
1356 4706 1405 4755 et
1436 4713 1545 4754 nou
1585 4700 1824 4771 frustra:

388 4797 535 4862 bitur
556 4811 684 4870 eum
712 4811 732 4848 :

319 4885 389 4953 De
412 4888 609 4959 fructu,
628 4882 836 4939 ventris
864 4881 949 4937 tui
970 4895 1174 4965 ponam
1203 4894 1367 4950 super
1393 4876 1572 4937 sedem
1595 4884 1767 4965 tuam.

185 4970 224 5027 C
246 4972 387 5039 Quid
413 4973 573 5045 enim
605 4970 837 5045 firmius
876 4968 1067 5043 potest
1107 4965 1224 5025 dici
1254 4982 1432 5039 quam
1464 4966 1697 5038 quando
1726 4964 1824 5022 ille

179 5059 333 5139 iurat
351 5044 451 5135 per
474 5046 652 5139 quem
666 5058 922 5139 juratur.
942 5053 1042 5111 Ille
1062 5053 1351 5127 promittit
1373 5052 1472 5139 qui
1495 5069 1610 5121 non
1632 5055 1825 5126 potest

187 5132 324 5223 falli.
352 5132 658 5223 Frustrare
678 5133 777 5216 est
806 5146 867 5200 in
900 5143 1134 5200 irritum
1178 5132 1468 5216 promissa
1515 5142 1819 5211 deducere,

187 5220 333 5311 quod
350 5238 442 5302 hic
462 5220 673 5293 merito
694 5235 944 5309 denegat
964 5248 1135 5307 posse
1155 5230 1381 5296 evenire
1399 5229 1499 5286 ubi
1517 5230 1679 5288 locus
1694 5247 1823 5297 esse

185 5310 493 5404 deceptioni
527 5341 645 5383 non
676 5312 890 5404 potuit.
917 5322 1162 5387 Fructus
1193 5323 1282 5376 est
1300 5319 1821 5387 ventris,doctrina

186 5400 385 5482 Christi
418 5400 705 5487 ccelestis,
719 5412 791 5475 de
819 5427 937 5484 qua
953 5408 1205 5484 populus
1229 5407 1592 5471 Christianus
1613 5412 1703 5465 est
1722 5425 1819 5483 ge-

188 5510 441 5585 neratus,
461 5503 676 5562 sedens
708 5517 887 5574 super
917 5500 1115 5566 sedem
1145 5499 1305 5575 ejus,
1329 5498 1563 5573 quando
1603 5496 1821 5553 similia

188 5578 449 5652 mandata
474 5592 638 5653 illius
669 5591 872 5650 decere
900 5588 1201 5670 probatur.
1223 5590 1599 5655 successores
1620 5585 1818 5663 itaque

1936 1520 1995 1576 in
2031 1522 2197 1590 coelo,
2235 1523 2409 1595 cujus
2440 1540 2555 1579 non
2587 1524 2696 1581 erit
2724 1525 2879 1582 ﬁnis.

1932 1638 2003 1694 43
2075 1640 2142 1694 Et
2166 1640 2280 1711 ﬁlii
2309 1655 2503 1696 eorum
2526 1655 2694 1713 usque
2722 1642 2783 1699 in
2810 1645 3090 1701 secutum:

2076 1727 2357 1785 Sedebant
2379 1745 2544 1800 super
2570 1730 2747 1786 sedem
2777 1739 2946 1789 tuam.

1852 1802 1900 1881 Β
2001 1816 2070 1873 Η.
2103 1816 2409 1873 Sedebuut
2438 1820 2495 1873 et
2516 1816 2619 1873 ﬁlii
2642 1820 2847 1888 nostri,
2874 1822 2984 1878 hoc
3009 1826 3099 1879 est
3121 1824 3605 1882 rememorabun-

1932 1910 2029 1961 tur
2053 1924 2231 1979 opera
2262 1908 2440 1973 bona,
2474 1924 2601 1980 quae
2633 1910 2706 1964 ob
2737 1926 2999 1968 amorem
3028 1912 3188 1970 illius
3218 1913 3446 1986 operati
3495 1931 3599 1971 su-

1932 2012 2068 2051 mus
2097 1995 2155 2050 in
2188 2000 2509 2067 conspectu
2547 1998 2694 2069 ejus.

1934 2111 2001 2167 14
2072 2112 2362 2180 Quoniam
2389 2112 2550 2183 elegit
2575 2114 2840 2170 Dominus
2868 2116 3001 2171 Sion
3036 2134 3050 2172 :

2074 2200 2253 2269 Elegit
2280 2216 2404 2256 eam
2434 2203 2489 2257 in
2517 2202 2915 2261 habitationem
2941 2206 3071 2261 sibi.
3462 2264 3469 2269 ,
3583 2278 3587 2283 ,

1999 2290 2062 2344 Ρ.
2097 2289 2262 2357 Sion,
2298 2296 2504 2348 sancta
2532 2292 2807 2361 Ecclesia,
2837 2293 2897 2349 in
2932 2294 3061 2366 ipsa
3089 2295 3247 2352 enim
3276 2298 3595 2371 requiescit

1929 2377 2241 2447 Dominus,
2275 2378 2334 2434 id
2365 2385 2472 2449 est,
2506 2380 2565 2436 in
2598 2382 2873 2438 cordibus
2904 2382 3222 2441 electorum
3256 2390 3590 2454 suorum.id

1928 2471 2036 2535 est,
2070 2466 2129 2521 in
2161 2468 2388 2525 sanctis
2430 2470 2763 2541 animabus,
2818 2473 3202 2530 sacramentis
3254 2476 3594 2537 cmlestibus

1928 2555 2335 2615 sanctiﬁcatis.

1931 2673 1999 2728 15
2072 2676 2211 2729 Ηιῖνε
2242 2675 2458 2747 requies
2486 2691 2607 2732 mea
2638 2678 2698 2731 in
2725 2678 2987 2732 saeculum
3013 2684 3068 2744 ἐς
3110 2681 3308 2736 saeculi
3376 2688 3391 2748 ς
3436 2698 3455 2746 :

2070 2763 2169 2817 llic
2197 2763 2458 2821 habitabo
2488 2767 2751 2837 quoniam
2776 2767 2921 2836 elegi
2946 2783 3084 2824 eam.

1999 2850 2041 2907 C
2074 2850 2209 2923 Ipsa
2238 2857 2329 2908 est
2348 2854 2506 2910 enim
2529 2853 2759 2927 requies
2783 2854 3093 2910 Dominum
3116 2853 3317 2927 ipsum
3340 2863 3592 2936 speciale

1929 2940 2379 2997 tabernaculum
2403 2943 2461 2998 in
2485 2941 2774 3015 religiosis
2803 2943 3111 2998 hominum
3140 2950 3479 3016 pectoribus
3498 2952 3588 3009 in-

1929 3029 2139 3097 sidere,
2173 3034 2232 3085 et
2261 3032 2349 3087 sic
2381 3031 2598 3104 ubique
2627 3048 2775 3099 esse,
2813 3034 2875 3086 ut
2928 3031 2987 3086 in
3034 3031 3127 3088 his
3183 3033 3420 3095 dicatur
3473 3043 3587 3099 im-

1931 3135 2175 3176 mensus
2204 3124 2262 3176 et
2292 3118 2902 3193 incomprehensibilis
2929 3119 3212 3178 habitare.

1932 3237 2001 3293 16
2079 3235 2310 3292 Viduam
2339 3237 2457 3308 ejus
2485 3236 2801 3293 benedicens
2832 3235 3141 3293 benedicam
3170 3257 3190 3293 :

2062 3325 2339 3397 Pauperes
2365 3326 2484 3397 ejus
2510 3326 2769 3381 saturabo
2793 3327 3051 3396 panibus.

1997 3415 2045 3468 A
2078 3413 2197 3469 Vox
2228 3414 2415 3470 Patris
2447 3415 2518 3470 de
2580 3414 2724 3470 Filio
2779 3430 2907 3484 suo,
2967 3414 3204 3472 viduam
3265 3420 3416 3491 ejus,
3467 3426 3577 3481 etc.

1926 3504 1973 3558 A
2002 3501 2043 3557 C
2072 3501 2264 3557 Vidua
2294 3501 2507 3559 Christi
2540 3501 2755 3558 dicitur
2782 3501 3193 3577 Ecclesia,qua3
3222 3509 3387 3566 omni
3416 3513 3578 3569 auxi-

1926 3590 2004 3646 lio
2036 3592 2337 3650 mundano
2371 3592 2672 3657 destituta,
2699 3591 2886 3649 solam
2917 3609 3082 3664 spem
3109 3611 3278 3652 suam
3308 3600 3472 3669 ponit
3519 3601 3577 3657 in

1927 3680 2198 3737 Domino.
2233 3683 2418 3747 Quam
2446 3680 2797 3739 benedicens
2829 3681 3121 3738 beaedicit
3150 3685 3252 3757 qui
3271 3687 3403 3761 jugi
3447 3705 3577 3745 eam

1928 3769 2333 3827 benedictione
2362 3771 2706 3827 sanctiﬁcat.
2759 3770 2977 3827 Revera
3029 3787 3316 3846 pauperes
3364 3776 3580 3836 Christi

1928 3858 2148 3919 caelesti
2179 3877 2329 3932 pane
2357 3859 3013 3932 saginantur,quoniam
3036 3861 3095 3915 in
3124 3865 3443 3922 mundanis
3480 3883 3577 3925 co-

1927 3938 2043 4013 piis
2071 3956 2305 4012 semper
2332 3939 2708 4004 esuriunt,de
2738 3938 2954 4010 quibus
2984 3940 3217 3998 dicitur.
3250 3944 3409 4002 Beati
3440 3963 3576 4019 ραν-ι

1928 4045 2095 4103 peres
2125 4027 2335 4102 spiritu
2366 4026 2574 4099 (Matth.
2616 4026 2693 4099 v).

1931 4147 1996 4201 17
2069 4144 2380 4204 Sacerdotes
2410 4142 2528 4214 ejus
2559 4142 2787 4199 induam
2813 4143 3051 4201 salutari
3074 4164 3094 4200 :

2070 4237 2134 4290 Et
2163 4235 2342 4290 sancti
2367 4234 2487 4302 ejus
2515 4233 2884 4289 exsultatione
2913 4235 3260 4292 exultabant.

1999 4323 2391 4379 CSacerdotes
2403 4322 2505 4378 Dei
2519 4321 3575 4397 induuntursalutari,quandoDomi-

1928 4429 2069 4468 num
2083 4411 2442 4469 Salvatorem
2463 4426 2701 4467 summa
2735 4409 2869 4467 ﬁdei
2901 4410 3234 4486 integritate
3263 4415 3575 4489 recipiunt,

1929 4506 1986 4558 et
2015 4501 2204 4574 ipsius
2236 4500 2639 4557 misericordia
2667 4502 3016 4559 vestiuntur.
3052 4503 3454 4561 Exsultatione
3481 4522 3577 4562 ex-

1928 4589 2252 4658 sultabunt,
2272 4593 2616 4662 perpetuam
2648 4588 2910 4647 laetitiam
2942 4590 3067 4649 vult
3087 4592 3419 4665 signiﬁcare
3441 4611 3575 4650 san-

1933 4684 2158 4737 ctorum
2170 4720 2182 4734 .

1932 4786 2001 4843 t8
2072 4785 2195 4841 Illic
2218 4783 2519 4856 producam
2546 4800 2715 4840 cornu
2743 4784 2916 4841 Davia
2946 4803 2966 4842 :

2078 4875 2278 4930 Paravi
2307 4875 2584 4928 lucernam
2619 4873 2829 4929 Christo
2857 4890 2994 4930 meo.

2001 4964 2043 5020 C
2075 4962 2363 5029 lllic,cum
2394 4960 2742 5028 dicitur,il1a
2766 4961 3145 5018 beatitudinis
3177 4963 3408 5035 requies
3428 4964 3579 5022 desi-

1931 5057 2164 5127 gnatur,
2196 5051 2267 5107 de
2297 5066 2416 5123 qua
2443 5048 2717 5122 superius
2747 5048 2892 5104 dixit
2923 5066 2935 5100 τ
2968 5050 3099 5106 Haec
3139 5051 3370 5124 requies
3420 5069 3575 5125 mea,

1932 5146 2039 5199 etc.
2073 5140 2265 5197 Cornu
2292 5138 2490 5207 David,
2524 5136 2802 5193 fortitudo
2830 5139 3134 5210 potestatis
3156 5140 3372 5198 Christi
3398 5141 3457 5197 in
3479 5143 3579 5201 illa

1922 5228 2284 5304 judicatione
2314 5227 2693 5284 monstranda
2735 5230 2845 5294 est,
2878 5227 2977 5284 ubi
3035 5229 3108 5285 ab
3168 5228 3297 5302 ipso
3355 5232 3581 5295 sanctis

1929 5324 2145 5377 aeterna
2174 5316 2414 5391 praemia
2442 5317 2862 5397 conceduntur.
2891 5317 3095 5374 Paravi
3148 5317 3472 5388 lucernam,
3505 5320 3574 5392 H,

1927 5410 1973 5465 A
2002 5408 2043 5464 C
2072 5407 2131 5462 id
2161 5411 2250 5463 est
2277 5406 2562 5463 Joannem
2593 5405 3032 5479 Baptistam,vel
3054 5407 3184 5480 ejus
3208 5407 3408 5465 lumen
3431 5425 3576 5480 prae-

1927 5496 2255 5565 dicationis,
2290 5495 2513 5552 scilicet
2541 5494 2785 5553 Joannis
2816 5496 3108 5572 Baptistae,
3142 5496 3243 5573 qui
3285 5497 3395 5555 fuit
3441 5511 3577 5562 vera

1925 5586 2166 5647 lucerna
2194 5584 2408 5644 Christi
2441 5585 2617 5662 (Joan.
2648 5587 2727 5660 v).
