4068 6160
491 365 608 428 49⁸)

493 501 562 554 19
633 501 896 557 Inimicos
923 498 1039 569 ejus
1069 496 1298 552 induam
1323 499 1640 569 confusione
1667 516 1690 552 .'

629 591 804 660 Super
828 589 1002 659 ipsum
1033 589 1220 641 autem
1247 586 1552 658 eefﬂorebit
1601 587 1964 659 sanctiﬁcatio
1990 602 2133 643 mea.

558 678 598 732 C
645 677 806 732 Sicut
854 675 1185 730 sacerdotes
1232 673 1334 730 Dei
1383 675 1714 730 induuntur
1759 674 2022 741 salutari,
2055 675 2137 732 ita

481 765 706 823 inimici
737 763 1002 836 ejus,hoc
1027 768 1116 820 est
1145 763 1402 820 haeretici
1425 763 1512 819 vel
1535 764 1862 837 pagani,vel
1885 764 2133 837 quicun-

483 872 598 929 que
627 858 829 910 contra
849 853 978 924 ejus
1005 852 1277 909 instituta
1294 852 1584 921 vixerunt,
1605 852 1968 909 confusionis
1987 851 2136 908 vela-

480 945 640 1000 mine
669 941 974 1009 vestintur,
1008 941 1242 1013 quando
1267 941 1352 998 illi
1385 941 1635 997 audiunt
1668 960 1681 998 :
1715 941 1942 1008 Venite,
1962 942 2136 998 bene-

481 1033 620 1089 dicti
648 1050 661 1100 ;
687 1032 785 1088 isti
819 1037 1015 1086 autem
1049 1048 1062 1087 :
1092 1031 1175 1086 Ite
1205 1029 1266 1085 in
1295 1029 1492 1101 ignem
1525 1029 2134 1107 aeternum.Eftlorebit

479 1124 674 1176 autem
699 1119 866 1184 dixit,
879 1119 952 1174 ad
970 1119 1410 1190 exprimendam
1427 1119 1850 1175 sanetiticatem
1868 1117 2132 1190 gloriosae

477 1207 897 1278 incarnationis
921 1226 936 1276 ;
960 1207 1156 1263 ﬂoruit
1183 1207 1336 1264 enim
1364 1207 1422 1262 in
1449 1207 1676 1264 Christo
1708 1211 1949 1280 paterna
1977 1223 2130 1263 sem-

475 1316 580 1372 per
602 1297 1010 1363 sanctiﬁcatio,
1043 1296 1328 1369 quidquid
1357 1297 1476 1370 egit
1504 1295 1591 1352 vel
1619 1294 1904 1370 quidquid
1932 1299 2131 1368 pertu-

476 1388 564 1444 lit.

939 1492 1144 1531 ORA'I‘IO
1184 1493 1254 1530 EX
1293 1492 1450 1530 PSAL.
1492 1491 1677 1532 CXXXI.

549 1567 612 1622 In
643 1565 804 1621 omni
837 1565 1104 1634 ingressu
1139 1570 1362 1634 nostro,
1390 1581 1614 1619 memor
1645 1568 1769 1620 esto
1800 1564 2133 1630 nostri,om-

477 1657 750 1726 uipotens
780 1654 954 1721 Deus,
983 1653 1157 1709 indue
1187 1669 1292 1708 nos
1323 1652 1664 1710 sacerdotali
1689 1653 1948 1729 justitia,
1962 1657 2026 1708 ut
2045 1652 2130 1708 in-

475 1743 612 1801 duci
642 1759 978 1799 merenmur
1001 1742 1062 1798 in
1091 1741 1468 1798 tabernacula
1496 1742 1870 1814 sempiterna.
1890 1742 1995 1798 Per
2023 1741 2130 1798 Do-

475 1834 705 1890 minum
738 1836 1006 1889 nostrum
1035 1831 1235 1888 Jesum
1272 1829 1592 1898 Christum,
1627 1835 1736 1886 etc.

983 1962 1316 2020 PSALMUS
1355 1963 1611 2020 CXXXII.

879 2069 1277 2111 ARGUMENTUM
1317 2069 1458 2108 PSAL
1504 2069 1712 2108 CXXXII.

539 2157 582 2212 C
622 2157 759 2212 Post
787 2151 1167 2228 praecedentis
1206 2151 1417 2224 psalmi
1449 2151 1937 2225 gloriosissimam
1979 2169 2124 2228 prie-

467 2245 842 2310 dicationem,
869 2239 1155 2314 Propheta
1182 2239 1412 2295 beatam
1445 2239 1720 2313 praedicat
1746 2240 2125 2310 unitatem,ut

465 2334 566 2408 qui
590 2350 652 2388 se
681 2331 1012 2389 Christiana
1033 2328 1311 2402 religione
1335 2327 1745 2402 constringunt
1768 2329 1825 2385 in
1851 2347 1968 2386 una
1993 2331 2126 2388 cha-

467 2422 660 2480 ritatis
691 2417 1092 2477 convenientia
1122 2423 1510 2491 perseverent.

911 2526 1024 2582 TT.
1058 2525 1345 2582 Canticum
1371 2523 1666 2596 graduum.

469 2639 496 2694 1
611 2639 750 2692 Ecce
778 2651 942 2707 quam
972 2635 1172 2688 bonum
1199 2641 1250 2688 et
1280 2649 1444 2705 quam
1461 2631 1770 2705 jucundum
1801 2651 1818 2686 :

605 2707 872 2781 habitare
899 2724 1101 2796 fratres
1131 2724 1192 2778 in
1222 2738 1417 2777 unum.

538 2815 584 2872 Η
616 2814 720 2870 Hic
749 2815 866 2868 duo
898 2811 1112 2886 posuit,
1147 2812 1388 2878 bonum,
1421 2810 1643 2867 scilicet
1671 2813 1728 2866 et
1759 2811 2117 2883 jucundum,

466 2909 543 2973 et,
577 2902 730 2976 quod
764 2900 876 2957 sibi
916 2899 1220 2956 videbatur
1248 2917 1377 2956 esse
1424 2899 1804 2968 contrarium,
1837 2916 1955 2956 uno
1997 2917 2118 2956 ser-

465 3009 637 3049 mone
668 2987 1139 3063 conjunxit,eum
1172 2989 1517 3062 martyrium
1543 2989 1620 3044 sit
1651 2990 1866 3045 bonum
1894 2989 2122 3061 nonju-

463 3082 722 3139 cundum
754 3099 768 3148 ;
800 3079 1068 3152 voluptas
1107 3079 1375 3150 jucunda
1409 3096 1523 3134 non
1571 3077 1743 3134 bona.
1777 3078 1818 3134 C
1861 3079 2118 3136 Dicendo

463 3176 660 3228 autem
692 3171 900 3226 fratres
931 3167 988 3223 in
1025 3185 1230 3234 unum,
1251 3167 1543 3240 significat
1575 3185 1689 3224 non
1721 3167 1986 3224 carnales
2008 3167 2119 3223 fra-

1397 367 1460 426 S.
1507 365 1904 428 BRUNONIS
1950 366 2570 432 HEBBII‘OLENSIS
2615 369 2988 432 EPISCOPI.

2161 499 2218 566 Α
2247 500 2280 553 4
2391 503 2672 573 Quo-niam
2688 501 2808 557 ittic
2833 501 3118 558 mandavit
3139 503 3409 558 Dominus
3438 503 3902 560 benedictionem:

2155 1867 2206 1935 B

3763 322 3904 432 is;

2401 595 2458 656 σε·
2483 590 2553 646 Et
2582 607 2596 646 :
2629 591 2802 646 vitam
2830 607 3000 664 usque
3028 593 3090 647 in
3117 591 3402 649 secutum.

2315 679 2354 733 C
2384 675 2527 747 Illic,
2558 677 2778 734 scilicet
2805 679 2865 734 in
2896 679 3056 740 Sion.
3090 679 3147 736 id
3205 685 3297 736 est
3347 681 3408 736 in
3459 678 3742 747 Ecclesia,
3771 697 3903 754 qua:

2243 765 2490 822 fratrum
2521 767 2874 825 adunatione
2903 768 3190 826 consistit.
3221 770 3519 826 Mandavit
3545 769 3906 827 benedictio-

2241 871 2400 921 nem,
2427 855 2538 910 hoc
2565 859 2656 912 est
2683 857 2848 914 misit
2873 857 3246 926 Salvatorem,
3280 858 3381 932 qui
3413 859 3784 916 credentium
3813 864 3908 917 est

2240 943 2358 998 vita
2388 948 2447 1000 et
2473 944 2741 1002 beatitudo
2771 951 3069 1020 perpetua.
3098 947 3141 1004 C
3171 947 3364 1014 Nulla,
3396 963 3512 1004 non
3553 947 3903 1004 discordan-

2240 1031 2399 1088 tibus
2428 1033 2756 1090 benedictio
2789 1034 3246 1107 priestaturJllic
3276 1051 3412 1108 ergo
3450 1035 3549 1091 ubi
3583 1037 3906 1093 concordia

2239 1123 2330 1176 est
2357 1121 2688 1179 benedictio
2717 1122 2818 1179 Dei
2847 1124 3178 1180 mandatur.

2693 1254 2893 1296 ORATIO
2931 1255 3000 1296 EX
3038 1255 3198 1296 PSAL.
3240 1255 3445 1298 CXXXII.

2308 1353 2580 1421 Infunde,
2600 1353 2868 1424 Domine,
2899 1354 2958 1410 in
2989 1355 3311 1412 Ecclesium
3341 1357 3904 1424 tuam,charitatem

2239 1445 2450 1498 nostris
2481 1443 2861 1500 fraternitatis
2889 1447 2949 1500 et
2976 1444 3160 1517 pacis,
3195 1450 3278 1511 ut,
3311 1461 3439 1502 rore
3469 1448 3760 1520 unguenti
3786 1447 3906 1520 spi-

2237 1530 2424 1587 ritalis
2465 1531 2710 1604 aspersi,
2743 1532 3167 1589 benedictionis
3214 1537 3326 1589 tuae
3369 1534 3559 1608 gratia
3597 1537 3905 1608 jucunde-

2238 1636 2391 1676 mur.
2428 1620 2534 1677 Per
2557 1621 2872 1678 Dominum
2905 1626 3175 1678 nostrum
3204 1623 3409 1679 Jesum
3435 1622 3764 1694 Christum,
3785 1631 3902 1682 etc.

2738 1763 3068 1822 PSALMUS
3105 1765 3388 1822 CXXXIII.

2627 1887 3026 1929 ARGUMENTUM
3065 1889 3225 1929 ωλι.
3269 1889 3491 1930 CXXXIII.

2306 1995 2348 2052 C
2378 1997 2513 2052 Post
2544 1999 2764 2053 mutua:
2790 1995 3118 2054 dilectionis
3166 1996 3411 2066 monita,
3469 2014 3628 2054 nunc
3687 2015 3903 2057 conse-

2235 2090 2484 2158 quenter
2511 2085 2722 2141 suadet
2749 2089 2814 2140 ut
2844 2084 2978 2142 felix
3006 2085 3286 2142 adunatio
3327 2085 3388 2142 in
3426 2084 3633 2144 laudes
3654 2087 3905 2146 Domini

2233 2171 2690 2244 ﬂagrantissimo
2720 2171 3023 2229 charitatis
3053 2173 3250 2229 studio
3278 2174 3622 2231 concitetur.

2687 2279 2804 2335 TT.
2837 2279 3124 2336 Canticum
3150 2279 3438 2351 graduum.

2234 2370 2261 2424 1
2375 2370 2505 2426 Ecce
2548 2375 2605 2436 έ-
2629 2383 2777 2425 nunc
2843 2373 2858 2434 ξ
2901 2368 3168 2425 bendicite
3193 2369 3463 2426 Domino:

2375 2458 2572 2515 Omnes
2599 2458 2744 2514 servi
2768 2459 2992 2514 Domini
3020 2473 3034 2513 :

2301 2546 2342 2602 C
2373 2547 2535 2612 Ecce,
2570 2547 2792 2602 dictum
2823 2550 2933 2613 est,
2968 2551 3032 2602 ut
3061 2547 3238 2602 rebus
3265 2547 3457 2604 cerdis
3486 2553 3666 2621 atque
3697 2551 3902 2622 perfe-

2229 2635 2340 2690 ctis
2365 2652 2478 2690 non
2512 2634 2704 2691 solum
2737 2635 3067 2701 sermo,sed
3092 2635 3266 2692 etiam
3286 2635 3618 2694 articularis
3650 2645 3904 2710 presta-

2229 2728 2393 2780 retur
2419 2723 2697 2780 ostensio.
2729 2723 2863 2790 Sed,
2912 2741 3090 2792 nunc,
3141 2724 3364 2781 dictum
3412 2731 3523 2794 est,
3575 2725 3634 2784 id
3683 2734 3786 2785 est
3837 2730 3900 2786 in

2226 2817 2444 2869 interna
2471 2811 2855 2886 patria,quia,
2873 2815 2960 2868 tot
2986 2811 3267 2883 gradibus
3296 2813 3576 2884 ascensis,
3601 2815 3774 2872 solus
3796 2815 3900 2873 ille

2225 2900 2454 2958 laudari
2485 2902 2707 2969 debuit,
2739 2899 3084 2957 mirabiliter
3097 2899 3199 2972 qui
3218 2903 3900 2962 tantaconcessit.'l‘une

2226 2991 2385 3046 enim
2439 2991 2648 3062 majori
2707 2989 2902 3046 studio
2961 2989 3366 3062 pradicandus
3423 2996 3513 3046 est
3569 2991 3900 3064 Dominus,

2227 3079 2460 3150 quando
2493 3079 2630 3134 facit
2660 3095 2769 3134 sua
2797 3077 3066 3151 largitate
3119 3094 3376 3136 securos.
3430 3077 3553 3144 Vel,
3615 3099 3787 3138 nunc
3841 3085 3898 3139 id

2225 3173 2337 3232 est,
2369 3167 2426 3222 in
2459 3167 2728 3240 praesenti
2759 3167 2896 3235 vita,
2929 3165 3029 3222 ubi
3078 3167 3434 3224 exercendus
3479 3173 3570 3224 est
3617 3171 3894 3240 animus,

461 3265 604 3327 tres,
630 3259 733 3316 sed
757 3275 855 3314 eos
887 3257 986 3330 qui
1019 3254 1149 3312 fidei
1178 3238 1454 3312 societate
1485 3255 1596 3311 sub
1627 3273 1744 3312 uno
1777 3259 1939 3328 patre
1970 3258 2112 3312 sunt
2141 3238 2185 3304 (ἶ
2224 3261 2288 3313 ut
2317 3256 2376 3312 in
2410 3238 2601 3312 futuro
2644 3255 2875 3314 aeternis
2926 3255 3201 3312 laudibus
3257 3261 3593 3330 occupetur.
3629 3238 3899 3318 Benedi-i

463 3345 1012 3419 constituti,quibus
1043 3348 1132 3400 est
1163 3361 1262 3400 cor
1291 3361 1476 3400 unum
1508 3347 1565 3398 et
1595 3343 1793 3401 anima
1823 3359 1941 3400 una
1971 3343 2110 3416 (Act.

463 3437 564 3510 xvy.

461 3529 498 3582 2
605 3525 760 3580 Sicut
784 3529 1122 3593 unguentum
1153 3523 1209 3577 in
1237 3523 1411 3594 capite
1440 3524 1464 3577 i

609 3611 758 3681 Quod
786 3611 1056 3667 descendit
1086 3613 1145 3665 in
1177 3611 1418 3676 barbam,
1451 3610 1677 3668 barbam
1707 3610 1905 3667 Aaron.

536 3701 578 3756 C
609 3701 983 3774 Unguentum
1015 3698 1076 3754 in
1107 3699 1316 3771 capite,
1341 3705 1430 3755 est
1459 3699 1714 3772 Spiritus
1742 3699 2110 3772 sanctus,qui

464 3789 765 3846 descendit
795 3805 976 3860 supra
1005 3787 1300 3843 Christum
1335 3788 1392 3843 in
1421 3787 1682 3860 baptimo
1712 3787 1772 3843 in
1805 3788 1996 3860 specie
2027 3804 2116 3844 co-

464 3879 680 3935 lumbae
715 3885 728 3934 (
738 3879 921 3934 Matth.
954 3876 1039 3948 ιιι)
1067 3894 1080 3944 ;
1113 3874 1210 3948 qui
1241 3881 1330 3932 est
1371 3879 1547 3948 caput
1602 3875 1864 3948 corporis
1916 3876 2116 3934 Eccle-

465 3971 585 4024 siae.
619 3966 781 4032 Quod
811 3965 1114 4022 descendit
1148 3965 1202 4020 in
1249 3965 1514 4034 barbam,
1545 3965 1604 4020 id
1651 3969 1742 4020 est
1787 3965 1941 4022 idem
1990 3965 2116 4039 ipse

465 4056 718 4132 Spiritus
749 4054 807 4111 in
839 4053 1157 4128 apostolos,
1191 4053 1289 4126 qui
1321 4053 1504 4110 barba
1555 4053 1701 4110 bene
1756 4053 1896 4110 dicti
1953 4061 2112 4123 sunt,

464 4146 741 4219 quoniam
769 4143 1017 4200 viriliter
1037 4142 1135 4198 fixi
1167 4143 1276 4199 sub
1307 4141 1534 4198 Christo
1573 4159 1680 4199 suo
1725 4143 1912 4217 capite
1957 4143 2117 4200 velut

463 4235 646 4292 barba
677 4237 1064 4308 perseverant.
1098 4231 1339 4289 Addidit
1365 4233 1556 4288 Aaron
1587 4231 1688 4305 qui
1719 4231 1934 4290 Christi
1983 4250 2113 4306 spe-

463 4324 610 4380 ciem
641 4323 910 4397 gestabat
940 4322 996 4376 in
1031 4339 1138 4377 suo
1169 4321 1516 4389 sacerdotio,
1548 4325 1613 4377 ut
1649 4338 1766 4378 non
1796 4323 2113 4394 cujuscun-

464 4431 578 4486 que
607 4411 865 4469 hominis
894 4411 1159 4475 barbam,
1195 4411 1298 4468 sed
1330 4410 1545 4466 Christi
1577 4409 1950 4485 intelligeres.

461 4504 496 4557 3
607 4501 766 4574 Quod
793 4499 1041 4556 decendit
1069 4503 1127 4555 tn
1157 4516 1254 4555 ora
1287 4501 1592 4556 vestimenti
1617 4501 1734 4574 ejus
1765 4520 1783 4556 .-

2221 3345 2352 3413 cite,
2385 3344 2444 3400 id
2469 3349 2581 3412 est,
2614 3343 2868 3412 laudate,
2899 3343 3040 3416 quia
3093 3361 3202 3401 nos
3257 3342 3426 3400 illum
3478 3345 3894 3405 benedicendo

2219 3433 2554 3502 laudamus,
2587 3431 2684 3489 ille
2715 3449 2820 3488 nos
2843 3432 3240 3489 benedicendo
3272 3434 3620 3492 sanctificat.
3644 3435 3693 3492 Η
3715 3437 3894 3494 Servi

2223 3521 2452 3578 Domini
2483 3525 2624 3577 sunt
2641 3520 2858 3593 quibus
2887 3520 2974 3576 ira
2990 3537 3106 3577 non
3129 3521 3622 3596 impcrat,quibus
3640 3532 3897 3598 peccata

2223 3628 2340 3668 non
2371 3615 2637 3684 regnant,
2667 3610 2884 3682 quibus
2915 3627 3032 3666 non
3062 3610 3444 3668 dominantur
3471 3611 3632 3669 vitia.

2220 3704 2256 3756 2
2365 3699 2476 3764 Qui
2499 3701 2658 3755 statis
2689 3701 2750 3754 in
2775 3699 2930 3754 domo
2959 3700 3183 3755 Domini
3214 3715 3228 3754 :

2380 3794 2436 3854 -ξι
2463 3790 2526 3845 In
2550 3789 2711 3844 atriis
2739 3788 2928 3844 domus
2955 3789 3056 3844 Dei
3085 3788 3257 3844 nostri
3325 3793 3375 3858 ζ.

2295 3876 2336 3932 C
2366 3875 2452 3932 Illi
2491 3879 2650 3932 stant
2679 3877 2738 3930 in
2769 3875 2943 3932 domo
2975 3876 3224 3946 Domini,
3257 3893 3508 3950 quorum
3538 3875 3789 3934 animus
3833 3879 3895 3936 in

2223 3965 2500 4038 religione
2529 3964 2631 4020 Dei
2663 3964 2831 4020 ﬁrmo
2861 3963 3106 4038 vestigio
3137 3971 3486 4038 perseverat.
3519 3967 3783 4037 Atrium,
3803 3975 3898 4026 est

2221 4053 2527 4128 ingressus
2557 4052 2881 4110 mansionis
2911 4052 3250 4127 significans
3281 4071 3381 4112 eos
3401 4055 3500 4128 qui
3535 4062 3898 4114 meruerunt

2223 4159 2372 4212 esse,
2405 4143 2490 4198 vet
2520 4143 2578 4197 in
2603 4142 2994 4215 penetralibus,
3021 4143 3146 4216 jam
3173 4148 3314 4200 sunt
3340 4143 3429 4200 vel
3487 4143 3548 4199 in
3604 4143 3896 4220 ingressu

2223 4237 2438 4288 sanctae
2469 4230 2570 4288 Dei
2600 4230 2867 4288 Ecclesize
2893 4230 2995 4286 Dei
3027 4231 3230 4300 nostri,
3265 4232 3324 4288 id
3367 4237 3477 4300 est,
3531 4249 3650 4290 non
3701 4251 3891 4308 quem

2221 4319 2520 4394 gentilitas
2549 4318 2710 4389 colit,
2741 4320 2842 4376 sed
2873 4335 3049 4392 quem
3079 4336 3215 4376 vera
3244 4320 3446 4396 religio
3476 4322 3824 4381 confitetur.

2221 4411 2256 4465 3
2363 4411 2428 4467 In
2450 4409 2695 4466 noctibus
2723 4409 2972 4464 extottite
2995 4426 3192 4466 manus
3222 4419 3426 4468 vestras
3455 4413 3514 4467 in
3544 4420 3741 4469 sancta
3777 4430 3793 4470 :

2366 4503 2440 4556 Et
2471 4497 2770 4555 benedictio
2794 4499 3041 4554 Domino.

603 4589 757 4644 Sicut
788 4605 886 4645 ros-
904 4577 1276 4660 llcrmon,'qui
1293 4587 1568 4675 descendit
1597 4591 1659 4644 in
1688 4595 1927 4647 montem
1955 4591 2108 4650 Sion.
2141 4608 2190 4675 Ι)
2293 4587 2334 4643 C
2365 4589 2425 4643 In
2458 4585 2727 4644 noctibus
2757 4586 3052 4660 signiﬁcat
3081 4587 3398 4644 terminum
3429 4587 3602 4646 istius
3645 4591 3893 4660 mundi,

533 4678 575 4734 C
601 4677 708 4732 Per
737 4693 898 4733 oram
931 4675 1258 4732 vestimenti
1291 4674 1393 4731 Dei
1425 4676 1792 4749 significatur
1835 4677 2110 4747 Ecclesia,

461 4766 521 4823 in
571 4767 742 4838 cujus
797 4783 898 4822 ora
944 4763 1244 4820 descendit
1273 4763 1470 4820 unctio
1499 4764 1632 4834 ista,
1665 4767 1806 4840 quia
1835 4785 2022 4842 usque
2053 4769 2112 4826 in

460 4857 638 4912 ﬁnem
671 4855 865 4912 saeculi
901 4853 1202 4910 descendit
1232 4853 1487 4925 Spiritus
1519 4859 1758 4911 sanctus
1789 4873 1966 4930 super
1992 4875 2115 4915 eam

459 4945 517 5002 in
551 4945 862 5018 baptismo,
887 4957 1112 5016 suaque
1143 4942 1517 4999 miseratione
1539 4945 1886 5002 sanctificat.
1911 4941 1961 5002 Η
1981 4947 2117 5004 Her-

461 5052 620 5103 mon,
655 5034 959 5088 Hebrzsum
992 5047 1205 5102 nomen
1237 5034 1327 5087 est
1355 5031 1575 5088 montis
1605 5031 1757 5088 ultra
1797 5033 2112 5092 Jordanem

406 5185 412 5192 ,
461 5122 703 5177 ﬂuvium
735 5120 1123 5188 constituti,et
1153 5120 1570 5192 interpretatur
1599 5122 2112 5196 anathema,signi-

461 5210 713 5284 ﬁentque
744 5209 1026 5282 populum
1043 5209 1378 5265 Judzeorum
1401 5226 1436 5264 a
1457 5209 1574 5265 Deo
1597 5211 1966 5282 reprobatum
1997 5211 2113 5268 Ros

460 5297 735 5366 Harmon,
759 5297 954 5353 divina
974 5297 1428 5369 Scriptura,quae
1462 5297 1626 5370 prius
1655 5298 1872 5354 Judaeis
1893 5300 2116 5357 credita

459 5390 568 5456 est,
599 5389 658 5442 et
682 5388 884 5458 postea
915 5385 986 5440 ad
1019 5390 1277 5440 montem
1309 5385 1472 5453 Sion,
1514 5387 1572 5442 id
1619 5391 1709 5442 est
1756 5387 1972 5444 Christi
2006 5389 2111 5445 Ec-

461 5473 722 5540 clesium,
755 5473 1135 5540 transcendit,
1169 5476 1212 5528 A
1243 5473 1330 5529 vel
1365 5475 1510 5530 ﬁdes
1539 5479 1596 5530 et
1623 5475 1814 5548 gratia
1841 5476 2109 5546 Dei.Itos,

459 5554 571 5621 iste
599 5567 689 5620 est
720 5580 756 5619 a
781 5562 984 5619 Judtea
1011 5561 1069 5616 in
1103 5567 1304 5635 gentes
1345 5563 1726 5629 descendens,
1774 5580 1902 5636 quae
1956 5583 2110 5624 nunc

459 5651 836 5734 speculantur
864 5651 979 5712 {ide
1009 5651 1216 5722 Deum,
1249 5656 1308 5712 et
1336 5649 1466 5710 ideo
1497 5649 1632 5710 Sion
1665 5657 1824 5712 sunt.

2220 4680 2454 4749 tempus
2477 4676 2632 4748 quod
2656 4691 2888 4748 semper
2904 4675 3386 4734 tribulationibus
3406 4677 3786 4736 obscuratur.
3803 4679 3894 4736 Ibi

2221 4765 2378 4822 enim
2410 4764 2666 4821 levandae
2688 4769 2831 4820 sunt
2851 4781 3064 4822 manus
3085 4764 3183 4822 ubi
3208 4771 3464 4824 meretur
3485 4766 3641 4824 bona
3673 4784 3892 4840 opera-

2221 4854 2300 4911 tio
2345 4853 2630 4910 auxilium
2660 4854 2913 4910 Domini.
2942 4853 3087 4910 Cum
3119 4854 3280 4924 dicit,
3313 4853 3590 4924 extollite,
3631 4854 3748 4912 hoc
3797 4863 3898 4916 est

2221 4943 2462 4999 uberius
2491 4942 2922 5016 eleemosynam
2951 4946 3008 4998 et
3037 4944 3192 5000 bona
3221 4961 3396 5017 opera
3424 4944 3616 5001 facite.
3637 4944 3896 5004 Addidit

2219 5049 2374 5101 vero,
2397 5031 2456 5087 in
2479 5035 2702 5100 sancta,
2726 5030 2948 5088 scilicet
2968 5031 3246 5103 Ecclesia,
3262 5031 3348 5089 vel
3373 5032 3432 5089 in
3459 5036 3682 5100 sancto,
3718 5033 3890 5090 scili-

2221 5125 2313 5178 cet
2341 5120 2592 5191 Christo,
2625 5125 2688 5177 ut
2719 5121 2779 5176 in
2806 5119 3042 5177 Hebraeo
3073 5125 3184 5189 est,
3213 5121 3300 5178 vel
3330 5121 3391 5178 in
3423 5125 3627 5179 sancta
3676 5137 3890 5195 opera,

2221 5227 2349 5283 quae
2379 5209 2572 5266 solum
2601 5209 2660 5265 in
2690 5207 2949 5266 Ecclesia
2979 5213 3184 5266 sancta
3212 5215 3370 5266 sunt.
3403 5207 3569 5266 Illam
3595 5210 3760 5266 enim
3786 5227 3891 5266 so-

2221 5298 2340 5355 lam
2369 5297 2782 5354 eleemosinam
2813 5297 3082 5354 Christus
3113 5297 3344 5372 accipit,
3377 5314 3557 5370 quam
3585 5298 3716 5370 ejus
3770 5315 3892 5354 no-

2222 5387 2402 5457 mine,
2434 5385 2493 5440 id
2525 5391 2634 5449 est,
2668 5386 2727 5440 in
2755 5391 2957 5442 sancta
2986 5385 3242 5444 Ecclesia
3275 5383 3463 5441 ﬁdelis
3505 5384 3893 5444 Christianus

2221 5474 2747 5542 obtulerit.8ed,ne
2778 5475 2912 5548 quis
2943 5475 3054 5532 sibi
3085 5473 3307 5548 aliquid
3339 5478 3658 5548 arrogaret,
3675 5472 3891 5532 Domi-

2220 5582 2362 5622 num
2393 5563 2536 5619 dicit
2565 5579 2694 5619 esse
2725 5563 3210 5633 benedicendum,
3237 5562 3376 5636 quia
3405 5561 3532 5636 ipse
3553 5562 3658 5620 dat
3684 5567 3746 5620 et
3760 5564 3897 5623 ani-

2219 5670 2379 5719 mam
2410 5649 2868 5727 misericordem,
2901 5657 2958 5714 et
2983 5651 3374 5716 substantiam
3404 5649 3745 5732 largiorem.
