3986 6164
212 303 306 363 485
1373 308 1790 373 EXPOSITIO
1833 309 2318 373 PSAL\l0llUM
2331 357 2344 372 .

211 437 236 490 4
327 436 593 491 Benedimt
620 444 668 491 te
698 437 963 494 Dominus
989 456 1059 495 ea:
1086 441 1216 497 Sion
1253 459 1265 497 :

323 525 423 592 Qui
443 525 572 595 fecit
591 525 784 581 caelum
806 534 860 583 et
876 535 1045 584 terra.

261 612 302 667 Η
330 611 501 668 lstum
529 613 878 672 versiculum
925 617 1181 690 Spiritus
1230 624 1470 677 sanctus
1520 622 1799 696 loquitur,

202 700 301 757 sive
324 700 612 773 Propheta,
640 702 713 757 ad
743 701 932 772 illum,
963 706 1063 779 qui
1093 724 1198 780 per
1216 708 1551 781 quindecim
1583 713 1801 785 gradus

201 789 429 845 ascendit
456 789 524 845 ad
551 789 1034 862 benedictionem,
1065 800 1132 851 ut
1177 797 1421 871 recipiat
1448 802 1797 858 mercedem.

201 877 470 934 Benedicat
496 882 553 934 te
582 878 866 937 Dominus
897 898 967 939 ex
1017 884 1180 951 Sion,
1212 887 1310 959 qui
1344 887 1478 943 fecit
1506 889 1715 946 caelum
1743 895 1802 947 et

200 971 405 1035 terram,
437 966 504 1021 ad
535 966 965 1027 distinctionem
998 989 1201 1030 eorum
1234 974 1392 1033 dicit.
1411 978 1515 1042 Qui
1550 984 1687 1035 sunt
1720 980 1797 1036 dii

201 1053 325 1110 falsi.

601 1180 807 1222 ORATIO
839 1184 905 1222 ET
936 1184 1090 1225 PSAL.
1124 1187 1355 1228 CXXXIII.

257 1278 645 1336 Benedicentes
690 1285 768 1349 te,
817 1282 1081 1353 Domine,
1137 1286 1540 1360 deprecamur,
1582 1294 1648 1347 ut
1696 1308 1801 1348 nos

200 1367 370 1422 mundi
399 1367 574 1441 hujus
619 1376 788 1427 nocte
818 1377 1132 1444 contectos,
1161 1375 1495 1434 illuminare
1541 1379 1803 1452 digneris

199 1461 450 1527 quatenus
477 1457 619 1513 dum
662 1476 874 1515 manus
923 1467 1156 1519 nostras
1204 1464 1262 1519 in
1309 1466 1477 1522 bonis
1526 1469 1803 1540 operibus

197 1543 470 1612 elevamus,
498 1545 968 1605 benedictionem
1003 1567 1037 1606 a
1062 1556 1118 1607 te
1155 1552 1550 1626 largissimum
1600 1573 1802 1613 conse-

197 1649 425 1705 quamur.
459 1636 563 1691 Per
590 1636 909 1694 Dominum
944 1646 1211 1698 nostrum
1240 1643 1467 1712 Jesum,
1500 1650 1609 1701 etc.

649 1779 976 1837 PSALMUS
1015 1781 1302 1841 CXXXIV.

537 1902 892 1944 ARGUMIJNTU
901 1905 942 1942 Μ
989 1906 1147 1946 PSAL.
1191 1907 1393 1949 CXXXIV
1402 1934 1416 1948 .

247 2010 281 2090 (1
307 2011 580 2084 Propheta
608 2010 816 2068 laudes
843 2013 1092 2071 Domino
1127 2015 1290 2086 dicit,
1316 2034 1447 2075 esse
1474 2019 1803 2095 solvendas,

195 2100 444 2172 magnalia
470 2100 665 2174 ipsius
703 2101 933 2158 diversa
961 2120 1433 2163 commemorans
1463 2109 1800 2170 destruens-

197 2204 284 2258 que
309 2188 609 2246 falsitatem
643 2189 932 2247 idolorum
965 2191 1219 2249 cultores
1244 2196 1562 2271 redarguit.

774 2298 889 2353 TT.
924 2299 1180 2356 Alleluia.

255 2392 289 2447 Β
314 2392 669 2451 Perascensis
700 2394 983 2468 gradibus
1028 2414 1217 2471 usque
1246 2400 1317 2454 ad
1350 2399 1510 2457 illam
1557 2407 1805 2461 summi-

198 2485 363 2549 tatem,
383 2498 506 2554 que:
535 2498 780 2539 securos
812 2484 988 2539 efﬁcit
1015 2485 1399 2558 Christianos,
1434 2506 1687 2564 congrue
1716 2495 1806 2550 ni-

199 2569 287 2625 mis
310 2570 895 2643 ponitur,alleluia,ut
924 2572 1199 2630 laudibus
1222 2576 1454 2633 Domini
1471 2581 1808 2652 perfruatur

195 2666 359 2717 sancta
386 2661 668 2733 Ecclesia,
686 2663 780 2717 cui
811 2661 927 2719 tale
958 2681 1178 2720 munus
1209 2667 1473 2723 noscitur
1500 2686 1629 2725 esse
1660 2688 1805 2743 prae-

194 2754 421 2821 paratum
448 2753 821 2825 Quapropter
850 2751 1095 2809 sinceris
1125 2755 1421 2812 mentibus
1451 2756 1686 2813 alleluia
1715 2760 1806 2814 (li-

190 2855 380 2909 camus,
409 2845 471 2896 ut
499 2839 586 2895 illi
626 2844 826 2896 sancto
856 2841 1092 2915 populo,
1126 2858 1230 2914 per
1258 2843 1515 2900 divinam
1547 2847 1799 2919 gratiam

191 2927 519 2986 misceamur.

192 3017 211 3070 1
300 3019 525 3076 Laudate
552 3034 759 3075 nomen
778 3020 1006 3075 Domini
1039 3036 1051 3075 :

300 3107 546 3177 Laudate,
577 3109 751 3178 servi,
777 3109 1087 3166 Dominum.

3440 319 3562 383 486

1834 447 1886 511 Α
1915 445 1950 497 5
2060 445 2329 512 Quoniam
2360 462 2456 516 ego
2503 450 2728 518 (agnovi
2774 449 2915 522 quod
2962 468 3199 522 magnus
3244 461 3319 509 est
3367 458 3562 511 Domi-

2122 550 2230 589 nus
2260 550 2274 589 2

2052 622 2118 677 Et
2148 624 2285 679 Deus
2306 632 2491 680 noster
2513 641 2637 697 prae
2656 628 2907 684 omnibus
2933 629 3061 685 diis.

1980 718 2021 773 C
2049 717 2296 775 Videbat
2319 720 2475 778 enim
2509 722 2598 778 vir
2625 724 3038 782 sanctissimus
3076 729 3443 801 majestatem
3493 732 3562 788 il-

1909 805 2050 876 lam,
2077 808 2429 878 mirabilem,
2451 810 2767 869 virtutibus
2779 813 3056 871 cmlorum
3077 816 3483 889 imperantem,
3506 826 3563 878 et

1911 894 2071 952 illius
2102 896 2567 971 magnitudinem
2603 900 2889 959 revelante
2920 903 3127 976 spiritu
3150 906 3563 979 cognovit,me-

1911 983 2021 1040 rito
2053 1002 2168 1058 pra:
2200 986 2475 1045 omnibus
2504 989 2620 1044 diis
2653 1006 2932 1063 magnum
2969 993 3283 1050 Dominum
3332 996 3497 1063 dixit,
3530 1014 3565 1053 ο.

1911 1088 2028 1144 quo
2074 1079 2283 1130 cuncta
2332 1081 2523 1131 creata
2570 1083 2730 1134 sunt.
2765 1079 2888 1135 Non
2941 1085 3135 1136 autem
3180 1083 3319 1138 deos
3367 1083 3558 1140 dixit:

1880 1236 1886 1243 κ
1912 1162 2066 1233 quod
2094 1179 2193 1218 eos
2218 1164 2358 1219 deos
2388 1165 2667 1235 crederet,
2701 1184 2849 1239 quos
2884 1168 3065 1225 stulta
3094 1170 3395 1242 gentilitas
3422 1172 3562 1228 ado-

1912 1251 2513 1326 rabat;sed,quiaipsi
2546 1271 2646 1311 eos
2677 1255 2818 1312 deos
2850 1257 3141 1326 dicebant,
3162 1276 3310 1331 quos
3342 1261 3562 1334 suggil-

1911 1341 2087 1397 lando
2116 1357 2319 1396 eorum
2350 1343 2630 1398 vocabulo
2662 1352 3101 1402 commemorat.

1909 1450 1946 1503 6
2055 1448 2256 1503 Omnia
2285 1464 2622 1523 qumeunquc
2649 1452 2825 1508 voluit
2854 1455 3113 1509 Dominus
3150 1456 3283 1527 fecit
3327 1458 3385 1511 in
3434 1456 3565 1512 ca’lo

2126 1545 2176 1593 et
2208 1539 2267 1592 in
2298 1545 2445 1594 terra
2479 1556 2497 1593 :

2053 1627 2115 1681 In
2140 1627 2289 1681 mari
2316 1634 2367 1683 et
2394 1628 2454 1682 in
2485 1628 2737 1684 omnibus
2764 1630 2992 1703 abyssis.

1982 1714 2025 1768 C
2054 1713 2300 1783 leum,
2334 1716 2593 1787 positum
2634 1722 2743 1782 est,
2778 1736 2881 1792 pro
2930 1720 3158 1776 cunctis
3207 1720 3564 1788 cmlestibus,

1834 1818 1883 1884 Β
1912 1805 2207 1875 terra,pro
2230 1803 2506 1860 omnibus
2537 1821 2666 1876 quae
2691 1806 2750 1860 in
2782 1806 2963 1863 humo
2994 1809 3348 1882 gignuntur;
3381 1826 3566 1877 mare,

1918 1907 2022 1964 pro
2052 1890 2181 1947 istis
2211 1891 2617 1965 sinibus,quos
2649 1898 3111 1952 commeantium
3139 1898 3448 1955 discursus
3471 1898 3567 1953 in-

1914 1979 2141 2048 visitat;
2174 1981 2444 2053 abyssus,
2478 1982 2773 2038 Oceanum
2824 1983 3133 2058 signiﬁcat,
3181 1988 3283 2059 qui
3331 1991 3569 2060 propter

1916 2068 2287 2125 altitudinem
2320 2084 2489 2125 suam
2523 2070 2691 2127 nobis
2710 2071 2945 2143 ignotus
2975 2076 3153 2130 est.ln
3179 2074 3272 2132 his
3290 2075 3566 2132 omnibus

1913 2156 2186 2214 voluntas
2217 2156 2319 2213 Dei
2349 2158 2476 2214 sine
2503 2160 2869 2218 dubitatione
2897 2162 3244 2235 completur,

1908 2267 1942 2318 7
2054 2264 2296 2319 Educens
2320 2266 2490 2321 nubes
2518 2266 2586 2321 ab
2616 2270 2860 2323 extremo
2893 2277 3062 2327 terrae
3092 2288 3112 2326 :

2058 2354 2298 2423 Fulgura
2327 2356 2387 2409 in
2413 2355 2663 2426 pluviam
2689 2358 2838 2428 fecit.

1986 2441 2027 2495 C
2058 2442 2117 2496 Si
2149 2440 2455 2513 sequentia
2476 2442 2547 2496 ad
2573 2441 2829 2498 litteram
2859 2442 3236 2516 accipis,vera
3266 2447 3564 2515 sunt.Sed,

1916 2531 2055 2603 quia
2087 2530 2155 2585 de
2182 2530 2418 2586 Hebraeo
2450 2531 2666 2604 populo
2696 2532 2839 2587 dicit
2865 2532 3416 2603 inferius,convenit
3445 2535 3567 2592 haec

1915 2635 2147 2691 quoque
2178 2618 2516 2675 hominibus
2545 2619 2909 2693 applicare.A
2940 2622 2981 2676 C
3016 2622 3277 2679 Educens
3294 2624 3565 2692 nubes,id

1914 2713 2022 2776 est,
2051 2706 2282 2763 elevans
2312 2707 2625 2780 prophetas
2655 2710 2728 2764 ab
2759 2708 2969 2764 humili
3002 2712 3322 2783 proposito,
3345 2715 3402 2767 et
3432 2712 3567 2769 fecit

1913 2798 2211 2869 pervenire
2237 2796 2306 2851 ad
2342 2795 2642 2869 fastigium
2672 2798 3124 2870 praedicationis.
3145 2800 3567 2873 Fulgura,sunt

1911 2884 2330 2958 prophetarum
2370 2885 2830 2958 praedicationes,
2860 2904 2996 2943 cum
3045 2889 3315 2945 terrendo
3358 2906 3563 2962 percu-

1910 2974 2065 3030 tiunt
2091 2977 2506 3046 peccatores,ct
2535 2973 2742 3046 pluviae
2775 2974 3084 3045 fiunt,cum
3116 2976 3352 3033 diluunt
3382 2978 3563 3034 delin-

1909 3068 2155 3136 quentes
2186 3079 2221 3118 a
2250 3062 2524 3135 peccatis,
2558 3069 2614 3119 el.
2643 3062 2892 3119 imbrem
2921 3064 3176 3121 salutare
3215 3065 3559 3135 infundunt,

300 3149 546 3177 ¹⁴“’““’“”⁹’
577 3149 658 3163 ““’”
678 3149 751 3178 "’
777 3149 1087 3166 “’“’”””’“’””
1912 3152 2065 3208 unde
2096 3169 2124 3207 s
2170 3149 2431 3207 iritualcs
2462 3152 2687 3208 fructus
2751 3152 3061 3209 erminent.

244 3194 281 3250 Η
308 3196 550 3253 Laudate
587 3211 805 3253 nomen
837 3196 1250 3271 Domini,quod
1278 3201 1563 3273 perﬁdem
1592 3218 1800 3276 cogno-
1828 3183 1873 3251 (ἶ
1913 3260 1945 3276 η
2063 3259 2097 3276 η
2234 3275 2237 3276 ν
2274 3275 2281 3276 ί
2311 3258 2338 3276 ,ν
2517 3274 2529 3276 _
2700 3168 2749 3276 ,g
2780 3260 2814 3276 η
2850 3275 2853 3276 ν
3005 3261 3015 3271 ,

189 3283 325 3340 vistis
347 3301 466 3342 esse
498 3302 687 3359 super
708 3302 880 3342 omne
913 3302 1148 3345 nomen.
1184 3289 1441 3346 Laudato
1473 3291 1646 3360 servi,
1673 3293 1714 3348 Ο
1744 3293 1800 3348 id

189 3377 259 3429 est
281 3375 368 3447 qui
398 3374 587 3449 ipsius
623 3374 767 3431 estis
797 3391 981 3448 prona
1008 3375 1304 3434 voluntate
1334 3379 1521 3436 devoti
1547 3385 1605 3436 et
1628 3381 1802 3437 dimi-

190 3460 318 3518 sistis
344 3464 550 3521 servire
580 3462 840 3519 diabolo.

189 3551 215 3604 2
300 3552 398 3621 Qui
420 3554 575 3608 statis
612 3553 671 3607 in
701 3552 858 3608 domo
886 3555 1110 3610 Domini
1140 3574 1163 3610 :

299 3642 354 3696 In
379 3643 540 3698 atriis
569 3641 768 3697 domus
798 3643 897 3698 Dei
925 3646 1121 3699 nostri.

241 3727 274 3783 C
298 3729 391 3794 Qui
424 3730 591 3799 satis,
630 3729 739 3785 hoc
778 3734 867 3786 est
913 3731 1015 3802 qui
1064 3735 1454 3805 perseveranti
1504 3736 1801 3795 voluntate

188 3814 233 3870 in
257 3819 368 3889 ejus
396 3818 748 3875 crudelitate
777 3819 1304 3877 consistis.Atrium
1337 3824 1554 3881 dicitur
1568 3826 1804 3900 amplis-

189 3904 315 3961 sima:
341 3908 547 3964 domus
583 3907 818 3981 primus
846 3906 1275 3981 ingressus,ubi
1297 3911 1630 3971 habitantes
1645 3914 1803 3973 locos

189 3992 339 4052 facere
365 3996 657 4053 solebant.
708 3996 779 4053 Et
828 4002 900 4052 ab
950 4003 1075 4054 atro
1126 3998 1286 4055 fumo
1339 4001 1632 4075 appellata
1662 4008 1804 4061 sunt

189 4082 487 4157 atria,quasi
519 4084 817 4154 atra,illos
846 4085 1003 4141 enim
1035 4086 1218 4142 Deum
1249 4088 1589 4147 benedicere
1618 4091 1677 4147 in
1708 4092 1802 4149 his

186 4172 340 4227 verbis
366 4174 573 4230 debere
609 4173 769 4243 dicit,
803 4174 903 4246 qui
936 4174 994 4230 in
1031 4176 1289 4247 primum
1336 4179 1667 4236 membrum
1700 4182 1801 4238 do-

188 4273 294 4316 mus
317 4261 629 4319 Dominicm
658 4261 930 4318 videntur
957 4262 1230 4337 ingressi.

185 4345 212 4399 3
299 4351 523 4408 laudate
554 4352 857 4409 Dominum
885 4353 1018 4424 quia
1048 4352 1216 4410 bonus
1245 4356 1504 4412 Dominus
1536 4372 1549 4412 :

297 4440 516 4497 Psallite
538 4441 763 4497 nomini
789 4442 906 4514 ejus
923 4443 1187 4513 quoniam
1216 4460 1380 4501 suave
1403 4452 1460 4511 ἐς
1506 4450 1584 4502 est
1629 4454 1643 4514 ξ

238 4524 276 4580 Η
302 4527 675 4585 Considerate
702 4528 1133 4602 quod,laudate
1163 4533 1335 4589 tertio
1366 4534 1583 4606 posuit,
1600 4539 1684 4601 ut,
1700 4553 1803 4609 per
1828 4556 1877 4621 D

184 4608 342 4671 laudis
367 4616 624 4675 similem
650 4617 1235 4691 qualitatem,sancta:
1267 4620 1572 4679 Trinitatis
1590 4608 1797 4681 indivi-

182 4702 375 4762 sibilem
403 4707 693 4763 unitatem
730 4706 897 4763 nobis
926 4709 1567 4777 ostenderet.0uoniam
1586 4713 1798 4782 bonus,

182 4792 261 4860 qui
289 4810 391 4850 non
419 4796 613 4852 solum
648 4797 839 4852 bonus
871 4797 973 4854 sed
1004 4797 1543 4870 optimus.Psallere
1560 4819 1693 4859 vero
1724 4804 1795 4859 ad

182 4876 333 4938 bonas
362 4885 730 4958 operationes
760 4887 1023 4959 corporis
1053 4887 1325 4957 refertur,
1344 4893 1409 4945 ut
1441 4888 1500 4945 in
1532 4889 1640 4947 hac
1671 4908 1802 4948 eon-

186 4972 467 5054 versatione
497 4974 816 5031 Dominum
845 4974 1153 5033 videamur
1181 4977 1252 5034 de
1283 4981 1486 5035 nostra
1511 4980 1801 5054 probitate

188 5052 411 5119 laudare.

191 5144 218 5197 4
306 5151 569 5218 Quoniam
591 5153 761 5213 Iacob
787 5154 949 5226 elegit
968 5154 1080 5211 sibi
1101 5155 1367 5232 Dominus
1388 5173 1409 5210 :

302 5239 459 5297 Israel
490 5243 553 5297 in
579 5245 968 5315 possessionem
994 5244 1121 5300 sibi.

243 5322 476 5401 CElegit
504 5330 702 5404 itaque
728 5332 914 5388 Jacob
961 5331 1269 5401 Dominus,
1323 5334 1466 5390 dum
1515 5334 1799 5409 populum

188 5407 418 5495 Ecclesiae
464 5418 827 5478 diversarum
873 5422 1139 5495 gentium
1190 5422 1487 5480 adunavit.
1521 5407 1801 5481 DPossidet

188 5494 350 5571 Israel,
382 5508 617 5581 quando
645 5510 704 5567 in
728 5509 829 5567 illa
860 5494 1284 5570 resurrectione
1311 5512 1638 5584 beatorum,
1672 5514 1798 5591 ipse

196 5601 225 5645 n
247 5594 504 5655 omnibus
533 5595 796 5661 habitare
828 5599 1131 5677 probatur.

1912 3260 1946 3313 8
2058 3259 2163 3327 Qui
2186 3258 2439 3330 producit
2468 3266 2650 3314 ventos
2678 3258 2743 3315 de
2772 3260 3039 3315 thesauris
3067 3262 3181 3315 suis
3208 3278 3227 3315 :

2056 3347 2162 3414 Qui
2180 3348 2448 3419 permssit
2474 3348 2841 3420 primogenita
2870 3349 3088 3421 ,Ἐρξιμί
3113 3349 3182 3404 ab
3218 3349 3437 3406 homine
3462 3366 3560 3406 us-

2127 3452 2229 3508 que
2260 3434 2329 3490 ad
2352 3451 2538 3508 pecus.
3472 3482 3477 3487 .
3618 3428 3629 3438 ’

1981 3526 2023 3581 C
2051 3525 2294 3593 Ventos,
2316 3524 2610 3597 apostolos
2634 3525 2793 3595 dicit,
2828 3542 3078 3599 quorum
3111 3526 3443 3600 praedicatio
3472 3531 3561 3584 to-

1910 3619 2039 3671 tum
2062 3614 2349 3670 mundum
2368 3619 2652 3687 tanquam
2665 3619 2874 3671 ventus
2887 3615 3230 3672 celerrimus
3251 3618 3557 3689 percurrit.

1910 3705 1991 3761 De
2021 3703 2337 3773 thesauris,
2358 3703 2404 3759 H
2437 3703 2493 3759 id
2526 3707 2602 3773 et,
2626 3704 2697 3760 de
2727 3704 2955 3761 arcanis
2986 3704 3339 3761 coelestibus.
3362 3706 3404 3762 Ο
3432 3706 3556 3762 Pri-

1914 3793 2209 3866 mogenita
2242 3792 2447 3848 mundi
2478 3792 2731 3865 percutit
2757 3792 2912 3849 Deus
2935 3794 3104 3866 quasi
3122 3795 3563 3868 Egypti,quan-

1911 3883 1984 3939 do
2019 3887 2185 3939 natos
2215 3882 2485 3938 homines
2531 3881 2802 3954 originali
2850 3887 3087 3955 peccato
3134 3899 3242 3939 sua
3289 3884 3559 3957 potentiae

1911 3971 2294 4046 inspiratione
2324 3969 2680 4027 correxit.Ab
2712 3970 3031 4038 homine,id
3053 3973 3559 4044 est,prudentiori-

1910 4062 2024 4118 bus
2053 4061 2233 4132 hujus
2264 4058 2459 4115 saeculi
2490 4076 2677 4131 usque
2707 4060 2779 4114 ad
2812 4064 3152 4116 mansuetos
3169 4076 3234 4116 ac
3264 4061 3560 4134 simplices

1907 4150 2304 4218 viros;omnes
2336 4148 2518 4216 enim,
2540 4147 2599 4202 ni
2630 4163 2734 4219 per
2762 4146 2949 4220 gratia
2978 4147 3208 4203 Domini
3239 4147 3562 4205 liberentur

1912 4255 1946 4294 a
1974 4236 2229 4303 diabolo,
2256 4234 2414 4291 velut
2460 4235 2781 4291 Pharaonis
2812 4234 2994 4308 impia
3024 4235 3423 4293 dominatione
3451 4238 3557 4295 de-

1910 4326 2266 4401 primuntur.

1910 4434 1947 4489 9
2056 4432 2252 4487 Emisit
2276 4431 2440 4500 signa
2468 4438 2520 4486 et
2542 4430 2799 4503 prodigia
2828 4433 2886 4488 in
2917 4432 3093 4490 medio
3121 4434 3224 4503 tui,
3257 4434 3484 4507 AEgypte
3512 4452 3532 4489 :

2057 4522 2118 4576 In
2149 4520 2495 4576 Pharaonem
2524 4526 2578 4575 et
2605 4522 2665 4575 in
2690 4537 2874 4577 omnes
2895 4538 3072 4578 servos
3100 4523 3236 4595 ejus.

1978 4620 2021 4676 Ο
2051 4618 2210 4675 Misit
2240 4616 2426 4691 signa,
2461 4618 2696 4690 quando
2730 4617 2788 4673 in
2822 4619 3095 4692 passione
3142 4620 3359 4676 Christi
3403 4624 3560 4677 terra

1906 4708 2166 4777 tremuit,
2199 4724 2337 4764 saxa
2366 4707 2636 4781 disrupta
2666 4712 2824 4765 sunt.
2850 4709 3081 4765 Dictum
3105 4714 3195 4766 est
3226 4709 3460 4781 signum
3483 4711 3555 4765 ab

1906 4810 1974 4855 ‘eo
2004 4797 2159 4870 quod
2194 4795 2663 4869 signiﬁcet,sicut
2690 4797 2936 4871 vestigio
2960 4797 3396 4865 viso,transisse
3425 4796 3555 4852 ani-

1908 4887 2026 4944 mal
2058 4888 2227 4958 cujus
2252 4885 2565 4958 vcstigium
2597 4891 2687 4941 est
2716 4888 3063 4958 cogitamus,
3096 4885 3363 4959 prodigia
3383 4885 3555 4958 quasi

1908 4993 2081 5051 porro
2127 4974 2296 5043 dicia,
2324 4973 2383 5028 id
2435 4977 2542 5041 est,
2576 4972 2747 5045 longe
2795 4973 3206 5045 praedicentia;
3239 4990 3367 5046 qua:
3415 4979 3555 5031 tunc

1910 5065 2207 5133 facit,eum
2238 5060 2467 5117 animas
2492 5060 2692 5117 fideles
2709 5078 2812 5133 per
2835 5060 3033 5134 aliqua
3053 5061 3223 5135 signa
3250 5064 3556 5135 praemissa

1911 5151 2210 5210 convertit.
2256 5150 2478 5207 Pharao
2524 5150 2807 5223 dissipatio
2858 5150 3291 5225 interpretatur,
3323 5158 3381 5209 et
3428 5151 3554 5209 dia-

1910 5241 2111 5300 bolum
2142 5240 2451 5313 signiﬂcat.
2487 5239 2550 5294 In
2580 5254 2785 5295 omnes
2816 5255 3013 5296 servos
3059 5241 3208 5313 ejus,
3242 5241 3300 5297 id
3349 5245 3458 5309 est,
3491 5241 3551 5296 in

1908 5332 2042 5389 illos
2081 5330 2183 5403 qui
2216 5329 2299 5384 illi
2330 5328 2630 5397 serviunt;
2660 5327 2818 5385 illius
2846 5329 3005 5384 enim
3037 5330 3187 5387 servi
3218 5347 3427 5387 sumus
3458 5329 3550 5385 cui

1907 5423 2229 5493 spontanea
2258 5420 2452 5473 mente
2480 5416 3200 5493 servimus.Submcrgitur
3227 5420 3385 5477 enim
3414 5435 3549 5475 cum

1906 5509 2091 5567 servis
2120 5506 2244 5565 suis
2273 5505 2806 5581 diabolus,quando
2837 5507 3079 5565 salutari
3102 5510 3257 5567 fonte
3271 5508 3547 5585 baptismi
3636 5538 3645 5549 ε

1904 5597 2159 5679 populus
2187 5613 2222 5652 a
2251 5594 2466 5654 diaboli
2496 5612 2689 5655 errore
2712 5596 3012 5656 liberatur.
