3986 6164
419 313 536 374 487
561 333 587 373 ν.

423 445 493 502 10
567 445 673 514 Qui
695 445 964 518 percussit
991 448 1170 515 gentes
1198 443 1400 500 multas
1431 457 1446 496 :

561 535 630 590 Et
659 533 854 590 occidit
883 549 1029 604 reges
1055 535 1240 604 fortes.

491 621 534 678 C
563 622 798 690 Gentes,
831 621 972 678 dicit
1011 626 1272 679 catervas
1319 621 1617 680 vitiorum.
1651 619 1768 674 Has
1816 616 2068 691 percuti-

421 728 576 780 mus,
605 711 838 784 quando
869 710 1264 784 satisfactione
1295 727 1398 784 per
1427 707 1830 783 paenitentiam
1867 705 2068 763 vulne-

419 818 650 869 ramus;
684 800 838 873 quod
873 799 1028 855 enim
1060 803 1149 856 est
1175 799 1294 856 illis
1322 797 1736 866 vulnus,nobis
1767 795 1929 853 salus
1957 799 2064 853 est.

419 889 604 962 Reges
633 887 1083 961 fortes,spiritus
1113 888 1452 946 immundos
1481 886 1644 955 dicit,
1677 903 1825 960 quos
1857 885 2068 942 occidit

416 977 722 1044 Dominus,
751 994 885 1033 cum
918 993 1025 1034 nos
1058 979 1305 1035 mundat
1335 995 1368 1035 a
1397 977 1646 1047 delictis,
1681 981 1738 1032 et
1766 973 1900 1034 illos
1929 974 2068 1031 facit

415 1085 450 1124 a
478 1066 648 1124 nobis
677 1071 1005 1124 extraneos.

415 1175 477 1230 11
555 1173 732 1232 Sehon
787 1189 970 1247 regem
1017 1175 1464 1232 Amorrhzeorum
1509 1180 1559 1230 et
1607 1173 1682 1244 (lg
1727 1187 1908 1244 regem
1957 1175 2062 1228 Ba-

623 1281 729 1320 san
765 1280 779 1320 ζ

553 1353 622 1408 Et
653 1353 838 1409 omnia
867 1368 1038 1424 regna
1069 1352 1350 1408 Chanaan.

483 1440 525 1498 C
535 1440 728 1498 Sehon
739 1441 798 1496 in
806 1445 1120 1513 terpretatu
1131 1460 1156 1496 r
1167 1441 1388 1498 tentatio
1403 1440 1707 1508 oculorum;
1719 1437 2060 1504 Amorrhaei,

408 1531 794 1586 amarieantes.
819 1529 964 1584 Vere
995 1546 1195 1586 amara
1226 1534 1366 1585 sunt
1393 1529 1686 1600 vitia,qua3
1715 1543 1824 1584 nos
1853 1527 1926 1583 ab
1959 1525 2061 1583 illa

411 1617 775 1675 beatitudine
797 1617 1236 1690 jucundissima
1253 1617 1704 1675 deducunt.Heec
1729 1615 1948 1674 habent
1978 1632 2060 1672 re-

409 1722 543 1779 gem
575 1705 896 1775 diabolum,
930 1707 1029 1780 qui
1063 1711 1152 1764 est
1183 1707 1426 1764 tentatio
1464 1705 1788 1773 oculorum,
1821 1705 2056 1778 quando

411 1811 474 1850 se
505 1795 886 1854 transformat
913 1795 972 1851 in
1004 1795 1280 1869 angelum
1310 1795 1460 1852 lucis
1489 1795 1563 1868 (II
1585 1795 1706 1850 Cor.
1729 1793 1830 1866 χι),
1861 1798 1927 1850 ut
1954 1811 2059 1867 per
2086 1813 2134 1878 Β

409 1883 664 1957 speciem
693 1883 832 1942 boui
871 1885 1109 1941 devotos
1156 1885 1429 1958 decipiat.
1458 1884 1575 1942 Ista
1621 1883 1777 1940 Deus
1824 1881 2055 1955 occidit,

408 1974 640 2046 quando
671 1991 778 2031 nos
807 1992 843 2030 a
871 1973 1080 2030 talium
1121 1975 1398 2031 servitute
1428 1974 1760 2032 liberaverit.
1792 1972 1898 2045 0g.
1932 1988 2058 2028 eon-

405 2063 617 2132 elusio;
646 2062 860 2131 Basan,
893 2065 1143 2136 confusio
1191 2063 1628 2136 interpretatur.
1673 2060 1876 2119 Merito
1919 2077 2056 2134 ergo

405 2153 768 2209 confusionis
790 2170 890 2208 rex
914 2152 1212 2209 conclusio
1239 2150 1884 2225 pcrhibetur.Diabolus
1897 2149 2055 2206 enim

406 2239 577 2297 nobis
605 2239 894 2296 conclusit
921 2257 1168 2313 regnum
1199 2240 1448 2309 caeleste,
1473 2246 1531 2296 et
1561 2241 1619 2296 in
1650 2239 2055 2296 confusionem

407 2329 636 2400 dejecit.
669 2328 716 2384 H
756 2327 1052 2397 Chanaan,
1099 2331 1386 2386 commotio
1429 2328 1864 2402 interpretatur,
1917 2325 2058 2398 quia

407 2416 624 2474 diaboli
653 2416 754 2474 illa
795 2434 975 2490 regna
1022 2422 1393 2475 commovent.
1441 2435 1548 2474 nos
1597 2435 1632 2473 a
1678 2418 1816 2474 Deo.
1849 2416 1891 2472 C
1919 2419 2055 2484 Quae

405 2503 504 2561 ille
533 2503 761 2572 occidit,
795 2506 894 2578 qui
939 2523 1170 2563 crucem
1219 2523 1323 2580 pro
1375 2507 1640 2562 omnium
1690 2506 1879 2563 salute
1922 2523 2054 2564 sus-

406 2593 576 2668 cepit.

407 2701 476 2757 12
545 2701 610 2756 Et
637 2699 786 2757 dedit
818 2710 1025 2758 terram
1053 2718 1243 2758 eorum
1271 2703 1649 2760 haereditatem
1678 2721 1698 2760 :

547 2788 942 2846 eretlitatem
970 2791 1142 2847 Israel
1161 2792 1363 2864 populo
1389 2809 1487 2848 suo
1519 2810 1538 2848 :

477 2887 520 2942 C
539 2887 737 2954 Terra,
751 2885 852 2944 illa
867 2891 956 2944 est
971 2905 1148 2960 quam
1162 2889 1291 2945 sine
1312 2889 1490 2945 dubio
1503 2889 1818 2946 Christiani
1839 2893 2054 2946 aeterna

405 2993 546 3050 pace
575 2975 961 3050 possidebunt
987 2977 1048 3032 in
1077 2977 1646 3034 haereditatedeco
1675 2978 1857 3046 addit,
1875 2979 2054 3034 haere-

403 3065 646 3126 ditatem
677 3065 852 3122 Israel
877 3065 1094 3139 populo
1119 3067 1367 3134 suo;ista
1395 3084 1530 3141 ergo
1543 3067 1850 3125 hmreditas
1865 3069 2050 3124 beati-

401 3154 630 3250 tudinis
654 3158 744 3250 est
771 3153 900 3250 ipsa
947 3157 1325 3229 perpetuitas.
1357 3157 1404 3213 H
1452 3156 1512 3212 in
1561 3174 1738 3230 quam
1787 3175 1895 3214 nos
1943 3175 2124 3250 suac

403 3243 594 3318 gratia
619 3242 842 3301 ascivit.

405 3351 480 3407 13
543 3351 770 3408 Domine
795 3367 992 3408 nomen
1021 3359 1178 3408 tuum
1205 3354 1266 3408 in
1293 3360 1563 3410 aeternum
1593 3371 1616 3409 .·

543 3441 796 3509 Domine,
827 3442 1145 3497 memoriale
1172 3449 1328 3498 tuum
1361 3443 1420 3497 in
1461 3443 1810 3513 generatione
1853 3451 1904 3500 et
1957 3460 2047 3515 ge-

610 3529 970 3586 iterationem.

471 3618 513 3674 C
543 3618 820 3676 Precatur
843 3634 1001 3690 ergo,
1036 3624 1103 3674 ut
1131 3619 1389 3676 humano
1439 3620 1636 3693 generi
1679 3637 1891 3677 nomen
1920 3622 2048 3694 ejus

400 3723 634 3780 semper
678 3706 887 3764 debeat
933 3724 1274 3780 permanere
1323 3715 1613 3782 quatenus
1666 3710 1739 3766 ab
1796 3710 2048 3766 adventu

400 3793 616 3851 Christi
646 3811 834 3868 usque
865 3796 936 3851 ad
970 3795 1146 3853 finem
1179 3797 1376 3853 saeculi
1416 3815 1649 3870 semper
1693 3797 1807 3854 dici
1835 3803 1894 3854 et
1921 3815 2049 3856 esse

401 3883 654 3941 debeant
677 3883 1012 3942 Christiani.
1044 3886 1091 3942 Η
1121 3885 1245 3955 Vel,
1279 3885 1378 3943 illo
1408 3887 1645 3944 nomine
1675 3886 1735 3942 in
1765 3893 2048 3944 aeternum

400 3977 798 4046 permanente,
831 3971 942 4030 hoc
972 3974 1142 4031 nobis
1181 3976 1260 4032 sit
1310 3976 1620 4033 basi-editas
1667 3977 2046 4050 sempiterna.

401 4059 443 4116 C
469 4060 803 4118 Memoriale
831 4061 932 4118 Dei
961 4068 1051 4118 est
1080 4063 1364 4138 quidquid
1394 4063 1456 4120 in
1478 4065 1796 4138 Scripturis
1827 4065 2048 4122 sanctis

399 4149 788 4208 commotione
861 4149 1252 4208 saluberrima
1323 4153 1678 4210 continetur.
1754 4153 2048 4210 Saeculum

397 4237 596 4296 saeculi
623 4237 916 4314 signiﬁcat
945 4239 1101 4296 diem
1132 4241 1586 4314 sempiternum;
1622 4243 1720 4298 ubi
1751 4241 1908 4300 enim
1940 4259 2049 4303 nos.

395 4327 706 4398 habemus,
757 4329 1128 4400 generatione
1174 4335 1232 4386 et
1278 4332 1672 4404 generatione,
1717 4331 2044 4389 Cassiodori

395 4415 702 4474 translatio
729 4415 992 4485 habet,in
1024 4418 1300 4476 smculum
1332 4419 1550 4476 saeculi.
1579 4421 1625 4476 H
1657 4420 1782 4493 Vel,
1813 4437 2050 4494 genera-

395 4503 552 4560 tione
562 4507 620 4560 et
631 4505 1258 4576 generationc,scilicet
1268 4509 1296 4564 J
1305 4507 1605 4565 udieorum
1621 4513 1680 4566 et
1694 4509 2050 4566 Christiano-

395 4609 550 4663 rum,
571 4609 607 4648 ιι
615 4597 658 4659 ι,
676 4593 832 4666 quod
847 4593 991 4666 legis
1003 4597 1214 4652 umbra
1225 4597 1636 4672 praefiguravit,
1659 4599 1718 4654 in
1731 4597 2046 4672 Evangelia

393 4685 768 4756 agnoscatur.
798 4683 845 4737 A
871 4681 997 4750 Vel,
1031 4683 1089 4739 in
1121 4684 1232 4740 hoc
1261 4685 1472 4742 aesculo
1501 4691 1558 4742 et
1587 4687 1802 4744 futuro.

395 4790 466 4846 14
537 4790 688 4862 Quia
705 4789 983 4864 judicabit
1011 4793 1282 4849 Dominus
1305 4793 1571 4866 populum
1591 4809 1756 4849 suum
1784 4811 1802 4848 :

533 4881 602 4936 Et
630 4881 690 4936 in
716 4895 888 4937 servis
915 4881 1032 4938 suis
1059 4879 1454 4954 deprecabitur.

463 4977 505 5032 C
531 4977 913 5051 Judicabit,id
936 4983 1026 5036 est
1043 4978 1350 5035 damnabit
1364 4979 1652 5036 Dominus
1671 4979 1904 5037 Iudaeos
1923 4997 2040 5037 non

393 5063 860 5138 credentes,quia
887 5067 1204 5124 noluerunt
1233 5085 1364 5125 esse
1393 5067 1602 5142 ipsius,
1617 5085 1766 5142 quos
1797 5069 1868 5125 de
1899 5085 2043 5126 cun-

393 5149 505 5206 ctis
533 5149 708 5224 elegit
738 5153 1075 5212 nationibus
1103 5157 1176 5212 ad
1210 5156 1736 5230 possidendum.Et
1764 5157 1826 5214 in
1858 5157 2042 5217 servis

393 5238 540 5306 suis,
567 5238 630 5294 id
657 5243 747 5296 est
774 5239 1068 5313 ﬁdelibus,
1099 5245 1317 5318 quibus
1341 5245 1564 5302 dictum
1595 5247 1826 5314 est.Qui
1857 5247 2045 5306 credit

389 5325 452 5384 in
479 5343 595 5394 me,
627 5343 746 5383 non
783 5329 1170 5400 judicabitur,
1203 5335 1306 5390 sed
1355 5335 1571 5392 transit
1613 5335 1684 5390 de
1731 5341 1920 5391 morte
1965 5337 2039 5393 ad

389 5414 571 5473 vitam
602 5416 788 5488 (Joan.
818 5417 1000 5489 x1).ln
1032 5418 1152 5476 illis
1177 5421 1608 5493 deprecabitur,
1630 5423 1688 5479 id
1721 5428 1812 5479 est
1843 5425 2039 5498 pr0pi-

386 5502 651 5575 tiabitur,
684 5505 901 5580 quibus
931 5512 1148 5564 aeterna
1177 5509 1468 5582 promissa
1515 5511 1636 5570 dat.
1669 5511 1754 5569 Ab
1786 5511 1905 5570 illis
1937 5513 2036 5572 de-

388 5597 662 5680 precatur
692 5609 842 5678 quos
871 5601 928 5656 et
957 5596 1212 5657 exaudit.

1331 311 1395 369 Β.
1442 308 1840 370 BBUNONIS
1887 307 2506 370 HERBIPOLENSIS
2549 307 2927 369 EPISCOPI.

2095 437 2154 507 Α
2183 439 2251 495 15
2323 439 2637 496 Simulaera
2664 439 2914 511 gentium
2942 444 3234 508 argentum
3256 445 3306 495 et
3327 454 3505 498 aurum
3539 459 3557 499 :

3643 315 3761 375 488⁸

2323 527 2501 602 Opera
2526 545 2798 584 manuum
2822 527 3127 584 hominum.

2249 615 2292 673 C
2321 616 2716 690 Designantur
2745 619 2943 672 autem
2963 614 3060 672 hic
3071 613 3613 690 simulacraperillud
3624 623 3749 682 unde

2179 706 2406 774 sunt,id
2437 709 2529 762 est
2559 719 2769 761 aurum
2792 709 2850 761 et
2873 703 3754 778 argentam,metallorum,scilicet

2177 795 2458 868 qualitate
2487 795 2837 862 formata,ad
2866 794 3197 852 irrisionem
3213 793 3751 869 gentium.Beneenim

2174 885 2423 958 gentiles
2447 884 2786 956 irridentur,
2817 901 2950 940 cum
2982 887 3196 958 putant
3223 883 3355 940 deos
3399 899 3524 941 suos
3564 885 3750 944 homini

2172 978 2449 1048 praestare
2479 973 2636 1048 quod
2679 973 2922 1046 capiunt
2945 973 3018 1030 ab
3049 970 3302 1039 homine,
3333 972 3534 1030 scilicet
3557 991 3750 1045 aurum,

2173 1067 2506 1137 argentum,
2539 1067 2649 1120 etc.
2673 1061 2882 1120 Melius
2913 1061 3070 1118 enim
3095 1059 3452 1118 consulerent
3475 1061 3576 1119 sibi
3600 1063 3751 1121 homi-

2171 1169 2295 1222 nes,
2329 1169 2399 1208 ea
2422 1153 2796 1225 frangentes;
2830 1155 2970 1207 tunc
3001 1151 3160 1206 enim
3203 1149 3411 1224 aliquid
3455 1156 3683 1224 prosunt,
3710 1155 3750 1210 si

2171 1242 2244 1298 ad
2272 1242 2550 1315 pecunias
2572 1239 2854 1297 translata
2877 1239 3419 1297 descendunt.Unde
3432 1239 3569 1296 Deus
3585 1257 3750 1298 eorum

2169 1347 2287 1385 non
2333 1328 2568 1386 exaudit
2611 1327 2856 1400 integer,
2891 1327 2992 1384 sed
3037 1329 3275 1400 praestat
3303 1325 3484 1400 potius
3519 1325 3752 1383 imminu-

2167 1421 2284 1475 tus.
3107 1437 3110 1440 ’

2167 1507 2234 1564 16
2307 1508 2376 1564 0s
2401 1496 2602 1564 habent
2625 1514 2678 1563 et
2706 1521 2814 1564 non
2848 1506 3138 1578 loquentur
3167 1523 3187 1560 :

2309 1595 2501 1653 Oculos
2531 1595 2735 1652 habent
2761 1602 2812 1652 et
2839 1611 2948 1650 non
2979 1594 3258 1651 videbunt.

2234 1685 2276 1742 C
2305 1684 2452 1752 Quid
2483 1685 2721 1758 prodest
2750 1700 2816 1740 os
2848 1683 3001 1756 quod
3026 1701 3140 1740 non
3156 1681 3568 1756 loquitur?quid
3588 1681 3756 1738 oculus

2165 1773 2264 1848 qui
2293 1791 2411 1830 non
2436 1773 2630 1830 videt?
2658 1771 2956 1830 Vocabula
2983 1772 3140 1828 enim
3171 1776 3314 1830 sunt
3339 1787 3496 1841 vana,
3525 1787 3628 1828 non
3653 1771 3754 1827 olﬂ-

2167 1863 2258 1920 cia
2285 1863 2610 1936 profutura.

2167 1953 2232 2007 17
2310 1953 2484 2008 Aures
2515 1950 2714 2008 habent
2741 1959 2793 2008 et
2819 1966 2931 2006 non
2959 1949 3189 2007 audient
3215 1967 3236 2006 :

2306 2042 2488 2112 Neque
2513 2041 2665 2096 enim
2695 2046 2773 2096 est
2797 2040 3032 2110 spiritus
3061 2041 3124 2094 in
3153 2054 3247 2096 ore
3283 2039 3533 2110 ipsorum.

2235 2127 2278 2186 C
2308 2128 2456 2194 Quid
2482 2129 2722 2202 prodest
2752 2127 2914 2184 auris
2945 2145 3074 2200 quis
3102 2144 3219 2184 non
3249 2126 3450 2184 audit?
3469 2125 3596 2198 quid
3619 2139 3759 2180 nales

2167 2235 2294 2291 qua:
2325 2235 2440 2274 non
2471 2216 2766 2274 odorant?
2796 2216 3040 2274 nomina
3065 2232 3217 2273 vana
3263 2215 3389 2273 sine
3434 2215 3612 2282 rebus,
3640 2226 3758 2286 pra-

2164 2306 2424 2380 sumptio
2453 2306 2692 2362 caduca.
2726 2307 2861 2372 Quae
2891 2304 3114 2361 utilitas
3145 2321 3357 2362 manus
3385 2321 3506 2376 quis
3531 2319 3635 2358 non
3659 2299 3759 2375 pal-

2165 2395 2305 2469 pat?
2334 2395 2474 2468 quid
2509 2411 2612 2468 pes
2641 2395 2742 2468 qui
2775 2411 2892 2451 non
2919 2393 3228 2452 movetur?
3256 2392 3394 2466 quid
3424 2396 3609 2466 guttur
3631 2387 3759 2461 quod

2165 2502 2278 2540 non
2310 2483 2518 2542 sonat?
2543 2483 2716 2541 noxia
2743 2487 2886 2540 sunt
2913 2482 3320 2550 deliramenta,
3339 2497 3448 2538 non
3476 2481 3664 2537 veritas
3687 2478 3763 2533 tir-

2164 2573 2531 2630 ma.Abunde
2561 2572 2718 2630 enim
2746 2572 3013 2646 gentium
3043 2571 3364 2628 simulacra
3390 2568 3572 2626 derisa
3593 2570 3725 2623 sunt.

2164 2681 2232 2737 18
2303 2681 2524 2738 Similes
2551 2679 2667 2736 illis
2693 2681 2833 2753 ﬁant
2859 2681 2957 2752 qui
2981 2680 3201 2752 faciunt
3228 2695 3295 2736 ea
3327 2696 3341 2734 ε

2300 2776 2356 2838 σ-ἓ·
2403 2772 2464 2826 Et
2508 2776 2524 2836 ζ
2565 2785 2747 2827 omnes
2777 2770 2875 2842 qui
2899 2767 3179 2841 conﬁdunt
3209 2769 3268 2824 in
3297 2768 3393 2824 eis.

2231 2859 2274 2916 C
2304 2859 2559 2932 Dignum
2589 2863 2680 2915 est
2709 2858 2866 2914 enim
2898 2862 2966 2913 ut
2995 2860 3236 2914 careant
3268 2853 3490 2914 collatis
3531 2850 3763 2909 sensibus

2161 2949 2263 3022 qui
2293 2949 2432 3005 deos
2465 2949 2795 3004 insensatos
2825 2947 3066 3003 sibimet
3105 2946 3439 3002 etl'ecerunt.
3469 2943 3534 2998 Et
3575 2941 3761 2996 intuere

2161 3037 2439 3110 quoniam
2469 3036 2848 3092 fabricatores
2887 3040 2946 3091 et
2973 3034 3230 3091 cultores
3277 3047 3478 3091 omnes
3516 3029 3760 3087 idolorum

2160 3143 2279 3182 una
2308 3123 2720 3198 complectitur
2741 3123 3293 3192 damnatione,dum
3311 3116 3764 3193 dicit,quifaciunt

2159 3219 2220 3272 et
2238 3214 2339 3288 qui
2370 3213 2674 3270 confidunt
2699 3211 2760 3268 in
2791 3211 2896 3268 eis.

2161 3323 2230 3378 19
2298 3323 2498 3380 Demus
2526 3319 2701 3377 Israel
2733 3317 3036 3376 benedicite
3065 3319 3298 3375 Domino
3323 3335 3342 3372 :

2299 3411 2500 3467 Domus
2529 3409 2730 3474 Aaron,
2759 3407 3058 3464 benedicite
3085 3407 3339 3463 Domino.

2229 3500 2271 3557 C
2299 3499 2588 3556 Admonet
2615 3497 2709 3553 hic
2739 3501 2807 3552 ut
2833 3513 2968 3554 vero
3017 3495 3268 3552 Domino
3316 3494 3557 3551 debeant
3597 3503 3760 3564 perso-

2159 3605 2299 3646 nare
2325 3587 2531 3644 laudes
2561 3583 2959 3643 ﬁdelium.Per
2987 3583 3390 3653 Israel,omnis
3411 3583 3600 3654 justus
3614 3574 3762 3650 signi-

2158 3679 2368 3734 ficatur
2416 3675 2516 3750 qui
2567 3673 2766 3730 divina
2813 3670 3309 3745 contemplatione
3355 3668 3674 3745 gratulatur.
3712 3663 3760 3718 ln

2157 3770 2370 3836 Aaron,
2398 3765 2730 3821 sacerdotes
2758 3761 2945 3819 sancti
2979 3761 3410 3836 signiﬁcantur.

2155 3875 2227 3930 20
2296 3875 2496 3930 Domus
2525 3871 2654 3926 Levi
2683 3868 2980 3926 benedictio
3004 3870 3238 3925 Domino
3269 3887 3289 3925 :

2300 3963 2417 4035 Qui
2446 3961 2650 4016 timetis
2677 3960 2990 4025 Dominum,
3023 3957 3322 4014 benedieite
3347 3955 3586 4013 Domino.

2227 4053 2270 4108 C
2299 4032 2362 4107 In
2393 4049 2526 4106 Levi
2575 4047 2774 4116 etiam,
2807 4046 2997 4104 sancti
3030 4045 3309 4115 ministri,
3343 4045 3400 4100 id
3448 4047 3533 4100 est
3569 4032 3761 4096 diaconi

2156 4140 2594 4213 signiﬁcantur;
2627 4137 2699 4192 ad
2734 4135 3226 4210 postremum,qui
3249 4133 3494 4192 Domino
3524 4131 3580 4187 in
3608 4121 3762 4213 quali-

2157 4211 2254 4286 bet
2291 4225 2729 4285 conversatione
2758 4223 3140 4280 famulantur.
3174 4224 3271 4280 Sic
3319 4221 3509 4279 omnis
3547 4211 3762 4292 populus

2156 4319 2272 4376 Deo
2293 4318 2536 4374 devotus
2561 4330 2666 4388 per
2693 4313 2952 4370 diversas
2973 4316 3169 4386 partes
3186 4313 3373 4370 Deum
3405 4309 3632 4367 laudare
3651 4319 3766 4378 prec

2155 4407 2390 4481 cipitur.

2151 4499 2219 4553 21
2294 4493 2619 4554 Benedictus
2643 4493 2908 4550 Dominus
2938 4508 3009 4548 ex
3033 4490 3166 4549 Sion
3197 4510 3218 4548 :

2296 4585 2405 4655 Qui
2431 4584 2643 4640 habitat
2672 4584 2734 4638 in
2763 4581 3124 4639 Hierusalem.
3510 4645 3520 4656 ρ

2225 4675 2266 4732 C
2295 4673 2646 4731 Benedictus
2674 4670 2980 4739 Dominus,
3013 4669 3072 4726 id
3120 4674 3210 4727 est
3259 4667 3545 4734 Christus,
3575 4660 3666 4736 qui
3689 4657 3764 4714 est

2151 4763 2376 4833 Sion;id
2409 4765 2497 4818 est
2523 4777 2691 4817 suam
2723 4759 3040 4817 Ecclesiam
3071 4765 3278 4816 sancta
3309 4744 3764 4833 incarnatione

2152 4832 2370 4909 sitavit.
2391 4851 2520 4924 Ipse
2549 4854 2642 4907 est
2671 4837 3030 4922 quiﬁhabitat
3057 4847 3117 4904 in
3148 4845 3534 4911 Hierusalem,
3554 4855 3668 4916 quae
3691 4832 3762 4891 di-

2149 4957 2452 4999 versorum
2485 4943 2826 4995 sanctorum
2857 4937 3311 5012 congregatione
3339 4931 3695 4994 construitur,
3717 4924 3764 4978 et

2153 5031 2310 5107 regis
2338 5029 2429 5088 sui
2459 5028 2788 5103 praesentia,
2821 5026 3092 5084 felicitate
3122 5025 3354 5084 laetatur
3381 5028 3602 5082 eterna.

2609 5150 2814 5192 ORATIO
2852 5149 2923 5190 EX
2961 5149 3119 5190 PSAL.
3146 5149 3372 5190 CXXXIV.

2219 5241 2534 5302 Suavitatis
2564 5239 2786 5298 eximiae
2829 5239 2986 5296 Deus
3036 5255 3212 5312 quem
3261 5236 3456 5295 omnis
3500 5238 3648 5291 terra
3675 5237 3763 5299 pro

2149 5331 2478 5391 dulcedinis
2503 5324 2864 5402 benignitate
2892 5326 3184 5385 collaudat
3203 5341 3492 5400 rogamus
3509 5314 3767 5402 ut,ablut0

2148 5440 2184 5480 a
2213 5419 2382 5479 nobis
2411 5435 2570 5476 vanas
2600 5399 3042 5491 superstitionis
3079 5399 3293 5484 errore,
3325 5414 3446 5472 tuis
3488 5399 3766 5468 voluntati-

2145 5504 2260 5568 bus
2290 5512 2720 5566 connectamur.
2771 5507 2881 5566 Per
2928 5506 3245 5566 Dominum
3293 5505 3559 5564 nostrum
3585 5494 3776 5554 ὅθεοω

2145 5599 2462 5663 Christum.
2498 5601 2607 5656 etc.
