3986 6164
639 436 965 492 PSALMUS
1004 436 1255 493 CXXXV.

528 560 923 600 ARGUMENTUM
962 561 1119 600 PSAL.
1161 560 1362 599 CXXXV.

194 689 229 743 C
250 683 744 759 Magniﬁcentiam
768 686 994 742 Domini
1022 686 1313 759 Propheta
1339 685 1643 742 declarans
1666 684 1770 739 mi-

137 775 315 832 racula
333 775 512 831 refert
534 792 660 848 quas
686 774 886 831 fecerit
912 776 974 831 in
996 776 1238 849 Egypto
1261 780 1318 831 et
1346 778 1519 847 gente
1539 774 1768 830 Judae-

136 883 269 933 rum,
293 863 757 921 misericordiam
788 865 917 936 ejus
964 866 1178 937 saepius
1227 864 1397 919 nobis
1443 863 1765 929 inculcans,

134 954 273 1027 quia,
295 952 457 1008 illius
480 957 572 1009 est
602 952 1021 1019 misericordia,
1047 969 1219 1008 omne
1241 952 1397 1025 quod
1428 968 1766 1024 possumus,

136 1048 183 1099 et
207 1041 532 1111 clementia,
567 1059 738 1098 omne
768 1042 924 1114 quod
954 1041 1225 1097 vivimus.

742 1149 859 1205 TT.
888 1149 1149 1204 Alleluia.

193 1239 230 1294 Ο
258 1235 541 1291 Mirabilis
570 1235 854 1308 psalmus,
879 1239 937 1293 et
967 1235 1151 1292 nimia
1175 1237 1386 1293 virtute
1414 1236 1764 1309 profundus.

137 1327 294 1398 Cujus
322 1324 479 1380 enim
511 1326 744 1381 virtutis
775 1326 871 1392 sit,
906 1326 964 1380 in
995 1324 1478 1399 Paralipomenon
1510 1325 1768 1382 ostendi-

138 1423 236 1480 tur,
267 1414 363 1471 ubi
394 1414 477 1470 ait
508 1433 522 1470 :
555 1418 697 1470 Cum
737 1414 1051 1487 cmpissent
1099 1415 1282 1470 Deum
1332 1413 1573 1470 laudare
1602 1418 1657 1470 et
1687 1413 1769 1469 dio

142 1521 249 1561 cere
272 1524 284 1560 :
305 1503 678 1559 Confitcmini
708 1502 975 1570 Domino,
999 1508 1132 1571 etc.,
1164 1503 1519 1576 implebatur
1557 1503 1768 1559 domus

144 1596 273 1650 nube
299 1598 351 1650 et
382 1592 657 1665 caligine,
682 1592 765 1647 ita
795 1593 950 1664 quod
996 1609 1099 1649 nec
1143 1594 1474 1649 sacerdotes
1504 1596 1769 1664 poterant

144 1692 272 1740 stare
298 1688 352 1739 et
382 1682 722 1738 ministrare
752 1685 988 1755 propter
1009 1681 1345 1755 caliginem;
1380 1681 1770 1754 compleverat

142 1774 273 1829 enim
302 1771 486 1845 gloria
520 1771 747 1826 Domini
786 1771 1027 1827 domum
1068 1771 1169 1826 Dei
1206 1771 1277 1839 (ll
1304 1771 1492 1826 Paral.
1518 1771 1592 1842 v).
1620 1770 1764 1826 Nam

148 1862 255 1917 licet
284 1862 340 1916 in
354 1860 635 1917 omnibus
655 1859 922 1933 psalmis,
946 1860 992 1915 si
1025 1877 1167 1932 pure
1188 1864 1518 1925 cantantur,
1546 1864 1769 1916 certum
1802 1859 1853 1907 ¹¹μ

146 1952 207 2007 sit
231 1951 424 2007 adesse
455 1950 716 2005 divinam
760 1949 1153 2022 praesentiam,
1184 1948 1294 2005 hoc
1339 1953 1536 2005 tamen
1578 1947 1768 2022 magis

154 2040 382 2095 creditur
404 2038 564 2112 quod
591 2037 737 2111 legis
764 2039 1107 2094 auctoritate
1130 2038 1417 2094 ﬁrmatur.

173 2132 195 2184 1
264 2129 610 2201 Conﬁtemini
631 2129 861 2183 Domino
891 2129 1153 2200 quoniam
1186 2129 1355 2183 bonus
1385 2146 1404 2183 :

261 2220 533 2289 Quoniam
563 2219 620 2272 in
650 2225 924 2273 aetemum
950 2216 1327 2273 misericordia
1356 2217 1492 2288 ejus.

206 2307 242 2362 C
269 2305 655 2370 Conﬁtemini,
689 2311 808 2361 tam
853 2306 1143 2362 confessio
1190 2310 1561 2378 peccatorum
1592 2321 1770 2378 quam

148 2393 317 2451 laudis
346 2394 713 2468 intelligitur.
748 2394 897 2462 Quod
933 2410 1066 2449 vero
1103 2392 1522 2463 misericordia,
1554 2393 1611 2448 in
1644 2393 1772 2450 sin-

150 2483 280 2557 gulis
315 2484 579 2540 versibus
627 2482 926 2555 repetitur,
958 2482 1066 2538 hoc
1119 2482 1357 2550 indicat,
1390 2483 1527 2555 quia
1575 2483 1774 2538 omnia

150 2591 256 2646 quae
282 2573 578 2639 dicuntur,
601 2588 671 2627 ex
700 2570 1102 2627 misericordia
1146 2570 1243 2626 Dei
1282 2572 1623 2643 procedunt,
1647 2570 1773 2627 sine

150 2679 249 2734 qua
275 2678 374 2719 nec
404 2654 669 2718 essenec
698 2661 887 2716 valere
916 2677 1254 2733 possumus.
1278 2661 1641 2733 Quapropter
1668 2676 1772 2717 nec

152 2752 210 2807 ab
236 2768 327 2807 ore
372 2756 574 2807 nostro
604 2750 778 2806 debet
808 2766 913 2806 nec
943 2767 977 2804 a
1007 2750 1178 2806 corde
1225 2750 1543 2818 discedere,
1568 2754 1769 2822 quate-

151 2857 245 2895 nus
271 2845 321 2895 et
346 2841 474 2913 ipsa
502 2839 777 2911 dignetur
807 2855 912 2895 nos
935 2838 1066 2912 jugi
1096 2837 1342 2895 tuitione
1385 2855 1634 2895 servare.
1671 2840 1774 2896 Bo-

152 2946 265 2999 nus,
284 2945 412 2986 vero
443 2928 681 2995 dicitur,
703 2927 979 3001 quoniam
1032 2926 1238 2984 laudes
1284 2945 1423 2984 suas
1455 2928 1774 2985 clementer

151 3017 311 3085 audit,
330 3023 387 3074 et
414 3016 887 3090 supplicantibus
928 3017 1243 3082 miseratus
1271 3017 1553 3091 indulget.
1576 3018 1771 3087 Addit,

151 3108 197 3162 in
224 3112 490 3163 aeternum
522 3105 925 3162 misericordia
951 3106 1101 3177 ejus,
1126 3106 1266 3177 quia
1306 3106 1401 3162 hic
1442 3112 1679 3180 praestat
1708 3111 1773 3162 ut

154 3203 369 3265 recreet;
401 3195 608 3269 parcit,
641 3199 706 3250 ut
737 3195 1014 3268 corrigat;
1049 3201 1104 3250 et
1136 3194 1192 3249 in
1226 3196 1421 3251 futuro
1448 3196 1771 3252 misericor—
1801 3181 1843 3248 C

154 3286 287 3341 diam
314 3284 537 3351 tribuit,
565 3289 632 3339 ut
662 3287 915 3339 coronet.

180 3377 211 3428 2
275 3375 614 3446 Conﬁtemiui
642 3374 751 3428 Deo
778 3372 1001 3428 deorum
1032 3391 1051 3427 :

276 3464 535 3531 Quoniam
567 3464 625 3518 in
654 3469 924 3520 .rtornum
950 3462 1325 3519 misericordia
1352 3464 1488 3534 ejus.

214 3555 250 3605 C
274 3557 414 3608 Deus
445 3551 544 3608 ille
574 3552 817 3607 deorum
849 3554 960 3616 est,
988 3550 1079 3605 cui
1129 3550 1327 3606 nullus
1372 3551 1585 3608 similis
1617 3552 1776 3608 inve-

161 3637 311 3696 nitur.
342 3642 407 3697 Et
437 3657 555 3696 non
582 3643 772 3710 potest
802 3639 957 3695 Deus
988 3640 1251 3704 deorum,
1285 3641 1413 3697 nisi
1432 3640 1557 3698 sola
1584 3641 1779 3697 Trini-

160 3733 234 3784 tas
259 3735 477 3798 sancta,
507 3728 857 3801 nuncupari.

185 3818 217 3871 3
278 3820 620 3892 Conﬁtemini
645 3819 873 3874 Domino
905 3818 1257 3874 Dominorum
1286 3838 1305 3873 :

279 3909 545 3978 Quoniam
576 3909 637 3963 in
659 3914 951 3976 aeternum,
984 3911 1091 3963 etc.

219 3998 254 4051 C
278 3997 556 4054 Dominus
578 3996 961 4053 Dominorum
996 3995 1090 4052 ille
1120 3996 1283 4054 solus
1313 4001 1420 4064 est,
1449 3997 1541 4053 cui
1577 4002 1788 4054 cuncta

158 4083 493 4143 deserviunt.
518 4086 650 4158 Ipse
679 4091 769 4141 est
796 4085 973 4141 etiam
1002 4089 1243 4142 sanctus
1274 4091 1630 4155 sanctorum,
1665 4086 1789 4160 ipse

160 4189 249 4229 rex
273 4192 468 4249 regum
499 4180 561 4231 et
588 4174 854 4230 omnium
885 4178 1264 4248 potestatum.

184 4263 213 4317 4
278 4264 379 4333 Qui
404 4266 543 4337 facit
573 4264 860 4320 mirabilia
889 4281 1093 4335 magna
1120 4265 1268 4320 solus
1296 4283 1316 4320 :

281 4355 575 4423 Quoniam.

216 4444 263 4497 A
282 4443 324 4499 C
341 4444 447 4500 Per
474 4444 622 4500 istos
648 4459 854 4499 omnes
886 4459 1110 4509 versus,
1135 4459 1321 4516 usque
1351 4442 1410 4498 in
1444 4443 1627 4500 ﬁnem
1654 4443 1792 4499 sub-

157 4531 495 4589 audiendum
528 4536 619 4589 est
652 4550 665 4588 :
698 4532 1083 4600 confitemini,
1114 4536 1179 4587 ut
1209 4532 1380 4588 nobis
1410 4530 1582 4605 plena
1611 4532 1797 4605 possit

159 4624 404 4678 constare
431 4621 743 4678 sententia.
766 4621 917 4677 Dicit
948 4621 1148 4693 itaque
1175 4619 1365 4676 solum
1396 4620 1560 4676 illum
1590 4621 1795 4677 fecisse

161 4707 453 4779 mirabilia,
477 4709 647 4783 quasi
677 4713 736 4765 et
761 4726 877 4766 non
910 4726 1015 4782 per
1041 4707 1297 4782 Angelos
1325 4713 1382 4764 et
1406 4708 1700 4781 apostolos
1721 4710 1799 4765 fe-

164 4796 291 4853 cerit
317 4799 629 4867 mirabilia,
656 4799 759 4855 sed
790 4797 883 4854 hic
915 4803 1201 4855 memorat
1245 4798 1357 4854 ista
1398 4797 1691 4854 mirabilia
1716 4798 1797 4855 fe-

166 4884 298 4942 eisse
327 4887 536 4952 solum,
559 4878 796 4961 quando
825 4888 997 4944 verbo
1047 4904 1154 4944 suo
1184 4887 1550 4942 conditiones
1602 4903 1796 4942 rerum

169 4970 457 5034 fabricasse
505 4981 891 5044 monstratur,
915 4993 1064 5050 quas
1113 4974 1239 5032 sine
1290 4976 1618 5032 ministerio
1666 4975 1801 5032 fecit

171 5067 442 5136 creatura,
470 5065 630 5122 unde
658 5063 932 5138 sequitur
963 5083 976 5121 :
1013 5063 1122 5131 Qui
1153 5062 1308 5132 fecit,
1337 5069 1448 5120 etc.

205 5148 237 5202 5
299 5155 407 5224 Qui
425 5154 557 5225 fecit
584 5155 749 5211 cmlos
783 5155 839 5209 in
874 5154 1158 5209 intellectu
1189 5170 1207 5208 :

296 5240 576 5309 Quoniam.
647 5276 662 5301 ι

237 5325 275 5381 C
296 5328 355 5384 In
383 5330 681 5389 intellectu
712 5347 849 5405 ergo
899 5330 1076 5388 caelos
1108 5329 1262 5397 fecit,
1289 5329 1428 5401 quia
1459 5328 1621 5385 nulla
1666 5347 1801 5386 con-

184 5410 397 5488 fusione,
418 5416 582 5476 nulla
602 5420 1058 5488 inordinatione,
1070 5418 1241 5475 nulla
1257 5418 1612 5473 informitate
1626 5419 1803 5475 creati

187 5508 318 5574 sunt,
345 5509 440 5565 sed
488 5509 751 5567 distincti
809 5514 985 5582 atque
1043 5505 1372 5581 compositi,
1402 5506 1461 5562 in
1518 5507 1808 5583 sapientia

189 5598 429 5658 creatoris
459 5598 552 5658 sui
586 5598 808 5675 peracti
843 5602 1001 5655 sunt.

467 5727 743 5815 Piraei,
785 5726 1016 5795 CXLII.

1354 302 1776 365 EXPOSITIO
1822 301 2333 363 PSALMOBUM.

1799 438 1854 502 Α
1917 437 1952 489 6
2023 436 2135 504 Qui
2162 436 2405 505 ﬁrmavit
2432 443 2635 490 terram
2662 453 2826 508 super
2855 453 3066 509 aquas:

3410 307 3531 369 490

2024 524 2311 591 Quoniam.

1950 612 1991 667 C
2022 612 2299 668 Firmavit
2341 616 2556 669 terram
2608 631 2785 687 super
2844 632 3050 687 aquas,
3106 616 3325 674 scilicet
3381 618 3533 676 sacri

1878 701 2270 773 baptismatis.
2330 702 2509 758 Terra
2564 707 2785 771 nostra,
2843 704 2950 759 hoc
3009 710 3097 760 est
3154 722 3366 779 corpus
3428 726 3532 764 no-

1879 794 2090 856 strum,
2123 790 2398 857 reficitur,
2441 792 2582 847 dum
2631 792 2950 848 stabilitate
2995 792 3293 866 religionis
3340 797 3535 852 ﬁrma-

1877 882 1993 933 tur.
2028 878 2157 934 Sive
2187 879 2258 933 ad
2314 878 2592 948 litteram,
2628 898 2804 953 super
2860 899 3065 954 aquas,
3114 882 3171 938 id
3227 889 3317 940 est
3363 885 3536 955 juxta

1878 984 2083 1040 aquas.
2130 967 2234 1023 Vel
2288 967 2487 1035 etiam,
2545 971 2904 1043 superiorem
2964 971 3137 1043 aquis
3197 989 3311 1028 una
3362 978 3533 1045 parte

1879 1072 1992 1112 111.

1910 1147 1947 1199 7
2023 1145 2129 1213 Qui
2152 1147 2284 1216 fecit
2313 1146 2617 1203 luminaria
2647 1165 2846 1220 magna
2880 1165 2894 1204 :

2022 1233 2309 1301 Quoniam.

1948 1322 1989 1378 C
2008 1321 2127 1378 Etsi
2162 1323 2234 1377 ad
2264 1322 2517 1379 litteram
2550 1325 2620 1379 de
2649 1326 2823 1382 astris
2850 1343 3049 1382 verum
3073 1328 3169 1396 sit,
3192 1328 3532 1401 spiritaliter

1878 1416 2074 1467 tamen
2107 1428 2322 1484 magna
2352 1410 2667 1468 luminaria
2697 1414 2853 1482 fecit,
2883 1432 3017 1471 cum
3045 1417 3292 1489 Angelos
3322 1436 3388 1473 ac
3420 1418 3529 1473 Po-

1879 1504 2139 1566 testates,
2164 1501 2453 1569 Thronos,
2496 1501 2934 1559 Dominationes
2962 1504 3211 1561 creavit:
3252 1523 3378 1579 quae
3419 1510 3534 1579 pie-

1877 1592 1994 1644 tate
2027 1588 2402 1645 sanetissima
2431 1590 2647 1647 cmlesti
2679 1590 2901 1648 lumine
2933 1593 3235 1649 irradiant.

1912 1696 1947 1749 8
2020 1695 2198 1752 Solem
2231 1698 2287 1751 in
2316 1704 2635 1768 potestatem
2662 1697 2775 1753 diei
2802 1715 2815 1753 :

2027 1785 2315 1852 Quoniam.

1953 1874 2283 1929 CPolestas
2337 1874 2447 1930 diei
2503 1892 2516 1930 :
2569 1880 2657 1930 est
2715 1876 2998 1932 adventus
3054 1876 3215 1947 solis,
3247 1880 3379 1949 quia
3432 1897 3535 1952 per

1882 1978 2016 2018 eum
2051 1962 2325 2019 omnibus
2373 1963 2703 2019 declaratur
2729 1964 2977 2020 visibilis
3019 1970 3303 2023 creatura.
3339 1968 3533 2025 Potest

1881 2056 1940 2108 et
1968 2051 2039 2107 de
2070 2051 2298 2108 Christo
2358 2051 2492 2120 dici,
2527 2053 2626 2124 qui
2680 2051 2978 2110 illuminat
3034 2056 3321 2112 mentium
3378 2062 3534 2114 tene-

1880 2141 2037 2196 bras.

1916 2232 1951 2285 8
2022 2233 2235 2286 Lunam
2264 2237 2314 2285 et
2342 2231 2527 2287 stellas
2559 2232 2617 2287 in
2642 2236 2960 2303 potestatem
2988 2236 3162 2291 noctis
3195 2253 3208 2291 :

2022 2322 2321 2389 Quoniam.
2950 2364 2959 2373 .

1953 2407 1994 2463 C
2024 2408 2271 2477 Lunam,
2300 2407 2613 2465 Ecclesium
2644 2410 2928 2467 debemus
2966 2410 3228 2485 accipere
3256 2429 3274 2471 :
3307 2412 3531 2482 stellas,

1882 2496 2011 2567 ejus
2038 2497 2300 2552 diversos
2329 2497 2658 2562 ordines,ut
2686 2503 2825 2554 sunt
2863 2499 3149 2572 episcopi,
3179 2502 3531 2574 presbyteri,

1882 2585 2109 2641 diaconi
2149 2603 2161 2641 :
2196 2585 2295 2658 qui
2327 2585 2487 2641 velut
2538 2587 2717 2643 stellae
2759 2587 2976 2643 ccelesti
3028 2594 3354 2646 noscuntur
3403 2608 3536 2647 con-

1880 2674 2208 2731 versatione
2240 2674 2488 2729 radiare.
2518 2676 2625 2742 Qui
2656 2675 2715 2731 in
2747 2681 3095 2749 potestatem
3124 2679 3333 2746 noctis,
3360 2680 3414 2734 id
3447 2685 3536 2735 est

1880 2763 2053 2821 istius
2084 2763 2280 2819 seaculi
2312 2763 2432 2819 dati
2463 2768 2640 2820 sunt:
2667 2768 2732 2820 ut
2760 2782 2866 2838 per
2902 2781 3002 2822 eos
3031 2766 3352 2840 caliginosa
3382 2768 3533 2824 relu-

1882 2854 2049 2907 ceant
2079 2850 2254 2905 corda
2283 2849 2645 2906 mortalium.

1884 2957 1951 3012 10
2026 2956 2133 3025 Qui
2146 2958 2419 3028 percussit
2437 2958 2725 3030 XEgyptum
2754 2976 2878 3015 cum
2904 2962 3288 3033 primogenitis
3305 2978 3490 3018 eorum
3516 2979 3528 3018 :

2027 3046 2316 3115 Quoniam.

1953 3135 1995 3190 C
2024 3134 2310 3203 Quoniam
2340 3134 2584 3191 historia
2623 3139 2759 3192 nota
2799 3140 2907 3205 est,
2929 3136 3234 3195 videamus
3263 3140 3404 3212 quid
3437 3140 3533 3196 hic

1885 3225 2070 3297 possit
2097 3222 2479 3297 spiritualiter
2508 3224 2773 3298 intelligi.
2800 3224 3091 3283 Percussit
3118 3227 3385 3285 Christus
3416 3229 3535 3302 pri-

1882 3314 2083 3369 mitiva
2111 3312 2337 3385 ngypti
2365 3330 2376 3369 :
2406 3315 2640 3386 quando
2672 3313 2845 3371 istius
2875 3315 3071 3372 saeculi
3094 3318 3393 3374 damnavit
3412 3318 3533 3391 glo-

1883 3404 2054 3471 riam,
2078 3419 2205 3474 quae
2245 3402 2561 3475 putabatur
2589 3420 2716 3459 esse
2746 3404 3054 3477 praecipua.
3087 3405 3232 3461 Nam
3272 3404 3446 3462 luxus
3474 3411 3533 3463 et

1886 3491 2162 3566 superbia
2191 3508 2256 3547 ac
2288 3491 2548 3559 avaritia,
2573 3493 2741 3565 quasi
2785 3493 3083 3566 primitiva
3112 3500 3252 3551 sunt
3279 3495 3485 3551 mundi
3521 3514 3533 3552 :

1885 3583 2016 3654 ipsa
2043 3580 2199 3637 erim
2234 3580 2422 3653 primo
2451 3585 2690 3653 generat
2728 3581 3023 3653 pessimus
3060 3588 3278 3652 venter,
3297 3588 3354 3640 et
3385 3583 3539 3640 velut

1889 3671 2098 3727 charos
2128 3670 2279 3726 ﬁlios
2310 3668 2701 3743 amplectitur,
2731 3672 2873 3727 dum
2920 3689 3112 3728 rerum
3161 3672 3409 3729 istarum
3440 3690 3541 3730 cu-

1892 3761 2134 3835 piditate
2164 3759 2514 3833 gratulatur.
2540 3759 2670 3815 Haec
2700 3761 2991 3832 percussit
3022 3762 3165 3817 dum
3189 3763 3506 3820 damnavit.

1894 3870 1958 3925 11
2038 3868 2145 3937 Qui
2165 3866 2358 3924 eduxit
2384 3867 2554 3923 Israel
2585 3867 2651 3921 de
2678 3867 2854 3924 medio
2886 3884 3075 3924 eorum
3105 3887 3119 3926 :

2040 3958 2328 4026 Quoniam.
3114 3945 3123 3954 ’

1966 4047 2009 4103 C
2034 4050 2143 4103 Per
2173 4044 2434 4100 medium
2466 4044 2623 4098 enim
2656 4045 3058 4117 Egyptiorum
3090 4045 3290 4100 eduxit
3322 4045 3499 4102 Israel
3533 4065 3547 4104 :

1900 4136 2137 4210 quando
2168 4137 2401 4189 sanctos
2433 4149 2572 4188 suos
2603 4150 2637 4187 a
2666 4134 3105 4190 conversatione
3136 4133 3401 4189 liberavit
3430 4151 3554 4207 pes-

1901 4226 2209 4290 simorum,
2240 4225 2297 4278 et
2327 4239 2361 4276 a
2389 4221 2593 4276 mundi
2641 4221 2816 4277 istius
2846 4221 3143 4278 teterrima
3190 4222 3551 4279 habitatione

1902 4314 1961 4371 in
1993 4312 2185 4368 lucem
2216 4328 2336 4367 sua:
2364 4309 2624 4366 veritatis
2649 4311 2907 4368 adducit.

1904 4424 1974 4477 12
2045 4421 2107 4476 In
2136 4436 2305 4474 manu
2329 4419 2539 4492 potenti
2566 4426 2616 4474 et
2648 4418 2871 4475 brachio
2894 4420 3124 4475 excelso.

2046 4510 2340 4581 Quoniam.

1973 4600 2015 4655 C
2044 4599 2254 4655 Manus
2299 4595 2509 4653 fortis:
2557 4596 2628 4651 ad
2681 4595 3033 4653 invicibilem
3083 4596 3333 4670 pertinet
3385 4597 3560 4654 actio-

1906 4705 2062 4745 nem.
2099 4685 2410 4743 Brachium
2443 4685 2735 4742 excelsum
2772 4705 2785 4742 :
2818 4688 2891 4742 ad
2931 4686 3416 4759 omnipotentiam
3449 4687 3559 4742 Do-

1908 4776 2052 4832 mini
2082 4775 2464 4849 singularem,
2488 4792 2616 4847 quae
2639 4791 2870 4848 semper
2899 4777 3267 4832 demonstrat
3294 4776 3559 4831 omnium

1906 4882 2105 4923 rerum
2136 4867 2453 4920 auctorem.
2558 4874 2570 4882 '

1910 4974 1977 5030 13
2052 4971 2158 5040 Qui
2184 4970 2370 5025 divisit
2397 4986 2553 5025 mare
2583 4970 2827 5025 Rubrum
2856 4972 2913 5025 iu
2944 4969 3258 5025 divisiones.

2054 5060 2342 5128 Quoniam.

1979 5150 2021 5205 C
2052 5147 2316 5205 Rubrum
2351 5162 2510 5201 mare
2536 5163 2548 5201 :
2571 5150 2660 5202 est
2706 5145 2881 5202 istius
2912 5144 3108 5202 seaculi
3140 5143 3421 5218 permista
3458 5162 3563 5219 pro

1912 5238 2172 5296 funditas
2225 5252 2237 5291 :
2290 5249 2466 5305 quam
2520 5231 2723 5287 multis
2771 5232 3158 5289 divisionibus
3215 5232 3562 5300 transimus,

1912 5326 2147 5401 quando
2178 5321 2439 5379 conversi
2471 5320 2542 5375 ad
2573 5325 2791 5376 terram
2822 5321 3141 5378 viventium
3176 5321 3524 5376 festinamus
3550 5338 3563 5376 :

1912 5417 2060 5473 alter
2087 5413 2245 5470 enim
2276 5428 2377 5483 per
2406 5408 2825 5482 eleemosynas,
2849 5412 2988 5468 alter
3029 5428 3131 5483 per
3160 5409 3407 5466 assiduas
3450 5424 3571 5465 ora-

1914 5508 2107 5571 tiones,
2138 5502 2279 5558 alter
2320 5515 2420 5571 per
2461 5499 2863 5572 virginitatem,
2898 5501 3040 5557 alter
3090 5516 3190 5575 per
3245 5500 3571 5557 charitatem

1916 5592 2122 5655 transit
2152 5590 2224 5651 ad
2258 5593 2461 5648 Deum.

3180 5712 3257 5801 “2
