  <div class='ocr_page' id='page_1' title='image "/cluster/home/n/w/nwhite01/storage/ocr_20150623/142/hvd.32044054760020/251.png"; bbox 0 0 4068 6160; ppageno 0'>
   <div class='ocr_carea' id='block_1_1' title="bbox 428 285 550 350">
    <p class='ocr_par' dir='ltr' id='par_1_1' title="bbox 428 285 550 350">
     <span class='ocr_line' id='line_1_1' title="bbox 428 285 550 350; baseline -0.008 0"><span class='ocrx_word' id='word_1_1' title='bbox 428 285 550 350; x_wconf 75' lang='grc'><strong>491</strong></span> 
     </span>
    </p>
   </div>
   <div class='ocr_carea' id='block_1_2' title="bbox 436 421 1801 494">
    <p class='ocr_par' dir='ltr' id='par_1_2' title="bbox 436 421 1801 494">
     <span class='ocr_line' id='line_1_2' title="bbox 436 421 1801 494; baseline -0.001 -16"><span class='ocrx_word' id='word_1_2' title='bbox 436 422 506 479; x_wconf 82' lang='grc'><strong>14</strong></span> <span class='ocrx_word' id='word_1_3' title='bbox 578 426 634 489; x_wconf 64' lang='grc' dir='ltr'><strong>σξη</strong></span> <span class='ocrx_word' id='word_1_4' title='bbox 670 425 747 478; x_wconf 87' lang='lat' dir='ltr'><strong>Et</strong></span> <span class='ocrx_word' id='word_1_5' title='bbox 788 426 802 486; x_wconf 75' lang='grc' dir='ltr'>ξ</span> <span class='ocrx_word' id='word_1_6' title='bbox 835 421 1026 479; x_wconf 74' lang='lat' dir='ltr'><strong>eduxit</strong></span> <span class='ocrx_word' id='word_1_7' title='bbox 1052 421 1219 478; x_wconf 85' lang='lat' dir='ltr'><strong>Israel</strong></span> <span class='ocrx_word' id='word_1_8' title='bbox 1243 437 1344 494; x_wconf 85' lang='lat' dir='ltr'><strong>per</strong></span> <span class='ocrx_word' id='word_1_9' title='bbox 1371 422 1612 478; x_wconf 86' lang='lat' dir='ltr'><strong>medium</strong></span> <span class='ocrx_word' id='word_1_10' title='bbox 1639 423 1755 493; x_wconf 66' lang='lat' dir='ltr'><strong>ejus</strong></span> <span class='ocrx_word' id='word_1_11' title='bbox 1789 439 1801 477; x_wconf 87' lang='lat'>:</span> 
     </span>
    </p>
   </div>
   <div class='ocr_carea' id='block_1_3' title="bbox 579 514 868 584">
    <p class='ocr_par' dir='ltr' id='par_1_3' title="bbox 579 514 868 584">
     <span class='ocr_line' id='line_1_3' title="bbox 579 514 868 584; baseline 0 -16"><span class='ocrx_word' id='word_1_12' title='bbox 579 514 868 584; x_wconf 80' lang='lat' dir='ltr'><strong>Quoniam.</strong></span> 
     </span>
    </p>
   </div>
   <div class='ocr_carea' id='block_1_4' title="bbox 505 595 2094 675">
    <p class='ocr_par' dir='ltr' id='par_1_4' title="bbox 505 595 2094 675">
     <span class='ocr_line' id='line_1_4' title="bbox 505 595 2094 675; baseline -0.003 -17"><span class='ocrx_word' id='word_1_13' title='bbox 505 601 548 658; x_wconf 88' lang='lat' dir='ltr'>C</span> <span class='ocrx_word' id='word_1_14' title='bbox 579 603 641 659; x_wconf 77' lang='lat' dir='ltr'><strong>Et</strong></span> <span class='ocrx_word' id='word_1_15' title='bbox 674 602 875 658; x_wconf 82' lang='lat' dir='ltr'><strong>eduxit</strong></span> <span class='ocrx_word' id='word_1_16' title='bbox 905 601 1082 658; x_wconf 84' lang='lat' dir='ltr'><strong>Israel</strong></span> <span class='ocrx_word' id='word_1_17' title='bbox 1109 619 1120 659; x_wconf 92' lang='lat'><strong>:</strong></span> <span class='ocrx_word' id='word_1_18' title='bbox 1149 599 1428 675; x_wconf 89' lang='lat' dir='ltr'><strong>quoniam</strong></span> <span class='ocrx_word' id='word_1_19' title='bbox 1458 599 1570 656; x_wconf 87' lang='lat' dir='ltr'><strong>iste</strong></span> <span class='ocrx_word' id='word_1_20' title='bbox 1589 595 1914 656; x_wconf 76' lang='lat' dir='ltr'><strong>versiculus</strong></span> <span class='ocrx_word' id='word_1_21' title='bbox 1935 611 2094 672; x_wconf 89' lang='lat' dir='ltr'><strong>repe-</strong></span> 
     </span>
    </p>
   </div>
   <div class='ocr_carea' id='block_1_5' title="bbox 433 689 1833 765">
    <p class='ocr_par' dir='ltr' id='par_1_5' title="bbox 433 689 1833 765">
     <span class='ocr_line' id='line_1_5' title="bbox 433 689 1833 765; baseline -0.001 -19"><span class='ocrx_word' id='word_1_22' title='bbox 433 691 580 747; x_wconf 87' lang='lat' dir='ltr'><strong>titus</strong></span> <span class='ocrx_word' id='word_1_23' title='bbox 611 695 722 759; x_wconf 91' lang='lat' dir='ltr'><strong>est,</strong></span> <span class='ocrx_word' id='word_1_24' title='bbox 750 690 1036 764; x_wconf 84' lang='lat' dir='ltr'><strong>expositio</strong></span> <span class='ocrx_word' id='word_1_25' title='bbox 1066 691 1342 765; x_wconf 83' lang='lat' dir='ltr'><strong>superius</strong></span> <span class='ocrx_word' id='word_1_26' title='bbox 1373 689 1531 746; x_wconf 90' lang='lat' dir='ltr'><strong>dicta</strong></span> <span class='ocrx_word' id='word_1_27' title='bbox 1559 689 1833 746; x_wconf 85' lang='lat' dir='ltr'><strong>sufﬁciat.</strong></span> 
     </span>
    </p>
   </div>
   <div class='ocr_carea' id='block_1_6' title="bbox 435 775 2098 850">
    <p class='ocr_par' dir='ltr' id='par_1_6' title="bbox 435 775 2098 850">
     <span class='ocr_line' id='line_1_6' title="bbox 435 775 2098 850; baseline -0.004 -14"><span class='ocrx_word' id='word_1_28' title='bbox 435 780 508 836; x_wconf 80' lang='lat' dir='ltr'><strong>l5</strong></span> <span class='ocrx_word' id='word_1_29' title='bbox 577 781 643 836; x_wconf 88' lang='lat' dir='ltr'><strong>Et</strong></span> <span class='ocrx_word' id='word_1_30' title='bbox 671 781 909 836; x_wconf 77' lang='lat' dir='ltr'><strong>excussit</strong></span> <span class='ocrx_word' id='word_1_31' title='bbox 931 781 1309 848; x_wconf 81' lang='lat' dir='ltr'><strong>Pharaonem,</strong></span> <span class='ocrx_word' id='word_1_32' title='bbox 1341 789 1392 836; x_wconf 85' lang='lat' dir='ltr'><strong>et</strong></span> <span class='ocrx_word' id='word_1_33' title='bbox 1420 779 1682 834; x_wconf 79' lang='lat' dir='ltr'><strong>virtutem</strong></span> <span class='ocrx_word' id='word_1_34' title='bbox 1712 778 1830 850; x_wconf 89' lang='lat' dir='ltr'><strong>ejus</strong></span> <span class='ocrx_word' id='word_1_35' title='bbox 1860 779 1921 834; x_wconf 78' lang='lat' dir='ltr'><strong>in.</strong></span> <span class='ocrx_word' id='word_1_36' title='bbox 1949 775 2098 832; x_wconf 85' lang='lat' dir='ltr'><strong>mari</strong></span> 
     </span>
    </p>
   </div>
   <div class='ocr_carea' id='block_1_7' title="bbox 649 870 870 928">
    <p class='ocr_par' dir='ltr' id='par_1_7' title="bbox 649 870 870 928">
     <span class='ocr_line' id='line_1_7' title="bbox 649 870 870 928; baseline 0.014 -3"><span class='ocrx_word' id='word_1_37' title='bbox 649 870 828 928; x_wconf 83' lang='lat' dir='ltr'><strong>Rubro</strong></span> <span class='ocrx_word' id='word_1_38' title='bbox 856 887 870 927; x_wconf 91' lang='lat'><strong>:</strong></span> 
     </span>
    </p>
   </div>
   <div class='ocr_carea' id='block_1_8' title="bbox 579 961 882 1030">
    <p class='ocr_par' dir='ltr' id='par_1_8' title="bbox 579 961 882 1030">
     <span class='ocr_line' id='line_1_8' title="bbox 579 961 882 1030; baseline -0.007 -14"><span class='ocrx_word' id='word_1_39' title='bbox 579 961 882 1030; x_wconf 83' lang='lat' dir='ltr'><strong>Quoniam.</strong></span> 
     </span>
    </p>
   </div>
   <div class='ocr_carea' id='block_1_9' title="bbox 510 1044 2099 1116">
    <p class='ocr_par' dir='ltr' id='par_1_9' title="bbox 510 1044 2099 1116">
     <span class='ocr_line' id='line_1_9' title="bbox 510 1044 2099 1116; baseline -0.004 -12"><span class='ocrx_word' id='word_1_40' title='bbox 510 1049 552 1104; x_wconf 90' lang='lat' dir='ltr'>C</span> <span class='ocrx_word' id='word_1_41' title='bbox 579 1047 650 1104; x_wconf 91' lang='lat' dir='ltr'><strong>Et</strong></span> <span class='ocrx_word' id='word_1_42' title='bbox 679 1047 936 1106; x_wconf 82' lang='lat' dir='ltr'><strong>excussit</strong></span> <span class='ocrx_word' id='word_1_43' title='bbox 963 1047 1350 1116; x_wconf 81' lang='lat' dir='ltr'><strong>Pharaonem,</strong></span> <span class='ocrx_word' id='word_1_44' title='bbox 1377 1049 1434 1106; x_wconf 90' lang='lat' dir='ltr'><strong>id</strong></span> <span class='ocrx_word' id='word_1_45' title='bbox 1479 1053 1587 1116; x_wconf 91' lang='lat' dir='ltr'><strong>est,</strong></span> <span class='ocrx_word' id='word_1_46' title='bbox 1619 1044 1918 1104; x_wconf 88' lang='lat' dir='ltr'><strong>diabolum</strong></span> <span class='ocrx_word' id='word_1_47' title='bbox 1963 1059 2099 1099; x_wconf 91' lang='lat' dir='ltr'><strong>cum</strong></span> 
     </span>
    </p>
   </div>
   <div class='ocr_carea' id='block_1_10' title="bbox 440 1131 2095 1208">
    <p class='ocr_par' dir='ltr' id='par_1_10' title="bbox 440 1131 2095 1208">
     <span class='ocr_line' id='line_1_10' title="bbox 440 1131 2095 1208; baseline -0.004 -16"><span class='ocrx_word' id='word_1_48' title='bbox 440 1135 732 1193; x_wconf 87' lang='lat' dir='ltr'><strong>ministris</strong></span> <span class='ocrx_word' id='word_1_49' title='bbox 765 1137 912 1204; x_wconf 87' lang='lat' dir='ltr'><strong>suis,</strong></span> <span class='ocrx_word' id='word_1_50' title='bbox 944 1136 1003 1192; x_wconf 90' lang='lat' dir='ltr'><strong>in</strong></span> <span class='ocrx_word' id='word_1_51' title='bbox 1049 1138 1210 1194; x_wconf 88' lang='lat' dir='ltr'><strong>fonte</strong></span> <span class='ocrx_word' id='word_1_52' title='bbox 1257 1137 1490 1207; x_wconf 89' lang='lat' dir='ltr'><strong>salutis,</strong></span> <span class='ocrx_word' id='word_1_53' title='bbox 1524 1138 1583 1193; x_wconf 89' lang='lat' dir='ltr'><strong>id</strong></span> <span class='ocrx_word' id='word_1_54' title='bbox 1635 1140 1724 1192; x_wconf 86' lang='lat' dir='ltr'><strong>est</strong></span> <span class='ocrx_word' id='word_1_55' title='bbox 1769 1131 2095 1208; x_wconf 82' lang='lat' dir='ltr'><strong>baptismi:</strong></span> 
     </span>
    </p>
   </div>
   <div class='ocr_carea' id='block_1_11' title="bbox 440 1223 2106 1299">
    <p class='ocr_par' dir='ltr' id='par_1_11' title="bbox 440 1223 2106 1299">
     <span class='ocr_line' id='line_1_11' title="bbox 440 1223 2106 1299; baseline -0.004 -16"><span class='ocrx_word' id='word_1_56' title='bbox 440 1225 542 1283; x_wconf 90' lang='lat' dir='ltr'><strong>ubi</strong></span> <span class='ocrx_word' id='word_1_57' title='bbox 573 1243 673 1282; x_wconf 89' lang='lat' dir='ltr'><strong>eos</strong></span> <span class='ocrx_word' id='word_1_58' title='bbox 705 1244 822 1283; x_wconf 84' lang='lat' dir='ltr'><strong>suae</strong></span> <span class='ocrx_word' id='word_1_59' title='bbox 853 1227 1124 1299; x_wconf 81' lang='lat' dir='ltr'><strong>potentiae</strong></span> <span class='ocrx_word' id='word_1_60' title='bbox 1153 1227 1366 1283; x_wconf 83' lang='lat' dir='ltr'><strong>virtute</strong></span> <span class='ocrx_word' id='word_1_61' title='bbox 1412 1229 1688 1283; x_wconf 89' lang='lat' dir='ltr'><strong>removet.</strong></span> <span class='ocrx_word' id='word_1_62' title='bbox 1703 1223 1980 1280; x_wconf 81' lang='lat' dir='ltr'><strong>Excussit</strong></span> <span class='ocrx_word' id='word_1_63' title='bbox 2007 1238 2106 1277; x_wconf 74' lang='lat' dir='ltr'><strong>au-</strong></span> 
     </span>
    </p>
   </div>
   <div class='ocr_carea' id='block_1_12' title="bbox 441 1307 2102 1389">
    <p class='ocr_par' dir='ltr' id='par_1_12' title="bbox 441 1307 2102 1389">
     <span class='ocr_line' id='line_1_12' title="bbox 441 1307 2102 1389; baseline -0.004 -17"><span class='ocrx_word' id='word_1_64' title='bbox 441 1319 561 1372; x_wconf 89' lang='lat' dir='ltr'><strong>tem</strong></span> <span class='ocrx_word' id='word_1_65' title='bbox 591 1313 737 1370; x_wconf 81' lang='lat' dir='ltr'><strong>dixit</strong></span> <span class='ocrx_word' id='word_1_66' title='bbox 767 1314 899 1388; x_wconf 92' lang='lat' dir='ltr'><strong>(hoc</strong></span> <span class='ocrx_word' id='word_1_67' title='bbox 942 1319 1031 1371; x_wconf 90' lang='lat' dir='ltr'><strong>est</strong></span> <span class='ocrx_word' id='word_1_68' title='bbox 1079 1315 1247 1388; x_wconf 87' lang='lat' dir='ltr'><strong>quasi</strong></span> <span class='ocrx_word' id='word_1_69' title='bbox 1297 1315 1596 1389; x_wconf 82' lang='lat' dir='ltr'><strong>pulverem</strong></span> <span class='ocrx_word' id='word_1_70' title='bbox 1642 1311 1906 1387; x_wconf 84' lang='lat' dir='ltr'><strong>projecit)</strong></span> <span class='ocrx_word' id='word_1_71' title='bbox 1936 1315 2003 1366; x_wconf 90' lang='lat' dir='ltr'><strong>ut</strong></span> <span class='ocrx_word' id='word_1_72' title='bbox 2032 1307 2102 1366; x_wconf 89' lang='lat' dir='ltr'><strong>de</strong></span> 
     </span>
    </p>
   </div>
   <div class='ocr_carea' id='block_1_13' title="bbox 441 1397 2102 1468">
    <p class='ocr_par' dir='ltr' id='par_1_13' title="bbox 441 1397 2102 1468">
     <span class='ocr_line' id='line_1_13' title="bbox 441 1397 2102 1468; baseline -0.003 -9"><span class='ocrx_word' id='word_1_73' title='bbox 441 1401 738 1460; x_wconf 82' lang='lat' dir='ltr'><strong>celeritate</strong></span> <span class='ocrx_word' id='word_1_74' title='bbox 767 1405 824 1458; x_wconf 91' lang='lat' dir='ltr'><strong>et</strong></span> <span class='ocrx_word' id='word_1_75' title='bbox 850 1403 1125 1460; x_wconf 81' lang='lat' dir='ltr'><strong>virtutem</strong></span> <span class='ocrx_word' id='word_1_76' title='bbox 1157 1403 1480 1460; x_wconf 81' lang='lat' dir='ltr'><strong>divinitatis</strong></span> <span class='ocrx_word' id='word_1_77' title='bbox 1511 1401 1860 1468; x_wconf 86' lang='lat' dir='ltr'><strong>ostenderet,</strong></span> <span class='ocrx_word' id='word_1_78' title='bbox 1883 1403 1942 1456; x_wconf 88' lang='lat' dir='ltr'><strong>et</strong></span> <span class='ocrx_word' id='word_1_79' title='bbox 1970 1397 2102 1455; x_wconf 89' lang='lat' dir='ltr'><strong>illos</strong></span> 
     </span>
    </p>
   </div>
   <div class='ocr_carea' id='block_1_14' title="bbox 441 1491 1502 1550">
    <p class='ocr_par' dir='ltr' id='par_1_14' title="bbox 441 1491 1502 1550">
     <span class='ocr_line' id='line_1_14' title="bbox 441 1491 1502 1550; baseline -0.002 -1"><span class='ocrx_word' id='word_1_80' title='bbox 441 1496 706 1549; x_wconf 86' lang='lat' dir='ltr'><strong>terrenas</strong></span> <span class='ocrx_word' id='word_1_81' title='bbox 737 1491 942 1548; x_wconf 82' lang='lat' dir='ltr'><strong>sordes</strong></span> <span class='ocrx_word' id='word_1_82' title='bbox 967 1508 1095 1548; x_wconf 89' lang='lat' dir='ltr'><strong>esse</strong></span> <span class='ocrx_word' id='word_1_83' title='bbox 1125 1496 1502 1550; x_wconf 86' lang='lat' dir='ltr'><strong>monstraret.</strong></span> 
     </span>
    </p>
   </div>
   <div class='ocr_carea' id='block_1_15' title="bbox 445 1579 1990 1654">
    <p class='ocr_par' dir='ltr' id='par_1_15' title="bbox 445 1579 1990 1654">
     <span class='ocr_line' id='line_1_15' title="bbox 445 1579 1990 1654; baseline -0.001 -19"><span class='ocrx_word' id='word_1_84' title='bbox 445 1581 514 1636; x_wconf 87' lang='lat'><strong>16</strong></span> <span class='ocrx_word' id='word_1_85' title='bbox 587 1582 696 1651; x_wconf 90' lang='lat' dir='ltr'><strong>Qui</strong></span> <span class='ocrx_word' id='word_1_86' title='bbox 726 1581 1045 1638; x_wconf 75' lang='lat' dir='ltr'><strong>transduxit</strong></span> <span class='ocrx_word' id='word_1_87' title='bbox 1069 1583 1335 1654; x_wconf 78' lang='lat' dir='ltr'><strong>populum</strong></span> <span class='ocrx_word' id='word_1_88' title='bbox 1362 1598 1525 1638; x_wconf 88' lang='lat' dir='ltr'><strong>suum</strong></span> <span class='ocrx_word' id='word_1_89' title='bbox 1551 1597 1652 1654; x_wconf 83' lang='lat' dir='ltr'><strong>per</strong></span> <span class='ocrx_word' id='word_1_90' title='bbox 1677 1579 1940 1636; x_wconf 84' lang='lat' dir='ltr'><strong>desertum</strong></span> <span class='ocrx_word' id='word_1_91' title='bbox 1977 1595 1990 1634; x_wconf 91' lang='lat'><strong>:</strong></span> 
     </span>
    </p>
   </div>
   <div class='ocr_carea' id='block_1_16' title="bbox 589 1669 879 1738">
    <p class='ocr_par' dir='ltr' id='par_1_16' title="bbox 589 1669 879 1738">
     <span class='ocr_line' id='line_1_16' title="bbox 589 1669 879 1738; baseline -0.01 -11"><span class='ocrx_word' id='word_1_92' title='bbox 589 1669 879 1738; x_wconf 75' lang='lat' dir='ltr'><strong>Quoniam.</strong></span> 
     </span>
    </p>
   </div>
   <div class='ocr_carea' id='block_1_17' title="bbox 517 1753 2177 1865">
    <p class='ocr_par' dir='ltr' id='par_1_17' title="bbox 517 1753 2177 1865">
     <span class='ocr_line' id='line_1_17' title="bbox 517 1753 2177 1865; baseline -0.004 -49"><span class='ocrx_word' id='word_1_93' title='bbox 517 1760 558 1816; x_wconf 89' lang='lat' dir='ltr'><strong><em>C</em></strong></span> <span class='ocrx_word' id='word_1_94' title='bbox 585 1757 861 1814; x_wconf 85' lang='lat' dir='ltr'><strong>Desertus</strong></span> <span class='ocrx_word' id='word_1_95' title='bbox 891 1758 1048 1814; x_wconf 89' lang='lat' dir='ltr'><strong>enim</strong></span> <span class='ocrx_word' id='word_1_96' title='bbox 1079 1759 1293 1816; x_wconf 83' lang='lat' dir='ltr'><strong>dicitur</strong></span> <span class='ocrx_word' id='word_1_97' title='bbox 1314 1759 1573 1816; x_wconf 90' lang='lat' dir='ltr'><strong>mundus</strong></span> <span class='ocrx_word' id='word_1_98' title='bbox 1599 1777 1612 1815; x_wconf 91' lang='lat'>:</span> <span class='ocrx_word' id='word_1_99' title='bbox 1641 1757 1742 1831; x_wconf 88' lang='lat' dir='ltr'><strong>qui</strong></span> <span class='ocrx_word' id='word_1_100' title='bbox 1771 1755 1969 1856; x_wconf 74' lang='lat' dir='ltr'><strong>divina</strong></span> <span class='ocrx_word' id='word_1_101' title='bbox 1986 1753 2101 1865; x_wconf 60' lang='lat' dir='ltr'><strong>ale;</strong></span> <span class='ocrx_word' id='word_1_102' title='bbox 2129 1799 2177 1865; x_wconf 76' lang='grc' dir='ltr'>Β</span> 
     </span>
    </p>
   </div>
   <div class='ocr_carea' id='block_1_18' title="bbox 443 1843 2098 1921">
    <p class='ocr_par' dir='ltr' id='par_1_18' title="bbox 443 1843 2098 1921">
     <span class='ocr_line' id='line_1_18' title="bbox 443 1843 2098 1921; baseline -0.003 -17"><span class='ocrx_word' id='word_1_103' title='bbox 443 1848 634 1904; x_wconf 89' lang='lat' dir='ltr'><strong>ctione</strong></span> <span class='ocrx_word' id='word_1_104' title='bbox 665 1847 924 1921; x_wconf 83' lang='lat' dir='ltr'><strong>privatus</strong></span> <span class='ocrx_word' id='word_1_105' title='bbox 953 1848 1086 1916; x_wconf 85' lang='lat' dir='ltr'><strong>fuit,</strong></span> <span class='ocrx_word' id='word_1_106' title='bbox 1115 1853 1174 1907; x_wconf 91' lang='lat' dir='ltr'><strong>et</strong></span> <span class='ocrx_word' id='word_1_107' title='bbox 1203 1850 1410 1906; x_wconf 86' lang='lat' dir='ltr'><strong>merito</strong></span> <span class='ocrx_word' id='word_1_108' title='bbox 1442 1849 1526 1904; x_wconf 85' lang='lat' dir='ltr'><strong>sic</strong></span> <span class='ocrx_word' id='word_1_109' title='bbox 1573 1850 1834 1914; x_wconf 87' lang='lat' dir='ltr'><strong>vocatur,</strong></span> <span class='ocrx_word' id='word_1_110' title='bbox 1857 1844 1999 1918; x_wconf 84' lang='lat' dir='ltr'><strong>quia</strong></span> <span class='ocrx_word' id='word_1_111' title='bbox 2027 1843 2098 1900; x_wconf 85' lang='lat' dir='ltr'><strong>ad</strong></span> 
     </span>
    </p>
   </div>
   <div class='ocr_carea' id='block_1_19' title="bbox 442 1934 2102 2014">
    <p class='ocr_par' dir='ltr' id='par_1_19' title="bbox 442 1934 2102 2014">
     <span class='ocr_line' id='line_1_19' title="bbox 442 1934 2102 2014; baseline -0.004 -20"><span class='ocrx_word' id='word_1_112' title='bbox 442 1953 508 1994; x_wconf 84' lang='lat' dir='ltr'><strong>se</strong></span> <span class='ocrx_word' id='word_1_113' title='bbox 560 1937 891 1994; x_wconf 83' lang='lat' dir='ltr'><strong>venientem</strong></span> <span class='ocrx_word' id='word_1_114' title='bbox 949 1955 1065 1995; x_wconf 89' lang='lat' dir='ltr'><strong>non</strong></span> <span class='ocrx_word' id='word_1_115' title='bbox 1123 1938 1341 2014; x_wconf 89' lang='lat' dir='ltr'><strong>recepit</strong></span> <span class='ocrx_word' id='word_1_116' title='bbox 1399 1942 1720 1995; x_wconf 85' lang='lat' dir='ltr'><strong>auctorem.</strong></span> <span class='ocrx_word' id='word_1_117' title='bbox 1755 1934 1844 1992; x_wconf 90' lang='lat' dir='ltr'><strong>Illi</strong></span> <span class='ocrx_word' id='word_1_118' title='bbox 1896 1949 2034 2014; x_wconf 77' lang='lat' dir='ltr'><strong>ergo</strong></span> <span class='ocrx_word' id='word_1_119' title='bbox 2065 1947 2102 1988; x_wconf 84' lang='lat' dir='ltr'><strong>a</strong></span> 
     </span>
    </p>
   </div>
   <div class='ocr_carea' id='block_1_20' title="bbox 441 2021 2102 2100">
    <p class='ocr_par' dir='ltr' id='par_1_20' title="bbox 441 2021 2102 2100">
     <span class='ocr_line' id='line_1_20' title="bbox 441 2021 2102 2100; baseline -0.004 -16"><span class='ocrx_word' id='word_1_120' title='bbox 441 2027 674 2084; x_wconf 85' lang='lat' dir='ltr'><strong>Christo</strong></span> <span class='ocrx_word' id='word_1_121' title='bbox 705 2043 806 2099; x_wconf 91' lang='lat' dir='ltr'><strong>per</strong></span> <span class='ocrx_word' id='word_1_122' title='bbox 849 2041 984 2084; x_wconf 88' lang='lat' dir='ltr'><strong>eum</strong></span> <span class='ocrx_word' id='word_1_123' title='bbox 1023 2029 1504 2095; x_wconf 83' lang='lat' dir='ltr'><strong>transducuntur,</strong></span> <span class='ocrx_word' id='word_1_124' title='bbox 1533 2027 1634 2100; x_wconf 87' lang='lat' dir='ltr'><strong>qui</strong></span> <span class='ocrx_word' id='word_1_125' title='bbox 1666 2023 1836 2081; x_wconf 68' lang='lat' dir='ltr'><strong>illaesi</strong></span> <span class='ocrx_word' id='word_1_126' title='bbox 1866 2040 1900 2079; x_wconf 88' lang='lat' dir='ltr'><strong>a</strong></span> <span class='ocrx_word' id='word_1_127' title='bbox 1929 2021 2102 2080; x_wconf 89' lang='lat' dir='ltr'><strong>malis</strong></span> 
     </span>
    </p>
   </div>
   <div class='ocr_carea' id='block_1_21' title="bbox 444 2117 1038 2188">
    <p class='ocr_par' dir='ltr' id='par_1_21' title="bbox 444 2117 1038 2188">
     <span class='ocr_line' id='line_1_21' title="bbox 444 2117 1038 2188; baseline 0.002 -16"><span class='ocrx_word' id='word_1_128' title='bbox 444 2117 574 2187; x_wconf 88' lang='lat' dir='ltr'><strong>ejus</strong></span> <span class='ocrx_word' id='word_1_129' title='bbox 606 2121 1038 2188; x_wconf 88' lang='lat' dir='ltr'><strong>pertranseunt.</strong></span> 
     </span>
    </p>
   </div>
   <div class='ocr_carea' id='block_1_22' title="bbox 449 2205 1467 2278">
    <p class='ocr_par' dir='ltr' id='par_1_22' title="bbox 449 2205 1467 2278">
     <span class='ocr_line' id='line_1_22' title="bbox 449 2205 1467 2278; baseline 0 -16"><span class='ocrx_word' id='word_1_130' title='bbox 449 2207 517 2262; x_wconf 91' lang='grc'><strong>17</strong></span> <span class='ocrx_word' id='word_1_131' title='bbox 592 2205 696 2274; x_wconf 75' lang='lat' dir='ltr'><strong>Qui</strong></span> <span class='ocrx_word' id='word_1_132' title='bbox 720 2207 991 2276; x_wconf 76' lang='lat' dir='ltr'><strong>percussit</strong></span> <span class='ocrx_word' id='word_1_133' title='bbox 1017 2221 1169 2278; x_wconf 78' lang='lat' dir='ltr'><strong>reges</strong></span> <span class='ocrx_word' id='word_1_134' title='bbox 1197 2223 1421 2278; x_wconf 84' lang='lat' dir='ltr'><strong>magnos</strong></span> <span class='ocrx_word' id='word_1_135' title='bbox 1453 2225 1467 2262; x_wconf 88' lang='lat'><strong>:</strong></span> 
     </span>
    </p>
   </div>
   <div class='ocr_carea' id='block_1_23' title="bbox 591 2295 1269 2362">
    <p class='ocr_par' dir='ltr' id='par_1_23' title="bbox 591 2295 1269 2362">
     <span class='ocr_line' id='line_1_23' title="bbox 591 2295 1269 2362; baseline 0 -14"><span class='ocrx_word' id='word_1_136' title='bbox 591 2295 864 2362; x_wconf 77' lang='lat' dir='ltr'><strong>Quoniam</strong></span> <span class='ocrx_word' id='word_1_137' title='bbox 892 2295 953 2349; x_wconf 88' lang='lat' dir='ltr'><strong>in</strong></span> <span class='ocrx_word' id='word_1_138' title='bbox 975 2303 1269 2352; x_wconf 69' lang='lat' dir='ltr'><strong>aeternum.</strong></span> 
     </span>
    </p>
   </div>
   <div class='ocr_carea' id='block_1_24' title="bbox 517 2379 2100 2457">
    <p class='ocr_par' dir='ltr' id='par_1_24' title="bbox 517 2379 2100 2457">
     <span class='ocr_line' id='line_1_24' title="bbox 517 2379 2100 2457; baseline -0.003 -19"><span class='ocrx_word' id='word_1_139' title='bbox 517 2382 559 2438; x_wconf 79' lang='grc' dir='ltr'><strong>Ο</strong></span> <span class='ocrx_word' id='word_1_140' title='bbox 589 2381 888 2439; x_wconf 87' lang='lat' dir='ltr'><strong>Percussit</strong></span> <span class='ocrx_word' id='word_1_141' title='bbox 913 2400 1078 2457; x_wconf 86' lang='lat' dir='ltr'><strong>reges</strong></span> <span class='ocrx_word' id='word_1_142' title='bbox 1111 2400 1358 2456; x_wconf 88' lang='lat' dir='ltr'><strong>magnos</strong></span> <span class='ocrx_word' id='word_1_143' title='bbox 1391 2401 1402 2440; x_wconf 95' lang='lat'>:</span> <span class='ocrx_word' id='word_1_144' title='bbox 1438 2382 1672 2456; x_wconf 83' lang='lat' dir='ltr'><strong>quando</strong></span> <span class='ocrx_word' id='word_1_145' title='bbox 1702 2381 1764 2436; x_wconf 90' lang='lat' dir='ltr'><strong>in</strong></span> <span class='ocrx_word' id='word_1_146' title='bbox 1795 2379 1965 2436; x_wconf 88' lang='lat' dir='ltr'><strong>corde</strong></span> <span class='ocrx_word' id='word_1_147' title='bbox 1996 2393 2100 2434; x_wconf 84' lang='lat' dir='ltr'><strong>no-</strong></span> 
     </span>
    </p>
   </div>
   <div class='ocr_carea' id='block_1_25' title="bbox 445 2468 2096 2546">
    <p class='ocr_par' dir='ltr' id='par_1_25' title="bbox 445 2468 2096 2546">
     <span class='ocr_line' id='line_1_25' title="bbox 445 2468 2096 2546; baseline -0.004 -17"><span class='ocrx_word' id='word_1_148' title='bbox 445 2475 566 2529; x_wconf 87' lang='lat' dir='ltr'><strong>stro</strong></span> <span class='ocrx_word' id='word_1_149' title='bbox 595 2471 848 2528; x_wconf 75' lang='lat' dir='ltr'><strong>ccelestis</strong></span> <span class='ocrx_word' id='word_1_150' title='bbox 893 2473 1158 2529; x_wconf 89' lang='lat' dir='ltr'><strong>medicus</strong></span> <span class='ocrx_word' id='word_1_151' title='bbox 1208 2472 1391 2546; x_wconf 87' lang='lat' dir='ltr'><strong>impia</strong></span> <span class='ocrx_word' id='word_1_152' title='bbox 1439 2470 1729 2528; x_wconf 87' lang='lat' dir='ltr'><strong>desideria</strong></span> <span class='ocrx_word' id='word_1_153' title='bbox 1778 2468 2096 2526; x_wconf 78' lang='lat' dir='ltr'><strong>exstinxit:</strong></span> 
     </span>
    </p>
   </div>
   <div class='ocr_carea' id='block_1_26' title="bbox 443 2558 2102 2631">
    <p class='ocr_par' dir='ltr' id='par_1_26' title="bbox 443 2558 2102 2631">
     <span class='ocr_line' id='line_1_26' title="bbox 443 2558 2102 2631; baseline -0.004 -13"><span class='ocrx_word' id='word_1_154' title='bbox 443 2567 584 2618; x_wconf 90' lang='lat' dir='ltr'><strong>tunc</strong></span> <span class='ocrx_word' id='word_1_155' title='bbox 613 2561 771 2618; x_wconf 89' lang='lat' dir='ltr'><strong>enim</strong></span> <span class='ocrx_word' id='word_1_156' title='bbox 803 2577 912 2617; x_wconf 90' lang='lat' dir='ltr'><strong>nos</strong></span> <span class='ocrx_word' id='word_1_157' title='bbox 939 2561 1213 2631; x_wconf 84' lang='lat' dir='ltr'><strong>vivimus,</strong></span> <span class='ocrx_word' id='word_1_158' title='bbox 1237 2562 1380 2618; x_wconf 91' lang='lat' dir='ltr'><strong>dum</strong></span> <span class='ocrx_word' id='word_1_159' title='bbox 1403 2561 1503 2617; x_wconf 90' lang='lat' dir='ltr'><strong>illa</strong></span> <span class='ocrx_word' id='word_1_160' title='bbox 1532 2560 1900 2616; x_wconf 86' lang='lat' dir='ltr'><strong>moriuntur:</strong></span> <span class='ocrx_word' id='word_1_161' title='bbox 1925 2558 2102 2613; x_wconf 88' lang='lat' dir='ltr'><strong>Econ-</strong></span> 
     </span>
    </p>
   </div>
   <div class='ocr_carea' id='block_1_27' title="bbox 443 2646 2104 2720">
    <p class='ocr_par' dir='ltr' id='par_1_27' title="bbox 443 2646 2104 2720">
     <span class='ocr_line' id='line_1_27' title="bbox 443 2646 2104 2720; baseline -0.004 -12"><span class='ocrx_word' id='word_1_162' title='bbox 443 2650 624 2708; x_wconf 89' lang='lat' dir='ltr'><strong>trario</strong></span> <span class='ocrx_word' id='word_1_163' title='bbox 657 2667 894 2707; x_wconf 89' lang='lat' dir='ltr'><strong>necesse</strong></span> <span class='ocrx_word' id='word_1_164' title='bbox 923 2656 1013 2708; x_wconf 91' lang='lat' dir='ltr'><strong>est</strong></span> <span class='ocrx_word' id='word_1_165' title='bbox 1042 2668 1150 2708; x_wconf 91' lang='lat' dir='ltr'><strong>nos</strong></span> <span class='ocrx_word' id='word_1_166' title='bbox 1179 2651 1580 2720; x_wconf 86' lang='lat' dir='ltr'><strong>succumbere,</strong></span> <span class='ocrx_word' id='word_1_167' title='bbox 1607 2649 1654 2706; x_wconf 89' lang='lat' dir='ltr'><strong>si</strong></span> <span class='ocrx_word' id='word_1_168' title='bbox 1685 2647 1984 2720; x_wconf 87' lang='lat' dir='ltr'><strong>contingat</strong></span> <span class='ocrx_word' id='word_1_169' title='bbox 2001 2646 2104 2702; x_wconf 89' lang='lat' dir='ltr'><strong>illa</strong></span> 
     </span>
    </p>
   </div>
   <div class='ocr_carea' id='block_1_28' title="bbox 447 2754 745 2814">
    <p class='ocr_par' dir='ltr' id='par_1_28' title="bbox 447 2754 745 2814">
     <span class='ocr_line' id='line_1_28' title="bbox 447 2754 745 2814; baseline -0.007 -17"><span class='ocrx_word' id='word_1_170' title='bbox 447 2754 745 2814; x_wconf 84' lang='lat' dir='ltr'><strong>superare.</strong></span> 
     </span>
    </p>
   </div>
   <div class='ocr_carea' id='block_1_29' title="bbox 446 2829 1296 2903">
    <p class='ocr_par' dir='ltr' id='par_1_29' title="bbox 446 2829 1296 2903">
     <span class='ocr_line' id='line_1_29' title="bbox 446 2829 1296 2903; baseline 0.002 -19"><span class='ocrx_word' id='word_1_171' title='bbox 446 2830 516 2884; x_wconf 92' lang='lat'><strong>18</strong></span> <span class='ocrx_word' id='word_1_172' title='bbox 588 2831 655 2886; x_wconf 87' lang='lat' dir='ltr'><strong>Et</strong></span> <span class='ocrx_word' id='word_1_173' title='bbox 681 2829 878 2886; x_wconf 85' lang='lat' dir='ltr'><strong>occidit</strong></span> <span class='ocrx_word' id='word_1_174' title='bbox 903 2847 1054 2902; x_wconf 84' lang='lat' dir='ltr'><strong>reges</strong></span> <span class='ocrx_word' id='word_1_175' title='bbox 1083 2832 1250 2903; x_wconf 79' lang='lat' dir='ltr'><strong>fortes</strong></span> <span class='ocrx_word' id='word_1_176' title='bbox 1283 2849 1296 2886; x_wconf 89' lang='lat'><strong>:</strong></span> 
     </span>
    </p>
   </div>
   <div class='ocr_carea' id='block_1_30' title="bbox 473 2919 1272 2988">
    <p class='ocr_par' dir='ltr' id='par_1_30' title="bbox 473 2919 1272 2988">
     <span class='ocr_line' id='line_1_30' title="bbox 473 2919 1272 2988; baseline 0 -13"><span class='ocrx_word' id='word_1_177' title='bbox 473 2935 480 2940; x_wconf 91' lang='grc'>·</span> <span class='ocrx_word' id='word_1_178' title='bbox 591 2919 861 2988; x_wconf 78' lang='lat' dir='ltr'><strong>Quoniam</strong></span> <span class='ocrx_word' id='word_1_179' title='bbox 889 2921 952 2976; x_wconf 87' lang='lat' dir='ltr'><strong>in</strong></span> <span class='ocrx_word' id='word_1_180' title='bbox 978 2929 1272 2978; x_wconf 56' lang='lat' dir='ltr'><strong>atomum.</strong></span> 
     </span>
    </p>
   </div>
   <div class='ocr_carea' id='block_1_31' title="bbox 517 3003 2104 3082">
    <p class='ocr_par' dir='ltr' id='par_1_31' title="bbox 517 3003 2104 3082">
     <span class='ocr_line' id='line_1_31' title="bbox 517 3003 2104 3082; baseline -0.003 -18"><span class='ocrx_word' id='word_1_181' title='bbox 517 3012 560 3064; x_wconf 80' lang='grc' dir='ltr'><strong>Ο</strong></span> <span class='ocrx_word' id='word_1_182' title='bbox 587 3008 774 3082; x_wconf 85' lang='lat' dir='ltr'><strong>Reges</strong></span> <span class='ocrx_word' id='word_1_183' title='bbox 802 3009 980 3065; x_wconf 82' lang='lat' dir='ltr'><strong>fortes</strong></span> <span class='ocrx_word' id='word_1_184' title='bbox 1028 3010 1247 3065; x_wconf 86' lang='lat' dir='ltr'><strong>occidit</strong></span> <span class='ocrx_word' id='word_1_185' title='bbox 1275 3027 1288 3064; x_wconf 92' lang='lat'><strong>:</strong></span> <span class='ocrx_word' id='word_1_186' title='bbox 1322 3007 1558 3080; x_wconf 82' lang='lat' dir='ltr'><strong>quando</strong></span> <span class='ocrx_word' id='word_1_187' title='bbox 1589 3025 1624 3063; x_wconf 91' lang='lat' dir='ltr'><strong>a</strong></span> <span class='ocrx_word' id='word_1_188' title='bbox 1653 3005 1822 3062; x_wconf 91' lang='lat' dir='ltr'><strong>nobis</strong></span> <span class='ocrx_word' id='word_1_189' title='bbox 1867 3003 2104 3078; x_wconf 80' lang='lat' dir='ltr'><strong>expellit</strong></span> 
     </span>
    </p>
   </div>
   <div class='ocr_carea' id='block_1_32' title="bbox 1339 267 2944 351">
    <p class='ocr_par' dir='ltr' id='par_1_32' title="bbox 1339 267 2944 351">
     <span class='ocr_line' id='line_1_32' title="bbox 1339 267 2944 351; baseline 0.001 -2"><span class='ocrx_word' id='word_1_190' title='bbox 1339 290 1402 349; x_wconf 88' lang='lat' dir='ltr'><strong>s.</strong></span> <span class='ocrx_word' id='word_1_191' title='bbox 1449 287 1846 350; x_wconf 80' lang='lat' dir='ltr'><strong>BRUNONIS</strong></span> <span class='ocrx_word' id='word_1_192' title='bbox 1891 267 2518 349; x_wconf 72' lang='lat' dir='ltr'><strong>HERBIPOLENSIS</strong></span> <span class='ocrx_word' id='word_1_193' title='bbox 2565 287 2944 351; x_wconf 86' lang='lat' dir='ltr'><strong>EPISCOPI.</strong></span> 
     </span>
    </p>
   </div>
   <div class='ocr_carea' id='block_1_33' title="bbox 3735 285 3858 354">
    <p class='ocr_par' dir='ltr' id='par_1_33' title="bbox 3735 285 3858 354">
     <span class='ocr_line' id='line_1_33' title="bbox 3735 285 3858 354; baseline 0.016 -2"><span class='ocrx_word' id='word_1_194' title='bbox 3735 285 3858 354; x_wconf 69' lang='lat'><strong>492</strong></span> 
     </span>
    </p>
   </div>
   <div class='ocr_carea' id='block_1_34' title="bbox 2119 419 3858 496">
    <p class='ocr_par' dir='ltr' id='par_1_34' title="bbox 2119 419 3858 496">
     <span class='ocr_line' id='line_1_34' title="bbox 2119 419 3858 496; baseline 0.004 -20"><span class='ocrx_word' id='word_1_195' title='bbox 2119 425 2174 490; x_wconf 72' lang='grc' dir='ltr'><strong>Α</strong></span> <span class='ocrx_word' id='word_1_196' title='bbox 2205 419 2340 476; x_wconf 89' lang='lat' dir='ltr'><strong>Illos</strong></span> <span class='ocrx_word' id='word_1_197' title='bbox 2371 419 2530 482; x_wconf 86' lang='lat' dir='ltr'><strong>enim</strong></span> <span class='ocrx_word' id='word_1_198' title='bbox 2560 425 2924 494; x_wconf 86' lang='lat' dir='ltr'><strong>sequestrat:</strong></span> <span class='ocrx_word' id='word_1_199' title='bbox 2948 423 3050 496; x_wconf 90' lang='lat' dir='ltr'><strong>qui</strong></span> <span class='ocrx_word' id='word_1_200' title='bbox 3071 421 3448 496; x_wconf 87' lang='lat' dir='ltr'><strong>jussionibus</strong></span> <span class='ocrx_word' id='word_1_201' title='bbox 3477 425 3608 496; x_wconf 90' lang='lat' dir='ltr'><strong>ejus</strong></span> <span class='ocrx_word' id='word_1_202' title='bbox 3630 425 3858 483; x_wconf 86' lang='lat' dir='ltr'><strong>restite-</strong></span> 
     </span>
    </p>
   </div>
   <div class='ocr_carea' id='block_1_35' title="bbox 2202 507 3362 580">
    <p class='ocr_par' dir='ltr' id='par_1_35' title="bbox 2202 507 3362 580">
     <span class='ocr_line' id='line_1_35' title="bbox 2202 507 3362 580; baseline 0.006 -17"><span class='ocrx_word' id='word_1_203' title='bbox 2202 512 2360 576; x_wconf 90' lang='lat' dir='ltr'><strong>runt,</strong></span> <span class='ocrx_word' id='word_1_204' title='bbox 2393 507 2515 566; x_wconf 89' lang='lat' dir='ltr'><strong>sive</strong></span> <span class='ocrx_word' id='word_1_205' title='bbox 2543 509 2798 580; x_wconf 70' lang='lat' dir='ltr'><strong>Judaeos,</strong></span> <span class='ocrx_word' id='word_1_206' title='bbox 2831 511 2953 568; x_wconf 89' lang='lat' dir='ltr'><strong>sive</strong></span> <span class='ocrx_word' id='word_1_207' title='bbox 2980 511 3362 570; x_wconf 69' lang='lat' dir='ltr'><strong>Christianos.</strong></span> 
     </span>
    </p>
   </div>
   <div class='ocr_carea' id='block_1_36' title="bbox 2198 597 3862 676">
    <p class='ocr_par' dir='ltr' id='par_1_36' title="bbox 2198 597 3862 676">
     <span class='ocr_line' id='line_1_36' title="bbox 2198 597 3862 676; baseline 0.005 -24"><span class='ocrx_word' id='word_1_208' title='bbox 2198 597 2270 653; x_wconf 86' lang='lat'>23</span> <span class='ocrx_word' id='word_1_209' title='bbox 2345 599 2496 671; x_wconf 84' lang='lat' dir='ltr'><strong>Quia</strong></span> <span class='ocrx_word' id='word_1_210' title='bbox 2526 600 2585 653; x_wconf 87' lang='lat' dir='ltr'><strong>in</strong></span> <span class='ocrx_word' id='word_1_211' title='bbox 2615 599 2934 658; x_wconf 80' lang='lat' dir='ltr'><strong>humilitate</strong></span> <span class='ocrx_word' id='word_1_212' title='bbox 2959 609 3149 658; x_wconf 86' lang='lat' dir='ltr'><strong>nostra</strong></span> <span class='ocrx_word' id='word_1_213' title='bbox 3173 618 3380 660; x_wconf 87' lang='lat' dir='ltr'><strong>memor</strong></span> <span class='ocrx_word' id='word_1_214' title='bbox 3406 604 3522 676; x_wconf 84' lang='lat' dir='ltr'><strong>fuit</strong></span> <span class='ocrx_word' id='word_1_215' title='bbox 3543 605 3725 660; x_wconf 81' lang='lat' dir='ltr'><strong>nostri</strong></span> <span class='ocrx_word' id='word_1_216' title='bbox 3753 623 3773 660; x_wconf 91' lang='lat'><strong><em>:</em></strong></span> <span class='ocrx_word' id='word_1_217' title='bbox 3845 611 3862 622; x_wconf 87' lang='lat'><strong>‘</strong></span> 
     </span>
    </p>
   </div>
   <div class='ocr_carea' id='block_1_37' title="bbox 2344 688 2638 758">
    <p class='ocr_par' dir='ltr' id='par_1_37' title="bbox 2344 688 2638 758">
     <span class='ocr_line' id='line_1_37' title="bbox 2344 688 2638 758; baseline 0 -14"><span class='ocrx_word' id='word_1_218' title='bbox 2344 688 2638 758; x_wconf 81' lang='lat' dir='ltr'><strong>Quoniam.</strong></span> 
     </span>
    </p>
   </div>
   <div class='ocr_carea' id='block_1_38' title="bbox 2274 775 3867 850">
    <p class='ocr_par' dir='ltr' id='par_1_38' title="bbox 2274 775 3867 850">
     <span class='ocr_line' id='line_1_38' title="bbox 2274 775 3867 850; baseline 0.003 -18"><span class='ocrx_word' id='word_1_219' title='bbox 2274 778 2316 831; x_wconf 87' lang='lat' dir='ltr'>C</span> <span class='ocrx_word' id='word_1_220' title='bbox 2345 775 2476 850; x_wconf 90' lang='lat' dir='ltr'><strong>Ipse</strong></span> <span class='ocrx_word' id='word_1_221' title='bbox 2506 776 2664 834; x_wconf 88' lang='lat' dir='ltr'><strong>enim</strong></span> <span class='ocrx_word' id='word_1_222' title='bbox 2695 775 2959 836; x_wconf 86' lang='lat' dir='ltr'><strong>Christus</strong></span> <span class='ocrx_word' id='word_1_223' title='bbox 2989 781 3343 837; x_wconf 84' lang='lat' dir='ltr'><strong>monstravit</strong></span> <span class='ocrx_word' id='word_1_224' title='bbox 3374 781 3547 838; x_wconf 87' lang='lat' dir='ltr'><strong>nobis</strong></span> <span class='ocrx_word' id='word_1_225' title='bbox 3581 784 3640 838; x_wconf 86' lang='lat' dir='ltr'><strong>et</strong></span> <span class='ocrx_word' id='word_1_226' title='bbox 3665 779 3867 838; x_wconf 87' lang='lat' dir='ltr'><strong>humi-</strong></span> 
     </span>
    </p>
   </div>
   <div class='ocr_carea' id='block_1_39' title="bbox 2203 861 3872 946">
    <p class='ocr_par' dir='ltr' id='par_1_39' title="bbox 2203 861 3872 946">
     <span class='ocr_line' id='line_1_39' title="bbox 2203 861 3872 946; baseline 0.005 -28"><span class='ocrx_word' id='word_1_227' title='bbox 2203 861 2388 920; x_wconf 86' lang='lat' dir='ltr'><strong>litatis</strong></span> <span class='ocrx_word' id='word_1_228' title='bbox 2437 865 2612 933; x_wconf 87' lang='lat' dir='ltr'><strong>viam,</strong></span> <span class='ocrx_word' id='word_1_229' title='bbox 2643 872 2700 922; x_wconf 91' lang='lat' dir='ltr'><strong>et</strong></span> <span class='ocrx_word' id='word_1_230' title='bbox 2729 867 3023 940; x_wconf 62' lang='lat' dir='ltr'><strong>patientia;</strong></span> <span class='ocrx_word' id='word_1_231' title='bbox 3073 867 3473 943; x_wconf 88' lang='lat' dir='ltr'><strong>disciplinam.</strong></span> <span class='ocrx_word' id='word_1_232' title='bbox 3497 873 3872 946; x_wconf 75' lang='lat' dir='ltr'><strong>Quapropter</strong></span> 
     </span>
    </p>
   </div>
   <div class='ocr_carea' id='block_1_40' title="bbox 2205 951 3872 1034">
    <p class='ocr_par' dir='ltr' id='par_1_40' title="bbox 2205 951 3872 1034">
     <span class='ocr_line' id='line_1_40' title="bbox 2205 951 3872 1034; baseline 0.006 -27"><span class='ocrx_word' id='word_1_233' title='bbox 2205 951 2268 1008; x_wconf 89' lang='lat' dir='ltr'><strong>in</strong></span> <span class='ocrx_word' id='word_1_234' title='bbox 2311 952 2644 1012; x_wconf 86' lang='lat' dir='ltr'><strong>humilitate</strong></span> <span class='ocrx_word' id='word_1_235' title='bbox 2692 956 3018 1029; x_wconf 89' lang='lat' dir='ltr'><strong>positorum</strong></span> <span class='ocrx_word' id='word_1_236' title='bbox 3068 975 3297 1014; x_wconf 88' lang='lat' dir='ltr'><strong>memor</strong></span> <span class='ocrx_word' id='word_1_237' title='bbox 3340 959 3498 1015; x_wconf 83' lang='lat' dir='ltr'><strong>fuit:</strong></span> <span class='ocrx_word' id='word_1_238' title='bbox 3533 960 3777 1034; x_wconf 88' lang='lat' dir='ltr'><strong>quando</strong></span> <span class='ocrx_word' id='word_1_239' title='bbox 3807 958 3872 1018; x_wconf 87' lang='lat' dir='ltr'><strong>in</strong></span> 
     </span>
    </p>
   </div>
   <div class='ocr_carea' id='block_1_41' title="bbox 2206 1043 3872 1120">
    <p class='ocr_par' dir='ltr' id='par_1_41' title="bbox 2206 1043 3872 1120">
     <span class='ocr_line' id='line_1_41' title="bbox 2206 1043 3872 1120; baseline 0.004 -20"><span class='ocrx_word' id='word_1_240' title='bbox 2206 1043 2460 1100; x_wconf 89' lang='lat' dir='ltr'><strong>adventu</strong></span> <span class='ocrx_word' id='word_1_241' title='bbox 2520 1061 2627 1101; x_wconf 92' lang='lat' dir='ltr'><strong>suo</strong></span> <span class='ocrx_word' id='word_1_242' title='bbox 2675 1046 3055 1120; x_wconf 66' lang='lat' dir='ltr'><strong>eos‘proprio</strong></span> <span class='ocrx_word' id='word_1_243' title='bbox 3105 1065 3312 1104; x_wconf 88' lang='lat' dir='ltr'><strong>cruore</strong></span> <span class='ocrx_word' id='word_1_244' title='bbox 3363 1047 3649 1106; x_wconf 82' lang='lat' dir='ltr'><strong>liberavit.</strong></span> <span class='ocrx_word' id='word_1_245' title='bbox 3701 1049 3872 1106; x_wconf 88' lang='lat' dir='ltr'><strong>Tunc</strong></span> 
     </span>
    </p>
   </div>
   <div class='ocr_carea' id='block_1_42' title="bbox 2207 1131 3871 1210">
    <p class='ocr_par' dir='ltr' id='par_1_42' title="bbox 2207 1131 3871 1210">
     <span class='ocr_line' id='line_1_42' title="bbox 2207 1131 3871 1210; baseline 0.005 -24"><span class='ocrx_word' id='word_1_246' title='bbox 2207 1147 2442 1204; x_wconf 90' lang='lat' dir='ltr'><strong>quoque</strong></span> <span class='ocrx_word' id='word_1_247' title='bbox 2481 1131 2659 1190; x_wconf 89' lang='lat' dir='ltr'><strong>latius</strong></span> <span class='ocrx_word' id='word_1_248' title='bbox 2689 1134 2862 1207; x_wconf 75' lang='lat' dir='ltr'><strong>cmpit</strong></span> <span class='ocrx_word' id='word_1_249' title='bbox 2907 1135 3227 1193; x_wconf 84' lang='lat' dir='ltr'><strong>desiderari</strong></span> <span class='ocrx_word' id='word_1_250' title='bbox 3273 1136 3602 1204; x_wconf 81' lang='lat' dir='ltr'><strong>humilitas,</strong></span> <span class='ocrx_word' id='word_1_251' title='bbox 3625 1137 3871 1210; x_wconf 83' lang='lat' dir='ltr'><strong>quando</strong></span> 
     </span>
    </p>
   </div>
   <div class='ocr_carea' id='block_1_43' title="bbox 2207 1221 3432 1282">
    <p class='ocr_par' dir='ltr' id='par_1_43' title="bbox 2207 1221 3432 1282">
     <span class='ocr_line' id='line_1_43' title="bbox 2207 1221 3432 1282; baseline 0.003 -4"><span class='ocrx_word' id='word_1_252' title='bbox 2207 1237 2338 1278; x_wconf 90' lang='lat' dir='ltr'><strong>eam</strong></span> <span class='ocrx_word' id='word_1_253' title='bbox 2369 1221 2430 1276; x_wconf 89' lang='lat' dir='ltr'><strong>in</strong></span> <span class='ocrx_word' id='word_1_254' title='bbox 2461 1238 2524 1279; x_wconf 90' lang='lat' dir='ltr'><strong>se</strong></span> <span class='ocrx_word' id='word_1_255' title='bbox 2552 1221 2840 1280; x_wconf 90' lang='lat' dir='ltr'><strong>Dominus</strong></span> <span class='ocrx_word' id='word_1_256' title='bbox 2866 1223 3132 1281; x_wconf 85' lang='lat' dir='ltr'><strong>Salvator</strong></span> <span class='ocrx_word' id='word_1_257' title='bbox 3157 1223 3432 1282; x_wconf 82' lang='lat' dir='ltr'><strong>ostendit.</strong></span> 
     </span>
    </p>
   </div>
   <div class='ocr_carea' id='block_1_44' title="bbox 2207 1309 3440 1372">
    <p class='ocr_par' dir='ltr' id='par_1_44' title="bbox 2207 1309 3440 1372">
     <span class='ocr_line' id='line_1_44' title="bbox 2207 1309 3440 1372; baseline 0.006 -8"><span class='ocrx_word' id='word_1_258' title='bbox 2207 1310 2278 1364; x_wconf 58' lang='lat'><strong>24</strong></span> <span class='ocrx_word' id='word_1_259' title='bbox 2350 1309 2416 1366; x_wconf 85' lang='lat' dir='ltr'><strong>Et</strong></span> <span class='ocrx_word' id='word_1_260' title='bbox 2442 1311 2674 1368; x_wconf 72' lang='lat' dir='ltr'><strong>redemit</strong></span> <span class='ocrx_word' id='word_1_261' title='bbox 2691 1328 2794 1370; x_wconf 79' lang='lat' dir='ltr'><strong>nos</strong></span> <span class='ocrx_word' id='word_1_262' title='bbox 2821 1313 2890 1369; x_wconf 82' lang='lat' dir='ltr'><strong>ab</strong></span> <span class='ocrx_word' id='word_1_263' title='bbox 2918 1315 3166 1371; x_wconf 87' lang='lat' dir='ltr'><strong>inimicis</strong></span> <span class='ocrx_word' id='word_1_264' title='bbox 3191 1315 3392 1372; x_wconf 81' lang='lat' dir='ltr'><strong>nostris</strong></span> <span class='ocrx_word' id='word_1_265' title='bbox 3420 1331 3440 1371; x_wconf 90' lang='lat'><strong><em>:</em></strong></span> 
     </span>
    </p>
   </div>
   <div class='ocr_carea' id='block_1_45' title="bbox 2353 1399 3588 1468">
    <p class='ocr_par' dir='ltr' id='par_1_45' title="bbox 2353 1399 3588 1468">
     <span class='ocr_line' id='line_1_45' title="bbox 2353 1399 3588 1468; baseline 0 -12"><span class='ocrx_word' id='word_1_266' title='bbox 2353 1399 2642 1468; x_wconf 83' lang='lat' dir='ltr'><strong>Quoniam.</strong></span> <span class='ocrx_word' id='word_1_267' title='bbox 3577 1445 3588 1456; x_wconf 92' lang='lat'><strong>.</strong></span> 
     </span>
    </p>
   </div>
   <div class='ocr_carea' id='block_1_46' title="bbox 2281 1487 3878 1566">
    <p class='ocr_par' dir='ltr' id='par_1_46' title="bbox 2281 1487 3878 1566">
     <span class='ocr_line' id='line_1_46' title="bbox 2281 1487 3878 1566; baseline 0.004 -23"><span class='ocrx_word' id='word_1_268' title='bbox 2281 1487 2326 1543; x_wconf 86' lang='lat' dir='ltr'>C</span> <span class='ocrx_word' id='word_1_269' title='bbox 2359 1487 2628 1546; x_wconf 81' lang='lat' dir='ltr'><strong>Redemit</strong></span> <span class='ocrx_word' id='word_1_270' title='bbox 2653 1491 2814 1546; x_wconf 86' lang='lat' dir='ltr'><strong>enim</strong></span> <span class='ocrx_word' id='word_1_271' title='bbox 2837 1509 2948 1548; x_wconf 89' lang='lat' dir='ltr'><strong>nos</strong></span> <span class='ocrx_word' id='word_1_272' title='bbox 2973 1509 3007 1548; x_wconf 92' lang='lat' dir='ltr'><strong>a</strong></span> <span class='ocrx_word' id='word_1_273' title='bbox 3037 1491 3288 1550; x_wconf 86' lang='lat' dir='ltr'><strong>diversis</strong></span> <span class='ocrx_word' id='word_1_274' title='bbox 3320 1492 3576 1566; x_wconf 83' lang='lat' dir='ltr'><strong>injuriis,</strong></span> <span class='ocrx_word' id='word_1_275' title='bbox 3601 1493 3676 1549; x_wconf 82' lang='lat' dir='ltr'><strong>de</strong></span> <span class='ocrx_word' id='word_1_276' title='bbox 3707 1498 3878 1566; x_wconf 84' lang='lat' dir='ltr'><strong>pote-</strong></span> 
     </span>
    </p>
   </div>
   <div class='ocr_carea' id='block_1_47' title="bbox 2208 1577 3882 1656">
    <p class='ocr_par' dir='ltr' id='par_1_47' title="bbox 2208 1577 3882 1656">
     <span class='ocr_line' id='line_1_47' title="bbox 2208 1577 3882 1656; baseline 0.002 -22"><span class='ocrx_word' id='word_1_277' title='bbox 2208 1581 2360 1634; x_wconf 84' lang='lat' dir='ltr'><strong>state</strong></span> <span class='ocrx_word' id='word_1_278' title='bbox 2391 1577 2628 1650; x_wconf 86' lang='lat' dir='ltr'><strong>diaboli,</strong></span> <span class='ocrx_word' id='word_1_279' title='bbox 2653 1581 2888 1652; x_wconf 83' lang='lat' dir='ltr'><strong>quando</strong></span> <span class='ocrx_word' id='word_1_280' title='bbox 2919 1579 3106 1655; x_wconf 87' lang='lat' dir='ltr'><strong>alapis</strong></span> <span class='ocrx_word' id='word_1_281' title='bbox 3137 1597 3343 1649; x_wconf 69' lang='lat' dir='ltr'><strong>caesus,</strong></span> <span class='ocrx_word' id='word_1_282' title='bbox 3370 1579 3882 1656; x_wconf 75' lang='lat' dir='ltr'><strong>ﬂagellatus,ver-</strong></span> 
     </span>
    </p>
   </div>
   <div class='ocr_carea' id='block_1_48' title="bbox 2209 1666 3625 1744">
    <p class='ocr_par' dir='ltr' id='par_1_48' title="bbox 2209 1666 3625 1744">
     <span class='ocr_line' id='line_1_48' title="bbox 2209 1666 3625 1744; baseline 0.004 -23"><span class='ocrx_word' id='word_1_283' title='bbox 2209 1666 2448 1722; x_wconf 80' lang='lat' dir='ltr'><strong>beratus</strong></span> <span class='ocrx_word' id='word_1_284' title='bbox 2478 1672 2568 1724; x_wconf 88' lang='lat' dir='ltr'><strong>est</strong></span> <span class='ocrx_word' id='word_1_285' title='bbox 2599 1673 2658 1724; x_wconf 90' lang='lat' dir='ltr'><strong>et</strong></span> <span class='ocrx_word' id='word_1_286' title='bbox 2685 1669 3037 1743; x_wconf 86' lang='lat' dir='ltr'><strong>sanguinem</strong></span> <span class='ocrx_word' id='word_1_287' title='bbox 3068 1669 3129 1726; x_wconf 92' lang='lat' dir='ltr'><strong>in</strong></span> <span class='ocrx_word' id='word_1_288' title='bbox 3157 1669 3413 1744; x_wconf 83' lang='lat' dir='ltr'><strong>pretium</strong></span> <span class='ocrx_word' id='word_1_289' title='bbox 3443 1669 3625 1728; x_wconf 87' lang='lat' dir='ltr'><strong>dedit.</strong></span> 
     </span>
    </p>
   </div>
   <div class='ocr_carea' id='block_1_49' title="bbox 2208 1754 3202 1824">
    <p class='ocr_par' dir='ltr' id='par_1_49' title="bbox 2208 1754 3202 1824">
     <span class='ocr_line' id='line_1_49' title="bbox 2208 1754 3202 1824; baseline 0.006 -13"><span class='ocrx_word' id='word_1_290' title='bbox 2208 1755 2282 1811; x_wconf 81' lang='lat'><strong>25</strong></span> <span class='ocrx_word' id='word_1_291' title='bbox 2355 1754 2463 1824; x_wconf 80' lang='lat' dir='ltr'><strong>Qui</strong></span> <span class='ocrx_word' id='word_1_292' title='bbox 2487 1757 2584 1814; x_wconf 82' lang='lat' dir='ltr'><strong>dat</strong></span> <span class='ocrx_word' id='word_1_293' title='bbox 2611 1773 2788 1816; x_wconf 86' lang='lat' dir='ltr'><strong>escam</strong></span> <span class='ocrx_word' id='word_1_294' title='bbox 2815 1761 2970 1816; x_wconf 87' lang='lat' dir='ltr'><strong>omni</strong></span> <span class='ocrx_word' id='word_1_295' title='bbox 2996 1762 3156 1817; x_wconf 85' lang='lat' dir='ltr'><strong>carni</strong></span> <span class='ocrx_word' id='word_1_296' title='bbox 3181 1779 3202 1816; x_wconf 90' lang='lat'><strong><em>:</em></strong></span> 
     </span>
    </p>
   </div>
   <div class='ocr_carea' id='block_1_50' title="bbox 2353 1844 2643 1912">
    <p class='ocr_par' dir='ltr' id='par_1_50' title="bbox 2353 1844 2643 1912">
     <span class='ocr_line' id='line_1_50' title="bbox 2353 1844 2643 1912; baseline 0.007 -10"><span class='ocrx_word' id='word_1_297' title='bbox 2353 1844 2643 1912; x_wconf 80' lang='lat' dir='ltr'><strong>Quoniam.</strong></span> 
     </span>
    </p>
   </div>
   <div class='ocr_carea' id='block_1_51' title="bbox 2278 1933 3884 2012">
    <p class='ocr_par' dir='ltr' id='par_1_51' title="bbox 2278 1933 3884 2012">
     <span class='ocr_line' id='line_1_51' title="bbox 2278 1933 3884 2012; baseline 0.004 -24"><span class='ocrx_word' id='word_1_298' title='bbox 2278 1935 2319 1988; x_wconf 81' lang='grc' dir='ltr'>Ο</span> <span class='ocrx_word' id='word_1_299' title='bbox 2347 1933 2457 1990; x_wconf 91' lang='lat' dir='ltr'><strong>Dat</strong></span> <span class='ocrx_word' id='word_1_300' title='bbox 2485 1951 2680 1993; x_wconf 87' lang='lat' dir='ltr'><strong>escam</strong></span> <span class='ocrx_word' id='word_1_301' title='bbox 2712 1937 2874 1993; x_wconf 87' lang='lat' dir='ltr'><strong>carni</strong></span> <span class='ocrx_word' id='word_1_302' title='bbox 2902 1953 2916 1994; x_wconf 90' lang='lat'><strong>:</strong></span> <span class='ocrx_word' id='word_1_303' title='bbox 2940 1953 3073 1994; x_wconf 90' lang='lat' dir='ltr'><strong>cum</strong></span> <span class='ocrx_word' id='word_1_304' title='bbox 3117 1955 3259 1995; x_wconf 85' lang='lat' dir='ltr'><strong>suos</strong></span> <span class='ocrx_word' id='word_1_305' title='bbox 3298 1936 3499 1996; x_wconf 81' lang='lat' dir='ltr'><strong>ﬁdeles</strong></span> <span class='ocrx_word' id='word_1_306' title='bbox 3536 1953 3800 2012; x_wconf 84' lang='lat' dir='ltr'><strong>corpore</strong></span> <span class='ocrx_word' id='word_1_307' title='bbox 3827 1944 3884 1995; x_wconf 78' lang='lat' dir='ltr'><strong>et</strong></span> 
     </span>
    </p>
   </div>
   <div class='ocr_carea' id='block_1_52' title="bbox 2209 2023 3884 2103">
    <p class='ocr_par' dir='ltr' id='par_1_52' title="bbox 2209 2023 3884 2103">
     <span class='ocr_line' id='line_1_52' title="bbox 2209 2023 3884 2103; baseline 0.004 -24"><span class='ocrx_word' id='word_1_308' title='bbox 2209 2023 2494 2097; x_wconf 74' lang='lat' dir='ltr'><strong>sanguine</strong></span> <span class='ocrx_word' id='word_1_309' title='bbox 2525 2043 2632 2082; x_wconf 88' lang='lat' dir='ltr'><strong>suo</strong></span> <span class='ocrx_word' id='word_1_310' title='bbox 2662 2027 2933 2100; x_wconf 81' lang='lat' dir='ltr'><strong>saginare</strong></span> <span class='ocrx_word' id='word_1_311' title='bbox 2961 2031 3019 2085; x_wconf 87' lang='lat' dir='ltr'><strong>et</strong></span> <span class='ocrx_word' id='word_1_312' title='bbox 3043 2027 3258 2085; x_wconf 84' lang='lat' dir='ltr'><strong>satiare</strong></span> <span class='ocrx_word' id='word_1_313' title='bbox 3287 2028 3586 2103; x_wconf 82' lang='lat' dir='ltr'><strong>dignatur.</strong></span> <span class='ocrx_word' id='word_1_314' title='bbox 3609 2029 3673 2084; x_wconf 84' lang='lat' dir='ltr'><strong>Si</strong></span> <span class='ocrx_word' id='word_1_315' title='bbox 3694 2030 3884 2086; x_wconf 82' lang='lat' dir='ltr'><strong>etiam</strong></span> 
     </span>
    </p>
   </div>
   <div class='ocr_carea' id='block_1_53' title="bbox 2209 2110 3885 2190">
    <p class='ocr_par' dir='ltr' id='par_1_53' title="bbox 2209 2110 3885 2190">
     <span class='ocr_line' id='line_1_53' title="bbox 2209 2110 3885 2190; baseline 0.003 -20"><span class='ocrx_word' id='word_1_316' title='bbox 2209 2113 2282 2170; x_wconf 89' lang='lat' dir='ltr'><strong>ad</strong></span> <span class='ocrx_word' id='word_1_317' title='bbox 2313 2112 2567 2171; x_wconf 89' lang='lat' dir='ltr'><strong>litteram</strong></span> <span class='ocrx_word' id='word_1_318' title='bbox 2587 2110 2906 2190; x_wconf 81' lang='lat' dir='ltr'><strong>intelligas,</strong></span> <span class='ocrx_word' id='word_1_319' title='bbox 2929 2133 3038 2174; x_wconf 88' lang='lat' dir='ltr'><strong>sua</strong></span> <span class='ocrx_word' id='word_1_320' title='bbox 3057 2117 3459 2175; x_wconf 86' lang='lat' dir='ltr'><strong>misericordia</strong></span> <span class='ocrx_word' id='word_1_321' title='bbox 3479 2117 3692 2174; x_wconf 80' lang='lat' dir='ltr'><strong>omnia</strong></span> <span class='ocrx_word' id='word_1_322' title='bbox 3718 2121 3885 2175; x_wconf 56' lang='lat' dir='ltr'><strong>tenet</strong></span> 
     </span>
    </p>
   </div>
   <div class='ocr_carea' id='block_1_54' title="bbox 2209 2201 2464 2259">
    <p class='ocr_par' dir='ltr' id='par_1_54' title="bbox 2209 2201 2464 2259">
     <span class='ocr_line' id='line_1_54' title="bbox 2209 2201 2464 2259; baseline 0 -1"><span class='ocrx_word' id='word_1_323' title='bbox 2209 2207 2266 2258; x_wconf 91' lang='lat' dir='ltr'><strong>et</strong></span> <span class='ocrx_word' id='word_1_324' title='bbox 2291 2201 2464 2259; x_wconf 86' lang='lat' dir='ltr'><strong>cibat.</strong></span> 
     </span>
    </p>
   </div>
   <div class='ocr_carea' id='block_1_55' title="bbox 2207 2291 3028 2365">
    <p class='ocr_par' dir='ltr' id='par_1_55' title="bbox 2207 2291 3028 2365">
     <span class='ocr_line' id='line_1_55' title="bbox 2207 2291 3028 2365; baseline 0.005 -19"><span class='ocrx_word' id='word_1_325' title='bbox 2207 2291 2279 2346; x_wconf 77' lang='lat'><strong>26</strong></span> <span class='ocrx_word' id='word_1_326' title='bbox 2354 2293 2702 2365; x_wconf 85' lang='lat' dir='ltr'><strong>Conﬁtemini</strong></span> <span class='ocrx_word' id='word_1_327' title='bbox 2726 2295 2832 2352; x_wconf 83' lang='lat' dir='ltr'><strong>Deo</strong></span> <span class='ocrx_word' id='word_1_328' title='bbox 2858 2295 2982 2351; x_wconf 73' lang='lat' dir='ltr'><strong>caeli</strong></span> <span class='ocrx_word' id='word_1_329' title='bbox 3007 2313 3028 2350; x_wconf 74' lang='lat'><strong>.-</strong></span> 
     </span>
    </p>
   </div>
   <div class='ocr_carea' id='block_1_56' title="bbox 2353 2381 3030 2450">
    <p class='ocr_par' dir='ltr' id='par_1_56' title="bbox 2353 2381 3030 2450">
     <span class='ocr_line' id='line_1_56' title="bbox 2353 2381 3030 2450; baseline 0 -12"><span class='ocrx_word' id='word_1_330' title='bbox 2353 2381 2627 2450; x_wconf 82' lang='lat' dir='ltr'><strong>Quoniam</strong></span> <span class='ocrx_word' id='word_1_331' title='bbox 2653 2385 2715 2439; x_wconf 84' lang='lat' dir='ltr'><strong>in</strong></span> <span class='ocrx_word' id='word_1_332' title='bbox 2739 2390 3030 2441; x_wconf 58' lang='lat' dir='ltr'><strong>mimum.</strong></span> 
     </span>
    </p>
   </div>
   <div class='ocr_carea' id='block_1_57' title="bbox 2279 2468 3888 2540">
    <p class='ocr_par' dir='ltr' id='par_1_57' title="bbox 2279 2468 3888 2540">
     <span class='ocr_line' id='line_1_57' title="bbox 2279 2468 3888 2540; baseline 0.004 -15"><span class='ocrx_word' id='word_1_333' title='bbox 2279 2468 2322 2524; x_wconf 88' lang='lat' dir='ltr'><strong>C</strong></span> <span class='ocrx_word' id='word_1_334' title='bbox 2353 2469 2723 2528; x_wconf 80' lang='lat' dir='ltr'><strong>Conﬁtemini</strong></span> <span class='ocrx_word' id='word_1_335' title='bbox 2755 2471 2871 2528; x_wconf 89' lang='lat' dir='ltr'><strong>Deo</strong></span> <span class='ocrx_word' id='word_1_336' title='bbox 2901 2471 3054 2540; x_wconf 83' lang='lat' dir='ltr'><strong>cceli,</strong></span> <span class='ocrx_word' id='word_1_337' title='bbox 3085 2471 3143 2528; x_wconf 91' lang='lat' dir='ltr'><strong>id</strong></span> <span class='ocrx_word' id='word_1_338' title='bbox 3176 2475 3265 2529; x_wconf 88' lang='lat' dir='ltr'><strong>est</strong></span> <span class='ocrx_word' id='word_1_339' title='bbox 3301 2471 3532 2529; x_wconf 84' lang='lat' dir='ltr'><strong>debitas</strong></span> <span class='ocrx_word' id='word_1_340' title='bbox 3563 2473 3618 2530; x_wconf 87' lang='lat' dir='ltr'><strong>ei</strong></span> <span class='ocrx_word' id='word_1_341' title='bbox 3653 2474 3888 2532; x_wconf 83' lang='lat' dir='ltr'><strong>reddite</strong></span> 
     </span>
    </p>
   </div>
   <div class='ocr_carea' id='block_1_58' title="bbox 2209 2555 3884 2632">
    <p class='ocr_par' dir='ltr' id='par_1_58' title="bbox 2209 2555 3884 2632">
     <span class='ocr_line' id='line_1_58' title="bbox 2209 2555 3884 2632; baseline 0.004 -21"><span class='ocrx_word' id='word_1_342' title='bbox 2209 2555 2435 2626; x_wconf 86' lang='lat' dir='ltr'><strong>laudes,</strong></span> <span class='ocrx_word' id='word_1_343' title='bbox 2467 2560 2568 2632; x_wconf 88' lang='lat' dir='ltr'><strong>qui</strong></span> <span class='ocrx_word' id='word_1_344' title='bbox 2618 2575 2723 2616; x_wconf 90' lang='lat' dir='ltr'><strong>nos</strong></span> <span class='ocrx_word' id='word_1_345' title='bbox 2749 2559 3058 2618; x_wconf 87' lang='lat' dir='ltr'><strong>aterrenis</strong></span> <span class='ocrx_word' id='word_1_346' title='bbox 3109 2559 3182 2617; x_wconf 89' lang='lat' dir='ltr'><strong>ad</strong></span> <span class='ocrx_word' id='word_1_347' title='bbox 3231 2559 3489 2618; x_wconf 74' lang='lat' dir='ltr'><strong>cmlestia</strong></span> <span class='ocrx_word' id='word_1_348' title='bbox 3537 2567 3884 2620; x_wconf 84' lang='lat' dir='ltr'><strong>commuta-</strong></span> 
     </span>
    </p>
   </div>
   <div class='ocr_carea' id='block_1_59' title="bbox 2209 2646 2313 2702">
    <p class='ocr_par' dir='ltr' id='par_1_59' title="bbox 2209 2646 2313 2702">
     <span class='ocr_line' id='line_1_59' title="bbox 2209 2646 2313 2702; baseline 0 0"><span class='ocrx_word' id='word_1_349' title='bbox 2209 2646 2313 2702; x_wconf 87' lang='lat' dir='ltr'><strong>vit.</strong></span> 
     </span>
    </p>
   </div>
   <div class='ocr_carea' id='block_1_60' title="bbox 2209 2738 3486 2811">
    <p class='ocr_par' dir='ltr' id='par_1_60' title="bbox 2209 2738 3486 2811">
     <span class='ocr_line' id='line_1_60' title="bbox 2209 2738 3486 2811; baseline 0.005 -20"><span class='ocrx_word' id='word_1_350' title='bbox 2209 2739 2281 2791; x_wconf 86' lang='lat'><strong>2&#39;7</strong></span> <span class='ocrx_word' id='word_1_351' title='bbox 2350 2743 2408 2806; x_wconf 72' lang='grc' dir='ltr'><strong>οξ·-</strong></span> <span class='ocrx_word' id='word_1_352' title='bbox 2455 2738 2798 2811; x_wconf 80' lang='lat' dir='ltr'><strong>Conﬁtemini</strong></span> <span class='ocrx_word' id='word_1_353' title='bbox 2825 2741 3062 2798; x_wconf 87' lang='lat' dir='ltr'><strong>Domino</strong></span> <span class='ocrx_word' id='word_1_354' title='bbox 3090 2739 3434 2798; x_wconf 81' lang='lat' dir='ltr'><strong>dominorum</strong></span> <span class='ocrx_word' id='word_1_355' title='bbox 3464 2758 3486 2798; x_wconf 90' lang='lat'><strong><em>:</em></strong></span> 
     </span>
    </p>
   </div>
   <div class='ocr_carea' id='block_1_61' title="bbox 2355 2828 3288 2896">
    <p class='ocr_par' dir='ltr' id='par_1_61' title="bbox 2355 2828 3288 2896">
     <span class='ocr_line' id='line_1_61' title="bbox 2355 2828 3288 2896; baseline 0.001 -12"><span class='ocrx_word' id='word_1_356' title='bbox 2355 2828 2624 2896; x_wconf 77' lang='lat' dir='ltr'><strong>Quoniam</strong></span> <span class='ocrx_word' id='word_1_357' title='bbox 2680 2833 2696 2894; x_wconf 75' lang='grc' dir='ltr'>ζ</span> <span class='ocrx_word' id='word_1_358' title='bbox 3283 2829 3288 2832; x_wconf 82' lang='grc'><em>’</em></span> 
     </span>
    </p>
   </div>
   <div class='ocr_carea' id='block_1_62' title="bbox 2279 2914 3888 2992">
    <p class='ocr_par' dir='ltr' id='par_1_62' title="bbox 2279 2914 3888 2992">
     <span class='ocr_line' id='line_1_62' title="bbox 2279 2914 3888 2992; baseline 0.004 -21"><span class='ocrx_word' id='word_1_359' title='bbox 2279 2914 2324 2971; x_wconf 85' lang='lat' dir='ltr'>C</span> <span class='ocrx_word' id='word_1_360' title='bbox 2355 2915 2640 2973; x_wconf 88' lang='lat' dir='ltr'><strong>Memorat</strong></span> <span class='ocrx_word' id='word_1_361' title='bbox 2693 2919 2906 2974; x_wconf 87' lang='lat' dir='ltr'><strong>iterum</strong></span> <span class='ocrx_word' id='word_1_362' title='bbox 2945 2918 3004 2974; x_wconf 89' lang='lat' dir='ltr'><strong>in</strong></span> <span class='ocrx_word' id='word_1_363' title='bbox 3056 2919 3192 2987; x_wconf 82' lang='lat' dir='ltr'><strong>ﬁne,</strong></span> <span class='ocrx_word' id='word_1_364' title='bbox 3217 2935 3324 2992; x_wconf 88' lang='lat' dir='ltr'><strong>per</strong></span> <span class='ocrx_word' id='word_1_365' title='bbox 3373 2917 3576 2992; x_wconf 88' lang='lat' dir='ltr'><strong>ipsum</strong></span> <span class='ocrx_word' id='word_1_366' title='bbox 3637 2935 3888 2977; x_wconf 83' lang='lat' dir='ltr'><strong>versum</strong></span> 
     </span>
    </p>
   </div>
   <div class='ocr_carea' id='block_1_63' title="bbox 2212 3005 3886 3083">
    <p class='ocr_par' dir='ltr' id='par_1_63' title="bbox 2212 3005 3886 3083">
     <span class='ocr_line' id='line_1_63' title="bbox 2212 3005 3886 3083; baseline 0.004 -23"><span class='ocrx_word' id='word_1_367' title='bbox 2212 3020 2388 3081; x_wconf 88' lang='lat' dir='ltr'><strong>quem</strong></span> <span class='ocrx_word' id='word_1_368' title='bbox 2415 3005 2478 3060; x_wconf 90' lang='lat' dir='ltr'><strong>in</strong></span> <span class='ocrx_word' id='word_1_369' title='bbox 2507 3006 2696 3080; x_wconf 87' lang='lat' dir='ltr'><strong>capite</strong></span> <span class='ocrx_word' id='word_1_370' title='bbox 2727 3007 2944 3080; x_wconf 88' lang='lat' dir='ltr'><strong>posuit,</strong></span> <span class='ocrx_word' id='word_1_371' title='bbox 2975 3024 3106 3064; x_wconf 88' lang='lat' dir='ltr'><strong>esse</strong></span> <span class='ocrx_word' id='word_1_372' title='bbox 3144 3008 3548 3065; x_wconf 81' lang='lat' dir='ltr'><strong>conﬁtendum</strong></span> <span class='ocrx_word' id='word_1_373' title='bbox 3576 3026 3590 3064; x_wconf 88' lang='lat'>:</span> <span class='ocrx_word' id='word_1_374' title='bbox 3625 3025 3703 3065; x_wconf 84' lang='lat' dir='ltr'><strong>ne</strong></span> <span class='ocrx_word' id='word_1_375' title='bbox 3733 3009 3886 3083; x_wconf 82' lang='lat' dir='ltr'><strong>quid</strong></span> 
     </span>
    </p>
   </div>
   <div class='ocr_carea' id='block_1_64' title="bbox 448 3095 3888 3172">
    <p class='ocr_par' dir='ltr' id='par_1_64' title="bbox 448 3095 3888 3172">
     <span class='ocr_line' id='line_1_64' title="bbox 448 3095 3888 3172; baseline 0.001 -18"><span class='ocrx_word' id='word_1_376' title='bbox 448 3098 755 3166; x_wconf 65' lang='lat' dir='ltr'><strong>daemonia,</strong></span> <span class='ocrx_word' id='word_1_377' title='bbox 779 3097 1148 3155; x_wconf 88' lang='lat' dir='ltr'><strong>immissione</strong></span> <span class='ocrx_word' id='word_1_378' title='bbox 1167 3097 1328 3154; x_wconf 88' lang='lat' dir='ltr'><strong>varia</strong></span> <span class='ocrx_word' id='word_1_379' title='bbox 1347 3097 1988 3170; x_wconf 81' lang='lat' dir='ltr'><strong>grassantiazquorum</strong></span> <span class='ocrx_word' id='word_1_380' title='bbox 2011 3110 2104 3150; x_wconf 75' lang='grc' dir='ltr'><strong>νο-</strong></span> <span class='ocrx_word' id='word_1_381' title='bbox 2149 3170 2164 3172; x_wconf 28' lang='grc'><strong>-</strong></span> <span class='ocrx_word' id='word_1_382' title='bbox 2213 3099 2421 3167; x_wconf 65' lang='lat' dir='ltr'><strong>praeter</strong></span> <span class='ocrx_word' id='word_1_383' title='bbox 2461 3095 2591 3167; x_wconf 85' lang='lat' dir='ltr'><strong>ejus</strong></span> <span class='ocrx_word' id='word_1_384' title='bbox 2647 3095 2882 3154; x_wconf 86' lang='lat' dir='ltr'><strong>laudem</strong></span> <span class='ocrx_word' id='word_1_385' title='bbox 2928 3101 2987 3154; x_wconf 88' lang='lat' dir='ltr'><strong>et</strong></span> <span class='ocrx_word' id='word_1_386' title='bbox 3033 3097 3498 3155; x_wconf 83' lang='lat' dir='ltr'><strong>misericordiam</strong></span> <span class='ocrx_word' id='word_1_387' title='bbox 3550 3098 3652 3172; x_wconf 79' lang='lat' dir='ltr'><strong>agi</strong></span> <span class='ocrx_word' id='word_1_388' title='bbox 3699 3113 3888 3172; x_wconf 80' lang='lat' dir='ltr'><strong>posse</strong></span> 
     </span>
    </p>
   </div>
   <div class='ocr_carea' id='block_1_65' title="bbox 415 3169 2560 3260">
    <p class='ocr_par' dir='ltr' id='par_1_65' title="bbox 415 3169 2560 3260">
     <span class='ocr_line' id='line_1_65' title="bbox 415 3169 2560 3260; baseline -0.002 -17"><span class='ocrx_word' id='word_1_389' title='bbox 415 3169 649 3244; x_wconf 44' lang='lat' dir='ltr'><strong>‘Iuntas</strong></span> <span class='ocrx_word' id='word_1_390' title='bbox 681 3187 837 3242; x_wconf 85' lang='lat' dir='ltr'><strong>mala</strong></span> <span class='ocrx_word' id='word_1_391' title='bbox 863 3190 1004 3242; x_wconf 89' lang='lat' dir='ltr'><strong>tunc</strong></span> <span class='ocrx_word' id='word_1_392' title='bbox 1047 3169 1458 3260; x_wconf 78' lang='lat' dir='ltr'><strong>exstinguitur,</strong></span> <span class='ocrx_word' id='word_1_393' title='bbox 1482 3186 1532 3240; x_wconf 87' lang='lat' dir='ltr'><strong>si</strong></span> <span class='ocrx_word' id='word_1_394' title='bbox 1583 3184 1846 3240; x_wconf 81' lang='lat' dir='ltr'><strong>fidelium</strong></span> <span class='ocrx_word' id='word_1_395' title='bbox 1894 3181 2104 3240; x_wconf 68' lang='lat' dir='ltr'><strong>anime</strong></span> <span class='ocrx_word' id='word_1_396' title='bbox 2134 3170 2178 3238; x_wconf 82' lang='lat' dir='ltr'>C</span> <span class='ocrx_word' id='word_1_397' title='bbox 2211 3183 2560 3240; x_wconf 89' lang='lat' dir='ltr'><strong>crederetur.</strong></span> 
     </span>
    </p>
   </div>
   <div class='ocr_carea' id='block_1_66' title="bbox 451 3275 1406 3348">
    <p class='ocr_par' dir='ltr' id='par_1_66' title="bbox 451 3275 1406 3348">
     <span class='ocr_line' id='line_1_66' title="bbox 451 3275 1406 3348; baseline -0.002 -16"><span class='ocrx_word' id='word_1_398' title='bbox 451 3277 524 3332; x_wconf 84' lang='lat' dir='ltr'><strong>ab</strong></span> <span class='ocrx_word' id='word_1_399' title='bbox 555 3291 758 3331; x_wconf 89' lang='lat' dir='ltr'><strong>eorum</strong></span> <span class='ocrx_word' id='word_1_400' title='bbox 787 3279 1074 3348; x_wconf 87' lang='lat' dir='ltr'><strong>potestate</strong></span> <span class='ocrx_word' id='word_1_401' title='bbox 1103 3275 1406 3332; x_wconf 87' lang='lat' dir='ltr'><strong>tollantur.</strong></span> 
     </span>
    </p>
   </div>
   <div class='ocr_carea' id='block_1_67' title="bbox 451 3363 1453 3433">
    <p class='ocr_par' dir='ltr' id='par_1_67' title="bbox 451 3363 1453 3433">
     <span class='ocr_line' id='line_1_67' title="bbox 451 3363 1453 3433; baseline -0.002 -13"><span class='ocrx_word' id='word_1_402' title='bbox 451 3365 521 3420; x_wconf 84' lang='lat'><strong>19</strong></span> <span class='ocrx_word' id='word_1_403' title='bbox 592 3365 732 3418; x_wconf 87' lang='lat' dir='ltr'><strong>Seon</strong></span> <span class='ocrx_word' id='word_1_404' title='bbox 761 3379 946 3433; x_wconf 84' lang='lat' dir='ltr'><strong>regem</strong></span> <span class='ocrx_word' id='word_1_405' title='bbox 972 3363 1408 3421; x_wconf 66' lang='lat' dir='ltr'><strong>Amorrha’omm</strong></span> <span class='ocrx_word' id='word_1_406' title='bbox 1434 3381 1453 3418; x_wconf 90' lang='lat'><strong><em>:</em></strong></span> 
     </span>
    </p>
   </div>
   <div class='ocr_carea' id='block_1_68' title="bbox 595 3451 884 3520">
    <p class='ocr_par' dir='ltr' id='par_1_68' title="bbox 595 3451 884 3520">
     <span class='ocr_line' id='line_1_68' title="bbox 595 3451 884 3520; baseline 0 -12"><span class='ocrx_word' id='word_1_407' title='bbox 595 3451 884 3520; x_wconf 80' lang='lat' dir='ltr'><strong>Quoniam.</strong></span> 
     </span>
    </p>
   </div>
   <div class='ocr_carea' id='block_1_69' title="bbox 517 3538 2098 3614">
    <p class='ocr_par' dir='ltr' id='par_1_69' title="bbox 517 3538 2098 3614">
     <span class='ocr_line' id='line_1_69' title="bbox 517 3538 2098 3614; baseline -0.001 -17"><span class='ocrx_word' id='word_1_408' title='bbox 517 3539 560 3597; x_wconf 91' lang='lat' dir='ltr'>C</span> <span class='ocrx_word' id='word_1_409' title='bbox 589 3541 738 3597; x_wconf 90' lang='lat' dir='ltr'><strong>Seon</strong></span> <span class='ocrx_word' id='word_1_410' title='bbox 770 3541 1010 3613; x_wconf 87' lang='lat' dir='ltr'><strong>quidem</strong></span> <span class='ocrx_word' id='word_1_411' title='bbox 1055 3541 1472 3614; x_wconf 85' lang='lat' dir='ltr'><strong>interpretatur</strong></span> <span class='ocrx_word' id='word_1_412' title='bbox 1503 3540 1742 3597; x_wconf 86' lang='lat' dir='ltr'><strong>tentatio</strong></span> <span class='ocrx_word' id='word_1_413' title='bbox 1771 3538 2098 3608; x_wconf 88' lang='lat' dir='ltr'><strong>oculorum,</strong></span> 
     </span>
    </p>
   </div>
   <div class='ocr_carea' id='block_1_70' title="bbox 447 3628 2100 3698">
    <p class='ocr_par' dir='ltr' id='par_1_70' title="bbox 447 3628 2100 3698">
     <span class='ocr_line' id='line_1_70' title="bbox 447 3628 2100 3698; baseline -0.001 -12"><span class='ocrx_word' id='word_1_414' title='bbox 447 3629 570 3686; x_wconf 84' lang='lat' dir='ltr'><strong>sive</strong></span> <span class='ocrx_word' id='word_1_415' title='bbox 613 3630 788 3686; x_wconf 86' lang='lat' dir='ltr'><strong>arbor</strong></span> <span class='ocrx_word' id='word_1_416' title='bbox 837 3630 1220 3686; x_wconf 86' lang='lat' dir='ltr'><strong>infructuosa.</strong></span> <span class='ocrx_word' id='word_1_417' title='bbox 1269 3629 1662 3698; x_wconf 68' lang='lat' dir='ltr'><strong>Amorrhaaus,</strong></span> <span class='ocrx_word' id='word_1_418' title='bbox 1715 3628 2100 3697; x_wconf 85' lang='lat' dir='ltr'><strong>exacerbatio,</strong></span> 
     </span>
    </p>
   </div>
   <div class='ocr_carea' id='block_1_71' title="bbox 448 3717 2103 3792">
    <p class='ocr_par' dir='ltr' id='par_1_71' title="bbox 448 3717 2103 3792">
     <span class='ocr_line' id='line_1_71' title="bbox 448 3717 2103 3792; baseline 0.001 -18"><span class='ocrx_word' id='word_1_419' title='bbox 448 3734 575 3791; x_wconf 68' lang='lat' dir='ltr'><strong>quas</strong></span> <span class='ocrx_word' id='word_1_420' title='bbox 597 3718 796 3776; x_wconf 86' lang='lat' dir='ltr'><strong>omnia</strong></span> <span class='ocrx_word' id='word_1_421' title='bbox 813 3718 1086 3775; x_wconf 88' lang='lat' dir='ltr'><strong>videntur</strong></span> <span class='ocrx_word' id='word_1_422' title='bbox 1109 3720 1181 3774; x_wconf 90' lang='lat' dir='ltr'><strong>ad</strong></span> <span class='ocrx_word' id='word_1_423' title='bbox 1208 3718 1509 3775; x_wconf 86' lang='lat' dir='ltr'><strong>diabolum</strong></span> <span class='ocrx_word' id='word_1_424' title='bbox 1531 3717 1837 3792; x_wconf 85' lang='lat' dir='ltr'><strong>pertinere.</strong></span> <span class='ocrx_word' id='word_1_425' title='bbox 1860 3719 1991 3791; x_wconf 87' lang='lat' dir='ltr'><strong>Ipse</strong></span> <span class='ocrx_word' id='word_1_426' title='bbox 2013 3724 2103 3776; x_wconf 87' lang='lat' dir='ltr'><strong>est</strong></span> 
     </span>
    </p>
   </div>
   <div class='ocr_carea' id='block_1_72' title="bbox 445 3806 2100 3880">
    <p class='ocr_par' dir='ltr' id='par_1_72' title="bbox 445 3806 2100 3880">
     <span class='ocr_line' id='line_1_72' title="bbox 445 3806 2100 3880; baseline 0.001 -18"><span class='ocrx_word' id='word_1_427' title='bbox 445 3806 608 3864; x_wconf 89' lang='lat' dir='ltr'><strong>enim</strong></span> <span class='ocrx_word' id='word_1_428' title='bbox 637 3807 810 3864; x_wconf 89' lang='lat' dir='ltr'><strong>arbor</strong></span> <span class='ocrx_word' id='word_1_429' title='bbox 838 3807 1224 3876; x_wconf 85' lang='lat' dir='ltr'><strong>infructuosa,</strong></span> <span class='ocrx_word' id='word_1_430' title='bbox 1257 3807 1382 3880; x_wconf 82' lang='lat' dir='ltr'><strong>ipse</strong></span> <span class='ocrx_word' id='word_1_431' title='bbox 1432 3813 1522 3864; x_wconf 86' lang='lat' dir='ltr'><strong>est</strong></span> <span class='ocrx_word' id='word_1_432' title='bbox 1569 3807 1953 3864; x_wconf 83' lang='lat' dir='ltr'><strong>exacerbatio.</strong></span> <span class='ocrx_word' id='word_1_433' title='bbox 1987 3807 2100 3864; x_wconf 90' lang='lat' dir='ltr'><strong>Sed</strong></span> 
     </span>
    </p>
   </div>
   <div class='ocr_carea' id='block_1_73' title="bbox 444 3895 2101 3970">
    <p class='ocr_par' dir='ltr' id='par_1_73' title="bbox 444 3895 2101 3970">
     <span class='ocr_line' id='line_1_73' title="bbox 444 3895 2101 3970; baseline 0 -18"><span class='ocrx_word' id='word_1_434' title='bbox 444 3895 567 3952; x_wconf 66' lang='lat' dir='ltr'><strong>haec</strong></span> <span class='ocrx_word' id='word_1_435' title='bbox 595 3895 655 3952; x_wconf 93' lang='lat' dir='ltr'><strong>in</strong></span> <span class='ocrx_word' id='word_1_436' title='bbox 685 3896 858 3954; x_wconf 89' lang='lat' dir='ltr'><strong>nobis</strong></span> <span class='ocrx_word' id='word_1_437' title='bbox 878 3897 1164 3953; x_wconf 89' lang='lat' dir='ltr'><strong>Dominus</strong></span> <span class='ocrx_word' id='word_1_438' title='bbox 1185 3897 1416 3962; x_wconf 90' lang='lat' dir='ltr'><strong>occidit,</strong></span> <span class='ocrx_word' id='word_1_439' title='bbox 1439 3897 1675 3970; x_wconf 88' lang='lat' dir='ltr'><strong>quando</strong></span> <span class='ocrx_word' id='word_1_440' title='bbox 1707 3912 1814 3952; x_wconf 88' lang='lat' dir='ltr'><strong>nos</strong></span> <span class='ocrx_word' id='word_1_441' title='bbox 1833 3895 1907 3952; x_wconf 88' lang='lat' dir='ltr'><strong>ad</strong></span> <span class='ocrx_word' id='word_1_442' title='bbox 1937 3895 2101 3954; x_wconf 84' lang='lat' dir='ltr'><strong>insti-</strong></span> 
     </span>
    </p>
   </div>
   <div class='ocr_carea' id='block_1_74' title="bbox 443 3985 1702 4059">
    <p class='ocr_par' dir='ltr' id='par_1_74' title="bbox 443 3985 1702 4059">
     <span class='ocr_line' id='line_1_74' title="bbox 443 3985 1702 4059; baseline -0.002 -17"><span class='ocrx_word' id='word_1_443' title='bbox 443 3989 572 4042; x_wconf 82' lang='lat' dir='ltr'><strong>tuta</strong></span> <span class='ocrx_word' id='word_1_444' title='bbox 602 4001 712 4043; x_wconf 87' lang='lat' dir='ltr'><strong>sua</strong></span> <span class='ocrx_word' id='word_1_445' title='bbox 739 4002 974 4043; x_wconf 90' lang='lat' dir='ltr'><strong>morum</strong></span> <span class='ocrx_word' id='word_1_446' title='bbox 1007 3987 1317 4043; x_wconf 87' lang='lat' dir='ltr'><strong>sanctitate</strong></span> <span class='ocrx_word' id='word_1_447' title='bbox 1345 3985 1702 4059; x_wconf 79' lang='lat' dir='ltr'><strong>perduxerit.</strong></span> 
     </span>
    </p>
   </div>
   <div class='ocr_carea' id='block_1_75' title="bbox 441 4076 1239 4148">
    <p class='ocr_par' dir='ltr' id='par_1_75' title="bbox 441 4076 1239 4148">
     <span class='ocr_line' id='line_1_75' title="bbox 441 4076 1239 4148; baseline 0.004 -19"><span class='ocrx_word' id='word_1_448' title='bbox 441 4076 515 4130; x_wconf 90' lang='lat'><strong>20</strong></span> <span class='ocrx_word' id='word_1_449' title='bbox 584 4077 650 4132; x_wconf 83' lang='lat' dir='ltr'><strong>Et</strong></span> <span class='ocrx_word' id='word_1_450' title='bbox 691 4076 790 4148; x_wconf 87' lang='lat' dir='ltr'><strong>Og,</strong></span> <span class='ocrx_word' id='word_1_451' title='bbox 822 4091 1007 4146; x_wconf 73' lang='lat' dir='ltr'><strong>regem</strong></span> <span class='ocrx_word' id='word_1_452' title='bbox 1035 4077 1239 4134; x_wconf 81' lang='lat' dir='ltr'><strong>Busan.</strong></span> 
     </span>
    </p>
   </div>
   <div class='ocr_carea' id='block_1_76' title="bbox 587 4165 877 4234">
    <p class='ocr_par' dir='ltr' id='par_1_76' title="bbox 587 4165 877 4234">
     <span class='ocr_line' id='line_1_76' title="bbox 587 4165 877 4234; baseline 0 -14"><span class='ocrx_word' id='word_1_453' title='bbox 587 4165 877 4234; x_wconf 82' lang='lat' dir='ltr'><strong>Quoniam.</strong></span> 
     </span>
    </p>
   </div>
   <div class='ocr_carea' id='block_1_77' title="bbox 510 4252 2097 4327">
    <p class='ocr_par' dir='ltr' id='par_1_77' title="bbox 510 4252 2097 4327">
     <span class='ocr_line' id='line_1_77' title="bbox 510 4252 2097 4327; baseline 0.001 -18"><span class='ocrx_word' id='word_1_454' title='bbox 510 4252 552 4308; x_wconf 87' lang='lat' dir='ltr'>C</span> <span class='ocrx_word' id='word_1_455' title='bbox 575 4253 696 4327; x_wconf 87' lang='lat' dir='ltr'><strong>Og:</strong></span> <span class='ocrx_word' id='word_1_456' title='bbox 723 4253 1021 4311; x_wconf 90' lang='lat' dir='ltr'><strong>conclusio</strong></span> <span class='ocrx_word' id='word_1_457' title='bbox 1048 4271 1148 4312; x_wconf 90' lang='lat' dir='ltr'><strong>seu</strong></span> <span class='ocrx_word' id='word_1_458' title='bbox 1173 4271 1524 4312; x_wconf 85' lang='lat' dir='ltr'><strong>coacervans</strong></span> <span class='ocrx_word' id='word_1_459' title='bbox 1549 4253 1993 4327; x_wconf 86' lang='lat' dir='ltr'><strong>interpretatum</strong></span> <span class='ocrx_word' id='word_1_460' title='bbox 2015 4254 2097 4311; x_wconf 79' lang='lat' dir='ltr'><strong>di-</strong></span> 
     </span>
    </p>
   </div>
   <div class='ocr_carea' id='block_1_78' title="bbox 437 4338 2094 4419">
    <p class='ocr_par' dir='ltr' id='par_1_78' title="bbox 437 4338 2094 4419">
     <span class='ocr_line' id='line_1_78' title="bbox 437 4338 2094 4419; baseline 0.001 -21"><span class='ocrx_word' id='word_1_461' title='bbox 437 4341 609 4398; x_wconf 88' lang='lat' dir='ltr'><strong>citur.</strong></span> <span class='ocrx_word' id='word_1_462' title='bbox 642 4343 832 4400; x_wconf 89' lang='lat' dir='ltr'><strong>Basan</strong></span> <span class='ocrx_word' id='word_1_463' title='bbox 866 4363 879 4400; x_wconf 91' lang='lat'><strong>:</strong></span> <span class='ocrx_word' id='word_1_464' title='bbox 914 4345 1200 4416; x_wconf 86' lang='lat' dir='ltr'><strong>confusio,</strong></span> <span class='ocrx_word' id='word_1_465' title='bbox 1223 4351 1279 4403; x_wconf 91' lang='lat' dir='ltr'><strong>et</strong></span> <span class='ocrx_word' id='word_1_466' title='bbox 1309 4343 1612 4402; x_wconf 87' lang='lat' dir='ltr'><strong>diabolum</strong></span> <span class='ocrx_word' id='word_1_467' title='bbox 1644 4338 1956 4419; x_wconf 78' lang='lat' dir='ltr'><strong>significat.</strong></span> <span class='ocrx_word' id='word_1_468' title='bbox 1985 4345 2094 4411; x_wconf 86' lang='lat' dir='ltr'><strong>Qui</strong></span> 
     </span>
    </p>
   </div>
   <div class='ocr_carea' id='block_1_79' title="bbox 436 4433 2094 4508">
    <p class='ocr_par' dir='ltr' id='par_1_79' title="bbox 436 4433 2094 4508">
     <span class='ocr_line' id='line_1_79' title="bbox 436 4433 2094 4508; baseline 0.002 -22"><span class='ocrx_word' id='word_1_469' title='bbox 436 4436 590 4486; x_wconf 90' lang='lat' dir='ltr'><strong>recte</strong></span> <span class='ocrx_word' id='word_1_470' title='bbox 643 4433 910 4489; x_wconf 81' lang='lat' dir='ltr'><strong>conlusio</strong></span> <span class='ocrx_word' id='word_1_471' title='bbox 965 4435 1180 4490; x_wconf 88' lang='lat' dir='ltr'><strong>dicitur</strong></span> <span class='ocrx_word' id='word_1_472' title='bbox 1225 4453 1238 4491; x_wconf 91' lang='lat'>:</span> <span class='ocrx_word' id='word_1_473' title='bbox 1291 4435 1574 4506; x_wconf 90' lang='lat' dir='ltr'><strong>quoniam</strong></span> <span class='ocrx_word' id='word_1_474' title='bbox 1627 4449 1768 4491; x_wconf 86' lang='lat' dir='ltr'><strong>suos</strong></span> <span class='ocrx_word' id='word_1_475' title='bbox 1813 4451 2094 4508; x_wconf 85' lang='lat' dir='ltr'><strong>sequaces</strong></span> 
     </span>
    </p>
   </div>
   <div class='ocr_carea' id='block_1_80' title="bbox 436 4519 2170 4610">
    <p class='ocr_par' dir='ltr' id='par_1_80' title="bbox 436 4519 2170 4610">
     <span class='ocr_line' id='line_1_80' title="bbox 436 4519 2170 4610; baseline 0.004 -36"><span class='ocrx_word' id='word_1_476' title='bbox 436 4519 766 4610; x_wconf 77' lang='lat' dir='ltr'><strong>confundit,</strong></span> <span class='ocrx_word' id='word_1_477' title='bbox 791 4525 848 4576; x_wconf 90' lang='lat' dir='ltr'><strong>et</strong></span> <span class='ocrx_word' id='word_1_478' title='bbox 880 4521 1006 4610; x_wconf 84' lang='lat' dir='ltr'><strong>ipse</strong></span> <span class='ocrx_word' id='word_1_479' title='bbox 1036 4521 1096 4578; x_wconf 89' lang='lat' dir='ltr'><strong>in</strong></span> <span class='ocrx_word' id='word_1_480' title='bbox 1118 4523 1344 4595; x_wconf 83' lang='lat' dir='ltr'><strong>judicio</strong></span> <span class='ocrx_word' id='word_1_481' title='bbox 1364 4523 1460 4578; x_wconf 89' lang='lat' dir='ltr'><strong>Dei</strong></span> <span class='ocrx_word' id='word_1_482' title='bbox 1484 4523 1556 4578; x_wconf 90' lang='lat' dir='ltr'><strong>de</strong></span> <span class='ocrx_word' id='word_1_483' title='bbox 1583 4523 1943 4580; x_wconf 85' lang='lat' dir='ltr'><strong>beatitudine</strong></span> <span class='ocrx_word' id='word_1_484' title='bbox 1971 4523 2090 4580; x_wconf 86' lang='lat' dir='ltr'><strong>dis-</strong></span> <span class='ocrx_word' id='word_1_485' title='bbox 2120 4543 2170 4610; x_wconf 70' lang='grc' dir='ltr'>Β</span> 
     </span>
    </p>
   </div>
   <div class='ocr_carea' id='block_1_81' title="bbox 436 4607 2093 4684">
    <p class='ocr_par' dir='ltr' id='par_1_81' title="bbox 436 4607 2093 4684">
     <span class='ocr_line' id='line_1_81' title="bbox 436 4607 2093 4684; baseline 0.002 -20"><span class='ocrx_word' id='word_1_486' title='bbox 436 4607 588 4664; x_wconf 86' lang='lat' dir='ltr'><strong>cedit</strong></span> <span class='ocrx_word' id='word_1_487' title='bbox 609 4609 892 4665; x_wconf 88' lang='lat' dir='ltr'><strong>confusus</strong></span> <span class='ocrx_word' id='word_1_488' title='bbox 918 4627 930 4665; x_wconf 93' lang='lat'><strong>:</strong></span> <span class='ocrx_word' id='word_1_489' title='bbox 954 4609 1081 4682; x_wconf 89' lang='lat' dir='ltr'><strong>ipse</strong></span> <span class='ocrx_word' id='word_1_490' title='bbox 1112 4627 1346 4684; x_wconf 89' lang='lat' dir='ltr'><strong>quoque</strong></span> <span class='ocrx_word' id='word_1_491' title='bbox 1377 4615 1611 4682; x_wconf 89' lang='lat' dir='ltr'><strong>peccata</strong></span> <span class='ocrx_word' id='word_1_492' title='bbox 1641 4616 1842 4668; x_wconf 88' lang='lat' dir='ltr'><strong>nostra</strong></span> <span class='ocrx_word' id='word_1_493' title='bbox 1869 4628 2093 4669; x_wconf 87' lang='lat' dir='ltr'><strong>coacer-</strong></span> 
     </span>
    </p>
   </div>
   <div class='ocr_carea' id='block_1_82' title="bbox 429 4699 2086 4768">
    <p class='ocr_par' dir='ltr' id='par_1_82' title="bbox 429 4699 2086 4768">
     <span class='ocr_line' id='line_1_82' title="bbox 429 4699 2086 4768; baseline 0.002 -15"><span class='ocrx_word' id='word_1_494' title='bbox 429 4701 528 4755; x_wconf 88' lang='lat' dir='ltr'><strong>vat</strong></span> <span class='ocrx_word' id='word_1_495' title='bbox 561 4701 623 4753; x_wconf 87' lang='lat' dir='ltr'><strong>ut</strong></span> <span class='ocrx_word' id='word_1_496' title='bbox 651 4703 908 4768; x_wconf 87' lang='lat' dir='ltr'><strong>accuset,</strong></span> <span class='ocrx_word' id='word_1_497' title='bbox 939 4703 997 4755; x_wconf 92' lang='lat' dir='ltr'><strong>et</strong></span> <span class='ocrx_word' id='word_1_498' title='bbox 1023 4699 1177 4755; x_wconf 86' lang='lat' dir='ltr'><strong>viam</strong></span> <span class='ocrx_word' id='word_1_499' title='bbox 1227 4699 1300 4756; x_wconf 87' lang='lat' dir='ltr'><strong>ad</strong></span> <span class='ocrx_word' id='word_1_500' title='bbox 1346 4699 1529 4756; x_wconf 89' lang='lat' dir='ltr'><strong>Deum</strong></span> <span class='ocrx_word' id='word_1_501' title='bbox 1580 4701 1874 4758; x_wconf 87' lang='lat' dir='ltr'><strong>concludit</strong></span> <span class='ocrx_word' id='word_1_502' title='bbox 1905 4718 1974 4757; x_wconf 86' lang='lat' dir='ltr'><strong>ne</strong></span> <span class='ocrx_word' id='word_1_503' title='bbox 2003 4701 2086 4758; x_wconf 87' lang='lat' dir='ltr'><strong>vi-</strong></span> 
     </span>
    </p>
   </div>
   <div class='ocr_carea' id='block_1_83' title="bbox 430 4787 714 4843">
    <p class='ocr_par' dir='ltr' id='par_1_83' title="bbox 430 4787 714 4843">
     <span class='ocr_line' id='line_1_83' title="bbox 430 4787 714 4843; baseline 0.004 -1"><span class='ocrx_word' id='word_1_504' title='bbox 430 4787 660 4843; x_wconf 86' lang='lat' dir='ltr'><strong>deatur.</strong></span> <span class='ocrx_word' id='word_1_505' title='bbox 703 4833 714 4843; x_wconf 92' lang='lat'><strong>.</strong></span> 
     </span>
    </p>
   </div>
   <div class='ocr_carea' id='block_1_84' title="bbox 425 4877 1854 4944">
    <p class='ocr_par' dir='ltr' id='par_1_84' title="bbox 425 4877 1854 4944">
     <span class='ocr_line' id='line_1_84' title="bbox 425 4877 1854 4944; baseline 0.004 -14"><span class='ocrx_word' id='word_1_506' title='bbox 425 4877 491 4931; x_wconf 86' lang='lat'><strong>21</strong></span> <span class='ocrx_word' id='word_1_507' title='bbox 569 4882 624 4942; x_wconf 64' lang='lat'><strong>~1-</strong></span> <span class='ocrx_word' id='word_1_508' title='bbox 661 4878 726 4934; x_wconf 84' lang='lat' dir='ltr'><strong>Et</strong></span> <span class='ocrx_word' id='word_1_509' title='bbox 751 4877 898 4935; x_wconf 85' lang='lat' dir='ltr'><strong>dedit</strong></span> <span class='ocrx_word' id='word_1_510' title='bbox 925 4886 1126 4935; x_wconf 78' lang='lat' dir='ltr'><strong>terram</strong></span> <span class='ocrx_word' id='word_1_511' title='bbox 1152 4894 1341 4934; x_wconf 87' lang='lat' dir='ltr'><strong>eorum</strong></span> <span class='ocrx_word' id='word_1_512' title='bbox 1370 4878 1742 4936; x_wconf 67' lang='lat' dir='ltr'><strong>haereditatem</strong></span> <span class='ocrx_word' id='word_1_513' title='bbox 1776 4885 1790 4944; x_wconf 76' lang='grc' dir='ltr'>ξ</span> <span class='ocrx_word' id='word_1_514' title='bbox 1835 4897 1854 4936; x_wconf 87' lang='lat'><strong><em>:</em></strong></span> 
     </span>
    </p>
   </div>
   <div class='ocr_carea' id='block_1_85' title="bbox 573 4965 862 5034">
    <p class='ocr_par' dir='ltr' id='par_1_85' title="bbox 573 4965 862 5034">
     <span class='ocr_line' id='line_1_85' title="bbox 573 4965 862 5034; baseline 0.01 -14"><span class='ocrx_word' id='word_1_515' title='bbox 573 4965 862 5034; x_wconf 86' lang='lat' dir='ltr'><strong>Quoniam.</strong></span> 
     </span>
    </p>
   </div>
   <div class='ocr_carea' id='block_1_86' title="bbox 498 5055 2083 5131">
    <p class='ocr_par' dir='ltr' id='par_1_86' title="bbox 498 5055 2083 5131">
     <span class='ocr_line' id='line_1_86' title="bbox 498 5055 2083 5131; baseline 0.004 -22"><span class='ocrx_word' id='word_1_516' title='bbox 498 5057 538 5109; x_wconf 90' lang='lat' dir='ltr'>C</span> <span class='ocrx_word' id='word_1_517' title='bbox 567 5055 711 5110; x_wconf 88' lang='lat' dir='ltr'><strong>Data</strong></span> <span class='ocrx_word' id='word_1_518' title='bbox 740 5061 829 5111; x_wconf 88' lang='lat' dir='ltr'><strong>est</strong></span> <span class='ocrx_word' id='word_1_519' title='bbox 861 5061 1014 5112; x_wconf 84' lang='lat' dir='ltr'><strong>terra</strong></span> <span class='ocrx_word' id='word_1_520' title='bbox 1053 5055 1155 5112; x_wconf 84' lang='lat' dir='ltr'><strong>illa</strong></span> <span class='ocrx_word' id='word_1_521' title='bbox 1197 5061 1423 5113; x_wconf 64' lang='lat' dir='ltr'><strong>internae</strong></span> <span class='ocrx_word' id='word_1_522' title='bbox 1454 5057 1836 5114; x_wconf 83' lang='lat' dir='ltr'><strong>beatitudinis</strong></span> <span class='ocrx_word' id='word_1_523' title='bbox 1867 5057 2083 5131; x_wconf 90' lang='lat' dir='ltr'><strong>populo</strong></span> 
     </span>
    </p>
   </div>
   <div class='ocr_carea' id='block_1_87' title="bbox 427 5141 2080 5216">
    <p class='ocr_par' dir='ltr' id='par_1_87' title="bbox 427 5141 2080 5216">
     <span class='ocr_line' id='line_1_87' title="bbox 427 5141 2080 5216; baseline 0.005 -20"><span class='ocrx_word' id='word_1_524' title='bbox 427 5141 778 5210; x_wconf 86' lang='lat' dir='ltr'><strong>Christiano,</strong></span> <span class='ocrx_word' id='word_1_525' title='bbox 807 5161 932 5216; x_wconf 78' lang='lat' dir='ltr'><strong>quae</strong></span> <span class='ocrx_word' id='word_1_526' title='bbox 981 5147 1172 5201; x_wconf 83' lang='lat' dir='ltr'><strong>fuerat</strong></span> <span class='ocrx_word' id='word_1_527' title='bbox 1203 5145 1464 5215; x_wconf 84' lang='lat' dir='ltr'><strong>pollicita</strong></span> <span class='ocrx_word' id='word_1_528' title='bbox 1510 5146 1748 5202; x_wconf 72' lang='lat' dir='ltr'><strong>Judaeis.</strong></span> <span class='ocrx_word' id='word_1_529' title='bbox 1775 5146 1893 5202; x_wconf 88' lang='lat' dir='ltr'><strong>Illis</strong></span> <span class='ocrx_word' id='word_1_530' title='bbox 1924 5147 2080 5204; x_wconf 86' lang='lat' dir='ltr'><strong>enim</strong></span> 
     </span>
    </p>
   </div>
   <div class='ocr_carea' id='block_1_88' title="bbox 425 5229 2084 5308">
    <p class='ocr_par' dir='ltr' id='par_1_88' title="bbox 425 5229 2084 5308">
     <span class='ocr_line' id='line_1_88' title="bbox 425 5229 2084 5308; baseline 0.005 -25"><span class='ocrx_word' id='word_1_531' title='bbox 425 5229 488 5283; x_wconf 91' lang='lat' dir='ltr'><strong>in</strong></span> <span class='ocrx_word' id='word_1_532' title='bbox 519 5247 627 5286; x_wconf 90' lang='lat' dir='ltr'><strong>sua</strong></span> <span class='ocrx_word' id='word_1_533' title='bbox 661 5231 966 5303; x_wconf 84' lang='lat' dir='ltr'><strong>iniquitate</strong></span> <span class='ocrx_word' id='word_1_534' title='bbox 999 5235 1292 5304; x_wconf 84' lang='lat' dir='ltr'><strong>projectis,</strong></span> <span class='ocrx_word' id='word_1_535' title='bbox 1323 5234 1543 5290; x_wconf 87' lang='lat' dir='ltr'><strong>sanctis</strong></span> <span class='ocrx_word' id='word_1_536' title='bbox 1567 5253 1633 5290; x_wconf 81' lang='lat' dir='ltr'><strong>ac</strong></span> <span class='ocrx_word' id='word_1_537' title='bbox 1666 5234 1937 5291; x_wconf 75' lang='lat' dir='ltr'><strong>fidelibus</strong></span> <span class='ocrx_word' id='word_1_538' title='bbox 1957 5251 2084 5308; x_wconf 88' lang='lat' dir='ltr'><strong>pro-</strong></span> 
     </span>
    </p>
   </div>
   <div class='ocr_carea' id='block_1_89' title="bbox 427 5317 1702 5394">
    <p class='ocr_par' dir='ltr' id='par_1_89' title="bbox 427 5317 1702 5394">
     <span class='ocr_line' id='line_1_89' title="bbox 427 5317 1702 5394; baseline 0.005 -22"><span class='ocrx_word' id='word_1_539' title='bbox 427 5317 613 5374; x_wconf 89' lang='lat' dir='ltr'><strong>missa</strong></span> <span class='ocrx_word' id='word_1_540' title='bbox 642 5317 1004 5377; x_wconf 51' lang='lat' dir='ltr'><strong>hereditatis</strong></span> <span class='ocrx_word' id='word_1_541' title='bbox 1034 5322 1274 5394; x_wconf 73' lang='lat' dir='ltr'><strong>praemia</strong></span> <span class='ocrx_word' id='word_1_542' title='bbox 1302 5325 1702 5379; x_wconf 76' lang='lat' dir='ltr'><strong>conferuntur.</strong></span> 
     </span>
    </p>
   </div>
   <div class='ocr_carea' id='block_1_90' title="bbox 423 5406 1502 5468">
    <p class='ocr_par' dir='ltr' id='par_1_90' title="bbox 423 5406 1502 5468">
     <span class='ocr_line' id='line_1_90' title="bbox 423 5406 1502 5468; baseline 0.006 -8"><span class='ocrx_word' id='word_1_543' title='bbox 423 5406 496 5460; x_wconf 86' lang='lat'><strong>22</strong></span> <span class='ocrx_word' id='word_1_544' title='bbox 568 5406 948 5464; x_wconf 60' lang='lat' dir='ltr'><strong>Hereditatem</strong></span> <span class='ocrx_word' id='word_1_545' title='bbox 977 5409 1146 5466; x_wconf 80' lang='lat' dir='ltr'><strong>Israel</strong></span> <span class='ocrx_word' id='word_1_546' title='bbox 1173 5427 1326 5468; x_wconf 76' lang='lat' dir='ltr'><strong>servo</strong></span> <span class='ocrx_word' id='word_1_547' title='bbox 1355 5428 1452 5468; x_wconf 85' lang='lat' dir='ltr'><strong>suo</strong></span> <span class='ocrx_word' id='word_1_548' title='bbox 1479 5429 1502 5466; x_wconf 88' lang='grc'><strong>.·</strong></span> 
     </span>
    </p>
   </div>
   <div class='ocr_carea' id='block_1_91' title="bbox 566 5495 858 5564">
    <p class='ocr_par' dir='ltr' id='par_1_91' title="bbox 566 5495 858 5564">
     <span class='ocr_line' id='line_1_91' title="bbox 566 5495 858 5564; baseline 0 -12"><span class='ocrx_word' id='word_1_549' title='bbox 566 5495 858 5564; x_wconf 87' lang='lat' dir='ltr'><strong>Quoniam.</strong></span> 
     </span>
    </p>
   </div>
   <div class='ocr_carea' id='block_1_92' title="bbox 491 5583 2074 5669">
    <p class='ocr_par' dir='ltr' id='par_1_92' title="bbox 491 5583 2074 5669">
     <span class='ocr_line' id='line_1_92' title="bbox 491 5583 2074 5669; baseline 0.003 -25"><span class='ocrx_word' id='word_1_550' title='bbox 491 5585 532 5644; x_wconf 85' lang='lat' dir='ltr'><strong><em>C</em></strong></span> <span class='ocrx_word' id='word_1_551' title='bbox 561 5583 706 5646; x_wconf 85' lang='lat' dir='ltr'><strong>Cum</strong></span> <span class='ocrx_word' id='word_1_552' title='bbox 737 5584 877 5646; x_wconf 85' lang='lat' dir='ltr'><strong>dicit</strong></span> <span class='ocrx_word' id='word_1_553' title='bbox 907 5601 1071 5648; x_wconf 84' lang='lat' dir='ltr'><strong>servo</strong></span> <span class='ocrx_word' id='word_1_554' title='bbox 1107 5603 1236 5664; x_wconf 87' lang='lat' dir='ltr'><strong>suo,</strong></span> <span class='ocrx_word' id='word_1_555' title='bbox 1259 5587 1318 5648; x_wconf 91' lang='lat' dir='ltr'><strong>id</strong></span> <span class='ocrx_word' id='word_1_556' title='bbox 1349 5593 1439 5649; x_wconf 91' lang='lat' dir='ltr'><strong>est</strong></span> <span class='ocrx_word' id='word_1_557' title='bbox 1467 5588 1794 5649; x_wconf 84' lang='lat' dir='ltr'><strong>Christiano</strong></span> <span class='ocrx_word' id='word_1_558' title='bbox 1834 5589 2074 5669; x_wconf 86' lang='lat' dir='ltr'><strong>populo.</strong></span> 
     </span>
    </p>
   </div>
   <div class='ocr_carea' id='block_1_93' title="bbox 2683 3291 3394 3334">
    <p class='ocr_par' dir='ltr' id='par_1_93' title="bbox 2683 3291 3394 3334">
     <span class='ocr_line' id='line_1_93' title="bbox 2683 3291 3394 3334; baseline 0 -2"><span class='ocrx_word' id='word_1_559' title='bbox 2683 3292 2886 3333; x_wconf 78' lang='lat' dir='ltr'><strong>ORATIO</strong></span> <span class='ocrx_word' id='word_1_560' title='bbox 2914 3293 2984 3332; x_wconf 75' lang='lat' dir='ltr'><strong>EX</strong></span> <span class='ocrx_word' id='word_1_561' title='bbox 3009 3293 3161 3334; x_wconf 67' lang='lat' dir='ltr'><strong>PSAL.</strong></span> <span class='ocrx_word' id='word_1_562' title='bbox 3193 3291 3394 3332; x_wconf 76' lang='lat' dir='ltr'><strong>CXXXV.</strong></span> 
     </span>
    </p>
   </div>
   <div class='ocr_carea' id='block_1_94' title="bbox 2278 3362 3881 3440">
    <p class='ocr_par' dir='ltr' id='par_1_94' title="bbox 2278 3362 3881 3440">
     <span class='ocr_line' id='line_1_94' title="bbox 2278 3362 3881 3440; baseline 0.003 -21"><span class='ocrx_word' id='word_1_563' title='bbox 2278 3362 2502 3420; x_wconf 89' lang='lat' dir='ltr'><strong>Memor</strong></span> <span class='ocrx_word' id='word_1_564' title='bbox 2526 3363 2914 3422; x_wconf 86' lang='lat' dir='ltr'><strong>humanitatis</strong></span> <span class='ocrx_word' id='word_1_565' title='bbox 2935 3370 3145 3423; x_wconf 68' lang='lat' dir='ltr'><strong>nostrae</strong></span> <span class='ocrx_word' id='word_1_566' title='bbox 3168 3367 3463 3434; x_wconf 85' lang='lat' dir='ltr'><strong>miserere,</strong></span> <span class='ocrx_word' id='word_1_567' title='bbox 3486 3366 3881 3440; x_wconf 80' lang='lat' dir='ltr'><strong>omnipotens</strong></span> 
     </span>
    </p>
   </div>
   <div class='ocr_carea' id='block_1_95' title="bbox 2207 3452 3880 3529">
    <p class='ocr_par' dir='ltr' id='par_1_95' title="bbox 2207 3452 3880 3529">
     <span class='ocr_line' id='line_1_95' title="bbox 2207 3452 3880 3529; baseline 0.004 -21"><span class='ocrx_word' id='word_1_568' title='bbox 2207 3452 2391 3523; x_wconf 90' lang='lat' dir='ltr'><strong>Deus;</strong></span> <span class='ocrx_word' id='word_1_569' title='bbox 2425 3458 2491 3509; x_wconf 90' lang='lat' dir='ltr'><strong>ut</strong></span> <span class='ocrx_word' id='word_1_570' title='bbox 2510 3455 2611 3528; x_wconf 88' lang='lat' dir='ltr'><strong>qui</strong></span> <span class='ocrx_word' id='word_1_571' title='bbox 2642 3455 2941 3528; x_wconf 90' lang='lat' dir='ltr'><strong>quondam</strong></span> <span class='ocrx_word' id='word_1_572' title='bbox 2971 3454 3235 3529; x_wconf 87' lang='lat' dir='ltr'><strong>patribus</strong></span> <span class='ocrx_word' id='word_1_573' title='bbox 3264 3457 3485 3513; x_wconf 90' lang='lat' dir='ltr'><strong>nostris</strong></span> <span class='ocrx_word' id='word_1_574' title='bbox 3507 3461 3734 3512; x_wconf 85' lang='lat' dir='ltr'><strong>terram</strong></span> <span class='ocrx_word' id='word_1_575' title='bbox 3771 3459 3880 3515; x_wconf 81' lang='lat' dir='ltr'><strong>ad-</strong></span> 
     </span>
    </p>
   </div>
   <div class='ocr_carea' id='block_1_96' title="bbox 2205 3543 3881 3618">
    <p class='ocr_par' dir='ltr' id='par_1_96' title="bbox 2205 3543 3881 3618">
     <span class='ocr_line' id='line_1_96' title="bbox 2205 3543 3881 3618; baseline 0.004 -22"><span class='ocrx_word' id='word_1_576' title='bbox 2205 3543 2596 3600; x_wconf 87' lang='lat' dir='ltr'><strong>versariorum</strong></span> <span class='ocrx_word' id='word_1_577' title='bbox 2630 3544 2689 3600; x_wconf 89' lang='lat' dir='ltr'><strong>in</strong></span> <span class='ocrx_word' id='word_1_578' title='bbox 2714 3543 3110 3601; x_wconf 68' lang='lat' dir='ltr'><strong>hazreditatem</strong></span> <span class='ocrx_word' id='word_1_579' title='bbox 3144 3544 3372 3600; x_wconf 86' lang='lat' dir='ltr'><strong>donasti</strong></span> <span class='ocrx_word' id='word_1_580' title='bbox 3406 3563 3420 3601; x_wconf 89' lang='lat'><strong>:</strong></span> <span class='ocrx_word' id='word_1_581' title='bbox 3450 3561 3559 3600; x_wconf 88' lang='lat' dir='ltr'><strong>nos</strong></span> <span class='ocrx_word' id='word_1_582' title='bbox 3591 3563 3626 3600; x_wconf 86' lang='lat' dir='ltr'><strong>a</strong></span> <span class='ocrx_word' id='word_1_583' title='bbox 3655 3563 3881 3618; x_wconf 84' lang='lat' dir='ltr'><strong>pecca-</strong></span> 
     </span>
    </p>
   </div>
   <div class='ocr_carea' id='block_1_97' title="bbox 2207 3625 3884 3691">
    <p class='ocr_par' dir='ltr' id='par_1_97' title="bbox 2207 3625 3884 3691">
     <span class='ocr_line' id='line_1_97' title="bbox 2207 3625 3884 3691; baseline 0.002 -5"><span class='ocrx_word' id='word_1_584' title='bbox 2207 3629 2282 3687; x_wconf 90' lang='lat' dir='ltr'><strong>tis</strong></span> <span class='ocrx_word' id='word_1_585' title='bbox 2313 3629 2527 3688; x_wconf 85' lang='lat' dir='ltr'><strong>liberos</strong></span> <span class='ocrx_word' id='word_1_586' title='bbox 2556 3625 2691 3688; x_wconf 70' lang='lat' dir='ltr'><strong>eum</strong></span> <span class='ocrx_word' id='word_1_587' title='bbox 2709 3637 2815 3690; x_wconf 86' lang='lat' dir='ltr'><strong>tua</strong></span> <span class='ocrx_word' id='word_1_588' title='bbox 2841 3632 3176 3690; x_wconf 65' lang='lat' dir='ltr'><strong>haereditate</strong></span> <span class='ocrx_word' id='word_1_589' title='bbox 3198 3633 3510 3690; x_wconf 82' lang='lat' dir='ltr'><strong>constitue.</strong></span> <span class='ocrx_word' id='word_1_590' title='bbox 3541 3633 3654 3690; x_wconf 85' lang='lat' dir='ltr'><strong>Per</strong></span> <span class='ocrx_word' id='word_1_591' title='bbox 3669 3634 3884 3691; x_wconf 83' lang='lat' dir='ltr'><strong>Domi-</strong></span> 
     </span>
    </p>
   </div>
   <div class='ocr_carea' id='block_1_98' title="bbox 2209 3721 3048 3789">
    <p class='ocr_par' dir='ltr' id='par_1_98' title="bbox 2209 3721 3048 3789">
     <span class='ocr_line' id='line_1_98' title="bbox 2209 3721 3048 3789; baseline 0.004 -14"><span class='ocrx_word' id='word_1_592' title='bbox 2209 3736 2353 3776; x_wconf 91' lang='lat' dir='ltr'><strong>num</strong></span> <span class='ocrx_word' id='word_1_593' title='bbox 2386 3725 2651 3778; x_wconf 89' lang='lat' dir='ltr'><strong>nostrum</strong></span> <span class='ocrx_word' id='word_1_594' title='bbox 2679 3721 2906 3789; x_wconf 89' lang='lat' dir='ltr'><strong>Jesum,</strong></span> <span class='ocrx_word' id='word_1_595' title='bbox 2939 3727 3048 3778; x_wconf 87' lang='lat' dir='ltr'><strong>etc.</strong></span> 
     </span>
    </p>
   </div>
   <div class='ocr_carea' id='block_1_99' title="bbox 2707 3809 3359 3868">
    <p class='ocr_par' dir='ltr' id='par_1_99' title="bbox 2707 3809 3359 3868">
     <span class='ocr_line' id='line_1_99' title="bbox 2707 3809 3359 3868; baseline 0.002 -2"><span class='ocrx_word' id='word_1_596' title='bbox 2707 3809 3036 3868; x_wconf 80' lang='lat' dir='ltr'><strong>PSALMUS</strong></span> <span class='ocrx_word' id='word_1_597' title='bbox 3073 3811 3359 3868; x_wconf 79' lang='lat' dir='ltr'><strong>CXXXVI.</strong></span> 
     </span>
    </p>
   </div>
   <div class='ocr_carea' id='block_1_100' title="bbox 2605 3915 3456 3957">
    <p class='ocr_par' dir='ltr' id='par_1_100' title="bbox 2605 3915 3456 3957">
     <span class='ocr_line' id='line_1_100' title="bbox 2605 3915 3456 3957; baseline 0.001 -2"><span class='ocrx_word' id='word_1_598' title='bbox 2605 3915 3011 3956; x_wconf 72' lang='lat' dir='ltr'><strong>ARGUMENTUM</strong></span> <span class='ocrx_word' id='word_1_599' title='bbox 3043 3916 3200 3956; x_wconf 76' lang='lat' dir='ltr'><strong>PSAL.</strong></span> <span class='ocrx_word' id='word_1_600' title='bbox 3231 3915 3433 3957; x_wconf 69' lang='lat' dir='ltr'><strong>CXXXVI</strong></span> <span class='ocrx_word' id='word_1_601' title='bbox 3443 3943 3456 3956; x_wconf 88' lang='lat'><strong>.</strong></span> 
     </span>
    </p>
   </div>
   <div class='ocr_carea' id='block_1_101' title="bbox 2279 3987 3885 4063">
    <p class='ocr_par' dir='ltr' id='par_1_101' title="bbox 2279 3987 3885 4063">
     <span class='ocr_line' id='line_1_101' title="bbox 2279 3987 3885 4063; baseline 0.002 -20"><span class='ocrx_word' id='word_1_602' title='bbox 2279 3987 2322 4043; x_wconf 92' lang='lat' dir='ltr'><strong>B</strong></span> <span class='ocrx_word' id='word_1_603' title='bbox 2351 3987 2683 4061; x_wconf 88' lang='lat' dir='ltr'><strong>Tripliciter</strong></span> <span class='ocrx_word' id='word_1_604' title='bbox 2721 3987 2817 4044; x_wconf 90' lang='lat' dir='ltr'><strong>hic</strong></span> <span class='ocrx_word' id='word_1_605' title='bbox 2865 3988 3132 4062; x_wconf 86' lang='lat' dir='ltr'><strong>psalmus</strong></span> <span class='ocrx_word' id='word_1_606' title='bbox 3184 3988 3433 4063; x_wconf 82' lang='lat' dir='ltr'><strong>intelligi</strong></span> <span class='ocrx_word' id='word_1_607' title='bbox 3482 3993 3681 4063; x_wconf 87' lang='lat' dir='ltr'><strong>potest</strong></span> <span class='ocrx_word' id='word_1_608' title='bbox 3742 4009 3758 4046; x_wconf 93' lang='lat'><strong>:</strong></span> <span class='ocrx_word' id='word_1_609' title='bbox 3809 3991 3885 4047; x_wconf 85' lang='lat' dir='ltr'><strong>de</strong></span> 
     </span>
    </p>
   </div>
   <div class='ocr_carea' id='block_1_102' title="bbox 2205 4077 3883 4154">
    <p class='ocr_par' dir='ltr' id='par_1_102' title="bbox 2205 4077 3883 4154">
     <span class='ocr_line' id='line_1_102' title="bbox 2205 4077 3883 4154; baseline 0.001 -20"><span class='ocrx_word' id='word_1_610' title='bbox 2205 4077 2538 4150; x_wconf 83' lang='lat' dir='ltr'><strong>captivitate</strong></span> <span class='ocrx_word' id='word_1_611' title='bbox 2565 4077 2809 4134; x_wconf 86' lang='lat' dir='ltr'><strong>Judaica</strong></span> <span class='ocrx_word' id='word_1_612' title='bbox 2839 4077 2898 4134; x_wconf 89' lang='lat' dir='ltr'><strong>in</strong></span> <span class='ocrx_word' id='word_1_613' title='bbox 2923 4077 3214 4152; x_wconf 84' lang='lat' dir='ltr'><strong>Babylone</strong></span> <span class='ocrx_word' id='word_1_614' title='bbox 3238 4097 3252 4135; x_wconf 88' lang='lat'><strong>:</strong></span> <span class='ocrx_word' id='word_1_615' title='bbox 3276 4084 3336 4136; x_wconf 86' lang='lat' dir='ltr'><strong>et</strong></span> <span class='ocrx_word' id='word_1_616' title='bbox 3355 4079 3426 4135; x_wconf 89' lang='lat' dir='ltr'><strong>de</strong></span> <span class='ocrx_word' id='word_1_617' title='bbox 3457 4078 3883 4154; x_wconf 74' lang='lat' dir='ltr'><strong>peccatoribus</strong></span> 
     </span>
    </p>
   </div>
   <div class='ocr_carea' id='block_1_103' title="bbox 2205 4161 3881 4243">
    <p class='ocr_par' dir='ltr' id='par_1_103' title="bbox 2205 4161 3881 4243">
     <span class='ocr_line' id='line_1_103' title="bbox 2205 4161 3881 4243; baseline 0.001 -21"><span class='ocrx_word' id='word_1_618' title='bbox 2205 4167 2279 4223; x_wconf 90' lang='lat' dir='ltr'><strong>ab</strong></span> <span class='ocrx_word' id='word_1_619' title='bbox 2312 4165 2564 4224; x_wconf 88' lang='lat' dir='ltr'><strong>Ecclesia</strong></span> <span class='ocrx_word' id='word_1_620' title='bbox 2593 4167 2794 4238; x_wconf 84' lang='lat' dir='ltr'><strong>ejectis</strong></span> <span class='ocrx_word' id='word_1_621' title='bbox 2823 4185 2842 4222; x_wconf 82' lang='lat'><strong>:</strong></span> <span class='ocrx_word' id='word_1_622' title='bbox 2874 4172 2931 4224; x_wconf 90' lang='lat' dir='ltr'><strong>et</strong></span> <span class='ocrx_word' id='word_1_623' title='bbox 2960 4168 3038 4224; x_wconf 91' lang='lat' dir='ltr'><strong>de-</strong></span> <span class='ocrx_word' id='word_1_624' title='bbox 3081 4184 3149 4224; x_wconf 86' lang='lat' dir='ltr'><strong>ea</strong></span> <span class='ocrx_word' id='word_1_625' title='bbox 3195 4161 3498 4241; x_wconf 87' lang='lat' dir='ltr'><strong>ejectione,</strong></span> <span class='ocrx_word' id='word_1_626' title='bbox 3523 4184 3640 4242; x_wconf 85' lang='lat' dir='ltr'><strong>qua</strong></span> <span class='ocrx_word' id='word_1_627' title='bbox 3688 4167 3881 4243; x_wconf 73' lang='lat' dir='ltr'><strong>primi</strong></span> 
     </span>
    </p>
   </div>
   <div class='ocr_carea' id='block_1_104' title="bbox 2204 4253 3548 4329">
    <p class='ocr_par' dir='ltr' id='par_1_104' title="bbox 2204 4253 3548 4329">
     <span class='ocr_line' id='line_1_104' title="bbox 2204 4253 3548 4329; baseline 0.001 -18"><span class='ocrx_word' id='word_1_628' title='bbox 2204 4255 2390 4311; x_wconf 89' lang='lat' dir='ltr'><strong>nostri</strong></span> <span class='ocrx_word' id='word_1_629' title='bbox 2421 4259 2697 4328; x_wconf 89' lang='lat' dir='ltr'><strong>parentes</strong></span> <span class='ocrx_word' id='word_1_630' title='bbox 2725 4255 2796 4311; x_wconf 91' lang='lat' dir='ltr'><strong>de</strong></span> <span class='ocrx_word' id='word_1_631' title='bbox 2827 4253 3103 4328; x_wconf 85' lang='lat' dir='ltr'><strong>paradiso</strong></span> <span class='ocrx_word' id='word_1_632' title='bbox 3131 4255 3357 4329; x_wconf 78' lang='lat' dir='ltr'><strong>expulsi</strong></span> <span class='ocrx_word' id='word_1_633' title='bbox 3387 4261 3548 4314; x_wconf 86' lang='lat' dir='ltr'><strong>sunt.</strong></span> 
     </span>
    </p>
   </div>
   <div class='ocr_carea' id='block_1_105' title="bbox 2653 4345 3396 4418">
    <p class='ocr_par' dir='ltr' id='par_1_105' title="bbox 2653 4345 3396 4418">
     <span class='ocr_line' id='line_1_105' title="bbox 2653 4345 3396 4418; baseline 0.001 -18"><span class='ocrx_word' id='word_1_634' title='bbox 2653 4345 2770 4400; x_wconf 90' lang='lat' dir='ltr'><strong>TT.</strong></span> <span class='ocrx_word' id='word_1_635' title='bbox 2800 4349 2856 4410; x_wconf 57' lang='grc' dir='ltr'><strong>ἐ·</strong></span> <span class='ocrx_word' id='word_1_636' title='bbox 2891 4345 3067 4400; x_wconf 83' lang='lat' dir='ltr'><strong>David</strong></span> <span class='ocrx_word' id='word_1_637' title='bbox 3091 4345 3339 4418; x_wconf 83' lang='lat' dir='ltr'><strong>psalmus</strong></span> <span class='ocrx_word' id='word_1_638' title='bbox 3381 4352 3396 4413; x_wconf 75' lang='grc' dir='ltr'>ζ</span> 
     </span>
    </p>
   </div>
   <div class='ocr_carea' id='block_1_106' title="bbox 2237 4433 3874 4508">
    <p class='ocr_par' dir='ltr' id='par_1_106' title="bbox 2237 4433 3874 4508">
     <span class='ocr_line' id='line_1_106' title="bbox 2237 4433 3874 4508; baseline 0.003 -19"><span class='ocrx_word' id='word_1_639' title='bbox 2237 4435 2264 4489; x_wconf 83' lang='grc'><strong>1</strong></span> <span class='ocrx_word' id='word_1_640' title='bbox 2343 4435 2518 4507; x_wconf 85' lang='lat' dir='ltr'><strong>Super</strong></span> <span class='ocrx_word' id='word_1_641' title='bbox 2541 4435 2780 4504; x_wconf 84' lang='lat' dir='ltr'><strong>ﬂumina</strong></span> <span class='ocrx_word' id='word_1_642' title='bbox 2809 4433 3109 4507; x_wconf 80' lang='lat' dir='ltr'><strong>Babylonis</strong></span> <span class='ocrx_word' id='word_1_643' title='bbox 3155 4434 3275 4490; x_wconf 82' lang='lat' dir='ltr'><strong>illic</strong></span> <span class='ocrx_word' id='word_1_644' title='bbox 3317 4435 3556 4492; x_wconf 81' lang='lat' dir='ltr'><strong>sedimus</strong></span> <span class='ocrx_word' id='word_1_645' title='bbox 3600 4439 3653 4492; x_wconf 84' lang='lat' dir='ltr'><strong>et</strong></span> <span class='ocrx_word' id='word_1_646' title='bbox 3703 4438 3874 4508; x_wconf 74' lang='lat' dir='ltr'><strong>ﬂevi-</strong></span> 
     </span>
    </p>
   </div>
   <div class='ocr_carea' id='block_1_107' title="bbox 2414 4539 2585 4579">
    <p class='ocr_par' dir='ltr' id='par_1_107' title="bbox 2414 4539 2585 4579">
     <span class='ocr_line' id='line_1_107' title="bbox 2414 4539 2585 4579; baseline 0.006 -1"><span class='ocrx_word' id='word_1_647' title='bbox 2414 4539 2536 4579; x_wconf 83' lang='lat' dir='ltr'><strong>mus</strong></span> <span class='ocrx_word' id='word_1_648' title='bbox 2566 4540 2585 4579; x_wconf 88' lang='lat'><strong>.&#39;</strong></span> 
     </span>
    </p>
   </div>
   <div class='ocr_carea' id='block_1_108' title="bbox 2340 4610 3100 4669">
    <p class='ocr_par' dir='ltr' id='par_1_108' title="bbox 2340 4610 3100 4669">
     <span class='ocr_line' id='line_1_108' title="bbox 2340 4610 3100 4669; baseline -0.001 0"><span class='ocrx_word' id='word_1_649' title='bbox 2340 4613 2481 4669; x_wconf 88' lang='lat' dir='ltr'><strong>Dum</strong></span> <span class='ocrx_word' id='word_1_650' title='bbox 2506 4610 2920 4669; x_wconf 84' lang='lat' dir='ltr'><strong>recordaremur</strong></span> <span class='ocrx_word' id='word_1_651' title='bbox 2944 4612 3100 4669; x_wconf 85' lang='lat' dir='ltr'><strong>Sion.</strong></span> 
     </span>
    </p>
   </div>
   <div class='ocr_carea' id='block_1_109' title="bbox 2267 4700 3872 4776">
    <p class='ocr_par' dir='ltr' id='par_1_109' title="bbox 2267 4700 3872 4776">
     <span class='ocr_line' id='line_1_109' title="bbox 2267 4700 3872 4776; baseline 0.001 -18"><span class='ocrx_word' id='word_1_652' title='bbox 2267 4702 2314 4758; x_wconf 88' lang='grc' dir='ltr'><strong>Η</strong></span> <span class='ocrx_word' id='word_1_653' title='bbox 2347 4702 2641 4776; x_wconf 80' lang='lat' dir='ltr'><strong>Babylon:</strong></span> <span class='ocrx_word' id='word_1_654' title='bbox 2673 4701 2940 4757; x_wconf 77' lang='lat' dir='ltr'><strong>confusio</strong></span> <span class='ocrx_word' id='word_1_655' title='bbox 2985 4700 3426 4774; x_wconf 84' lang='lat' dir='ltr'><strong>interpretatur,</strong></span> <span class='ocrx_word' id='word_1_656' title='bbox 3445 4707 3512 4758; x_wconf 80' lang='lat' dir='ltr'><strong>et</strong></span> <span class='ocrx_word' id='word_1_657' title='bbox 3544 4700 3872 4776; x_wconf 71' lang='lat' dir='ltr'><strong>signiﬁcat</strong></span> 
     </span>
    </p>
   </div>
   <div class='ocr_carea' id='block_1_110' title="bbox 2195 4789 3871 4865">
    <p class='ocr_par' dir='ltr' id='par_1_110' title="bbox 2195 4789 3871 4865">
     <span class='ocr_line' id='line_1_110' title="bbox 2195 4789 3871 4865; baseline 0.002 -19"><span class='ocrx_word' id='word_1_658' title='bbox 2195 4795 2542 4864; x_wconf 64' lang='lat' dir='ltr'><strong>praesentem</strong></span> <span class='ocrx_word' id='word_1_659' title='bbox 2589 4790 2902 4848; x_wconf 89' lang='lat' dir='ltr'><strong>mundum.</strong></span> <span class='ocrx_word' id='word_1_660' title='bbox 2937 4789 3181 4848; x_wconf 86' lang='lat' dir='ltr'><strong>Flumen</strong></span> <span class='ocrx_word' id='word_1_661' title='bbox 3222 4807 3236 4847; x_wconf 89' lang='lat'><strong>:</strong></span> <span class='ocrx_word' id='word_1_662' title='bbox 3281 4791 3578 4865; x_wconf 76' lang='lat' dir='ltr'><strong>signiﬁcat</strong></span> <span class='ocrx_word' id='word_1_663' title='bbox 3627 4805 3871 4850; x_wconf 59' lang='lat' dir='ltr'><strong>unuma</strong></span> 
     </span>
    </p>
   </div>
   <div class='ocr_carea' id='block_1_111' title="bbox 2196 4879 3868 4954">
    <p class='ocr_par' dir='ltr' id='par_1_111' title="bbox 2196 4879 3868 4954">
     <span class='ocr_line' id='line_1_111' title="bbox 2196 4879 3868 4954; baseline 0.001 -17"><span class='ocrx_word' id='word_1_664' title='bbox 2196 4897 2491 4953; x_wconf 89' lang='lat' dir='ltr'><strong>quemque</strong></span> <span class='ocrx_word' id='word_1_665' title='bbox 2519 4879 2831 4954; x_wconf 88' lang='lat' dir='ltr'><strong>pulchrum</strong></span> <span class='ocrx_word' id='word_1_666' title='bbox 2863 4879 2936 4936; x_wconf 90' lang='lat' dir='ltr'><strong>ad</strong></span> <span class='ocrx_word' id='word_1_667' title='bbox 2965 4879 3194 4949; x_wconf 90' lang='lat' dir='ltr'><strong>horam,</strong></span> <span class='ocrx_word' id='word_1_668' title='bbox 3221 4880 3392 4954; x_wconf 84' lang='lat' dir='ltr'><strong>cujus</strong></span> <span class='ocrx_word' id='word_1_669' title='bbox 3421 4879 3530 4938; x_wconf 84' lang='lat' dir='ltr'><strong>ﬂos</strong></span> <span class='ocrx_word' id='word_1_670' title='bbox 3557 4879 3720 4938; x_wconf 83' lang='lat' dir='ltr'><strong>sicut</strong></span> <span class='ocrx_word' id='word_1_671' title='bbox 3747 4885 3868 4938; x_wconf 74' lang='lat' dir='ltr'><strong>ﬂu-</strong></span> 
     </span>
    </p>
   </div>
   <div class='ocr_carea' id='block_1_112' title="bbox 2193 4967 3869 5043">
    <p class='ocr_par' dir='ltr' id='par_1_112' title="bbox 2193 4967 3869 5043">
     <span class='ocr_line' id='line_1_112' title="bbox 2193 4967 3869 5043; baseline 0.001 -17"><span class='ocrx_word' id='word_1_672' title='bbox 2193 4985 2328 5026; x_wconf 87' lang='lat' dir='ltr'><strong>men</strong></span> <span class='ocrx_word' id='word_1_673' title='bbox 2357 4969 2588 5026; x_wconf 90' lang='lat' dir='ltr'><strong>transit.</strong></span> <span class='ocrx_word' id='word_1_674' title='bbox 2619 4968 2660 5026; x_wconf 92' lang='lat' dir='ltr'>C</span> <span class='ocrx_word' id='word_1_675' title='bbox 2688 4973 2878 5042; x_wconf 86' lang='lat' dir='ltr'><strong>Supra</strong></span> <span class='ocrx_word' id='word_1_676' title='bbox 2919 4967 3168 5026; x_wconf 84' lang='lat' dir='ltr'><strong>ﬂumina</strong></span> <span class='ocrx_word' id='word_1_677' title='bbox 3214 4967 3421 5025; x_wconf 82' lang='lat' dir='ltr'><strong>sedent</strong></span> <span class='ocrx_word' id='word_1_678' title='bbox 3467 4967 3672 5025; x_wconf 78' lang='lat' dir='ltr'><strong>ﬁdeles</strong></span> <span class='ocrx_word' id='word_1_679' title='bbox 3701 4987 3722 5027; x_wconf 89' lang='lat'><strong>:</strong></span> <span class='ocrx_word' id='word_1_680' title='bbox 3749 4969 3869 5043; x_wconf 74' lang='lat' dir='ltr'><strong>qui</strong></span> 
     </span>
    </p>
   </div>
   <div class='ocr_carea' id='block_1_113' title="bbox 2191 5057 3861 5133">
    <p class='ocr_par' dir='ltr' id='par_1_113' title="bbox 2191 5057 3861 5133">
     <span class='ocr_line' id='line_1_113' title="bbox 2191 5057 3861 5133; baseline -0.001 -15"><span class='ocrx_word' id='word_1_681' title='bbox 2191 5059 2589 5133; x_wconf 84' lang='lat' dir='ltr'><strong>captivitatem</strong></span> <span class='ocrx_word' id='word_1_682' title='bbox 2627 5059 2687 5114; x_wconf 93' lang='lat' dir='ltr'><strong>in</strong></span> <span class='ocrx_word' id='word_1_683' title='bbox 2729 5058 2840 5114; x_wconf 88' lang='lat' dir='ltr'><strong>hoc</strong></span> <span class='ocrx_word' id='word_1_684' title='bbox 2897 5057 3120 5115; x_wconf 87' lang='lat' dir='ltr'><strong>mundo</strong></span> <span class='ocrx_word' id='word_1_685' title='bbox 3172 5059 3504 5130; x_wconf 87' lang='lat' dir='ltr'><strong>patiuntur,</strong></span> <span class='ocrx_word' id='word_1_686' title='bbox 3533 5062 3594 5114; x_wconf 85' lang='lat' dir='ltr'><strong>et</strong></span> <span class='ocrx_word' id='word_1_687' title='bbox 3637 5057 3861 5132; x_wconf 56' lang='lat' dir='ltr'><strong>“suspi-</strong></span> 
     </span>
    </p>
   </div>
   <div class='ocr_carea' id='block_1_114' title="bbox 2191 5145 3862 5220">
    <p class='ocr_par' dir='ltr' id='par_1_114' title="bbox 2191 5145 3862 5220">
     <span class='ocr_line' id='line_1_114' title="bbox 2191 5145 3862 5220; baseline 0.001 -16"><span class='ocrx_word' id='word_1_688' title='bbox 2191 5155 2388 5204; x_wconf 87' lang='lat' dir='ltr'><strong>rantes</strong></span> <span class='ocrx_word' id='word_1_689' title='bbox 2409 5148 2698 5205; x_wconf 89' lang='lat' dir='ltr'><strong>desiderio</strong></span> <span class='ocrx_word' id='word_1_690' title='bbox 2720 5147 2918 5220; x_wconf 61' lang='lat' dir='ltr'><strong>patrias</strong></span> <span class='ocrx_word' id='word_1_691' title='bbox 2939 5146 3195 5205; x_wconf 62' lang='lat' dir='ltr'><strong>celestis</strong></span> <span class='ocrx_word' id='word_1_692' title='bbox 3208 5145 3596 5217; x_wconf 78' lang='lat' dir='ltr'><strong>Hierusalem,</strong></span> <span class='ocrx_word' id='word_1_693' title='bbox 3611 5163 3862 5205; x_wconf 71' lang='lat' dir='ltr'><strong>amarus</strong></span> 
     </span>
    </p>
   </div>
   <div class='ocr_carea' id='block_1_115' title="bbox 2190 5235 2783 5310">
    <p class='ocr_par' dir='ltr' id='par_1_115' title="bbox 2190 5235 2783 5310">
     <span class='ocr_line' id='line_1_115' title="bbox 2190 5235 2783 5310; baseline 0 -18"><span class='ocrx_word' id='word_1_694' title='bbox 2190 5235 2480 5310; x_wconf 82' lang='lat' dir='ltr'><strong>lacrymas</strong></span> <span class='ocrx_word' id='word_1_695' title='bbox 2509 5237 2783 5293; x_wconf 82' lang='lat' dir='ltr'><strong>fundunt.</strong></span> 
     </span>
    </p>
   </div>
   <div class='ocr_carea' id='block_1_116' title="bbox 2223 5324 3167 5398">
    <p class='ocr_par' dir='ltr' id='par_1_116' title="bbox 2223 5324 3167 5398">
     <span class='ocr_line' id='line_1_116' title="bbox 2223 5324 3167 5398; baseline 0.001 -17"><span class='ocrx_word' id='word_1_696' title='bbox 2223 5329 2262 5381; x_wconf 85' lang='lat'>2</span> <span class='ocrx_word' id='word_1_697' title='bbox 2331 5327 2394 5382; x_wconf 87' lang='lat' dir='ltr'><strong>In</strong></span> <span class='ocrx_word' id='word_1_698' title='bbox 2421 5326 2684 5383; x_wconf 82' lang='lat' dir='ltr'><strong>salicibus</strong></span> <span class='ocrx_word' id='word_1_699' title='bbox 2713 5327 2772 5382; x_wconf 88' lang='lat' dir='ltr'><strong>in</strong></span> <span class='ocrx_word' id='word_1_700' title='bbox 2802 5324 2980 5382; x_wconf 86' lang='lat' dir='ltr'><strong>medio</strong></span> <span class='ocrx_word' id='word_1_701' title='bbox 3006 5326 3122 5398; x_wconf 83' lang='lat' dir='ltr'><strong>ejus</strong></span> <span class='ocrx_word' id='word_1_702' title='bbox 3148 5342 3167 5382; x_wconf 84' lang='lat'><strong>:</strong></span> 
     </span>
    </p>
   </div>
   <div class='ocr_carea' id='block_1_117' title="bbox 2329 5415 3195 5488">
    <p class='ocr_par' dir='ltr' id='par_1_117' title="bbox 2329 5415 3195 5488">
     <span class='ocr_line' id='line_1_117' title="bbox 2329 5415 3195 5488; baseline 0.001 -17"><span class='ocrx_word' id='word_1_703' title='bbox 2329 5415 2720 5488; x_wconf 83' lang='lat' dir='ltr'><strong>Suspendimus</strong></span> <span class='ocrx_word' id='word_1_704' title='bbox 2747 5429 2958 5485; x_wconf 86' lang='lat' dir='ltr'><strong>organa</strong></span> <span class='ocrx_word' id='word_1_705' title='bbox 2986 5419 3195 5472; x_wconf 81' lang='lat' dir='ltr'><strong>nostra.</strong></span> 
     </span>
    </p>
   </div>
   <div class='ocr_carea' id='block_1_118' title="bbox 2256 5503 3864 5578">
    <p class='ocr_par' dir='ltr' id='par_1_118' title="bbox 2256 5503 3864 5578">
     <span class='ocr_line' id='line_1_118' title="bbox 2256 5503 3864 5578; baseline 0.001 -18"><span class='ocrx_word' id='word_1_706' title='bbox 2256 5503 2305 5560; x_wconf 88' lang='lat' dir='ltr'>H</span> <span class='ocrx_word' id='word_1_707' title='bbox 2335 5503 2492 5562; x_wconf 78' lang='lat' dir='ltr'><strong>Salix</strong></span> <span class='ocrx_word' id='word_1_708' title='bbox 2520 5509 2609 5562; x_wconf 90' lang='lat' dir='ltr'><strong>est</strong></span> <span class='ocrx_word' id='word_1_709' title='bbox 2636 5503 2863 5577; x_wconf 87' lang='lat' dir='ltr'><strong>lignum</strong></span> <span class='ocrx_word' id='word_1_710' title='bbox 2885 5503 3340 5573; x_wconf 76' lang='lat' dir='ltr'><strong>infructudsum,</strong></span> <span class='ocrx_word' id='word_1_711' title='bbox 3363 5509 3421 5562; x_wconf 89' lang='lat' dir='ltr'><strong>et</strong></span> <span class='ocrx_word' id='word_1_712' title='bbox 3439 5503 3663 5562; x_wconf 83' lang='lat' dir='ltr'><strong>dicitur</strong></span> <span class='ocrx_word' id='word_1_713' title='bbox 3684 5505 3864 5578; x_wconf 68' lang='lat' dir='ltr'><strong>quod</strong></span> 
     </span>
    </p>
   </div>
   <div class='ocr_carea' id='block_1_119' title="bbox 2186 5591 3864 5674">
    <p class='ocr_par' dir='ltr' id='par_1_119' title="bbox 2186 5591 3864 5674">
     <span class='ocr_line' id='line_1_119' title="bbox 2186 5591 3864 5674; baseline 0.001 -22"><span class='ocrx_word' id='word_1_714' title='bbox 2186 5591 2236 5652; x_wconf 82' lang='lat' dir='ltr'><strong>si</strong></span> <span class='ocrx_word' id='word_1_715' title='bbox 2263 5593 2396 5670; x_wconf 87' lang='lat' dir='ltr'><strong>quis</strong></span> <span class='ocrx_word' id='word_1_716' title='bbox 2415 5610 2486 5653; x_wconf 78' lang='lat' dir='ltr'><strong>ex</strong></span> <span class='ocrx_word' id='word_1_717' title='bbox 2503 5591 2605 5652; x_wconf 90' lang='lat' dir='ltr'><strong>illa</strong></span> <span class='ocrx_word' id='word_1_718' title='bbox 2625 5592 2873 5672; x_wconf 83' lang='lat' dir='ltr'><strong>accipiat</strong></span> <span class='ocrx_word' id='word_1_719' title='bbox 2888 5594 3188 5674; x_wconf 86' lang='lat' dir='ltr'><strong>potionem</strong></span> <span class='ocrx_word' id='word_1_720' title='bbox 3211 5599 3313 5652; x_wconf 84' lang='lat' dir='ltr'><strong>aut</strong></span> <span class='ocrx_word' id='word_1_721' title='bbox 3332 5593 3670 5667; x_wconf 81' lang='lat' dir='ltr'><strong>manducet,</strong></span> <span class='ocrx_word' id='word_1_722' title='bbox 3685 5591 3864 5656; x_wconf 76' lang='lat' dir='ltr'><strong>ﬁlios</strong></span> 
     </span>
    </p>
   </div>
  </div>
