3986 6164
497 317 617 388 493
1399 325 1464 388 S.
1507 319 1906 389 BRUNONIS
1952 318 2578 388 HERBIPOLENSIS
2619 321 2999 388 EPISCOPI.
3723 334 3822 402 ‘93

501 458 529 512 1
646 457 947 528 Conﬁtcbor
975 457 1080 512 tibi
1107 457 1332 514 Domine
1361 459 1419 513 in
1453 463 1562 514 toto
1593 459 1752 514 corde
1776 473 1894 514 meo
1925 476 1944 514 :
2101 487 2118 498 κ
2185 460 2236 524 Α
2269 455 2490 512 excelso
2523 456 2767 512 Domino
2800 457 3180 530 respici,cum
3213 473 3272 512 se
3302 469 3634 533 cognosceret
3651 483 3827 543 magna

655 552 711 613 τι
737 547 1006 614 Quoniam
1036 546 1245 604 audisti
1275 547 1443 604 verba
1474 549 1588 604 oris
1615 549 1726 604 mei
1767 553 1782 614 ζ
2260 546 2564 602 devotione
2592 545 2904 619 prosterni.
2937 545 3088 613 Alta,
3121 545 3368 618 superba
3411 549 3698 630 signiﬁcat;
3725 574 3827 630 qua

569 635 692 692 HSi
721 635 853 708 quis
874 653 978 709 pro
995 635 1268 692 omnibus
1288 636 1446 693 vitiis
1468 635 1912 709 etpassionibus
1942 634 2152 691 animae
2260 634 2388 691 ideo
2418 634 2591 708 longe
2623 634 3229 709 cognoscit,quoniam
3253 636 3375 708 ejus
3412 639 3593 712 gratiae
3634 644 3831 704 minimo

500 742 619 782 sua;
651 725 771 797 agit
799 724 1350 797 pmnitentiam,iste
1381 727 1692 782 conﬁtetur
1719 743 1788 782 ex
1819 728 1939 782 toto
1961 724 2152 780 corde.
2262 724 2766 797 proximantur.Et
2796 739 2868 779 ne
2898 728 3172 796 putarent
3195 726 3572 800 superbi,quia
3590 729 3678 786 alti
3700 738 3830 806 sunt,

501 814 562 872 Si
608 813 742 886 quis
792 830 924 870 vero
973 829 1091 870 uno
1138 813 1278 871 vitio
1327 815 1659 883 conﬁtetur,
1707 819 1850 888 puta
1890 813 1990 886 qui
2021 829 2154 869 ava-
2263 829 2327 869 se
2356 817 2538 870 Deum
2570 830 2685 870 non
2715 811 2932 881 videre,
2967 811 3068 882 ait,
3093 813 3407 886 cognoscit.

502 919 605 959 rus
634 907 743 969 est,
774 903 883 960 hoc
914 904 1369 974 conﬁtetur,non
1409 908 1606 960 autem
1653 905 1983 970 conﬁtetur,
2019 901 2157 974 quia
2263 903 2298 958 8
2405 902 2469 959 Si
2496 903 2845 960 ambulavero
2875 904 2934 958 in
2963 902 3140 960 medio
3189 904 3546 961 tribulationis
3583 909 3836 983 viciﬁcabu

502 990 815 1049 fornicator
871 996 974 1049 aut
1027 993 1318 1049 detractor
1373 996 1484 1058 est,
1543 993 1684 1064 quia
1741 1008 1856 1048 non
1919 989 1979 1046 in
2034 994 2156 1046 toto
2479 1009 2564 1049 me
2607 998 2740 1058 ξεί
2782 997 2797 1060 ζ
2864 1009 3029 1066 super
3079 993 3227 1048 iram
3269 993 3601 1051 inimicorum
3638 1014 3837 1055 meorum

505 1082 676 1138 corde
703 1081 1030 1154 conﬁtetur,
1064 1099 1180 1138 non
1212 1082 1451 1138 auditur
1480 1098 1514 1137 a
1542 1087 1681 1137 Deo.
1730 1081 1771 1137 C
1820 1079 2161 1137 Considerat
2478 1081 2772 1138 extendisti
2794 1099 3023 1138 manum
3052 1089 3204 1138 tuam
3235 1099 3250 1138 :

507 1174 704 1228 autem
735 1171 1013 1227 meritum
1044 1170 1346 1242 orationis,
1381 1174 1447 1227 ut
1476 1170 1675 1228 omnia
1703 1169 1879 1227 verba
1899 1185 2006 1226 sua
2026 1185 2159 1241 pro-
2409 1171 2474 1226 Et
2499 1171 2715 1227 salvum
2745 1188 2832 1228 me
2855 1173 2988 1244 fecit
3016 1169 3242 1228 dextera
3269 1178 3380 1228 tua.

507 1260 744 1317 ﬁteatur
763 1259 986 1317 audita.
2339 1257 2381 1314 C
2409 1258 2748 1316 Viviﬁcatur
2774 1277 2910 1334 ergo
2941 1259 3277 1336 populus,id
3299 1264 3386 1318 est
3411 1259 3832 1332 laetiﬁcatur,dum

505 1351 542 1404 2
648 1351 710 1406 In
740 1358 1022 1422 conspectu
1052 1351 1377 1420 angelorum
1404 1349 1641 1422 psallam
1671 1349 1774 1404 tibi
1805 1363 1818 1404 :
2266 1347 2424 1404 enim
2455 1348 2516 1404 in
2548 1348 2792 1408 diversis
2822 1349 3116 1424 angustiis
3146 1349 3321 1407 fuerit
3348 1350 3689 1418 constitutus,
3707 1356 3836 1408 eter-

647 1438 892 1496 Adorabo
917 1438 993 1494 ad
1020 1439 1282 1511 templum
1310 1446 1558 1494 sanctum
1601 1446 1756 1494 tuum
1795 1443 1846 1493 et
1873 1434 2161 1505 conﬁtebor
2267 1453 2478 1494 norum
2535 1438 2886 1512 gaudiorum
2944 1437 3232 1495 suavitate
3279 1438 3574 1495 recordans
3615 1439 3837 1496 reficitur.

719 1528 938 1584 nomini
965 1535 1076 1584 tuo.
2265 1525 2466 1583 Sciens
2495 1527 2652 1583 enim
2685 1531 2910 1584 aurum'
2929 1525 3063 1601 igne
3093 1527 3349 1600 probari,
3378 1530 3433 1584 et
3459 1525 3717 1601 premium
3741 1543 3836 1583 ma-

579 1615 626 1671 H
658 1615 801 1672 Vide
826 1617 1236 1690 perfectionem
1270 1616 1627 1690 pmnitentis,
1675 1615 1814 1688 quia
1863 1616 1995 1688 post
2023 1629 2160 1669 con-
2265 1614 2492 1671 ximum
2526 1620 2658 1690 post
2684 1615 2914 1674 labores
2958 1616 3108 1684 dari,
3139 1619 3198 1672 et
3241 1614 3627 1672 tribulationes
3660 1616 3840 1672 Domini

509 1704 824 1762 fessionem
881 1711 938 1762 et
987 1706 1389 1780 pmnitentiam
1441 1723 1572 1762 cum
1630 1703 1856 1779 angelis
1905 1706 2162 1758 meretur
2265 1703 2479 1760 virtute
2506 1704 3144 1778 superandas,la3tatur
3173 1705 3232 1761 in
3261 1703 3704 1760 tribulationibus
3728 1704 3842 1759 etin

509 1793 758 1867 psallere
789 1799 845 1850 et
873 1795 1093 1868 gratias
1116 1811 1286 1868 agere
1307 1795 1494 1852 Deo.C
1523 1793 1834 1866 Templum
1858 1791 2160 1892 orationis,
2192 1833 2239 1900 Β
2271 1795 2465 1848 mente
2510 1792 2853 1850 viviﬁcatur.
2905 1794 3180 1850 Extendit
3231 1810 3467 1850 manum
3511 1810 3668 1868 super
3710 1793 3842 1858 iram,

510 1887 599 1938 est
627 1883 806 1940 beata:
839 1883 1260 1941 incarnationis
1313 1885 1622 1952 adventus,
1677 1899 1850 1956 quem
1901 1880 2162 1953 quotidie
2192 1880 2239 1900 ³¹
2269 1881 2504 1953 quando
2536 1881 2620 1938 illi
2655 1882 2878 1939 inimici
2901 1883 3162 1940 conversi
3179 1882 3274 1939 hic
3293 1882 3516 1958 gravius
3531 1881 3844 1947 tribulantur,

513 1971 717 2028 adorat
747 1971 1179 2043 Ecclesia,dum
1201 1989 1414 2046 corpus
1436 1977 1492 2028 et
1517 1971 1864 2045 sanguinem
1893 1969 2080 2042 ipsius
2101 1968 2160 2024 in
2270 1986 2451 2042 quam
2490 1970 2978 2028 contristaverant
3026 1972 3322 2044 subjectos
3367 1971 3620 2038 humiles,
3649 1974 3699 2026 et
3733 1969 3844 2024 inci-

511 2065 876 2118 sacramento
925 2065 1267 2130 veneratur;
1301 2062 1402 2118 sed
1453 2060 1550 2116 illa
1603 2059 1862 2116 adoratio
1909 2057 2164 2132 perfecta
2270 2057 2442 2132 piunt
2470 2061 2714 2133 sejuste
2743 2061 3148 2139 perscqui,qui
3171 2060 3338 2134 prius
3358 2059 3727 2116 innocentibus
3745 2073 3845 2130 par-

510 2154 804 2222 estquam
835 2149 1123 2206 confessio
1151 2151 1322 2206 beata
1345 2149 1677 2206 comitatur.
2269 2164 2398 2205 cere
2427 2147 2760 2206 noluerunt.
2795 2153 3036 2206 Dextera
3063 2167 3199 2208 vero
3228 2149 3413 2208 virtus
3440 2149 3704 2214 dicitur,et
3725 2144 3844 2203 Chri-

510 2240 546 2294 3
652 2239 828 2310 Super
854 2239 1233 2295 misericordia
1265 2248 1358 2295 tua
1387 2248 1438 2295 et
1463 2241 1691 2296 veritate
1718 2247 1812 2294 tua
1841 2256 1860 2293 :
2271 2239 2399 2293 stus
2427 2242 2536 2294 est.

651 2329 930 2398 Quoniam
963 2329 1332 2400 magniﬁcasti
1377 2345 1540 2400 super
1709 2331 1922 2394 omne',
1965 2342 2163 2383 nomen
2267 2325 2303 2378 9
2413 2329 2678 2384 Dominus
2706 2318 2972 2385 retribuet
2997 2343 3099 2401 pro
3120 2344 3210 2386 me
3242 2345 3256 2384 :
3292 2322 3841 2400 Dominc,misericordia

721 2425 1013 2473 sanctuum
1045 2422 1222 2473 tuum.
2483 2424 2580 2473 tua
2607 2419 2667 2474 in
2693 2418 2964 2475 saeculum
2995 2434 3008 2472 :

579 2506 621 2562 C
649 2505 1047 2563 Misericordia
1077 2509 1184 2574 est,
1217 2507 1371 2579 quod
1405 2505 1533 2562 sine
1563 2507 1915 2578 cujusquam
1939 2505 2162 2562 meritis
2415 2509 2599 2578 Opera
2626 2523 2896 2562 manuum
2925 2514 3145 2563 tuarum
3172 2524 3248 2565 ne
3272 2507 3547 2581 despicias.

509 2595 582 2652 ad
613 2594 947 2651 liberandos
979 2612 1085 2651 nos
1115 2594 1312 2651 venire
1343 2594 1620 2666 dignatus
1651 2594 2163 2668 est.Veritas,quia
2341 2594 2383 2650 C
2415 2595 2700 2651 Dominus
2730 2595 3036 2664 retribuet,
3085 2597 3342 2670 perfecta
3385 2595 3555 2653 nimis
3581 2597 3632 2651 et
3666 2590 3844 2666 qualem

508 2684 926 2757 prophetarum
959 2699 1201 2740 suorum
1233 2684 1522 2758 promissa
1556 2683 2160 2758 complevit.Magniﬁ-
2269 2684 2512 2740 fundere
2541 2701 2857 2742 monemur
2884 2686 3068 2742 oratio
3090 2691 3202 2755 est,
3225 2703 3460 2744 causam
3480 2700 3632 2742 suam
3655 2679 3844 2738 Domino

509 2776 706 2830 catum
739 2777 826 2830 est
851 2791 1090 2841 nomen,
1121 2789 1256 2830 cum
1287 2773 1457 2829 nobis
1487 2771 1728 2828 cultura
1761 2771 1946 2845 ipsius
1975 2773 2162 2831 virtus
2270 2775 2814 2848 commendare,qui
2846 2777 3006 2832 novit
3037 2775 3356 2850 unicuique
3383 2775 3552 2849 digna
3575 2769 3844 2846 rependere.

507 2861 782 2919 innotuit.
817 2862 864 2918 H
895 2863 1166 2918 Peccator
1193 2861 1394 2918 audiat
1432 2861 1928 2932 misericordiam;
1955 2863 2163 2934 justus
2269 2861 2341 2918 Et
2367 2866 2434 2918 ut
2462 2879 2578 2920 non
2611 2863 2762 2920 irato
2794 2864 2995 2920 animo
3027 2865 3256 2922 dictum
3286 2870 3535 2938 putares,
3564 2859 3704 2918 addit
3730 2875 3742 2914 :
3764 2856 3845 2912 Do-

510 2955 704 3008 autem
739 2956 793 3008 et
823 2951 1117 3025 superbus
1149 2951 1351 3006 audiat
1378 2951 1704 3007 veritatem.
2271 2951 2430 3007 mine
2458 2951 2864 3009 misericordia
2908 2957 3030 3023 tua,
3077 2957 3214 3024 etc.,
3248 2969 3424 3028 quam
3471 2950 3603 3007 facis
3643 2943 3844 3005 etiamin

509 3043 544 3098 4
651 3043 713 3098 In
743 3058 1065 3114 quacunque
1093 3041 1182 3098 die
1213 3043 1529 3098 invocavero
1557 3047 1608 3096 te
1635 3041 1845 3097 exaudi
1869 3057 1956 3098 me
1988 3059 2002 3096 :
2272 3043 2509 3096 nostros
2540 3045 2967 3114 persecutores,
3001 3042 3144 3098 dum
3175 3059 3278 3099 cos
3307 3055 3600 3099 conversos
3640 3052 3726 3110 pro
3763 3032 3844 3088 ﬁde

651 3131 1041 3204 Multiplicabis
1069 3133 1130 3188 in
1159 3133 1349 3188 anima
1376 3147 1499 3187 mea
1526 3131 1803 3186 virtutem.
2201 3201 2232 3206 ᾧ
2269 3132 2374 3185 tua
2401 3127 2590 3186 multa
2610 3131 2730 3203 pati
2762 3129 3193 3188 facis.Pertinet
3223 3149 3360 3206 ergo
3389 3129 3536 3204 quod
3564 3127 3702 3194 dicit,
3721 3122 3844 3180 mise

577 3220 620 3276 Ο
648 3219 780 3276 Dies
801 3201 894 3276 hic
912 3218 1109 3276 lucida
1133 3219 1332 3293 petilia
1351 3219 1698 3292 sinceraque
1727 3223 2019 3292 est,quam
2043 3237 2158 3277 non
2191 3201 2234 3270 Ο
2271 3217 2542 3286 ricordia,
2575 3201 2646 3274 ad
2679 3217 2810 3275 illos
2839 3219 2938 3292 qui
2971 3236 3078 3276 nos
3109 3201 3552 3294 persequuntur.
3571 3216 3729 3289 Opera
3751 3225 3843 3264 ma-

505 3309 800 3382 cupiditas
832 3325 938 3364 nec
969 3307 1090 3364 ulla
1119 3307 1361 3364 avaritia
1393 3308 1640 3372 nubilat,
1673 3309 1776 3363 sed
1809 3308 1878 3364 de
1911 3306 2010 3365 illo
2042 3307 2163 3365 sole
2273 3323 2481 3374 nuum,
2514 3307 2574 3363 id
2622 3312 2714 3364 est
2763 3307 3034 3366 inimicos
3083 3315 3340 3380 nostros,
3373 3308 3508 3382 quia
3550 3310 3603 3363 et
3627 3302 3719 3377 ipsi
3743 3301 3843 3355 δυσί

503 3395 676 3464 lucei,
709 3395 810 3468 qui
843 3413 1048 3454 omnes
1079 3396 1360 3470 caligines
1387 3396 1760 3453 mortalitatis
1791 3398 2164 3455 emundat.ln
2271 3412 2447 3469 opera
2475 3413 2764 3454 manuum
2795 3399 3208 3456 tuarum.ldeo
3239 3415 3376 3473 ergo
3406 3399 3562 3471 rogat
3586 3394 3844 3473 piuspopllj

501 3483 722 3541 talibus
753 3485 1137 3558 petitionibus
1168 3487 1414 3542 devotus
1447 3485 1700 3558 populus
1730 3501 1792 3541 se
1821 3486 2008 3542 audiri
2040 3503 2167 3560 pre—
2271 3485 2366 3542 lus
2400 3502 2500 3559 pro
2526 3485 2783 3544 inimicis
2809 3487 3028 3553 suis,ut
3049 3488 3136 3545 eis
3157 3471 3473 3546 miseratus
3495 3471 3841 3554 indulgeat.qu

506 3573 749 3630 catur.H
781 3573 1288 3647 Multiplicabis,id
1319 3578 1408 3630 est
1439 3573 1642 3630 multis
1672 3573 2166 3632 sollicitudinibus
2273 3574 2333 3629 in
2363 3591 2425 3630 se
2449 3581 2838 3647 peccaverunt
2869 3579 3298 3650 persequendo,
3324 3581 3388 3634 ut
3415 3567 3735 3646 indulgentia
3756 3579 3844 3638 per.

507 3662 814 3734 subjacere
843 3661 1105 3718 animam
1135 3663 1306 3720 facis.
1349 3664 1388 3719 C
1421 3663 1529 3718 Per
1570 3662 1677 3718 hoc
1725 3663 1883 3718 enim
1912 3664 2168 3720 ostendit
2274 3667 2442 3736 cepta
2471 3669 2905 3722 convertantur.

506 3769 568 3809 se
599 3751 911 3808 innumera
930 3769 1248 3825 passurum
1282 3757 1486 3808 contra
1518 3768 1648 3826 qua:
1669 3754 1789 3808 tam
1820 3751 2168 3827 multiplicia
2701 3771 2906 3811 ORATIO
2944 3772 3012 3811 Ex
3054 3772 3217 3812 PSAL.
3260 3771 3500 3812 cxxxvn.

507 3841 794 3898 virtutum
826 3841 971 3914 petit
1001 3840 1234 3898 auxilia.
1653 3847 1658 3851 ’
2348 3841 2672 3915 Multiplica
2700 3844 2966 3912 Domine,
2998 3844 3279 3902 virtutem
3309 3850 3470 3902 tuam
3515 3843 3568 3897 in
3605 3832 3842 3894 animabus

509 3932 548 3986 5
658 3931 1035 4004 Conﬁtcantur
1062 3933 1184 3999 tibi,
1219 3933 1466 4000 Domine,
1497 3947 1682 3988 omnes
1704 3947 1851 4004 reges
1875 3939 2058 3990 terrae.
2277 3931 2873 4004 supplicum,ut,dum
2896 3933 2955 3988 in
2977 3933 3200 4006 templo
3231 3938 3432 3990 sancto
3454 3929 3658 4004 jugiter
3699 3921 3843 4006 adori-

661 4021 808 4090 Quia
835 4020 1132 4076 audierunt
1161 4023 1346 4077 omnia
1373 4021 1536 4078 verba
1563 4022 1674 4078 oris
1707 4021 1810 4077 tui.
2279 4036 2432 4089 mus,
2465 4021 2525 4076 in
2556 4025 2870 4095 conspectu
2897 4025 2998 4079 tuo
3029 4005 3164 4078 cum
3198 4023 3420 4081 sanctis
3447 4015 3650 4093 angelis
3687 4005 3842 4085 ειοτίθ*

588 4108 630 4165 C
657 4108 846 4182 Reges
876 4113 1041 4166 terra:
1069 4114 1209 4166 sunt
1237 4110 1337 4183 qui
1368 4109 1711 4182 corporibus
1743 4109 1868 4166 suis
1899 4110 2170 4167 divinita-
2278 4125 2431 4166 mur.
2465 4110 2573 4183 Ppr
2601 4109 2916 4166 Dominum
2949 4115 3218 4168 nostrum
3245 4111 3451 4168 Jesum
3480 4096 3840 4166 Christum,elc.
3901 4139 3903 4143 ι

513 4197 594 4258 tis
625 4175 869 4256 munere
900 4175 1584 4256 dominantuinNam-ille
1613 4215 1745 4256 vere
1777 4216 1875 4256 rex
1893 4217 2010 4257 non
2033 4200 2170 4256 dici-
2487 4175 2517 4209 ’
2749 4199 3082 4256 PSALMUS
3123 4199 3464 4257 CXXXVIII.

511 4291 628 4360 tur,
663 4287 764 4361 qui
795 4288 953 4346 vitiis
984 4289 1198 4346 servire
1229 4291 1612 4345 monstratur.
1647 4287 1792 4356 Quia
1834 4289 2169 4359 audierunt,
2645 4305 3048 4346 ARGUMENTUM
3088 4307 3249 4347 PSAL.
3290 4303 3550 4346 cxxxvm.

507 4377 713 4434 audire
741 4377 899 4433 enim
929 4379 1002 4434 ad
1035 4377 1164 4434 illos
1213 4377 1464 4455 per-tinet
1515 4377 1614 4450 qui
1665 4378 2006 4434 obedientes
2041 4396 2170 4437 esse
2349 4378 2390 4434 Ο
2419 4376 2686 4434 Christus
2716 4378 2786 4434 ad
2819 4381 3050 4434 Patrem
3101 4379 3174 4436 de
3221 4378 3556 4452 pausatione
3582 4375 3633 4428 et
3655 4373 3844 4455 result?
3895 4379 3897 4433 |

507 4468 856 4522 noscuntur.
889 4464 1025 4521 Illos
1071 4466 1228 4522 enim
1280 4451 1396 4522 non
1443 4466 1696 4522 dicimus
1742 4466 1990 4523 audisse
2020 4485 2170 4541 quos
2279 4465 2467 4522 ctione
2499 4483 2606 4523 sua
2635 4466 2917 4539 loquitur,
2951 4451 3278 4540 potentiam
3325 4470 3566 4541 paterna
3595 4451 3842 4541 divinitatis
3893 4461 3895 4529 η

507 4558 890 4610 contumaces
917 4554 1099 4610 sacris
1124 4554 1500 4626 jussionibus
1532 4571 1660 4611 esse
1691 4555 1934 4612 scimus.
2198 4577 2246 4642 ι)
2278 4570 2594 4628 exponens,
2627 4555 2767 4629 quia
2793 4556 2853 4611 in
2884 4573 2972 4624 eo,
3005 4557 3162 4629 quod
3193 4557 3372 4614 homo
3401 4558 3506 4623 est,
3521 4556 3768 4620 nusquam
3790 4534 3842 4591 Ib
3891 4559 3893 4625 i

510 4643 547 4698 6
657 4643 724 4700 Et
753 4651 970 4699 content
1000 4644 1058 4698 in
1090 4645 1193 4700 viis
1219 4645 1443 4700 Domini
1475 4661 1487 4699 :
2198 4636 2238 4642 ’
2276 4644 2406 4716 ejus
2439 4643 2645 4716 notitia
2672 4661 2736 4701 se
2767 4645 2953 4719 possit
2982 4645 3440 4715 abscondere,ac
3465 4654 3628 4714 super
3664 4636 3841 4723 omnem
3889 4637 3891 4723 χ

660 4732 932 4801 Quoniam
962 4749 1164 4804 magna
1193 4740 1275 4788 est
1301 4733 1483 4802 gloria
1511 4733 1754 4789 Domini.
2275 4749 2545 4791 asserens
2575 4737 2914 4791 sanctorum
2944 4735 3339 4792 confortatum
3361 4748 3489 4792 esse
3506 4722 3840 4804 principatum.

582 4821 628 4878 H
659 4821 777 4878 Viae
809 4821 1064 4890 Domini,
1099 4826 1240 4878 sunt
1271 4820 1672 4878 misericordia
1699 4826 1755 4878 et
1775 4821 2167 4896 veritas,quas
2654 4823 2771 4880 TT.
2797 4824 2863 4880 In
2890 4825 3058 4896 ﬁnem
3082 4826 3330 4898 psalmus
3359 4820 3543 4879 David.

506 4917 744 4969 cantare
795 4917 853 4968 ct
903 4911 1142 4968 laudare
1203 4911 1441 4984 regibus
1491 4915 1550 4966 et
1593 4909 1884 4985 religiosis
1931 4915 1990 4968 et
2033 4929 2166 4970 vere
2343 4915 2383 4967 C
2412 4913 2594 4968 Totus
2625 4911 2721 4968 hic
2746 4911 3113 4986 psalmus,ad
3131 4912 3346 4971 Christi
3368 4906 3583 4969 Domini
3601 4903 3840 4978 ρθηοιιιω

505 5001 853 5058 Christianis
875 5001 1218 5074 passionum
1243 4999 1452 5056 animae
1475 5004 1531 5056 et
1551 5000 2161 5072 concupiscentiarum
2269 5001 2616 5058 referendus
2645 5006 2758 5072 est,
2790 5010 2842 5058 et
2871 5003 2944 5058 ad
2975 5003 3230 5073 Patrem,
3264 5000 3534 5076 quoniam
3576 4993 3640 5050 (ιο
3680 4994 3836 5076 Pw”:

503 5089 831 5145 rectoribus
862 5068 1215 5163 praecipitur.
1250 5089 1449 5146 Gloria
1477 5089 1694 5163 quippe
1725 5068 1958 5146 Domini
1980 5093 2164 5162 est,ut
2267 5090 2426 5147 tione
2455 5107 2564 5148 sua
2592 5095 2650 5148 et
2679 5068 3104 5150 resurrectione
3131 5068 3465 5165 loquitur.A
3495 5085 3668 5144 Potest
3684 5087 3787 5132 vero
3800 5068 3840 5122 el

502 5175 787 5234 saeculum
821 5179 1321 5252 respuentes,ejus
1351 5177 1555 5234 laudes
1587 5183 1826 5234 cantare
1856 5195 1970 5234 non
2002 5177 2156 5236 desi-
2266 5180 2338 5236 de
2364 5180 2679 5252 pmnitente
2707 5181 2971 5255 exponi.-

503 5269 668 5322 nant.
2267 5269 2292 5324 1
2407 5271 2651 5338 Domine,
2678 5272 2929 5344 probasti
2953 5287 3042 5330 me
3067 5280 3120 5330 et
3143 5269 3444 5344 cognovisti
3469 5280 3550 5322 me
3577 5279 3589 5319 :

493 5355 530 5408 7
642 5355 911 5424 Quoniam
939 5356 1183 5412 excelsus
1215 5359 1477 5414 Dominus
1504 5365 1556 5414 et
1583 5355 1824 5412 humilia
1863 5357 2084 5428 respicit
2136 5375 2149 5414 :
2407 5361 2478 5415 Tu
2507 5343 2807 5430 cognouisti
2847 5363 3137 5421 sessionem
3177 5343 3355 5419 meam
3386 5361 3439 5416 et
3464 5343 3835 5412 resumam"

639 5444 706 5501 Et
738 5444 850 5501 alta
879 5461 912 5501 a
952 5446 1110 5515 longe
1128 5453 1393 5516 cognorit.
2469 5465 2674 5506 meam.

563 5537 604 5588 C
631 5533 778 5590 Cum
810 5533 968 5591 enim
999 5513 1077 5591 sit
1109 5513 1390 5591 Dominus
1418 5534 1704 5602 excelsus,
1738 5537 1935 5589 tamen
1959 5533 2150 5591 humi-
2330 5541 2370 5592 C
2399 5537 2670 5596 Probavit
2698 5539 2868 5597 Pater
2896 5539 3130 5609 Filium,
3157 5539 3392 5614 quando
3421 5529 3751 5614 manifestas!
3775 5513 3831 5568 ἴθ’

489 5619 571 5682 lia
608 5622 864 5698 respicit,
898 5640 970 5682 ne
999 5624 1134 5700 quis
1163 5625 1563 5698 subjectorum
1591 5626 1968 5698 putaret,non
1990 5640 2054 5682 se
2073 5625 2147 5683 ab
2258 5626 2337 5684 cit
2367 5627 2762 5686 humilitatem
2797 5607 3148 5705 ipsius,cum
3172 5607 3214 5686 a
3243 5629 3466 5687 Joanne
3493 5607 3737 5694 baptizari
3760 5616 3832 5660 σθ’
3867 5701 3869 5708 1

3875 5343 3877 5397 |

3873 5429 3875 5495 l

3869 5519 3873 5591 l

3867 5603 3871 5708 ,ι

3867 5709 3869 5783 l

3865 5793 3867 5881 ι
