3986 6164
417 501 489 557 12
562 498 701 572 Quia
728 501 794 556 tu
816 495 1098 572 possedisti
1126 512 1279 555 renes
1306 513 1448 556 meos
1481 516 1494 556 :

561 589 864 662 Suscepisti
891 605 977 644 me
1004 588 1072 644 de
1099 595 1252 644 utero
1281 591 1480 645 matris
1510 604 1668 646 more.

498 679 538 736 C
560 680 749 736 Renes
774 677 1065 752 signiﬁcat
1085 677 1488 735 fortitudinem
1512 677 1894 752 corporalem,
1919 678 2076 734 unde

424 769 632 826 merito
657 767 798 824 dicit
817 782 986 823 renes
1008 783 1148 824 suos
1169 783 1297 823 esse
1318 784 1352 824 a
1375 769 1545 824 Patre
1575 785 1898 840 possessos,
1927 783 2074 841 quo-

423 857 584 914 niam
615 855 865 913 cmlcstis
897 855 1146 928 justitiae
1191 857 1466 914 ﬁrmitate
1493 857 1841 924 consistens,
1874 873 2073 930 pecca-

421 950 549 1002 tum
580 940 804 1020 fragilis
834 943 1092 1016 corporis
1129 940 1438 1018 ignoravit.
1473 949 1551 1000 De
1580 949 1746 1001 utero
1775 961 1910 1001 vero
1950 961 2075 1001 ma-

422 1034 550 1102 tris,
577 1034 636 1091 id
681 1036 769 1091 est
800 1033 871 1089 de
901 1032 1219 1106 Synagogae
1253 1031 1408 1102 sinu,
1438 1032 1581 1088 dicit
1627 1049 1688 1089 se
1733 1039 2074 1106 susceptum

424 1139 459 1182 a
489 1123 701 1180 dcitate
730 1122 938 1192 Patris,
963 1138 1089 1194 quae
1120 1123 1180 1178 in
1209 1138 1277 1178 eo
1297 1138 1433 1178 cum
1465 1123 1631 1178 Patre
1648 1139 1766 1178 una
1797 1125 1904 1178 est.
1929 1123 2075 1178 Nam

425 1213 579 1271 side
621 1211 891 1288 virginali
945 1214 1109 1267 utero
1169 1209 1312 1267 velis
1367 1210 1650 1285 accipere,
1710 1227 1827 1268 non
1871 1211 2075 1268 solum

425 1303 660 1377 quando
692 1305 783 1358 est
811 1302 884 1358 de
928 1299 1260 1358 castissime
1319 1304 1482 1356 utero
1541 1317 1834 1373 egressus,
1867 1301 1992 1368 sed,
2023 1305 2081 1357 ct

423 1392 662 1466 quando
687 1389 908 1464 Spiritu
937 1393 1138 1447 sancto
1163 1393 1480 1462 conceptus
1509 1392 1654 1457 cst,a
1680 1384 1924 1445 Domino
1953 1405 2080 1462 pro-

425 1483 601 1538 batur
628 1483 995 1553 assumptus.
1026 1479 1072 1534 A
1101 1477 1203 1534 Vel
1241 1479 1412 1535 verba
1439 1479 1776 1550 paenitentis
1807 1482 1968 1534 sunt.

428 1571 498 1625 13
573 1569 877 1641 Couﬁtebor
905 1569 1008 1624 tibi
1035 1569 1166 1641 quia
1207 1569 1529 1624 terribiliter
1559 1569 1951 1640 magnificatus
1975 1585 2030 1626 es
2065 1587 2078 1626 :

643 1659 935 1715 mirabilia
963 1673 1128 1730 opera
1158 1661 1252 1713 tua
1285 1676 1299 1715 :

571 1751 648 1804 Et
677 1748 868 1804 anima
896 1763 1020 1802 mea
1049 1751 1330 1816 cognoscet
1358 1747 1546 1802 nimis.

501 1839 541 1895 C
557 1833 925 1894 Terribiliter
943 1834 1098 1891 enim
1119 1835 1532 1908 magniﬁcatus
1549 1839 1638 1892 est
1655 1837 2082 1909 Pater,quando

429 1927 490 1982 in
511 1925 788 1999 passione
807 1924 1020 1982 Christi
1041 1928 1196 1980 terra
1212 1925 1470 1994 tremuit,
1485 1941 1624 1980 saxa
1640 1924 1906 1998 disrupta
1923 1931 2079 1996 sunt,

430 2015 699 2090 sepulcra
717 2017 1048 2088 patuerunt.
1063 2014 1428 2086 Necesseque
1443 2013 1551 2069 fuit
1565 2013 1732 2070 illum
1751 2015 2080 2072 mirabilem

429 2119 981 2180 cognoscere,quem
1002 2107 1297 2159 tantorum
1315 2103 1729 2160 beneﬁciorum
1749 2103 2084 2176 piissimum

427 2193 764 2267 largitorem
789 2193 1062 2248 cernebat
1075 2191 1285 2247 Christi
1309 2191 1773 2250 hurnanitas."cl
1797 2193 2084 2266 pmnitens

429 2283 571 2340 dicit
601 2283 657 2338 in
691 2281 1066 2338 conversione
1099 2284 1470 2353 peccatorum
1515 2281 1699 2338 Deum
1749 2281 2088 2338 terribiliter

431 2371 796 2447 magniﬁcari
842 2373 899 2426 et
942 2369 1307 2427 mirabiliter.
1341 2371 1412 2426 Et
1441 2375 1754 2444 sequentes
1782 2388 1986 2428 versus
2015 2372 2086 2429 de

430 2461 748 2536 pcenitente
778 2475 1064 2533 exponere
1088 2457 1266 2516 vales.

434 2553 502 2608 14
575 2555 698 2612 Νοη
724 2558 804 2608 est
831 2549 1140 2608 occulatum
1187 2563 1244 2606 os
1294 2565 1475 2606 meum
1502 2557 1616 2606 ate
1643 2551 1783 2624 quod
1821 2552 2001 2622 fecisti
2025 2551 2087 2608 in

649 2641 856 2698 occulto
889 2657 902 2696 :

577 2735 646 2788 Et
669 2729 980 2786 substantia
1002 2743 1126 2786 mea
1157 2728 1219 2784 in
1247 2727 1606 2800 inferioribus
1635 2737 1818 2786 terrae.

507 2821 548 2876 C
575 2821 683 2877 Per
711 2835 776 2876 os
807 2817 964 2876 enim
998 2817 1293 2892 signiﬁcat
1324 2821 1692 2874 sacramenta
1721 2817 1936 2888 divina,
1961 2833 2088 2890 quae

435 2913 570 2968 ante
601 2909 918 2966 adventum
960 2907 1218 2976 Domini,
1242 2906 1472 2964 occulta
1517 2907 1773 2978 fuerunt,
1802 2913 1870 2964 ut
1899 2909 2088 2982 bapti-

437 3017 631 3057 smum
655 3015 908 3068 sacrum,
928 3001 986 3055 et
1011 3013 1225 3070 corpus
1249 3000 1306 3054 ct
1326 2997 1568 3071 sanguis
1588 2997 1840 3067 Domini,
1865 3015 1994 3072 quae
2019 3015 2089 3055 eo

432 3090 702 3147 veniente
731 3087 1089 3145 claruerunt.
1122 3085 1404 3144 Inferiora
1452 3091 1637 3156 terrae,
1666 3087 1904 3146 fuerunt
1949 3103 2088 3160 gen-

437 3179 587 3236 tium
627 3177 886 3234 culturae.
923 3177 1032 3233 Sed
1059 3175 1207 3250 ipsis
1236 3175 1390 3232 facta
1439 3179 1528 3232 est
1575 3180 1712 3233 nota
1759 3177 2092 3234 substantia

437 3267 754 3327 Salvatoris
783 3266 906 3335 Dei,
925 3265 1181 3339 quando,
1204 3265 1266 3321 in
1297 3264 1426 3338 ipso
1453 3264 1846 3338 intelligentes
1877 3265 2088 3323 divini-
2118 3251 2162 3318 Ο

438 3361 640 3426 tatem,
664 3372 801 3414 eum
833 3354 1054 3412 devotis
1085 3353 1385 3411 mentibus
1423 3371 1526 3426 per
1577 3353 1952 3427 apostolicam
1983 3356 2086 3413 do-

437 3445 685 3503 ctrinam
717 3445 902 3502 Deum
951 3459 1081 3500 esse
1112 3442 1505 3500 crediderunt.
1539 3443 1716 3500 Terra
1761 3445 1958 3517 itaque
1984 3445 2089 3501 hu-

436 3551 680 3592 manum
711 3549 898 3608 genus
929 3537 1036 3601 est,
1062 3532 1232 3604 cujus
1283 3536 1476 3604 partes
1527 3531 1877 3605 superiores,
1903 3533 2082 3590 Judaei

435 3623 672 3682 fuerunt
702 3627 856 3680 recte
880 3622 1170 3679 credendo
1216 3624 1350 3677 ante
1379 3620 1594 3677 Christi
1626 3620 2004 3690 nativitatem,
2032 3628 2088 3680 et

433 3719 632 3788 partes
661 3706 789 3786 ejus
821 3710 1144 3778 inferiores,
1167 3713 1370 3782 gentes
1411 3699 1665 3766 terrram‘
1693 3711 2002 3784 adorantes
2033 3717 2089 3769 et

435 3799 678 3878 lapides.
713 3805 847 3869 Quae
877 3817 1036 3856 nunc
1065 3799 1180 3856 ﬁde
1209 3799 1370 3856 facta:
1403 3802 1543 3856 sunt
1569 3799 1920 3872 superiores.

434 3881 504 3950 15
573 3892 951 3966 Imperfectum
973 3905 1158 3946 incum
1183 3887 1442 3946 viderunt
1471 3888 1619 3944 oculi
1636 3889 1720 3944 tui
1745 3904 1758 3944 :
1783 3896 1832 3946 ct
1861 3891 1918 3945 in
1948 3891 2086 3948 libro

647 3984 741 4038 tuo
769 3995 954 4037 omnes
981 3977 1294 4035 scribentur
1321 3995 1334 4033 :

571 4071 698 4128 Dies
719 4067 1110 4142 formabuntur
1137 4074 1188 4124 et
1218 4081 1376 4122 nemo
1406 4067 1465 4121 iu.
1497 4067 1594 4122 eis.

501 4165 542 4216 Ο
571 4159 744 4227 Dixit,
760 4175 831 4216 ex
873 4173 1125 4232 persona
1155 4154 1447 4224 Ecclesiae,
1475 4171 1648 4212 suum
1679 4154 2082 4229 imperfectum

432 4247 661 4308 Patrem
683 4247 922 4315 vidisse,
943 4247 1083 4320 quia
1101 4245 1203 4301 illa
1223 4261 1412 4318 usque
1432 4244 1506 4302 ad
1530 4244 1706 4300 ﬁnem
1733 4245 1930 4302 saeculi
1954 4263 2086 4304 con-

432 4339 774 4415 gregabitur
802 4341 858 4394 et
885 4335 1238 4410 perﬁcietur,
1265 4333 1366 4391 sed
1409 4333 1595 4390 dcitas
1635 4333 1748 4391 ista
1769 4335 1896 4407 jam
1939 4335 2086 4392 vidit

430 4443 558 4502 quae
581 4422 772 4484 adhuc
791 4425 988 4482 futura
1009 4427 1142 4497 post
1163 4422 1358 4496 longis
1377 4421 1738 4496 temporibus
1756 4429 2080 4482 servantur.

429 4519 499 4574 Et
529 4518 590 4572 in
621 4515 769 4571 libro
800 4513 1148 4581 scribentur,
1174 4511 1275 4585 qui
1315 4515 1530 4568 aeterna
1557 4510 1834 4570 felicitate
1863 4515 2080 4588 gaude-

1332 364 1397 426 S.
1442 364 1835 428 BRUNONIS
1881 363 2506 434 HERBIPOLENSIS
2546 365 2921 430 EPISCOPI.

3707 345 3828 428 suo

2097 491 2144 568 Α
2181 498 2249 556 17
2320 481 2688 558 Dinumerabo
2717 516 2805 557 eos
2842 508 2893 556 et
2929 514 3093 574 super
3117 514 3346 568 arenam
3374 473 3826 574 multiplicabun-

2396 597 2489 646 tur
2519 607 2532 646 :

2323 679 2630 736 Exsurrcmi
2657 683 2710 736 et
2734 678 2914 736 adhuc
2935 695 3059 735 sum
3089 687 3284 736 tecum.

2254 767 2296 824 C
2325 770 2514 825 Arena
2541 769 2746 838 maris,
2773 769 3069 842 signiﬁcat
3087 768 3322 826 Judicos
3353 771 3591 842 propter
3606 767 3838 825 aridita-

2183 855 2298 913 tem
2324 857 2486 927 ﬁdei;
2511 874 2688 914 arena
2703 858 2856 913 enim
2877 861 2966 914 est
2980 858 3134 914 dicta
3154 857 3228 913 ab
3251 857 3529 925 ariditate,
3551 859 3838 931 promittit

2183 963 2321 1021 ergo
2341 946 2604 1004 Christus
2635 964 2698 1004 se
2729 947 3240 1004 dinumeraturum
3273 946 3558 1021 populum
3581 945 3834 1016 ﬁdelem,

2185 1035 2286 1109 qui
2305 1035 2672 1092 numerosior
2686 1035 2902 1109 populo
2914 1036 2946 1092 J
2953 1035 3160 1092 udaico
3177 1034 3489 1092 invenitur.
3503 1036 3835 1105 Exsurrexi,

2186 1143 2220 1182 a
2249 1125 2596 1198 pensatione
2633 1123 3024 1181 dormitionis.
3059 1123 3263 1180 Adhuc
3305 1128 3499 1181 tecum
3530 1141 3686 1194 sum,
3719 1141 3836 1182 non

2188 1214 2340 1288 quod
2365 1214 2680 1288 aliquando
2702 1215 2774 1270 ab
2789 1213 2916 1286 ipso
2937 1213 3286 1271 dividendus
3306 1212 3401 1283 sit,
3419 1213 3520 1270 sed
3540 1215 3640 1288 qui
3667 1215 3838 1271 modo

2187 1305 2356 1362 nobis
2413 1308 2500 1361 est
2556 1302 2886 1370 invisibilis,
2920 1305 2993 1359 ad
3043 1303 3339 1360 dexteram
3395 1301 3584 1360 Patris
3624 1303 3684 1359 in
3729 1319 3839 1361 cce-

2187 1393 2434 1451 lestibus
2465 1391 2748 1462 residens,
2783 1391 3058 1449 omnibus
3097 1395 3302 1466 postea
3354 1392 3632 1466 gentibus
3663 1407 3838 1466 appa-

2189 1482 2358 1540 rebit.
2726 1549 2738 1562 .
2897 1501 2902 1508 ·

2192 1574 2260 1628 18
2333 1574 2394 1630 Si
2421 1571 2678 1629 occideris
2707 1571 2848 1628 Deus
2873 1577 3179 1644 peccatores
3213 1588 3226 1628 :

2337 1663 2454 1720 Viri
2481 1663 2819 1734 sanguiuum
2847 1661 3116 1718 declinate
3138 1677 3172 1717 a
3203 1677 3307 1716 me.

2193 1752 2261 1808 19
2335 1753 2471 1822 Quia
2502 1750 2688 1808 dicitis
2717 1751 2775 1806 in
2805 1752 3129 1822 cogitatione
3159 1767 3174 1806 :

2335 1843 2624 1914 Accipient
2654 1843 2715 1896 in
2745 1840 2984 1897 vanitate
3010 1841 3254 1897 civitates
3275 1856 3420 1896 suas.

2263 1933 2304 1988 Ο
2325 1930 2548 1988 Occidit
2567 1931 2720 1987 Deus
2741 1934 3125 2004 peccatorcm,
3149 1945 3284 1986 cum
3308 1930 3556 1986 moritur
3583 1934 3846 2004 peccato,

2193 2023 2259 2076 ut
2285 2019 2440 2078 vivat
2468 2019 2585 2076 Deo
2620 2037 2633 2076 :
2667 2023 2732 2074 ut
2766 2017 2978 2076 Paulus
3009 2019 3091 2075 ait
3123 2035 3135 2074 :
3169 2017 3432 2075 Mortuus
3459 2035 3592 2075 sum
3622 2018 3760 2093 legi,
3784 2025 3850 2075 ut

2191 2108 2380 2166 vivam
2428 2107 2660 2164 Christo
2690 2109 2835 2179 (Gal.
2869 2109 2950 2180 Il).
2975 2106 3097 2162 Viri
3144 2106 3522 2180 sanguinum,
3555 2113 3699 2164 sunt
3747 2109 3848 2182 qui

2193 2197 2503 2255 carnaliter
2531 2198 2749 2266 vivunt,
2773 2200 2831 2253 et
2860 2213 2987 2269 qua:
3025 2201 3164 2252 sunt
3194 2197 3504 2270 sanguinis
3535 2203 3846 2271 peragunt,

2195 2287 2412 2361 quibus
2441 2286 2659 2343 dicitur
2685 2305 2698 2342 :
2730 2283 3019 2342 Declinate
3047 2303 3081 2342 a
3107 2301 3221 2343 me.
3244 2289 3291 2342 Α
3315 2286 3356 2342 C
3375 2285 3622 2342 Videtur
3647 2291 3850 2345 autem

2195 2377 2278 2434 sic
2331 2375 2594 2432 connecti
2650 2376 2962 2431 verborum
3015 2375 3198 2432 ordo:
3233 2374 3291 2431 Si
3351 2374 3634 2431 occideris
3692 2375 3851 2432 Deus

2194 2471 2544 2540 peccatores,
2579 2463 2866 2538 accipient
2908 2463 2966 2518 in
3005 2463 3260 2520 vanitate
3305 2461 3567 2520 civitates
3617 2479 3782 2533 suas,
3811 2465 3852 2521 C

2193 2555 2250 2612 id
2283 2558 2390 2624 est,
2423 2556 2474 2610 si
2506 2558 2822 2626 peccatores
2854 2569 2887 2608 a
2916 2551 3088 2609 malis
3116 2551 3570 2625 cogitationibus
3602 2551 3660 2608 in
3695 2553 3852 2610 bona

2195 2643 2395 2702 studia
2424 2643 2762 2712 transferas,
2786 2641 3010 2716 priores
3031 2641 3487 2698 consuetudines
3507 2645 3563 2698 et
3590 2646 3850 2715 peccata,

2195 2733 2254 2789 in
2278 2731 2494 2806 quibus
2513 2730 2880 2801 habitabant,
2901 2731 2960 2786 in
2981 2747 3130 2788 vano
3152 2727 3533 2808 accipient,‘id
3557 2733 3646 2788 est
3666 2747 3851 2788 vanas

2197 2825 2493 2896 respuent,
2521 2825 2580 2878 et
2619 2819 2816 2878 dicent
2843 2820 2937 2878 his
2969 2819 3070 2894 qui
3101 2820 3292 2876 adhuc
3340 2819 3399 2876 in
3444 2817 3564 2876 illis
3591 2817 3766 2876 vanis
3795 2826 3856 2877 et

2196 2911 2368 2970 malis
2419 2915 2800 2984 permanent:
2827 2910 3124 2967 Declinate
3171 2926 3206 2965 a
3250 2924 3368 2979 me,
3395 2909 3535 2982 quia
3562 2909 3764 2966 dicitis
3793 2911 3853 2966 in

2197 3000 2670 3076 cogitationibus,
2692 2999 2751 3056 id
2781 3003 2871 3056 est
2911 2997 3222 3073 loquimini
3251 2998 3312 3054 in
3345 3003 3543 3056 mente
3592 3002 3650 3056 et
3695 3017 3857 3056 mur-

2197 3091 2446 3148 muratis
2463 3093 2664 3146 contra
2677 3087 2795 3157 illa,
2811 3106 2938 3160 quae
2956 3088 3122 3144 vobis
3143 3087 3400 3161 Spiritus
3425 3088 3612 3144 sancti
3637 3088 3854 3146 virtute

2197 3179 2508 3254 praedicata
2537 3181 2693 3247 sunt,
2716 3177 2964 3250 ideoque
2989 3176 3128 3250 quia
3158 3175 3244 3233 sic
3265 3175 3578 3249 loquimini
3609 3177 3668 3232 in
3703 3178 3854 3251 cogi-

2200 3269 2416 3326 tatione
2446 3271 2647 3325 contra
2667 3267 2874 3340 Deum,
2899 3265 3182 3324 declinate
3203 3284 3238 3322 a
3263 3283 3374 3324 me.
3399 3269 3438 3322 C
3461 3265 3608 3333 Quia
3627 3266 3849 3338 dicitis,

2194 3357 2251 3415 id
2285 3361 2372 3415 est
2401 3361 2604 3414 contra
2632 3355 2736 3412 illa
2777 3357 3164 3414 murmuratis
3196 3373 3322 3430 quae
3349 3353 3567 3412 virtute
3595 3355 3851 3428 Spiritus

2197 3447 2384 3505 sancti
2415 3445 2582 3503 vobis
2611 3441 2925 3520 praedicata
2956 3448 3113 3502 sunt.

2195 3540 2266 3593 20
2338 3539 2526 3594 Nonne
2554 3535 2651 3608 qui
2678 3535 2906 3591 oderunt
2931 3543 3000 3603 te,
3034 3535 3280 3602 Domine,
3312 3533 3532 3591 oderam
3566 3551 3581 3590 :

2338 3627 2405 3682 Et
2427 3641 2592 3698 super
2621 3624 2874 3682 inimicos
2905 3631 3022 3680 tuos
3054 3623 3388 3680 tubescebam
3405 3627 3430 3678 .9

2265 3719 2306 3770 Ο
2333 3713 2538 3771 Merito
2569 3715 2799 3770 nostros
2847 3711 3211 3770 adversarios
3250 3713 3536 3786 jubemur
3581 3711 3846 3786 diligere,

2196 3820 2344 3878 quos
2375 3820 2480 3862 nos
2511 3805 2711 3858 nostro
2731 3800 2867 3857 vitio
2898 3801 3186 3875 contingit
3227 3801 3550 3866 offendere;
3584 3801 3685 3857 Dei
3714 3817 3846 3857 vero

2196 3891 2440 3961 inimici,
2473 3891 2707 3964 quando
2738 3890 3014 3947 obstinati
3049 3895 3206 3958 sunt,
3247 3889 3601 3964 competenti
3629 3894 3684 3947 et
3713 3885 3848 3946 reli-

2195 3983 2360 4056 giosa
2402 3979 2797 4038 exsecratione
2837 3979 3216 4049 damnantur,
3271 3979 3553 4052 quoniam
3600 3991 3729 4034 cum
3775 3979 3848 4034 ab

2194 4071 2322 4146 ipso
2345 4069 2520 4128 creati
2543 4067 2680 4137 sint,
2705 4067 2936 4141 ipsique
2963 4067 3212 4126 debeant
3241 4081 3416 4126 omne
3437 4068 3597 4142 quod
3629 4069 3845 4135 vivunt,

2195 4177 2303 4218 suo
2325 4165 2521 4216 tamen
2543 4161 2918 4214 contumaces
2934 4157 3264 4215 redduntur
3279 4156 3524 4226 auctori,
3546 4155 3675 4214 ideo
3687 4157 3843 4230 justo

2192 4249 2342 4308 tales
2369 4245 2644 4305 horrendi
2689 4251 2848 4314 sunt,
2879 4247 2978 4320 qui
3026 4251 3083 4302 et
3129 4263 3372 4304 suorum
3425 4241 3838 4304 beneﬁciorum

2195 4353 2484 4397 memores
2509 4351 2623 4392 non
2647 4336 2812 4392 iueru
2823 4340 2904 4391 nt.
2928 4334 3268 4404 Tabescere,
3293 4335 3402 4392 hoc
3425 4331 3672 4394 verbum
3701 4333 3842 4390 indi-

2192 4429 2351 4486 cium
2381 4429 2470 4483 est
2517 4424 2714 4500 magni
2749 4423 2986 4494 doloris,
3011 4427 3310 4482 tabescere
3355 4423 3513 4481 enim
3544 4421 3678 4481 illos
3706 4421 3842 4480 dici-

2192 4535 2346 4588 mus,
2371 4515 2470 4590 qui
2494 4513 2651 4572 curis
2663 4513 2911 4588 jugibus
2936 4513 3296 4588 afﬂiguntur,
3313 4518 3371 4570 et
3390 4529 3539 4588 pene
3563 4529 3745 4588 usque
3766 4510 3838 4566 ad

429 4607 597 4663 bunt.
631 4603 774 4693 Dies
787 4599 1202 4693 hformabutur,
1235 4600 1293 4693 id
1326 4600 1642 4693 est‘sancti
1693 4601 1753 4656 in
1803 4607 2084 4693 perpetua
2114 4623 2158 4693 D
2188 4607 2495 4664 interitum
2525 4603 2656 4659 vitio
2689 4617 2928 4693 corpore
2959 4601 3263 4688 deﬁciente
3295 4602 3664 4678 perveniunt.

427 4693 725 4754 felicitate.
757 4689 936 4748 Nemo
967 4690 1025 4746 in
1058 4690 1162 4760 eis,
1187 4687 1659 4746 subaudiendum
1677 4695 1784 4758 est,
1809 4690 2082 4750 informa-

419 4781 608 4852 bitur,
630 4783 688 4838 id
721 4787 810 4839 est
839 4779 1110 4836 informis
1138 4784 1195 4835 et
1225 4776 1597 4834 defectuosus
1627 4778 1738 4834 erit
1763 4779 1822 4836 in
1864 4780 2082 4839 caelesti

425 4873 635 4949 patria,
660 4871 800 4947 quia
827 4868 1024 4928 omnis
1055 4867 1368 4926 inﬁrmitas
1397 4867 1592 4924 carnis
1625 4875 1973 4944 consumpta
1991 4872 2080 4929 di-

421 4963 694 5037 aperibit.

429 5053 498 5108 16
571 5051 704 5108 Mihi
746 5059 926 5110 autem
981 5051 1152 5106 uirilis
1202 5047 1555 5118 houoriﬁcati
1606 5055 1735 5104 sunt
1779 5052 1951 5107 amici
1975 5054 2077 5121 tui,

645 5143 794 5196 Deus
829 5159 842 5196 :

567 5227 746 5286 Nimis
772 5229 1111 5302 confortatus
1139 5232 1220 5284 est
1243 5227 1588 5300 principatus
1617 5243 1822 5284 eorum.

497 5317 539 5376 Ο
565 5317 820 5386 Amicos,
854 5317 992 5373 dicit
1035 5321 1268 5374 sanctos
1316 5313 1629 5390 apostolos.
1663 5315 1873 5386 Nimis,
1910 5317 2076 5376 valde

425 5407 738 5482 signiﬁcat.
761 5407 1135 5462 Confortatus
1157 5411 1244 5462 est
1265 5404 1634 5480 principatus
1653 5421 1877 5475 eorum,
1899 5424 2073 5479 quem

423 5499 736 5570 praestante
757 5495 1002 5551 Domino
1033 5498 1429 5569 perceperunt
1447 5493 1744 5550 intentum
1771 5497 1834 5550 ut
1865 5494 2074 5554 arietes

391 5595 669 5660 «gregum
693 5590 750 5643 et
780 5584 1074 5659 principes
1107 5584 1364 5642 ﬁdelium
1395 5582 1716 5641 meruerint
1736 5601 1865 5642 esse
1895 5602 2076 5661 popu-

427 5675 640 5734 lorum.

2189 4699 2255 4754 21
2334 4697 2580 4768 Perfecto
2605 4693 2733 4749 odio
2754 4692 2974 4748 oderam
3004 4685 3129 4750 illos
3163 4711 3176 4750 :

2334 4785 2554 4842 Inimici
2575 4782 2720 4856 facti
2744 4790 2875 4838 sunt
2899 4783 3058 4839 mihi.

2261 4877 2304 4933 Ο
2345 4873 2670 4931 Perfectum
2729 4875 2818 4928 est
2873 4867 3096 4942 odium,
3145 4871 3416 4929 homines
3475 4869 3732 4945 diligere,
3781 4872 3839 4923 et

2192 4980 2394 5024 eorum
2421 4962 2567 5019 vitia
2595 4977 2827 5034 semper
2845 4961 3025 5032 odire,
3050 4962 3251 5019 odium
3273 4960 3490 5036 quippe
3511 4960 3732 5017 dictum
3751 4959 3838 5012 est

2190 5055 2360 5130 quasi
2392 5053 2511 5110 oris
2542 5050 2876 5124 repudium.
2903 5050 3178 5109 Inimicos
3202 5052 3386 5110 factos
3417 5051 3596 5108 etiam
3628 5049 3735 5105 sibi
3756 5046 3837 5102 di—

2189 5146 2288 5215 cit,
2323 5143 2423 5216 qui
2455 5139 2729 5199 contrarii
2769 5141 3028 5214 paternis
3067 5140 3440 5214 jussionibus
3473 5137 3830 5208 exstiterunt,

2186 5239 2252 5291 ut
2280 5232 2610 5291 ostenderet
2637 5229 2926 5286 unitatem
2951 5245 3069 5285 sua:
3103 5229 3424 5286 divinitatis
3445 5245 3583 5286 cum
3613 5225 3787 5282 Patre.

2185 5327 2257 5378 22
2328 5320 2506 5378 Proba
2533 5336 2638 5386 me,
2675 5323 2834 5386 Deus,
2869 5325 2920 5374 et
2941 5319 3074 5376 scito
3103 5335 3196 5376 cor
3222 5335 3404 5375 meum
3431 5335 3446 5376 :

2327 5414 2610 5480 Interroga
2639 5424 2725 5464 me
2751 5411 2804 5464 et
2833 5421 3088 5478 cognosce
3111 5412 3333 5466 semitas
3365 5421 3534 5479 meas.

2255 5501 2296 5557 C
2325 5499 2514 5556 Proba
2563 5513 2676 5570 me,
2708 5496 2866 5552 istud
2917 5513 3086 5555 nemo
3137 5503 3326 5572 potest
3357 5497 3568 5568 dicere,
3599 5491 3700 5552 nisi
3725 5487 3826 5546 ille

2185 5589 2345 5649 solus
2367 5588 2468 5662 qui
2491 5589 2724 5662 peccata
2755 5603 2870 5642 non
2901 5585 3038 5643 fecit
3063 5587 3352 5646 Christus.
3383 5588 3546 5646 Scito
3577 5579 3832 5656 θοι-,φύει

2183 5685 2240 5738 te
2261 5678 2662 5750 derelinquere
2684 5675 2742 5732 in
2775 5677 3177 5748 persecutione
3199 5695 3316 5736 non
3339 5679 3494 5737 novi.
3518 5676 3827 5744 Interroga.
