3986 6164
242 326 378 391 ριοι

1486 334 1901 399 EXPUSl'l‘lO
1943 335 2454 404 PSALMOBUM.

3559 349 3679 412 503

268 459 813 554 “inquisitionem
844 462 1099 538 pertinet
1125 462 1609 551 minutissimum,
1635 468 1923 542 premisit
1945 469 2002 538 Α
2031 470 2062 527 4
2174 472 2405 531 Custodi
2428 490 2533 546 me,
2563 474 2807 544 Domine,
2836 472 2902 536 de
2928 493 3101 536 manu
3123 481 3423 554 peccatoris
3452 500 3472 538 :

270 552 447 620 enim,
480 553 626 613 scito
652 569 757 611 cor
784 570 1001 613 meum.
1033 555 1219 613 Sciens
1268 573 1392 613 vero
1422 566 1576 614 acute
1598 560 1917 631 interrogat,

268 647 321 699 et
344 644 473 714 falli
498 659 613 699 non
637 650 825 716 potest,
853 647 985 716 quia
1022 661 1179 702 nemo
1206 646 1402 702 scienti
1428 649 1792 718 interrogatus
1817 665 1920 721 po-

272 737 367 789 test
388 749 594 803 negare
616 748 745 806 quae
770 736 956 805 gessit.
979 735 1211 791 Semita:
1241 736 1314 791 ad
1346 737 1712 812 operationes
1741 737 1919 812 perti-

271 826 365 878 net
392 822 598 889 bonas,
621 839 771 895 quas
792 822 890 879 ille
911 824 1136 897 jugiter
1163 824 1346 897 gessit
1375 810 1431 881 et
1460 825 1677 883 cmlesti
1709 810 1918 883 sancti-

270 914 384 967 tate
408 912 711 984 transegit.

264 1002 337 1055 κζ
404 1001 1524 1074 Etoidesiviainiquitatisinmcest:

405 1091 472 1145 Et
497 1090 667 1146 deduc
694 1106 780 1146 me
808 1092 873 1146 in
898 1093 990 1147 via
1016 1099 1245 1149 «eterna.

334 1180 376 1235 C
399 1180 602 1235 Merito
631 1193 769 1252 ergo
798 1179 1059 1236 humana
1084 1181 1145 1237 in
1167 1181 1397 1238 Christo
1419 1182 1752 1238 substantia
1771 1184 1915 1255 petit

266 1284 346 1333 se,
377 1266 585 1325 deduci
616 1267 675 1324 in
706 1273 923 1324 aeterna
950 1269 1065 1338 via,
1096 1286 1224 1342 qua).
1271 1270 1581 1327 declinavit
1610 1287 1643 1327 a
1671 1271 1765 1327 via
1802 1272 1911 1327 ini-

264 1356 529 1429 quitatis,
551 1356 611 1411 id
640 1359 729 1413 est
758 1356 831 1415 ab
859 1357 1089 1415 actibus
1114 1357 1441 1415 diabolicis.
1468 1360 1630 1425 Quod
1660 1377 1792 1417 vero
1823 1361 1911 1416 di-

262 1445 358 1507 cit,
389 1445 516 1500 vide
542 1446 592 1500 si
618 1448 727 1513 est,
754 1444 1035 1519 intellige,
1059 1463 1174 1502 non
1206 1447 1568 1505 dubitatione
1599 1449 1908 1522 prolalum,

261 1534 360 1589 sed
409 1533 667 1590 scientia:
715 1534 1048 1603 securitate,
1080 1536 1252 1608 quasi
1290 1536 1527 1607 diceret,
1558 1537 1688 1594 vide
1719 1538 1768 1594 si
1799 1543 1907 1608 est,

259 1622 315 1677 id
346 1626 459 1689 est,
485 1621 713 1681 videbis
740 1623 898 1695 quod
930 1640 1048 1679 non
1078 1629 1187 1681 est.

672 1745 876 1785 ORATIO
914 1747 984 1785 EX
1022 1748 1180 1787 PSAL.
1221 1749 1488 1790 CXXXVIII.

2205 564 2283 619 Ab
2311 563 2623 621 hominibus
2656 567 2864 639 iniquis
2892 569 3040 640 eripe
3067 586 3170 626 me.

2100 650 2141 705 C
2171 650 2479 711 Peccator:
2505 654 2717 711 iterum
2742 656 3040 712 diabolum
3072 658 3383 731 signiﬁcat,
3409 660 3509 734 qui
3532 661 3683 718 mul-

2028 739 2108 796 tis
2129 740 2299 807 dolis,
2318 743 2521 799 multis
2543 743 2693 800 fallit
2716 744 2966 801 insidiis.
2987 747 3327 819 Sequuntur
3354 750 3530 806 etiam
3553 752 3683 825 ejus

2027 827 2283 884 ministri
2310 848 2322 887 :
2357 833 2632 903 quoniam
2667 834 2823 905 quod
2848 852 2963 889 non
2986 840 3232 908 possunt
3255 855 3357 910 per
3374 855 3437 895 se
3458 841 3681 898 occulte

2026 915 2367 989 inspirando
2427 922 2724 979 mentibus
2782 924 3017 993 nostris,
3064 941 3169 997 per
3211 943 3352 984 suos
3399 945 3679 1002 sequaces

2024 1007 2253 1077 publice
2282 1017 2560 1066 conantur
2589 1009 2852 1083 implere.

2022 1113 2059 1169 5
2167 1116 2277 1184 Qui
2300 1118 2674 1185 cogitaverunt
2700 1120 3052 1192 supplantare
3089 1138 3305 1190 gressus
3332 1139 3482 1182 meos
3513 1143 3532 1180 :

2201 1204 2605 1264 Absconderunt
2628 1209 2851 1279 superbi
2879 1210 3135 1283 laqueum
3163 1212 3307 1267 mihi

2086 1294 2131 1346 ,C
2159 1293 2531 1366 Supplantari
2591 1297 2819 1368 proprie
2859 1298 3113 1354 dicimur
3141 1317 3154 1355 :
3188 1301 3422 1370 quando
3453 1300 3673 1373 plantis

2023 1380 2238 1437 nostris
2268 1386 2423 1439 terra
2452 1384 2822 1452 subducitur,
2856 1390 2921 1440 ut
2968 1387 3025 1442 in
3059 1389 3384 1445 tenebrosis
3413 1391 3674 1448 cavernis

2018 1470 2273 1543 graviter
2301 1472 2669 1530 incidamus:
2696 1475 2851 1546 quod
2883 1476 3055 1531 nobis
3080 1476 3217 1531 facit
3242 1477 3672 1547 diabolus,cum

2021 1562 2389 1632 peccatorum
2424 1562 2615 1618 foveas
2675 1566 2859 1635 parat.
2896 1564 3145 1637 Superbi
3180 1582 3193 1620 :
3230 1564 3481 1622 haeretici
3512 1571 3673 1637 sunt,

2019 1649 2121 1720 qui
2180 1649 2372 1721 pravis
2431 1652 2808 1724 dogmatibus
2864 1652 3111 1726 populos
3165 1653 3432 1727 decipere
3478 1656 3674 1727 potius

2020 1753 2196 1809 quam
2247 1739 2451 1796 docere
2496 1740 2794 1808 festinant,
2828 1745 2885 1796 et
2930 1741 3171 1814 laqueos
3204 1748 3429 1816 ponunt
3458 1750 3672 1802 sanctis

323 1833 446 1889 celi
500 1837 777 1909 terrng
822 1841 1176 1909 pr03pect0r’
1228 1837 1406 1907 Deus,
1460 1855 1575 1912 quo
1606 1839 1908 1912 moriente,
1942 1847 1988 1913 Β
2020 1826 2171 1899 plebi
2198 1845 2211 1882 :
2245 1829 2480 1900 quando
2510 1846 2608 1886 eos
2638 1830 2805 1886 vanis
2834 1831 3229 1903 enigmatibus
3258 1833 3516 1907 obligare
3542 1851 3673 1892 con-

252 1922 588 1980 illuminata
618 1929 757 1979 sunt
787 1926 1021 1995 tartara,
1046 1941 1160 1998 quo
1192 1932 1549 2002 resurgente,
1573 1933 1909 1986 sanctorum

253 2018 344 2070 est
373 2012 692 2070 multitudo
743 2012 962 2088 gavisa,
998 2031 1113 2087 quo
1163 2017 1532 2087 ascendente,
1569 2017 1908 2092 angelorum

255 2101 566 2159 exsultavit
590 2106 839 2171 caterva,
861 2119 1170 2176 precamur
1199 2107 1373 2161 tantae
1402 2105 1599 2180 gloriae
1630 2107 1908 2164 excellen-

256 2195 371 2248 tem
400 2192 700 2258 virtutem,
735 2196 799 2247 ut
847 2192 1052 2249 directi
1102 2193 1161 2249 in
1209 2195 1301 2250 via
1347 2199 1583 2264 aeterna,
1616 2195 1714 2252 illo
1746 2200 1905 2253 tuea-

261 2298 391 2338 mur
418 2281 678 2348 brachio,
699 2298 817 2356 quo
846 2281 1220 2341 honorabiles
1249 2283 1421 2342 amici
1453 2284 1536 2342 tui
1559 2289 1749 2343 tecum
1781 2285 1905 2360 glo-

264 2371 483 2428 riantur
510 2371 570 2427 in
600 2369 768 2427 coelo.
803 2371 912 2439 Qui
940 2371 1107 2442 vivis,
1141 2377 1252 2429 etc.

760 2504 1088 2562 PSALMUS
1124 2506 1404 2563 CXXXIX.

646 2610 1044 2652 ARGUMENTUI
1082 2612 1241 2652 PSAL.
1284 2612 1508 2653 CXXXIX.

325 2692 368 2749 ϐ
394 2691 651 2749 Ecclesia
692 2692 1007 2749 Dominum
1053 2694 1418 2766 deprecatur,
1464 2700 1533 2750 ut
1579 2695 1652 2751 ab
1699 2695 1902 2769 iniquo

257 2780 482 2837 diabolo
509 2780 828 2839 liberetur:
861 2781 1178 2838 vindictam
1209 2780 1410 2839 dicens
1442 2784 1500 2839 in
1531 2784 1727 2841 futuro
1748 2786 1904 2857 judi-

255 2868 342 2925 cio
373 2887 548 2943 super
577 2887 675 2926 eos
699 2874 1027 2940 venturam,
1060 2871 1160 2943 qui
1191 2887 1479 2945 pauperes
1515 2874 1645 2945 ejus
1676 2874 1901 2931 insanis

258 2960 511 3016 motibus
544 2952 996 3033 persequuntur.

625 3050 738 3105 TT.
772 3051 837 3106 In
863 3050 1031 3121 ﬁnem
1058 3050 1310 3106 Psalmus
1340 3051 1531 3107 David.

318 3139 367 3195 C
393 3138 456 3194 In
488 3139 687 3206 linem,
720 3138 1037 3195 Dominum
1066 3139 1364 3213 signiﬁcat
1394 3139 1772 3209 Salvatorem,
1799 3141 1899 3214 qui

244 3231 341 3283 est
368 3218 501 3283 ﬁnis
532 3226 678 3301 legis
702 3227 781 3283 ad
806 3227 1103 3299 justitiam
1129 3228 1288 3285 omni
1313 3229 1570 3286 credenti
1603 3231 1776 3302 (Rom.
1807 3231 1894 3304 x):
1927 3215 1972 3285 C

250 3315 363 3380 Qui
390 3316 561 3373 nobis
588 3316 649 3371 in
677 3316 786 3373 bse
813 3316 1065 3390 psalmo,
1093 3318 1262 3390 quasi
1307 3319 1591 3391 praeconis
1616 3336 1776 3388 voce,
1800 3320 1899 3391 ju-

250 3405 363 3460 dex
388 3404 685 3475 terribilis,
712 3406 1104 3479 omnipotens,
1126 3407 1260 3480 pius
1289 3424 1543 3480 quoque,
1563 3413 1621 3464 et
1650 3407 1901 3465 nimium

256 3494 658 3551 desiderabilis
689 3494 962 3551 advenire
993 3494 1345 3568 praedicitur.

260 3584 284 3637 l
395 3585 561 3656 Eripe
586 3599 695 3652 me,
726 3583 974 3652 Domine,
1005 3585 1077 3640 ab
1103 3586 1325 3641 homine
1349 3586 1498 3642 malo
1527 3605 1545 3641 :

427 3673 464 3728 Α
496 3674 614 3730 viro
642 3674 830 3745 iniquo
857 3674 1007 3745 eripe
1034 3688 1139 3729 me.

322 3762 366 3817 C
389 3762 591 3819 Sciens
623 3766 811 3819 mater
837 3761 1097 3818 Ecclesia
1126 3766 1348 3835 quanta
1376 3764 1434 3819 in
1468 3764 1750 3821 membris
1776 3765 1901 3821 suis

250 3850 324 3906 ab
358 3851 587 3910 insidiis
633 3849 848 3908 diaboli
882 3855 1181 3924 pateretur
1212 3851 1427 3910 clamat
1457 3853 1530 3910 ad
1562 3853 1898 3923 Dominum,

252 3939 353 4011 qui
371 3939 531 3997 solas
556 3944 747 4012 potest
765 3940 894 4012 ejus
916 3956 1192 4012 superare
1212 3941 1598 4013 nequitias,ut
1621 3942 1692 3998 ab
1715 3941 1903 4016 ipsius

252 4027 560 4102 multiplici
588 4028 909 4085 tentatione
956 4027 1251 4085 liberetur.
1303 4030 1608 4087 Hominem
1655 4030 1898 4097 malum,

251 4116 501 4189 appellat
549 4115 869 4173 diabolum.
903 4116 1005 4172 Vir
1052 4116 1295 4190 iniquus
1340 4123 1432 4175 est
1475 4118 1651 4178 homo
1684 4135 1904 4192 sequax

254 4203 486 4262 diaboli.
522 4206 649 4262 Duo
673 4206 830 4261 enim
861 4204 1039 4261 simul
1071 4205 1331 4279 epitheta
1361 4208 1460 4263 uni
1494 4224 1753 4280 personis
1785 4225 1902 4265 non

254 4299 515 4364 poterant
546 4294 872 4363 convenire,
906 4294 1061 4367 quod
1094 4295 1439 4367 eloquentis:
1487 4296 1614 4371 lege
1642 4297 1903 4370 prohibi-

259 4386 379 4439 tum
409 4385 507 4441 sit.

256 4474 293 4526 2
392 4476 505 4545 Qui
528 4475 900 4545 cogitaverunt
928 4474 1247 4547 iniquitates
1278 4476 1337 4530 in
1364 4475 1522 4533 corde
1549 4492 1562 4530 :

434 4564 561 4618 Tota
587 4562 679 4620 die
703 4563 1106 4619 constituebant
1125 4563 1350 4634 pratia.

327 4652 364 4706 C
388 4650 666 4708 Graviore
696 4654 840 4707 sunt
868 4666 1101 4724 semper
1141 4651 1419 4725 pericula,
1455 4670 1582 4726 quas
1615 4653 1905 4709 habentur

262 4738 494 4795 occulta.
522 4740 826 4813 Significat
856 4756 961 4813 per
987 4740 1097 4797 hoc
1127 4757 1260 4797 vero
1292 4741 1615 4811 haereticos,
1647 4742 1748 4815 qui
1781 4759 1908 4815 pra-

260 4827 342 4884 Vis
366 4829 742 4903 dogmatibus
763 4829 822 4885 in
846 4828 1129 4904 sacrilega
1148 4831 1471 4889 certamina
1491 4835 1903 4903 proruperunt.

263 4916 403 4974 Tota
426 4918 541 4985 die,
573 4918 657 4974 ait
686 4920 751 4975 ut
778 4934 983 4975 eorum
1013 4918 1336 4991 nequitiam
1367 4920 1707 4976 continuam
1742 4936 1904 4976 mon-

269 5010 484 5076 straret,
518 5009 582 5063 ut
611 5006 776 5064 nulla
800 5023 903 5065 eos
931 5005 1237 5079 lassitudo,
1272 5007 1435 5065 nulla
1467 5007 1746 5081 temporis
1779 5008 1906 5065 lon-

268 5097 556 5171 ginquitas
583 5096 898 5171 mitigaret.

268 5186 301 5240 3
393 5188 671 5245 Acuerunt
701 5188 922 5257 linguas
941 5203 1071 5243 suas
1101 5189 1246 5243 sicut
1273 5195 1545 5259 serpentes
1570 5204 1589 5243 .-

433 5279 708 5335 l’enenum
733 5276 991 5349 aspidum
1016 5279 1117 5333 sub
1146 5278 1310 5333 labiis
1337 5292 1544 5333 eorum.
1569 5278 1907 5350 Diapsalma.

329 5366 367 5421 C
397 5366 503 5422 Per
533 5366 768 5440 linguas
792 5365 1085 5439 significat
1112 5368 1288 5422 verba
1317 5367 1747 5433 hazreticorum,
1779 5366 1910 5439 qui-

271 5453 366 5511 bus
394 5456 703 5513 vulnerum
724 5455 1086 5511 contendunt
1105 5455 1280 5511 corda
1300 5454 1584 5511 ﬁdelium.
1608 5454 1911 5512 Venenum

270 5546 552 5618 Ispidum,
582 5545 629 5603 Η
660 5544 940 5618 quoniam
994 5544 1267 5600 videntur
1304 5544 1573 5602 amicitia:
1604 5544 1777 5601 verba
1804 5544 1913 5600 ha-

271 5631 412 5703 bere,
444 5638 507 5692 et
534 5633 709 5709 plena
737 5637 878 5691 sunt
904 5650 1126 5692 veneno
1157 5633 1471 5692 mortifero.

2019 1916 2287 1972 tendunt.

2015 2023 2051 2077 6
2161 2025 2225 2078 Et
2250 2025 2410 2095 funes
2439 2024 2798 2081 extenderunt
2823 2026 2881 2081 in
2913 2026 3168 2098 laqueum
3198 2045 3216 2082 .-

2191 2112 2361 2168 Juxta
2419 2113 2524 2169 iter
2577 2114 2903 2170 scandalum
2954 2121 3255 2188 posuerunt
3313 2117 3471 2173 mihi.
3533 2118 3668 2173 Dia-

2260 2202 2495 2273 psalmo.

2085 2289 2124 2345 C
2156 2290 2551 2347 Extenderunt
2580 2289 2693 2364 ipsi
2727 2291 2914 2360 funes,
2956 2292 3013 2348 id
3045 2297 3134 2349 est
3160 2298 3451 2353 tortuosae
3481 2298 3537 2352 et
3565 2296 3667 2351 do-

2013 2375 2171 2433 losas
2199 2378 2577 2450 objectiones,
2596 2380 2815 2452 quibus
2836 2379 3071 2453 capiant
3091 2398 3301 2438 sensus
3331 2381 3624 2441 humanos
3650 2401 3664 2440 :

2014 2470 2081 2523 ut
2112 2467 2278 2540 quasi
2310 2468 2557 2540 pedibus
2604 2467 2906 2542 laqueum,
2957 2470 3039 2527 ita
3084 2472 3381 2528 mentibus
3430 2473 3669 2530 tendere

2013 2556 2335 2629 probentur
2381 2558 2746 2615 scandalum.
2800 2559 2976 2615 Juxta
3022 2559 3132 2615 iter
3171 2560 3312 2616 dicit
3343 2579 3355 2617 :
3388 2562 3668 2633 quoniam

2013 2660 2128 2703 non
2160 2644 2400 2717 capiunt
2429 2645 2541 2702 nisi
2575 2646 2704 2702 illos
2737 2646 2835 2720 qui
2865 2665 2899 2703 a
2929 2653 3081 2704 recto
3106 2647 3388 2705 virtutum
3415 2649 3561 2706 calle
3587 2650 3666 2706 di-

2012 2732 2280 2789 scedunt.
2313 2734 2581 2808 Laqueus
2612 2740 2712 2791 aut
2741 2736 2899 2792 funis
2926 2737 3052 2793 ideo
3084 2738 3310 2810 positus
3355 2743 3444 2794 est
3479 2755 3491 2794 :
3527 2740 3667 2814 quia

2008 2820 2243 2877 vincula
2272 2837 2381 2877 sua
2409 2822 2643 2893 gravius
2666 2839 2897 2896 semper
2917 2826 3208 2899 astringit,
3233 2844 3338 2885 nec
3359 2828 3663 2903 amplexus

2007 2909 2136 2981 ejus
2166 2909 2365 2981 aliqua
2392 2909 2631 2969 lenitate
2660 2911 2958 2982 dilabitur,
2984 2932 3120 2971 cum
3153 2917 3391 2974 nodosis
3423 2918 3663 2992 quibus-

2008 2998 2145 3053 dam
2179 2998 2408 3054 sinibus
2437 2997 2755 3071 illaqueata
2783 3000 3098 3059 concludit.

2007 3106 2042 3159 7
2155 3105 2295 3161 Dixi
2322 3108 2576 3174 Domino,
2609 3108 2748 3162 Deus
2775 3123 2926 3164 meus
2953 3125 3007 3164 es
3037 3114 3096 3165 tu
3123 3128 3141 3164 :

2185 3194 2405 3251 Exaudi
2435 3198 2669 3253 Domine
2697 3212 2876 3253 vocem
2902 3197 3292 3271 deprecationis
3318 3215 3478 3259 metu.

2080 3291 2123 3348 C
2153 3292 2292 3349 Orat
2320 3292 2576 3349 Ecclesia
2604 3308 2677 3350 ne
2698 3295 2973 3366 pessimis
2999 3296 3264 3353 tradatur
3283 3296 3514 3354 insidiis
3537 3313 3551 3353 :
3576 3298 3661 3356 di-

2011 3380 2089 3436 cit
2118 3381 2271 3437 enim
2306 3380 2583 3448 Ecclesia,
2634 3380 3012 3455 resplendens
3063 3384 3384 3458 purissima
3430 3386 3543 3442 {ide
3591 3387 3663 3443 de

2010 3469 2283 3542 gentibus
2303 3469 2599 3537 advocata,
2620 3486 2747 3542 quae
2771 3477 3032 3528 sanctam
3056 3472 3401 3531 Trinitatem
3421 3476 3665 3533 veracis-

2011 3558 2164 3617 sima
2213 3559 2327 3613 fide
2370 3558 2700 3623 conﬁtetur,
2747 3560 2864 3615 dixi
2910 3562 3176 3632 Domino,
3223 3567 3331 3620 etc.
3364 3565 3663 3638 Sequitur,

2010 3646 2240 3709 exaudi,
2300 3646 2564 3712 Domine,
2616 3664 2836 3716 vocem,
2887 3653 3019 3717 etc.,
3070 3650 3397 3710 suffecisset
3450 3652 3665 3723 dicere,

2011 3735 2221 3792 exaudi
2251 3736 2715 3808 deprecationem
2749 3753 2937 3793 meam
2964 3756 2976 3793 :
3001 3740 3102 3798 sed
3127 3738 3303 3796 altius
3330 3740 3471 3813 quid
3503 3740 3666 3797 inno-

2010 3828 2230 3881 tescere
2255 3824 2476 3893 volens,
2495 3825 2659 3893 dixit,
2683 3842 2882 3883 vocem
2909 3827 3332 3900 deprecationis
3365 3830 3666 3887 mete.Vox

2012 3914 2170 3971 enim
2202 3914 2631 3986 deprecationis
2655 3931 2665 3971 :
2692 3918 2781 3972 est
2801 3915 3023 3988 puritas
3044 3917 3344 3985 orationis,
3368 3922 3426 3975 et
3444 3918 3666 3975 clamor

2011 4002 2108 4059 ille
2138 4003 2353 4061 tacitus
2385 4002 2485 4075 qui
2517 4003 2778 4059 ascendit
2806 4004 2879 4060 ad
2910 4005 3246 4061 Dominum.
3265 4010 3484 4063 Sanctae
3504 4007 3663 4064 enim

2011 4090 2366 4166 operationis
2398 4108 2523 4157 vox,
2558 4096 2647 4148 est
2686 4107 2882 4147 rerum
2914 4094 3176 4164 ipsarum
3210 4093 3663 4175 loquacissimus

2012 4180 2233 4236 clamor
2264 4198 2277 4236 :
2314 4197 2428 4236 non
2461 4179 2802 4236 hominibus
2832 4185 3024 4248 notus,
3049 4183 3149 4238 sed
3185 4182 3291 4238 soli
3324 4183 3441 4239 Deo
3471 4184 3668 4257 cogni-

2015 4274 2131 4335 tus,
2164 4269 2318 4343 unde
2347 4272 2405 4324 et
2432 4268 2645 4324 tacenti
2680 4269 2862 4341 Moysi
2898 4270 3131 4339 dicitur,
3166 4271 3308 4343 quid
3338 4269 3557 4327 clamas
3589 4273 3663 4329 ad

2013 4373 2107 4414 me
2126 4338 2373 4429 ?'(E.cod.
2402 4357 2540 4428 XIV.)
2559 4360 2615 4413 et
2645 4338 2791 4413 Cain
2810 4357 3044 4425 dicitur,
3074 4338 3520 4433 vox-sanguinis
3549 4362 3664 4417 fra-

2012 4446 2120 4503 tris
2148 4446 2480 4523 tui‘clamat
2509 4445 2582 4500 ad
2612 4461 2704 4503 me
2733 4447 2803 4502 de
2834 4451 2989 4504 terra
3018 4448 3173 4521 (Gen.
3206 4449 3307 4522 ιν).

2013 4558 2048 4613 8
2129 4528 2389 4611 ’Βοτηὶηε
2414 4556 2658 4619 Domine,
2694 4556 2868 4611 virtus
2896 4556 3095 4613 salutis
3124 4571 3262 4615 mea?
3288 4575 3311 4612 .-

2194 4642 2546 4699 Obumbrasti
2571 4659 2735 4715 super
2762 4649 2926 4717 caput
2953 4662 3135 4702 meum
3166 4648 3226 4702 in
3253 4647 3341 4703 die
3372 4647 3520 4703 belli.

2086 4743 2128 4799 C
2154 4742 2439 4815 Repetitio
2464 4741 2598 4808 ista,
2618 4742 2881 4813 Domine,
2905 4744 3170 4810 Domine,
3192 4744 3295 4817 piae
3316 4744 3667 4817 precationis

2015 4832 2289 4889 affectum
2322 4829 2596 4887 ostendit.
2630 4835 2773 4888 Cum
2823 4837 3020 4889 autem
3050 4832 3210 4900 dicit,
3244 4832 3429 4888 virtus
3459 4831 3667 4889 salutis

2017 4937 2193 4977 meai:
2220 4919 2562 4993 patientiam
2598 4920 3205 4993 perseverantiamque
3239 4921 3298 4976 in
3327 4922 3665 4989 certamine,

2017 5011 2379 5066 demonstrat
2410 5009 2636 5064 Domini
2668 5027 2795 5066 esse
2827 5011 3066 5065 donum.
3084 5009 3286 5066 Virtus
3305 5008 3464 5066 enim
3485 5028 3521 5066 a
3538 5010 3670 5067 viri-

2018 5099 2199 5156 ditate
2229 5098 2405 5165 dicta,
2438 5114 2566 5170 qua:
2597 5098 2783 5154 nescit
2825 5098 3019 5170 aliquo
3062 5097 3260 5155 labore
3291 5115 3665 5157 marcescere.

2018 5192 2200 5262 Caput
2216 5192 2413 5244 autem
2433 5204 2608 5244 suum
2631 5188 3047 5243 obumbratum
3068 5205 3203 5244 cum
3229 5187 3370 5244 dicit
3390 5178 3667 5258 Ecclesia,

2020 5278 2312 5351 significat
2336 5278 2568 5333 beatam
2591 5276 2824 5332 Domini
2847 5278 3178 5350 passionem
3202 5296 3214 5334 :
3238 5277 3340 5352 qui
3364 5279 3449 5335 sic
3471 5279 3672 5335 obum-

2020 5369 2222 5423 bratus
2251 5369 2341 5421 est
2370 5366 2430 5420 in
2463 5382 2529 5420 ea
2560 5362 2692 5437 (hoc
2725 5369 2814 5421 est
2857 5366 3180 5437 defensus,)
3213 5371 3276 5423 ut
3306 5384 3410 5423 nec
3438 5367 3673 5424 animus

2020 5458 2147 5529 ejus
2177 5452 2602 5521 confusionem,
2636 5471 2741 5510 nec
2773 5472 2906 5511 caro
2940 5456 3127 5528 ipsius
3159 5456 3550 5529 corruptionis
3585 5456 3674 5511 in-

2019 5543 2235 5618 juriam
2270 5542 2604 5599 sustineret.
2630 5547 2695 5597 In
2728 5543 2823 5600 die
2854 5549 3051 5600 autem
3084 5544 3254 5601 belli:
3281 5546 3425 5601 bene
3451 5544 3675 5600 dictum

2024 5638 2131 5702 est,
2164 5634 2223 5688 in
2254 5631 2346 5687 die
2380 5630 2670 5704 passionis
2700 5632 2828 5704 ejus
2874 5637 2934 5689 et
2990 5634 3194 5691 mortis
3228 5650 3241 5689 :
3275 5633 3414 5706 quia
3443 5631 3675 5689 diabolo
