3986 6164
469 305 588 370 503

1305 277 1309 280 ’
1393 307 1456 368 S.
1501 307 1901 370 BRUNONIS
1945 305 2566 369 HERBIPOLENSIS
2610 305 2994 368 EPISCOPI.

3681 317 3784 382 501

467 438 638 508 victo,
663 437 888 496 inferno
915 436 1116 508 fracto,
1139 437 1352 512 captivi
1382 436 1609 496 liberati
1641 441 1800 508 sunt,
1823 441 1880 495 et
1911 436 2116 494 trium-
2144 436 2200 505 Α
2221 436 2396 509 justi,
2437 453 2574 494 eum
2635 437 3122 510 persecutionem
3157 437 3456 510 patiuntur,
3500 443 3789 508 conﬁtentur

471 529 664 602 pbans
693 529 766 584 de
796 533 986 584 morte
1017 526 1212 584 rediit.

469 617 506 672 9
600 619 732 674 'Non
761 617 971 683 tradas,
1007 617 1251 683 Domine,
1273 615 1604 673 desiderium
1648 622 1703 681 ι-ξ-
1727 633 1909 674 meum
1949 623 1964 682 ζ
2005 633 2124 690 pec-

681 707 860 762 catori
885 723 904 761 :
935 706 1310 775 cogitaverunt
1349 713 1538 762 contra
1567 723 1651 764 me
1677 723 1746 763 ne
1773 705 2122 780 derelinquas

683 812 770 852 ηιθ
795 813 815 851 .’

610 885 686 942 Ne
713 886 854 956 forte
883 885 1211 942 escaltentur.
1242 885 1578 958 Diapsalma.

543 972 584 1029 Ο
611 973 886 1029 Traditur
917 973 1074 1030 enim
1102 973 1388 1047 peccatori
1415 974 1497 1044 (id
1520 977 1609 1030 est
1630 973 1881 1044 diabolo)
1901 973 2126 1030 deside—

471 1063 626 1118 rium
653 1061 826 1118 istius
850 1063 951 1136 qui
983 1063 1487 1136 concupiscentiae
1517 1062 1710 1120 carnis
1740 1063 1966 1136 perlicit
1998 1081 2010 1118 :
2046 1065 2126 1118 ta-

472 1151 545 1208 lis
591 1153 748 1208 enim
782 1169 898 1208 non
940 1151 1052 1208 nisi
1086 1153 1240 1225 quod
1272 1153 1544 1208 diabolus
1575 1151 1696 1208 vult
1727 1153 2042 1220 desiderat,
2070 1157 2128 1206 et

474 1241 603 1297 ideo
627 1241 686 1296 in
714 1240 1022 1298 desideriis
1044 1241 1168 1297 suis
1193 1241 1424 1298 diabolo
1448 1241 1696 1297 traditur
1728 1241 1800 1297 ad
1833 1241 2130 1314 possiden-

474 1330 636 1386 dum.
661 1331 730 1386 Et
759 1331 899 1402 quia
930 1329 1155 1386 inimici
1185 1331 1580 1403 cogitaverunt
1610 1330 1944 1401 (consilium
1970 1331 2126 1387 scili-

475 1424 566 1475 cet
597 1419 880 1489 faciendo)
899 1423 1116 1496 contra
1141 1435 1235 1475 me
1260 1437 1272 1474 :
1287 1420 1450 1491 juste
1478 1423 1630 1492 peto,
1656 1419 1918 1488 Domine,
1944 1437 2015 1476 ne
2037 1421 2131 1476 de-

473 1507 775 1580 relinquas
805 1525 918 1564 me.
943 1508 1010 1562 Et
1030 1507 1393 1564 subinfertur
1422 1525 1599 1564 causa
1620 1507 1958 1581 justissima
1981 1509 2126 1582 peti-

473 1596 652 1652 tionis
681 1601 740 1652 et
767 1595 1154 1654 exauditionis
1189 1614 1200 1653 :
1236 1614 1308 1654 ne
1338 1597 1665 1653 exaltentur
1707 1598 1873 1671 impii
1905 1597 1965 1654 in
1997 1617 2125 1672 per-

473 1685 696 1742 ditione
717 1685 1042 1758 justorum.

473 1774 542 1830 1ο
617 1774 790 1846 Caput
818 1776 1081 1831 circuitus
1109 1791 1297 1832 eorum
1327 1793 1339 1831 :

617 1864 790 1920 Labor
818 1864 1092 1920 labiorum
1122 1865 1364 1937 ipsorum
1395 1866 1598 1938 aperiet
1621 1881 1728 1922 eos.

541 1952 587 2006 A
617 1951 658 2006 C
691 1953 839 2009 Deus
869 1952 1184 2010 obumbrat
1225 1971 1402 2026 super
1449 1959 1624 2026 caput
1663 1955 1987 2026 justorum,
2021 1956 2122 2012 sed

475 2039 764 2096 malorum
795 2044 972 2113 caput
1001 2041 1189 2114 operit
1215 2040 1380 2098 labor
1407 2041 1721 2098 labiorum.
1747 2042 1900 2100 Ordo
1930 2044 2126 2100 verbo-

474 2145 607 2185 rum
637 2128 772 2185 talis
803 2135 910 2197 est,
954 2134 1132 2202 caput
1173 2147 1376 2187 eorum
1425 2131 1730 2200 circuitus,
1765 2131 1986 2189 scilicet
2013 2137 2120 2201 est,

475 2218 533 2273 id
567 2222 656 2274 est
686 2225 860 2291 caput
881 2217 1199 2292 impiorum
1222 2223 1310 2276 est
1329 2215 1622 2292 diabolus,
1645 2221 1746 2294 qui
1769 2238 2002 2296 semper
2021 2220 2127 2278 eir-

475 2305 598 2361 cuit
625 2322 896 2378 quaarens
921 2324 1096 2379 quem
1128 2308 1361 2365 devoret
1392 2311 1440 2379 (I
1463 2311 1614 2365 Petr.
1645 2312 1723 2378 v).
1755 2309 1943 2367 Labor
1989 2327 2124 2367 vero

474 2393 764 2450 labiorum
785 2411 798 2450 :
823 2399 914 2450 est
942 2394 1236 2468 prolatum
1258 2414 1356 2452 ore
1378 2398 1769 2466 mendacium,
1793 2399 1946 2471 quod
1979 2415 2127 2456 sem-

473 2499 576 2555 per
605 2481 892 2540 laboriose
925 2484 1186 2558 fingitur,
1211 2485 1488 2558 quoniam
1511 2485 1801 2559 exquisita
1831 2486 2126 2544 machina-

472 2570 630 2628 tione
677 2571 982 2628 formatur.
1017 2573 1242 2630 Vcritas
1273 2574 1430 2630 enim
1483 2575 1610 2630 sine
1657 2573 1856 2632 labore
1889 2575 2124 2644 dicitur,

471 2661 611 2734 quia
639 2660 768 2718 sine
796 2659 1142 2718 difﬁcultate
1173 2663 1482 2736 profertur.
1507 2665 1553 2719 Α
1573 2663 1674 2719 Vel
1707 2664 1892 2736 ipsius
1923 2665 2128 2722 circui-

475 2754 574 2804 tus
606 2765 808 2805 eorum
838 2755 1014 2824 caput
1043 2756 1132 2808 est
1160 2751 1458 2824 superbia,
1490 2769 1618 2824 quae
1649 2753 1914 2826 provenit
1942 2771 2011 2810 ex
2040 2754 2122 2810 la-

425 2909 428 2911 ,
473 2838 616 2894 bore
645 2836 960 2908 labiorum,
988 2839 1046 2896 id
1079 2843 1168 2897 est
1199 2840 1519 2897 mendacio.

475 2927 536 2982 11
617 2927 821 2985 Cadent
875 2945 1040 3002 super
1093 2945 1181 2986 eos
1227 2930 1536 2988 carbones:
1568 2931 1628 2987 in
1679 2932 1860 3004 ignem
1906 2932 2124 3006 dejz'eies

649 3031 736 3074 608
765 3035 787 3073 .'

613 3105 678 3162 In
704 3107 946 3164 miseriis
973 3123 1086 3166 non
1113 3109 1420 3166 subsistent.

2154 1811 2202 1876 B

2228 525 2435 583 laudes
2465 527 2582 583 Deo
2616 527 2778 600 (tunc
2829 527 2989 583 enim
3040 543 3254 601 magna
3279 529 3450 586 virtus
3475 536 3574 599 est,
3599 533 3793 596 laudare

2230 615 2438 688 Deum)
2470 619 2527 672 et
2557 615 2788 674 facilius
2817 615 3066 672 discedit
3097 615 3362 674 inimicus
3389 622 3442 674 et
3467 620 3796 694 tribulatio,et

2228 703 2511 761 videbunt
2541 705 2747 762 faciem
2780 704 2878 762 Dei
2908 707 3042 779 post
3069 705 3243 761 vitam
3268 705 3430 763 istam
3456 707 3585 766 tales
3603 715 3799 771 eterna-

2231 791 2382 850 liter.

2671 901 2874 940 ORATIO
2914 901 2982 940 EX
3024 900 3182 940 PSAL.
3223 899 3433 942 CXXXIX.

2301 971 2502 1029 Virtus
2531 971 2739 1029 salutis
2798 977 3032 1041 nostris,
3087 973 3261 1041 Deus,
3293 973 3522 1030 defende
3547 975 3806 1033 Ecclesium

2234 1065 2398 1117 tuam
2417 1079 2450 1116 a
2467 1059 2876 1118 dissidentium
2898 1078 3120 1118 veneno
3142 1062 3449 1132 mortifero,
3466 1068 3566 1118 uta
3583 1069 3632 1120 te
3648 1065 3809 1122 obum-

2235 1151 2386 1206 brati
2437 1167 2742 1224 nunquam
2791 1151 3123 1224 obligemur
3159 1168 3204 1206 ~a
3229 1149 3450 1223 laqueis
3495 1151 3702 1208 inimici.
3725 1155 3810 1210 Per

2235 1238 2552 1296 Dominum
2584 1244 2851 1296 nostrum
2879 1241 3084 1296 Jesum
3115 1239 3426 1308 Christum,
3455 1243 3554 1296 etc.

2792 1346 3031 1403 PSALM
3041 1345 3124 1403 US
3163 1345 3317 1403 CXL.

2675 1435 3028 1475 ARGUMENTU
3039 1436 3081 1474 Μ
3121 1433 3280 1474 PSAL.
3320 1435 3438 1474 CXL.

2307 1505 2347 1560 Ο
2383 1504 2668 1578 Propheta
2711 1505 3022 1579 supplicat,
3056 1510 3122 1562 ut
3162 1505 3315 1562 inter
3360 1506 3664 1563 mundanas
3687 1509 3819 1562 actus

2236 1611 2272 1650 a
2299 1593 2548 1650 diversis
2576 1593 2856 1651 liberetur
2884 1595 3202 1666 erroribus,
3222 1611 3295 1652 ne
3323 1594 3383 1652 in
3411 1600 3738 1669 peccatorum
3753 1611 3819 1651 re-

2235 1681 2451 1739 tiacula
2481 1682 2671 1739 cadat.

2751 1773 2867 1830 TT.
2897 1774 3146 1830 Psalmus
3179 1774 3376 1830 David.

2233 1860 2259 1914 1
2372 1861 2619 1929 Domine,
2650 1862 2888 1918 clamavi
2916 1862 2986 1918 ad
3016 1870 3088 1932 te,
3119 1861 3328 1919 exaudi
3357 1879 3438 1918 me
3465 1882 3484 1916 :

2409 1949 2633 2006 Intende
2661 1952 2779 2006 voci
2805 1966 2944 2009 meae
2971 1951 3103 2006 dum
3131 1953 3438 2007 clamavcro
3467 1949 3534 2006 ad
3560 1959 3622 2006 te.

2303 2041 2342 2092 C
2383 2037 2649 2106 Domine,
2701 2037 2968 2095 clamavi.
3015 2038 3236 2096 Volens
3285 2038 3561 2113 propheta
3603 2037 3828 2094 affectum

2232 2125 2514 2184 orationis
2567 2127 2856 2184 continuas
2888 2127 3147 2184 humano
3178 2129 3377 2202 generi
3410 2128 3708 2194 infundere,
3737 2127 3827 2182 duo

2235 2218 2498 2288 tempora
2526 2216 2756 2272 videtur
2784 2215 3181 2289 discrepantia
3213 2216 3478 2291 posuisse
3501 2235 3514 2272 :
3542 2215 3751 2272 clamavi
3775 2216 3830 2270 de

2229 2304 2525 2378 praeterito
2574 2303 2735 2373 dicit,
2789 2305 2947 2378 quod
2998 2305 3317 2379 perfectam
3361 2304 3832 2380 signiﬁcatoratio-

2233 2409 2369 2450 nem
2403 2409 2414 2448 :
2447 2396 2504 2448 et
2538 2392 2750 2450 iterum
2783 2393 3128 2462 clamavero,
3165 2396 3323 2468 quod
3356 2395 3554 2466 utique
3589 2394 3653 2449 de
3677 2393 3831 2448 futuro

2233 2485 2459 2539 constat
2485 2481 2744 2554 positum
2779 2501 2792 2540 :
2827 2486 2891 2538 ut
2928 2483 3082 2540 sicut
3112 2484 3347 2540 nullum
3379 2487 3603 2556 tempus
3630 2499 3660 2538 a
3684 2481 3833 2554 culpis

2233 2575 2324 2628 est
2350 2588 2620 2641 vacuum,
2658 2571 2740 2628 ita
2779 2591 2811 2628 a
2854 2573 3076 2630 devotis
3127 2573 3407 2646 precibus
3455 2586 3729 2644 nunquam
3768 2573 3836 2625 est

2233 2660 2610 2716 cessandum.

2232 2752 2268 2804 2
2377 2751 2670 2820 Dirigatur
2709 2752 2886 2808 oratio
2934 2767 3058 2806 mea
3097 2751 3246 2808 sicut
3279 2753 3558 2808 incensum
3584 2750 3637 2803 in
3661 2761 3837 2818 conspe-

2479 2845 2570 2894 ctu
2599 2845 2713 2895 tuo.

2410 2927 2664 2984 Elevalio
2693 2944 2861 2984 mann
2871 2944 2962 2984 um
2987 2943 3244 2985 mearum
3271 2928 3605 3002 sacriﬁcium
3633 2922 3836 2998 vesperti-

2483 3033 2637 3073 num.

2303 3103 2345 3161 Ο
2373 3103 2670 3179 Dirigatur
2699 3106 2772 3162 ad
2802 3110 2858 3162 te
2889 3105 3073 3162 oratio
3096 3123 3234 3164 mea
3266 3107 3425 3165 sicut
3451 3100 3835 3172 incensum,hoe

543 3195 584 3252 Ο
626 3195 918 3253 Carbones
965 3195 1123 3272 ignis
1157 3215 1170 3254 :
1203 3201 1344 3254 sunt
1391 3197 1745 3270 paenitentia:
1803 3199 2118 3268 cruciatus,
2151 3181 2194 3251 Ο
2233 3197 2415 3252 estut
2443 3197 2533 3250 est
2561 3197 2717 3250 recta
2743 3195 2940 3252 veniat
2969 3195 3042 3252 ad
3090 3199 3148 3252 te
3199 3197 3392 3254 oratio
3439 3213 3567 3253 mea
3609 3193 3664 3250 in
3704 3192 3840 3249 odore

473 3283 628 3356 quod
661 3287 857 3341 tamen
879 3284 1219 3342 incendium
1251 3286 1512 3342 nascitur
1539 3303 1608 3342 ex
1637 3287 1821 3344 imbre
1843 3287 2124 3362 lacryma-

473 3389 626 3428 rum.
664 3373 725 3428 In
755 3372 952 3446 ignem
1001 3374 1396 3446 dejiciuntur:
1431 3376 1666 3448 quando
1707 3377 1832 3448 jam
1882 3377 2122 3435 flamma

471 3460 774 3516 charitatis
820 3462 1071 3535 accensi,
1124 3463 1340 3519 fervere
1387 3463 1603 3520 sanctis
1651 3465 1926 3537 operibus
1977 3466 2120 3522 inci-

467 3549 638 3622 piunt
670 3564 682 3606 :
718 3549 812 3606 his
841 3549 1049 3618 evenit,
1103 3556 1168 3606 ut
1197 3551 1254 3606 in
1287 3556 1654 3624 peccatorum
1705 3553 1956 3612 miseriis
2003 3573 2119 3612 non

471 3637 804 3694 subsistant
831 3655 844 3694 :
879 3638 1153 3710 quoniam
1181 3641 1311 3711 jam
1340 3641 1400 3697 in
1433 3642 1645 3698 bonam
1676 3649 1898 3716 partem
1930 3648 2120 3702 trans-

467 3726 758 3783 feruntur.

467 3816 540 3872 12
617 3817 710 3872 Vir
738 3817 1023 3886 linguosus
1055 3835 1162 3876 non
1191 3818 1550 3890 dirigeturin
1581 3828 1731 3876 terra
1761 3839 1778 3875 :

616 3906 804 3962 Virum
833 3906 1102 3979 injustam
1130 3908 1278 3964 mala
1307 3910 1526 3981 capient
1553 3910 1615 3964 in
1646 3911 1950 3966 interitum.

537 3997 577 4049 C
607 3993 706 4049 Vir
734 3993 1041 4069 linguosus
1073 4013 1086 4050 :
1121 4001 1210 4054 est
1242 3997 1344 4070 qui
1397 3997 1583 4054 multa
1631 3997 1920 4055 inutiliter
1948 4001 2123 4058 verba

464 4082 702 4154 profert,
736 4083 838 4157 qui
869 4101 986 4140 non
1040 4084 1312 4160 dirigitur
1343 4103 1356 4141 :
1392 4087 1531 4158 quia
1581 4085 1955 4160 multiloquio
2003 4105 2120 4146 non

463 4170 702 4245 effugiet
731 4178 1057 4245 peccatum.
1091 4175 1356 4247 lnjustus
1387 4177 1474 4231 vir
1505 4181 1612 4244 est,
1647 4177 1748 4249 qui
1778 4175 2006 4234 divinas
2032 4195 2121 4235 re-

462 4259 634 4333 gulas
661 4267 1062 4331 contemnens,
1083 4263 1328 4337 propriaa
1351 4264 1667 4322 voluntatis
1688 4266 1908 4326 fervore
1925 4268 2122 4324 tradu-

461 4349 616 4406 citur
659 4351 836 4424 (Prov.
869 4351 924 4424 x)
959 4369 972 4409 :
1008 4353 1177 4409 illum
1227 4353 1382 4410 mala
1427 4353 1678 4426 capient,
1710 4354 1850 4426 quia
1891 4372 2122 4430 semper

463 4437 576 4495 sibi
611 4439 783 4494 noxia
814 4441 1049 4514 cogitat,
1103 4443 1204 4514 qui
1253 4449 1538 4516 praecepta
1570 4443 1803 4500 Domini
1841 4445 2117 4502 declinat.

465 4525 534 4581 13
609 4527 848 4595 Cognovi
875 4531 1007 4602 quia
1034 4532 1201 4602 faciet
1232 4531 1493 4588 Dominus
1511 4531 1790 4604 judicium
1822 4535 1998 4607 inopis
2028 4552 2048 4592 :

623 4621 679 4680 σέ-
705 4617 770 4672 Et
811 4623 824 4682 ζ
867 4618 1164 4674 vindictam
1183 4636 1510 4692 pauperum.

534 4702 576 4760 C
610 4703 798 4761 Faciet
845 4723 983 4781 ergo
1023 4707 1319 4779 judicium
1365 4708 1630 4780 inopum,
1665 4710 1898 4782 quando
1929 4711 1986 4767 in
2021 4710 2122 4769 illa

453 4793 838 4866 judicatione,
871 4795 1164 4869 promissa
1191 4795 1311 4852 illis
1341 4795 1602 4854 retribuit
1633 4815 1646 4854 :
1679 4801 1738 4854 et
1760 4802 1901 4856 tunc
1928 4799 2120 4857 vindi-

463 4884 558 4936 cat
586 4897 894 4954 pauperes,
920 4901 1054 4943 cum
1075 4902 1277 4942 eorum
1304 4889 1705 4958 persecutores
1725 4905 1760 4944 a
1789 4905 1895 4944 suo
1920 4893 2121 4948 sancto

465 4970 763 5040 separabit
792 4989 991 5047 regno.

468 5056 532 5110 14
613 5057 987 5120 Verumtamen
1009 5065 1154 5135 λυδέὶ
1181 5060 1586 5136 conﬁtebuntur
1606 5067 1825 5122 nomini
1850 5074 1940 5124 tuo
1973 5083 1986 5124 :

606 5145 674 5201 Et
702 5147 1022 5208 habitabant
1048 5155 1182 5210 recti
1207 5170 1330 5208 cum
1361 5153 1517 5209 vultu
1547 5160 1657 5209 tuo.

537 5231 584 5287 H
607 5233 755 5300 Quid
779 5238 935 5294 enim
959 5241 1158 5298 vultus
1180 5241 1302 5308 Dei,
1323 5242 1434 5298 nisi
1459 5241 1724 5299 Christus
1747 5243 1929 5302 Filius
1949 5247 2121 5320 ejus?

467 5320 580 5378 nisi
613 5325 882 5397 cogitatio
913 5328 1235 5387 divinitatis
1278 5330 1513 5403 ipsius?
1543 5335 1582 5387 C
1609 5335 1752 5388 Cum
1784 5333 1912 5406 ipso
1941 5335 2117 5392 etiam

462 5409 563 5466 Dei
601 5413 788 5479 vultu,
817 5416 966 5487 justi
1017 5419 1073 5474 iu
1129 5427 1410 5477 aeternum
1462 5420 1832 5494 habitabunt,
1865 5441 1998 5480 cum
2032 5426 2120 5498 (ut

463 5498 542 5555 ait
560 5498 899 5577 Apostolus)
924 5524 1037 5564 non
1057 5526 1160 5584 per
1173 5509 1500 5583 speculum,
1520 5510 1621 5566 sed
1644 5509 1790 5568 facie
1813 5513 1885 5568 ad
1911 5513 2115 5570 faciem

464 5591 902 5650 contuebantur
931 5613 1066 5653 eum
1100 5599 1145 5670 (1
1177 5599 1296 5656 Cor.
1341 5599 1488 5668 xm).
1519 5598 1662 5655 Vide
1715 5606 1911 5658 autem
1961 5603 2115 5676 quod

2151 4555 2200 4620 D

2229 3283 2538 3350 virtutum,
2561 3300 2676 3338 non
2709 3283 2934 3341 habens
2962 3285 3168 3342 sordes
3199 3291 3309 3343 aut
3335 3285 3497 3343 vitia.
3522 3289 3562 3341 ϐ
3580 3285 3837 3340 Incensum

2228 3377 2317 3428 est
2343 3371 2617 3428 odoriferi
2645 3371 2932 3446 pigmeuti
2963 3373 3162 3430 suavis
3195 3375 3460 3444 adustio,
3491 3379 3549 3432 et
3575 3366 3840 3447 spirituali-

2229 3465 2319 3516 ter
2333 3459 2447 3516 hic.
2464 3460 2510 3516 Η
2529 3461 2772 3516 lncensu
2782 3477 2859 3528 n1,
2875 3461 3170 3519 orationes
3187 3469 3534 3520 sanctorum
3552 3465 3679 3518 sunt
3691 3459 3836 3532 (Apoc.

2227 3550 2372 3622 vm).
2407 3549 2447 3604 C
2477 3548 2842 3606 Sacriﬁcium
2886 3551 3296 3624 vespertinum
3330 3553 3578 3610 fortasse
3603 3546 3846 3624 signiﬁcat

2229 3637 2390 3694 illam
2449 3637 2826 3706 oblationem,
2859 3655 3038 3711 quam
3068 3638 3127 3696 in
3165 3641 3286 3698 fine
3319 3641 3450 3698 vitae
3480 3640 3708 3698 Domino
3733 3633 3844 3691 solet

2229 3727 2436 3784 offerre
2468 3725 2743 3801 religiosa
2775 3727 3024 3795 devotio,
3057 3732 3114 3784 et
3145 3730 3280 3786 ideo
3313 3729 3518 3787 nullus
3541 3721 3844 3802 despcret,si

2231 3816 2438 3873 ultimo
2467 3832 2570 3872 sua
2601 3821 2838 3888 peccata
2865 3815 3268 3890 lacrymarum
3297 3821 3458 3877 fonte
3478 3817 3735 3890 deterget.
3756 3811 3848 3868 ειορ

2230 3905 2384 3962 vatio
2429 3921 2563 3962 vero
2611 3922 2898 3962 manuum
2942 3923 3118 3978 opera
3164 3905 3284 3981 pia'
3321 3908 3618 3984 significat
3645 3922 3658 3964 :
3687 3904 3758 3962 sic
3781 3915 3847 3958 re-

2229 3994 2434 4052 missio
2457 3995 2816 4061 earumdem,
2837 3995 3235 4054 cessationem
3259 4016 3294 4054 a
3315 3999 3474 4056 bono
3494 3993 3850 4072 Opere.Vespe-

2229 4102 2295 4140 ra
2325 4099 2559 4156 quoque
2590 4087 2808 4151 nostra,
2848 4087 3078 4157 tempus
3129 4103 3322 4161 prope
3354 4088 3534 4146 tinem
3563 4085 3682 4143 vitae
3706 4079 3849 4152 hujus

2229 4171 2541 4247 significat.

2227 4261 2263 4317 3
2369 4263 2538 4327 Pone,
2574 4261 2822 4328 Domine,
2855 4262 3158 4320 custodiam
3187 4267 3284 4322 ori
3311 4283 3433 4325 meo
3466 4285 3485 4323 :

2407 4351 2470 4406 Et
2499 4351 2696 4406 ostium
2725 4351 3160 4411 circumterit-ia?
3191 4355 3369 4412 labiis
3399 4357 3553 4413 meis.

2299 4439 2340 4495 C
2370 4437 2519 4494 Petit
2549 4438 2850 4512 propheta,
2875 4457 2948 4496 ne
2977 4441 3118 4514 quid
3151 4443 3276 4501 tale
3307 4445 3490 4513 dicat,
3515 4441 3666 4518 quod
3694 4450 3854 4513 perve-

2229 4526 2354 4584 nire
2387 4527 2594 4584 debeat
2623 4528 2692 4584 ad
2727 4532 2974 4585 reatum.
3001 4529 3238 4588 Ostium
3263 4535 3492 4608 quippe
3519 4533 3590 4590 ab
3615 4523 3854 4588 obstando

2229 4615 2452 4673 dictum
2485 4615 2592 4672 est.
2622 4615 2772 4673 Illud
2802 4634 2938 4692 ergo
2969 4617 3114 4676 vidit
3141 4621 3454 4696 Propheta
3473 4619 3695 4696 magnis
3713 4611 3858 4692 preci-

2235 4707 2346 4764 bus
2375 4722 2503 4763 esse
2533 4704 2942 4777 muniendum,
2977 4709 3132 4766 unde
3174 4713 3308 4768 tam
3341 4711 3514 4768 facile
3541 4709 3756 4767 noverat
3779 4718 3859 4756 ve-

2229 4793 2354 4851 nire
2383 4797 2683 4868 peccatum
2720 4813 2732 4851 :
2766 4796 2922 4867 quod
2956 4795 3003 4852 si
3047 4797 3379 4871 fragilitate
3409 4794 3738 4874 peccaverit,
3766 4787 3858 4847 sal-

2230 4887 2346 4940 tem
2377 4883 2487 4940 hoe
2515 4885 2789 4955 precatur
2819 4901 2891 4941 ne
2917 4883 3062 4942 illud
3093 4893 3367 4962 excuset,
3401 4891 3560 4948 unde
3589 4887 3858 4960 sequitur:

2231 4973 2264 5028 4
2371 4973 2490 5028 Non
2517 4971 2752 5028 declines
2779 4990 2872 5030 cor
2897 4991 3081 5031 meum
3109 4977 3170 5032 in
3202 4979 3377 5036 verba
3405 4979 3640 5036 malitize
3665 4993 3682 5032 :

2406 5061 2486 5118 Ad
2513 5061 2850 5119 excusandas
2880 5066 3269 5124 excusationes
3303 5071 3366 5124 in
3393 5070 3650 5142 peccatis.

2299 5150 2341 5206 C
2369 5149 2557 5206 Verba
2615 5149 2848 5207 malitia:
2900 5157 3058 5220 sunt,
3107 5159 3174 5211 ut
3221 5156 3370 5229 quis
3423 5160 3558 5232 post
3593 5153 3859 5230 peccatum

2228 5257 2404 5297 suum
2435 5237 2580 5296 falso
2613 5239 2684 5296 ad
2713 5243 3116 5300 excusationes
3137 5246 3478 5321 confugiat,
3499 5246 3636 5320 quia
3661 5253 3863 5300 censue-

2227 5330 2368 5386 tudo
2406 5332 2495 5386 est
2544 5328 2931 5401 peccantium,
2964 5333 3204 5405 quando
3253 5335 3614 5409 deprehensi
3659 5327 3860 5390 fuerint.

2227 5419 2482 5492 primum
2517 5433 2577 5474 se
2612 5417 2810 5491 aliqua
2832 5419 3082 5478 falsitate
3101 5439 3418 5494 excusare,
3445 5429 3504 5484 et
3528 5441 3661 5482 cum
3686 5417 3865 5478 fuerint

2226 5508 2362 5564 inde
2415 5505 2682 5574 convicti,
2723 5507 2868 5565 alias
2919 5517 3239 5570 assumunt
3292 5514 3704 5572 excusationes
3754 5517 3863 5562 cum

2225 5599 2457 5672 peccato
2483 5594 2753 5653 falsitatis
2776 5597 3104 5672 (nequando
3126 5601 3373 5660 veritati
3398 5598 3868 5678 acquiescatinve'
