3986 6164
258 285 370 349 505

1472 286 1893 351 EXPOSITIO
1934 284 2449 351 PSALMORUM.

3543 289 3663 356 506

258 417 509 476 reconda
558 417 945 493 protervitas),
980 417 1152 477 modo
1191 418 1349 477 enim
1399 420 1672 494 tempori,
1728 421 1900 478 modo
1930 420 1985 489 Α
2014 422 2407 479 ﬁrmamenta.
2435 427 2614 481 Secus
2638 420 2934 479 infernum
2961 419 3103 479 dicit
3130 436 3145 479 :
3171 419 3302 480 vide
3340 423 3661 498 proprieta-

257 508 608 581 necessitati,
648 510 822 566 modo
871 508 1002 566 aliis
1054 510 1398 582 imputanda
1429 510 1582 582 puod
1616 515 1858 583 peccant
1890 528 1903 566 :

253 599 357 654 hoc
385 603 585 654 autem
615 598 939 655 maximum
972 597 1178 654 vitium
1200 602 1290 654 est
1311 614 1427 671 quo
1449 598 1719 655 homines
1747 598 1909 655 labo.

256 691 404 743 rant.

250 778 287 833 5
392 777 527 832 Cum
557 777 871 833 hominibus
899 778 1249 850 operantibus
1272 780 1624 851 iniquitatem
1658 796 1670 834 :

390 869 457 922 Et
486 883 595 922 non
626 867 1037 923 communicabo
1066 884 1193 924 cum
1220 868 1405 923 electis
1433 883 1641 923 eorum.

321 955 366 1011 Η
399 955 546 1012 Petit
573 959 631 1011 et
662 954 757 1010 hic
787 955 1140 1028 propheta,a
1169 955 1410 1030 collegio
1439 955 1672 1013 liberari
1701 973 1902 1011 eorum

251 1044 350 1117 qui
382 1047 702 1117 operantur
720 1043 1295 1117 iniquitatem.Sicut
1315 1045 1471 1101 enim
1498 1045 1781 1101 Dominus
1807 1045 1906 1101 ha-

252 1135 348 1190 bet
374 1133 591 1189 electos
620 1149 760 1189 suos
791 1134 1151 1190 sanctoszita
1181 1139 1237 1189 et
1258 1132 1529 1190 diabolus
1561 1134 1737 1189 habet
1756 1134 1903 1191 elec-

255 1229 343 1278 tos
362 1240 525 1290 suos,
550 1222 703 1279 sicut
732 1223 1026 1296 principes
1053 1222 1480 1290 heereticorum,
1507 1222 1607 1295 qui
1631 1225 1783 1295 apud
1812 1241 1906 1280 re-

257 1313 472 1385 probus
495 1312 661 1368 electi
686 1315 970 1385 putantur
991 1330 1004 1367 :
1022 1313 1121 1368 sed
1145 1317 1201 1368 et
1221 1329 1426 1367 omnes
1447 1311 1610 1367 electi
1636 1312 1695 1368 in
1719 1312 1906 1369 scele-

254 1398 752 1469 rc,electi’diaboli
778 1400 1121 1456 dicuntur.C
1140 1403 1209 1458 Et
1230 1400 1677 1457 communicabo
1703 1418 1715 1458 :
1738 1403 1907 1457 refer-

251 1495 348 1545 tur
374 1493 499 1545 tam
548 1489 620 1544 ad
670 1494 979 1561 sperantes
1004 1489 1271 1555 homines
1302 1489 1693 1562 iniquitatem,
1728 1507 1904 1563 quam

256 1579 326 1634 ad
355 1578 575 1635 electos
607 1578 885 1634 eorum.H
914 1579 1016 1635 Vel
1042 1578 1232 1652 prima
1260 1596 1395 1651 pars
1428 1580 1606 1651 hujus
1638 1579 1907 1636 versiculi

249 1667 646 1725 combinanda
674 1673 765 1724 est
796 1685 931 1725 cum
963 1669 1308 1741 praecedenti
1329 1686 1499 1724 versu
1535 1685 1547 1724 :
1584 1674 1647 1725 ut
1668 1669 1746 1725 sit
1776 1686 1906 1725 sen-

246 1775 371 1825 sus,
403 1774 523 1812 non
574 1756 853 1826 declines,
888 1762 1022 1825 etc.,
1055 1758 1128 1814 ad
1176 1758 1559 1825 excusandas,
1602 1762 1737 1826 etc.,
1770 1775 1902 1815 cum
1934 1796 1984 1861 B

245 1846 591 1902 hominibus
623 1845 999 1917 operantibus
1031 1846 1429 1919 iniquitatem.

244 1938 281 1991 6
391 1937 663 2008 Corripiet
689 1951 776 1990 me
796 1935 984 2008 justus
1015 1937 1071 1991 in
1102 1935 1480 1992 misericordia
1507 1944 1559 1992 et
1596 1937 1908 2009 increpabit

470 2042 605 2081 me:

396 2115 599 2171 Oleum
640 2121 695 2180 σέ-
722 2122 905 2170 autem
945 2120 958 2179 ζ
998 2116 1293 2187 peccatoris
1325 2131 1435 2171 non
1464 2115 1769 2187 impinguet
1806 2130 1903 2170 ca-

467 2212 571 2275 put
598 2220 797 2259 meum.

327 2293 368 2349 C
401 2292 688 2366 Prmelegit
723 2292 811 2348 vir
840 2297 1082 2348 sanctus
1104 2294 1401 2365 justorum
1451 2292 1904 2366 increpationes,

263 2381 619 2454 peccantium
655 2380 1091 2437 blandimentis.
1121 2384 1254 2448 Quae
1286 2387 1481 2437 autem
1513 2382 1590 2439 sit
1620 2382 1903 2455 correptio

257 2470 395 2541 justi
427 2469 715 2531 intimavit
747 2470 1033 2537 dicens,in
1068 2470 1494 2527 misericordia:
1517 2471 1795 2543 quoniam
1818 2471 1906 2526 vir

264 2565 493 2615 sanctus
524 2576 639 2615 non
670 2559 726 2614 in
752 2558 840 2614 ira
867 2558 1232 2633 corripit,sed
1268 2577 1370 2633 per
1399 2560 1768 2617 dilectionem
1810 2560 1905 2615 ἰη-

262 2652 450 2720 crepat
483 2666 496 2703 :
533 2646 744 2705 melius
772 2652 860 2704 est
889 2648 1044 2704 enim
1076 2648 1291 2721 corripi
1325 2666 1358 2705 a
1379 2650 1750 2723 justo,quam
1776 2648 1903 2705 lau-

256 2737 379 2792 dari
406 2756 441 2792 a
468 2741 789 2810 peccatore.
818 2736 1021 2794 Oleum
1066 2736 1221 2793 enim
1256 2737 1576 2810 peccatoris
1605 2756 1618 2793 :
1648 2737 1904 2794 adulatio

255 2832 343 2881 est
390 2825 716 2899 deceptoris
759 2829 816 2881 et
865 2825 981 2881 ficti
1014 2826 1253 2893 amoris,
1288 2826 1618 2900 periculosa
1653 2830 1744 2883 est
1765 2827 1906 2883 adu-

256 2913 418 2984 latio,
445 2931 575 2988 qua
605 2914 909 2971 excludere
940 2920 1131 2988 potest
1172 2914 1472 2971 hominem
1504 2933 1538 2969 a
1568 2930 1747 2989 regno
1777 2915 1902 2972 Dei.

258 3005 292 3057 7
401 3005 672 3073 Quoniam
707 3003 884 3059 adhuc
928 3009 985 3069 -ξ-
1010 3012 1062 3059 et
1112 3011 1126 3071 ζ
1168 3006 1344 3061 oratio
1388 3020 1510 3060 mea
1556 3004 1905 3076 beneplacitis

468 3109 679 3150 eorum.

470 3182 725 3256 Absorpti
744 3190 874 3238 sunt
897 3189 1072 3255 petra
1089 3181 1305 3254 judice:
1329 3197 1537 3239 eorum.

278 3338 285 3343 1
335 3272 381 3329 Η
409 3272 693 3336 Quoniam
725 3271 936 3339 adhuc,
971 3276 1081 3327 etc.
1110 3290 1123 3326 ε
1155 3270 1269 3344 ipsi
1297 3271 1356 3327 in
1386 3269 1765 3343 beneplacitis
1788 3270 1913 3328 suis

262 3366 517 3418 manent.
549 3362 668 3434 Ego
697 3365 893 3417 autem
925 3377 1029 3433 pro
1058 3358 1204 3431 ipsis
1250 3359 1491 3416 orabam
1522 3363 1587 3414 ut
1618 3364 1912 3416 converte-

264 3451 531 3507 rentur.C
550 3449 653 3508 Vel
683 3467 747 3507 se
774 3450 967 3506 adhuc
989 3449 1394 3522 imperfectum
1422 3448 1703 3505 ostendit:
1725 3466 1909 3524 quan-

267 3540 339 3595 do
369 3540 585 3596 orando
611 3538 750 3596 talia
782 3539 891 3596 sibi
926 3538 1228 3610 provenire
1260 3538 1552 3610 cupiebat,
1580 3555 1706 3610 quae
1740 3538 1909 3594 malis

264 3634 423 3686 erant
438 3628 900 3702 beneplacita.Et
917 3628 1241 3684 secundum
1267 3627 1522 3699 primum
1546 3626 1908 3683 intellectum

261 3717 525 3774 Christus
556 3734 659 3790 pro
685 3716 939 3773 inimicis
962 3716 1086 3773 suis
1104 3720 1168 3771 ut
1188 3719 1661 3771 converterentur
1677 3716 1907 3772 Patrem

260 3808 475 3865 orebat.
494 3806 764 3880 Absorpti
795 3806 1019 3874 sunt,id
1045 3808 1135 3862 est
1154 3804 1399 3862 convicti
1425 3805 1659 3878 judices
1678 3805 1904 3863 Judan-

258 3915 387 3953 rum
416 3896 643 3954 scilicet
668 3894 754 3951 vel
798 3894 1129 3967 gentilium,
1181 3897 1245 3949 ut
1294 3893 1496 3961 Pilato,
1549 3893 1905 3961 Aristoteles,

258 3987 373 4043 sive
420 3985 853 4053 hazreticorum,
890 3985 1125 4056 quando
1165 3987 1304 4040 sunt
1352 4000 1455 4056 per
1501 3983 1674 4039 fidem
1714 3983 1905 4055 juncti

259 4079 448 4147 petrae,
480 4073 539 4130 id
571 4077 661 4130 est
689 4072 941 4141 Christo,
974 4076 1031 4127 et
1055 4070 1344 4144 segregati
1378 4088 1413 4127 a
1441 4070 1744 4128 diabolo.A
1773 4072 1906 4128 Sive

251 4163 455 4234 juncti,
486 4163 547 4218 id
580 4165 671 4218 est
696 4160 1015 4235 comparati
1046 4177 1059 4214 ε
1086 4160 1254 4216 viden
1266 4163 1362 4215 tur
1390 4160 1548 4216 enim
1571 4159 1905 4233 philosophi

260 4250 474 4325 aliquid
504 4252 697 4308 dicere
714 4268 728 4307 :
749 4252 849 4307 sed
882 4249 1103 4322 scripta
1118 4265 1320 4305 eorum
1340 4252 1677 4322 comparata
1695 4248 1903 4305 divinas

259 4341 569 4415 Scriptura
599 4340 1009 4407 absorbentur,
1043 4337 1192 4393 nihil
1238 4341 1396 4407 sunt,
1448 4342 1505 4394 et
1536 4337 1695 4394 velut
1724 4337 1907 4394 stulta

255 4431 464 4501 jaceat.
738 4486 743 4489 .

260 4522 296 4573 8
391 4519 629 4576 Audient
658 4518 819 4574 verba
847 4533 967 4573 mea
996 4517 1257 4589 quoniam
1283 4523 1580 4589 potuerunt
1604 4534 1616 4572 :

389 4610 548 4666 Sicut
574 4607 874 4664 crassitudo
905 4615 1071 4664 terra
1098 4614 1282 4678 erepta
1313 4609 1394 4661 est
1420 4622 1585 4678 super
1613 4612 1839 4661 terram.

324 4698 363 4753 C
383 4698 575 4754 Verba
604 4713 713 4753 sua
734 4696 805 4752 ab
836 4694 1124 4751 haereticis
1152 4699 1210 4750 et
1227 4694 1492 4766 tyrannis
1515 4693 1656 4749 dicit
1677 4693 1896 4764 audita,

262 4801 377 4857 quae
407 4785 714 4860 praesentis
742 4783 874 4840 libri
907 4788 1101 4841 textus
1129 4782 1423 4856 eloquitur
1450 4783 1711 4855 (quantis
1742 4782 1899 4840 enim

264 4874 315 4930 in
339 4875 421 4933 eis
445 4874 593 4932 locis
623 4874 998 4947 increpantur
1028 4877 1094 4929 ut
1138 4873 1389 4929 debeant
1418 4870 1673 4945 corrigi),
1699 4877 1899 4945 potue-

269 4971 389 5022 runt
415 4981 555 5038 ergo
584 4965 757 5020 toties
788 4962 1074 5019 admoniti
1104 4977 1456 5036 cognoscere
1490 4960 1586 5016 Dei
1634 4960 1897 5017 volunta-

265 5059 388 5111 tem.
415 5053 758 5111 Crassitudo
780 5057 976 5109 autem
1005 5056 1170 5108 terra:
1200 5054 1288 5107 est
1317 5050 1595 5123 superbia
1623 5054 1897 5123 tyranno-

268 5161 402 5213 rum,
434 5161 566 5217 qum
596 5143 977 5217 grassabatur
1007 5142 1065 5196 in
1097 5143 1331 5197 sanctos
1362 5142 1669 5212 martyres.

266 5232 296 5287 9
391 5234 665 5306 Dissipata
692 5239 821 5287 sunt
849 5248 967 5288 ossa
996 5239 1186 5287 nostra
1223 5245 1375 5284 secus
1409 5230 1690 5300 infernum
1730 5231 1901 5301 :quia

462 5322 534 5378 ad
559 5327 632 5394 te,
662 5324 908 5388 Domine,
940 5322 1183 5384 Domine,
1216 5318 1367 5375 oculi
1397 5319 1506 5373 mei
1538 5336 1550 5373 :

390 5416 451 5470 In
478 5416 530 5468 te
552 5412 789 5485 speravi,
822 5427 933 5467 non
962 5412 1186 5483 auferas
1213 5409 1460 5463 animam
1486 5423 1682 5462 meam.

281 5526 295 5541 -
325 5502 363 5558 C
390 5502 678 5575 Martyres
712 5518 725 5557 :
762 5518 897 5557 ossa
926 5498 1188 5566 ﬁdelium
1223 5496 1364 5563 dicit
1394 5512 1521 5553 esse
1550 5496 1835 5569 propheta
1882 5511 1896 5551 :

263 5591 388 5663 quia
414 5594 647 5648 constat
675 5607 775 5648 eos
802 5589 1145 5648 Christianae
1177 5586 1311 5644 ﬁdei
1360 5602 1489 5643 esse
1535 5584 1902 5642 validissima

2014 515 2132 569 tem
2162 515 2615 580 verborum,non
2652 511 2732 568 ait
2762 512 2820 567 in
2852 511 3145 569 infernum
3172 529 3185 567 :
3215 513 3356 585 quia
3385 513 3520 570 licet
3539 531 3662 570 mo-

2017 604 2063 658 ri
2095 603 2391 659 communi
2420 607 2573 660 sorte
2593 601 2919 667 videantur,
2944 605 3139 657 tamen
3170 602 3289 658 vita
3316 601 3435 659 illis
3460 619 3662 660 conce-

2016 692 2175 748 ditur
2198 697 2428 749 asterna.
2452 693 2576 748 Non
2608 691 2838 747 auferas
2870 690 3128 746 animam
3162 691 3604 758 meam,scilicet
3633 711 3668 747 a

2015 782 2186 837 bonis
2226 781 2389 837 tuis:
2421 781 2520 837 sed
2573 797 2706 853 spes
2753 796 2885 835 mea
2931 780 2991 835 in
3040 783 3097 834 te
3145 778 3239 847 sit,
3274 784 3333 835 et
3366 779 3517 837 oculi
3548 780 3665 837 mei

2016 888 2249 943 semper
2277 875 2334 927 te
2361 870 2688 937 intendant,

2018 963 2085 1017 10
2157 960 2384 1017 Custodi
2410 977 2498 1015 me
2525 960 2781 1037 alaqueo
2810 975 2967 1031 quem
2995 965 3307 1014 statuerunt
3334 959 3477 1015 mihi
3506 975 3522 1013 :

2157 1050 2219 1105 Et
2251 1068 2285 1103 (ι
2312 1050 2587 1105 scandatis
2608 1051 2955 1121 operantium
2976 1049 3345 1119 iniquitatem.

2087 1139 2193 1194 Per
2220 1138 2459 1210 laqueos
2490 1143 2548 1194 et
2578 1136 2855 1193 scandala
2879 1154 2892 1191 ε
2916 1137 3096 1193 totius
3126 1136 3331 1192 mundi
3362 1136 3517 1192 mala
3542 1137 3668 1194 bre-

2012 1228 2160 1284 viter
2187 1228 2471 1300 propheta
2498 1226 2835 1299 complexus
2857 1229 2973 1281 est:
2990 1242 3024 1281 a
3054 1225 3270 1298 quibus
3292 1243 3353 1281 se
3376 1225 3668 1299 supplicat

2015 1318 2319 1383 custodiri,
2355 1334 2425 1373 ne
2453 1333 2555 1388 per
2585 1316 2832 1371 insidias
2881 1332 3085 1370 eorum
3139 1315 3329 1387 possit
3376 1315 3587 1387 decipi.
3621 1316 3667 1371 Η

2014 1411 2254 1477 Semper
2285 1403 2458 1460 etiam
2480 1403 2650 1459 nobis
2670 1401 2914 1474 laqueos
2930 1407 3157 1474 ponunt
3177 1402 3469 1458 daemones
3493 1419 3505 1458 :
3530 1402 3670 1458 vitia

2016 1494 2171 1549 enim
2204 1493 2394 1549 vicina
2410 1497 2550 1549 sunt
2569 1492 2975 1547 virtutibus.ln
2997 1490 3367 1563 eleemosyna
3390 1489 3665 1563 laqueum

2016 1587 2241 1654 ponunt
2272 1598 2286 1636 :
2320 1581 2369 1637 si
2402 1586 2467 1637 ut
2495 1580 2690 1637 videar
2721 1580 2888 1636 facio.
2921 1579 3116 1635 Cervis
3161 1584 3461 1651 ponuntur
3503 1579 3667 1646 retia,

2015 1676 2073 1727 et
2100 1671 2287 1727 sancti
2328 1669 2479 1727 cervi
2530 1673 2692 1736 sunt,
2742 1667 2945 1742 spinas
2993 1666 3415 1737 transilientes,
3464 1672 3521 1725 et
3568 1667 3669 1724 alti

2016 1761 2315 1827 cornibus,
2344 1763 2403 1815 et
2432 1762 2732 1831 serpentes
2764 1756 3144 1814 interﬁciunt.

2019 1853 2079 1908 11
2161 1849 2363 1905 Cadent
2392 1850 2452 1903 in
2477 1848 2741 1903 retiaculo
2768 1847 2886 1918 ejus
2910 1850 3217 1918 peccatores
3250 1865 3262 1902 :

2157 1938 2529 2011 Singulariter
2551 1951 2673 1991 sum
2701 1952 2798 2004 ego
2827 1935 2994 1992 donec
3023 1943 3319 1991 transeam.

2087 2029 2128 2084 C
2159 2026 2458 2084 Retiacula
2482 2026 2659 2093 dicta,
2691 2023 2859 2097 quasi
2889 2023 3220 2079 retinentia.
3245 2024 3306 2079 In
3342 2022 3554 2079 diaboli
3589 2040 3670 2079 re-

2015 2117 2231 2174 tiacula
2257 2116 2430 2184 cadit,
2463 2116 2564 2188 qui
2595 2116 2966 2187 peccatorum
2995 2128 3237 2168 suorum
3272 2111 3666 2169 abscisionem

2015 2223 2132 2262 non
2167 2202 2656 2277 facit.Singularis
2689 2201 2911 2274 est,qui
2939 2218 3073 2256 cum
3106 2200 3384 2272 pessimis
3411 2200 3667 2255 homini-

2014 2296 2256 2351 busnon
2269 2288 3001 2355 ambulatcombinatus,id
3016 2293 3103 2345 est
3117 2286 3457 2361 ligatus,qui
3483 2288 3669 2344 Trini-

2015 2387 2193 2440 tatem
2242 2386 2507 2439 sanctam
2550 2397 2736 2436 unum
2781 2384 2964 2434 Deum
3015 2377 3452 2449 confitetur,qui
3501 2394 3668 2450 spem

2014 2489 2182 2528 suam
2208 2472 2267 2527 in
2292 2470 2414 2526 solo
2437 2470 2553 2525 Deo
2577 2468 2961 2540 ponit.Donec
2977 2464 3360 2526 transeam,id
3383 2469 3474 2522 est
3489 2482 3668 2538 quan-

2014 2561 2114 2616 diu
2134 2561 2189 2614 in
2205 2560 2312 2615 hoc
2328 2559 2547 2615 mundo
2573 2559 2735 2613 fuero
2758 2554 3294 2624 commoratus,hoc
3314 2556 3470 2610 enim
3492 2571 3671 2611 saecu-

2012 2648 2136 2704 lum
2159 2647 2311 2705 beati
2336 2647 2495 2704 velut
2512 2647 2739 2703 viantes
2762 2644 3015 2702 transire
3036 2643 3479 2717 dicuntur,quia
3503 2643 3560 2699 in
3578 2643 3665 2715 ip-

2014 2754 2079 2793 so
2120 2754 2236 2792 non
2288 2741 2561 2792 tenentur
2608 2734 2807 2807 aliqua
2845 2732 3051 2789 mundi
3083 2731 3667 2797 delectatione.AVel

2013 2826 2279 2882 Christus
2291 2822 2866 2897 dicit,singularis,id
2877 2828 2965 2878 est
2979 2821 3139 2879 solus
3155 2839 3288 2877 sum
3311 2822 3495 2878 donec
3516 2826 3669 2877 tran-

2015 2915 2262 2985 seam,id
2283 2918 2373 2969 est
2394 2912 2776 2981 moriar,tunc
2798 2911 2954 2968 enim
2967 2928 3101 2967 cum
3114 2927 3363 2983 granum
3388 2910 3666 2966 frumenti

2013 3005 2074 3060 in
2114 3010 2270 3061 terra
2314 3006 2613 3058 mortuum
2663 2999 2857 3065 fuerit,
2887 3016 3004 3055 non
3054 3003 3253 3054 manet
3298 2997 3511 3066 solum,
3563 2999 3664 3053 sed

2017 3091 2272 3149 multum
2304 3091 2559 3147 fructum
2591 3089 2757 3146 atl‘ert
2786 3090 2966 3161 (Joau.
3006 3089 3129 3159 xu),
3158 3086 3297 3159 quia
3325 3085 3494 3143 multi
3525 3103 3666 3158 pos-

1936 3166 1981 3232 C
2019 3187 2114 3238 tea
2143 3179 2518 3237 crediderunt
2542 3181 2599 3234 et
2618 3176 2813 3234 omnis
2842 3180 2997 3232 terra
3025 3174 3270 3232 Christo.

2500 3310 2699 3350 ORATIO
2736 3310 2808 3348 EX
2845 3308 2998 3349 PSAL.
3042 3308 3186 3347 CXLI.

2090 3414 2266 3477 Pone,
2297 3410 2561 3478 Domine,
2594 3408 2919 3465 custodiam
2977 3407 3061 3463 ori
3113 3410 3333 3476 nostro,
3366 3423 3437 3462 ne
3466 3405 3669 3463 inania

2020 3502 2406 3575 proferamus,
2442 3502 2506 3553 ut
2539 3496 2938 3553 misericordia
2966 3502 3068 3552 tua
3092 3495 3442 3568 correpti,ab
3471 3494 3665 3551 omni-

2018 3591 2130 3647 bus
2160 3587 2527 3661 iniquitatem
2561 3584 2855 3659 scandalis
2886 3590 3280 3658 protegamur.
3314 3584 3423 3640 Per
3470 3582 3666 3640 Domi-

2020 3696 2161 3736 num
2196 3682 2459 3734 nostrum
2483 3676 2688 3731 Jesum
2721 3672 3040 3742 Christum,
3074 3677 3184 3730 etc.

2567 3835 2895 3892 PSALMUS
2934 3834 3114 3890 CXLl.

2442 3959 2846 3999 ARGUMENTUM
2888 3958 3042 3997 PSAL.
3086 3957 3229 3995 CXLI.

2085 4077 2126 4125 υ
2153 4069 2415 4126 Christus
2446 4068 2517 4124 ad
2552 4068 2777 4123 Patrem
2812 4063 3217 4132 clamat,dolos
3245 4065 3502 4121 Judaicae
3534 4082 3663 4137 per-

2014 4158 2332 4217 secutionis
2363 4172 2655 4228 exponens
2690 4171 2704 4209 :
2738 4153 3092 4225 liberarique
3121 4169 3184 4208 se
3208 4153 3279 4207 de
3308 4151 3537 4208 inferno
3568 4152 3664 4208 de-

2014 4252 2286 4323 precatur
2338 4264 2350 4302 :
2404 4244 2683 4318 quoniam
2736 4243 3000 4299 omnium
3050 4246 3387 4297 sanctorum
3429 4241 3576 4298 ﬁdes
3606 4240 3666 4296 in

2011 4340 2142 4410 ejus
2172 4333 2597 4392 resurrectione
2628 4332 2938 4405 pendebat.

2048 4427 2165 4482 TT.
2198 4424 2512 4481 Intellectus
2546 4419 2721 4477 David
2748 4436 2875 4474 cum
2897 4427 3033 4475 esset
3061 4421 3115 4474 in
3143 4418 3403 4490 spelunca
3434 4419 3628 4474 oratio.

1934 4537 1978 4601 Ι)
2083 4520 2123 4570 C
2152 4512 2367 4571 Psalmi
2400 4528 2579 4567 causa
2610 4509 2882 4581 praesenti
2913 4506 3086 4601 titulo
3115 4506 3665 4601 continetur.David

2008 4605 2166 4662 enim
2196 4602 2353 4657 titius
2382 4600 2565 4667 Jesse,
2594 4597 2827 4654 Saulem
2854 4596 3179 4670 principem
3221 4595 3391 4671 fugit,
3425 4600 3483 4652 et
3529 4611 3662 4651 cum

2008 4694 2067 4749 in
2099 4691 2381 4766 spelunca
2409 4688 2633 4754 lateret,
2666 4685 2852 4743 oravit
2881 4686 3241 4759 (lReg.xxxv),
3276 4684 3433 4758 quod
3465 4684 3662 4740 Domi-

2009 4798 2153 4838 num
2185 4778 2484 4835 Christum
2518 4775 2576 4830 in
2609 4790 2850 4847 corpore
2881 4778 3013 4830 ante
3044 4772 3376 4846 passionem
3401 4787 3569 4827 suam
3593 4770 3665 4827 si-

2010 4869 2329 4944 gniﬁcabat
2359 4883 2486 4922 esse
2518 4863 2884 4920 facturumll
2918 4862 3203 4928 Quoniam
3226 4860 3383 4915 enim
3406 4859 3466 4914 in
3489 4858 3661 4914 titulo

2009 4958 2248 5032 ponitur
2274 4954 2606 5010 intellectus
2638 4948 3239 5022 David,spiritualiter
3270 4947 3525 5003 ostendit
3549 4946 3661 5002 Da—

2008 5048 2101 5103 vid
2134 5042 2583 5115 intelligendum
2609 5044 2666 5096 et
2690 5036 3151 5111 psalmum.Saul
3182 5036 3363 5109 igitur
3381 5035 3661 5108 spiritua-

2008 5136 2141 5192 liter
2168 5130 2458 5189 diabolus.
2490 5129 2795 5202 Spelunca,
2829 5127 3087 5182 mundus
3137 5129 3227 5180 est
3274 5123 3404 5190 iste,
3435 5125 3493 5178 in
3545 5141 3661 5195 quo

2009 5221 2280 5280 diabolus
2312 5237 2424 5275 non
2460 5217 2725 5272 immittit
2754 5215 2973 5287 aliquid
3000 5213 3269 5280 boni,sed
3302 5212 3490 5268 solum
3512 5218 3660 5269 ster-

2009 5330 2114 5369 cus
2140 5316 2196 5368 et
2226 5308 2550 5384 putridum.
2584 5307 2685 5361 Est
2726 5305 2883 5361 enim
2932 5304 3215 5376 spelunca
3245 5303 3572 5372 tenebrosa,
3605 5306 3663 5357 et

2009 5400 2267 5458 mundus
2298 5397 2408 5452 iste
2441 5393 2784 5449 tenebrosus
2816 5392 3062 5464 peccatis
3093 5396 3312 5460 est,nec
3343 5391 3400 5445 in
3435 5407 3500 5446 eo
3531 5406 3663 5445 san.

2009 5491 2083 5548 cti
2100 5488 2419 5561 perfectum
2440 5482 2640 5538 lumen
2659 5482 3059 5554 habent,quod
3080 5480 3187 5537 erit
3204 5482 3260 5535 in
3275 5479 3387 5536 alio
3414 5478 3656 5542 mundo,

2009 5580 2275 5636 Christus
2303 5578 2499 5631 tamen
2534 5572 2731 5628 lumen
2751 5572 2909 5629 venit
2930 5572 2988 5627 in
3011 5572 3168 5628 hunc
3194 5569 3567 5637 mundum,et
3590 5581 3660 5621 ex
