3986 6164
228 336 340 411 ευρ

1435 348 1857 412 EXPOSlTlO
1899 344 2416 411 PSALMORUM.

3514 344 3636 413 510

226 482 401 542 litatis
432 485 493 541 et
521 479 955 553 misericordiae,
991 497 1116 557 quas
1148 483 1219 541 ad
1250 500 1421 541 aures
1448 483 1677 541 Domini
1737 501 1864 558 pcr-
1896 484 1947 552 Α
1979 480 2248 555 signavit.
2282 480 2445 538 Unde
2474 484 2532 538 et
2563 480 2663 556 qui
2694 481 2967 556 eXpansis
2999 483 3274 543 manibus
3304 489 3451 555 orat,
3471 486 3634 545 illam

226 573 410 630 venire
443 577 764 629 merentur.
798 573 839 629 C
868 572 1094 629 Veritas
1124 572 1280 629 enim
1312 578 1369 629 et
1404 573 1639 646 justitia
1686 574 1874 647 ipsius

223 661 428 737 'est,:ne
457 679 594 717 cum
626 666 870 735 rogante
900 662 1202 735 disceptet,
1238 679 1341 719 nec
1372 664 1441 718 ad
1469 663 1762 734 judicium
1813 662 1876 719 il-

229 752 343 807 lum
372 751 570 806 trahat
594 751 694 823 qui
726 768 787 807 se
816 751 912 807 hic
944 751 1108 824 prius
1126 745 1251 824 ipse
1273 753 1644 809 condemnat.
1668 758 1878 825 Super-

227 842 329 898 bos
359 841 517 896 enim
551 840 832 895 Dominus
864 840 933 896 ad
966 856 1208 896 examen
1241 841 1607 914 adducit,qui
1639 857 1701 897 se
1725 843 1877 899 bona

231 934 434 999 putant
458 929 673 986 habere
703 927 956 1003 negotia.

229 1020 267 1075 2
369 1021 434 1075 Et
458 1035 569 1075 non
599 1021 771 1075 intres
801 1020 857 1074 in
879 1020 1156 1090 judicium
1186 1036 1311 1075 cum
1339 1036 1491 1077 servo
1521 1028 1611 1077 tuo
1645 1037 1657 1076 :

371 1109 513 1178 Quia
542 1124 648 1164 non
678 1110 1081 1180 justiﬁcabitur
1128 1110 1188 1164 in
1232 1118 1513 1182 conspectu
1561 1119 1651 1167 tuo
1699 1113 1877 1169 omnis

442 1200 643 1254 vivens.

300 1287 339 1343 C
368 1288 483 1344 Nec
516 1290 745 1343 moveat
775 1288 929 1361 quod
954 1287 1138 1359 judici
1172 1287 1405 1357 dicitur,
1437 1304 1553 1345 non
1585 1288 1770 1344 intres
1818 1288 1876 1344 in

223 1376 511 1449 judicium
544 1393 677 1432 cum
711 1393 874 1432 servo
900 1380 1022 1433 tuo.
1052 1377 1097 1432 H
1128 1377 1512 1443 Quantumvis
1555 1378 1711 1434 enim
1743 1378 1876 1451 quis

230 1466 305 1522 sit
325 1465 557 1536 justus,
588 1465 914 1538 quamlibet
944 1465 1258 1539 perfectus,
1294 1482 1408 1522 non
1441 1469 1632 1539 potest
1663 1467 1878 1526 intrare

228 1555 596 1627 injudicium
620 1553 993 1626 Domini,nisi
1017 1554 1095 1610 sit
1116 1572 1247 1611 cum
1265 1555 1665 1611 misericordia
1685 1557 1881 1613 condi-

226 1648 374 1712 tum,
409 1642 593 1700 stellae
621 1644 778 1702 enim
819 1660 934 1699 non
984 1648 1125 1700 sunt
1171 1646 1405 1700 mundae
1453 1643 1513 1701 in
1564 1650 1879 1718 conspectu

226 1735 376 1806 ejus.
407 1735 451 1790 C
483 1733 689 1797 Omnis
717 1733 917 1789 vivens
946 1750 1179 1789 omnem
1212 1734 1513 1792 hominem
1563 1735 1877 1808 significat,

227 1821 405 1879 etiam
429 1821 751 1929 qqemlibet
781 1821 1061 1929 infantem
1094 1823 1363 1923 nondum.
1403 1824 1881 1929 baptizatum,‘
1909 1863 1958 1929 Β
1987 1821 2022 1929 ξ

225 1912 335 1968 Job
368 1912 674 1968 ait:Nemo
707 1912 964 1967 mundus
986 1916 1119 1968 ante
1140 1916 1328 1980 te,nec
1350 1913 1543 1968 infans
1567 1913 1742 1969 unius
1765 1914 1879 1968 diei

228 2001 344 2068 (Job
364 2000 490 2073 xv),
522 1999 581 2056 id
610 2004 701 2055 est
730 2016 899 2058 nemo
932 1998 1080 2056 liber
1108 2016 1236 2057 esse
1267 2006 1478 2074 potest,
1512 2002 1625 2058 nisi
1659 2019 1761 2074 per
1791 2002 1878 2058 di-

230 2090 425 2145 vinam
458 2088 726 2163 gratiam.
762 2089 895 2145 Ideo
923 2106 1026 2145 nec
1056 2089 1370 2159 Abraham,
1404 2107 1509 2147 nec
1557 2092 1739 2163 Isaac,
1777 2110 1880 2147 nec

233 2178 411 2234 Jacob
431 2177 918 2249 justificabuntur
946 2178 1006 2233 in
1038 2184 1350 2253 conspectu
1383 2180 1507 2236 Dei.

236 2270 271 2323 3
370 2276 423 2334 ξ.
446 2268 589 2335 Quia
626 2277 643 2334 ζ
683 2276 993 2341 persecutus
1010 2277 1087 2324 est
1118 2270 1378 2325 inimicus
1406 2271 1652 2326 animum
1672 2288 1877 2327 meum:

375 2357 699 2413 Humiliavit
731 2359 787 2411 in
820 2364 966 2413 terra
1000 2358 1168 2413 vitam
1189 2374 1387 2414 meam.

303 2446 353 2501 Ἡ
374 2448 412 2502 (1
433 2445 1009 2512 Inimicus,diabolus
1029 2446 1128 2519 qui
1152 2448 1525 2521 persequitur
1553 2448 1881 2506 humanum

240 2548 441 2608 genus.
473 2536 515 2591 C
548 2535 900 2591 Humiliatur
917 2539 1112 2592 autem
1135 2537 1194 2592 in
1216 2541 1390 2605 terra,
1424 2539 1594 2610 cujus
1624 2539 1745 2595 vita
1764 2555 1885 2595 car-

244 2624 466 2680 nalibus
510 2623 992 2681 delectationibus
1036 2624 1337 2699 polluitur,
1389 2643 1505 2683 non
1554 2627 1885 2685 humilitate

230 2710 547 2786 probabili,
581 2715 684 2771 sed
715 2714 1101 2770 declinatione
1130 2715 1357 2772 vitiosa.

246 2803 275 2857 4
384 2803 673 2859 Collocavit
700 2820 789 2859 me
816 2805 877 2858 iu
908 2804 1146 2861 obscuris
1173 2807 1314 2862 sicut
1340 2811 1581 2863 mortuos
1609 2808 1801 2866 saeculi
1834 2824 1848 2862 :

450 2901 503 2949 et
530 2894 791 2949 anxiatus
820 2898 899 2949 est
928 2896 991 2949 in
1018 2906 1104 2949 me
1132 2895 1359 2967 spiritus
1388 2912 1539 2952 meus
1572 2913 1585 2952 :

385 2984 445 3038 In
472 2994 560 3037 me
588 2982 861 3038 turbatum
890 2990 969 3039 est
996 2996 1089 3039 cor
1116 3000 1318 3040 meum.

315 3070 365 3127 Η
393 3070 762 3127 Collocantur
791 3071 850 3126 in
882 3070 1203 3129 tenebrosis
1236 3071 1402 3129 iactis
1435 3077 1786 3146 peccatores,
1836 3080 1893 3130 et

245 3166 383 3215 sunt
412 3161 628 3216 mortui
654 3160 871 3215 stabuli.
903 3160 1017 3216 Sed
1072 3169 1200 3217 sunt
1257 3162 1410 3217 sicut
1464 3162 1701 3232 mortui,
1747 3164 1890 3219 dum

242 3248 518 3322 penitere
568 3246 892 3322 incipiunt;
942 3249 1204 3305 nondum
1258 3249 1415 3305 enim
1465 3257 1731 3308 mortuus
1777 3257 1886 3322 est,
1918 3236 1962 3305 C

243 3339 384 3411 quia
412 3339 470 3393 in
502 3338 846 3410 poenitentia
875 3343 1011 3395 stat.
1034 3340 1091 3393 Si
1117 3337 1250 3410 quis
1277 3344 1469 3395 autem
1505 3357 1750 3414 peccans
1772 3358 1887 3399 non

245 3427 367 3501 agit
391 3427 815 3501 paenitentiam,
847 3427 941 3483 hic
974 3431 1241 3485 mortuus
1283 3430 1371 3485 est
1419 3428 1637 3498 smculi,
1668 3433 1726 3485 et
1773 3447 1888 3486 non

248 3517 397 3573 sicut
430 3520 723 3585 mortuus,
758 3517 859 3573 sed
890 3517 1180 3589 perfectus
1238 3522 1525 3587 mortuus,
1556 3519 1888 3592 usquedum

250 3622 361 3661 non
389 3604 572 3679 egerit
600 3605 1024 3679 pmnitentiam.
1048 3606 1330 3663 Anxiatus
1358 3612 1447 3664 cst
1479 3608 1891 3681 spiritus,quia

248 3694 524 3768 scriptum
556 3697 688 3752 est:
724 3694 1005 3752 si’Solum
1066 3695 1452 3768 suspiraveris
1509 3699 1581 3754 de
1638 3697 1891 3770 peccatis

248 3784 380 3852 tuis,
395 3784 593 3842 salvus
622 3784 1099 3842 eris.'l"urbatum
1130 3789 1219 3841 est
1243 3802 1360 3853 cor,
1384 3786 1442 3842 id
1471 3791 1559 3843 est
1588 3787 1887 3843 conscien-

247 3872 329 3930 tia
358 3890 503 3943 mea,
539 3872 678 3947 quia
706 3874 1004 3948 peccaviLC
1031 3873 1154 3939 Vel,
1179 3874 1448 3932 anxiatus
1478 3876 1886 3949 spiritus,vici-

247 3961 484 4021 nitatem
516 3962 757 4037 periculi
788 3963 1027 4020 indicat.
1062 3964 1128 4021 Et
1164 3963 1465 4021 turbatum
1510 3982 1630 4036 cor,
1680 3966 1890 4023 huma-

247 4069 378 4108 nam
398 4053 748 4127 sapientiam
800 4057 1046 4109 testatur
1092 4053 1678 4129 confusam,utspem
1720 4074 1889 4114 suam

248 4141 318 4198 de
343 4146 546 4200 caetero
576 4142 636 4198 in
670 4142 913 4199 Domino
944 4147 1185 4215 poneret
1215 4160 1349 4200 cum
1388 4143 1600 4202 virium
1646 4164 1890 4204 suarum

249 4231 656 4289 conﬁdentiam
688 4248 804 4288 non
833 4230 1091 4288 haberet.

248 4321 285 4376 5
381 4325 601 4379 Memor
626 4323 714 4393 fui
739 4320 953 4395 dierum
1001 4322 1378 4393 antiquorum,
1428 4323 1715 4381 meditatus
1768 4343 1893 4383 sum

454 4414 517 4467 in
544 4412 797 4467 omnibus
827 4411 1078 4483 operibus
1107 4411 1215 4466 tuis
1249 4428 1261 4466 :

388 4499 445 4554 1η
470 4501 636 4573 factis
664 4516 933 4555 manuum
964 4504 1189 4555 tuarum
1216 4500 1543 4559 meditabar.

1984 587 2216 628 crucem
2250 570 2653 645 Redemptoris
2685 572 2973 629 imitatur.
2993 573 3303 643 Quae,licet
3332 595 3367 634 a
3396 580 3636 651 perfidis

1982 661 2202 719 Judazis
2228 662 2364 716 data
2395 665 2484 717 est
2502 661 2730 718 Christo
2752 663 2825 718 ad
2857 680 3108 736 pcenam,
3133 669 3327 723 tamen
3360 684 3639 726 concessa

1983 753 2073 808 est
2104 750 2477 806 credentibus
2510 751 2581 805 ad
2630 750 2902 809 salutem.
2937 754 3214 827 Sequitur
3257 759 3633 830 comparatio,

1982 838 2043 896 in
2076 856 2194 909 qua
2223 840 2365 895 dicit
2399 858 2411 895 :
2449 840 2529 896 sic
2562 841 2822 897 animam
2854 860 3023 900 suam
3056 845 3388 902 desiderare
3428 845 3632 912 Deum,

1985 945 2161 1002 quem
2191 929 2510 984 admodum
2544 929 2700 986 sicca
2728 935 2883 987 terra
2912 933 3177 1005 copiosas
3208 933 3454 1006 pluvias.
3487 936 3639 993 Dicit

1984 1016 2140 1074 enim
2178 1017 2297 1083 tibi,
2334 1017 2557 1074 scilicet
2586 1037 2700 1075 non
2730 1020 2919 1086 alteri,
2946 1020 3079 1078 talis
3109 1028 3197 1079 est
3239 1025 3435 1080 anima
3481 1043 3634 1098 mea,

1986 1107 2043 1163 id
2074 1110 2163 1165 est
2194 1106 2301 1163 soli
2331 1108 2447 1163 Deo
2479 1107 2684 1164 sitiens
2710 1109 2973 1166 inhzeret.

1982 1212 2019 1268 7
2130 1214 2386 1271 Velociter
2412 1215 2618 1272 exaudi
2644 1233 2749 1283 me,
2780 1219 3007 1275 Domine
3034 1236 3046 1273 :

2127 1303 2328 1375 Dcfecit
2355 1302 2585 1377 spiritus
2614 1322 2785 1362 meus.

2057 1413 2096 1464 C
2127 1410 2276 1465 Petit
2298 1410 2410 1465 sibi
2442 1412 2725 1483 paenitens
2770 1414 2879 1468 iste
2928 1412 3177 1471 imbrem
3224 1417 3635 1477 misericordia)

1985 1496 2286 1555 celerrime
2316 1499 2647 1566 subvenire,
2678 1504 2735 1556 et
2765 1505 2831 1558 ut
2860 1501 3115 1560 velocius
3148 1507 3434 1577 potuisset
3471 1508 3639 1565 audi-

1986 1586 2055 1652 ri,
2089 1588 2369 1644 defecisse
2394 1587 2536 1644 dicit
2566 1590 2624 1644 in
2669 1607 2729 1645 se
2762 1592 3033 1664 spiritum
3084 1611 3281 1650 suum.
3334 1599 3497 1662 Quod
3548 1599 3640 1655 his

1987 1677 2291 1749 contingit,
2327 1678 2425 1750 qui
2456 1678 2798 1750 passionum
2829 1681 3193 1740 diversarum
3226 1687 3481 1757 pondere
3503 1705 3642 1760 pra)-

1987 1770 2326 1839 gravantur.

2130 1874 2247 1929 Non
2278 1882 2486 1931 avertas
2516 1878 2717 1946 faciem
2745 1885 2898 1932 tuam
2927 1897 2960 1934 a
2991 1896 3078 1935 me
3104 1900 3125 1934 .·

2132 1963 2196 2017 Ει
2220 1964 2427 2020 similis
2449 1980 2540 2021 ero
2568 1965 3011 2024 descendentibus
3045 1970 3102 2025 in
3132 1970 3335 2027 lacum.

2061 2068 2102 2123 C
2133 2068 2410 2125 Convenit
2439 2070 2595 2127 enim
2650 2071 3059 2130 misericordiae
3091 2076 3214 2142 Dei,
3271 2083 3333 2133 ut
3390 2078 3642 2135 humiles

1990 2157 2263 2229 respiciat
2294 2159 2393 2231 qui
2427 2161 2812 2233 superborum
2860 2164 3033 2219 corda
3084 2166 3425 2222 contemnit.
3458 2169 3642 2225 Lacus

1993 2245 2086 2301 hic
2116 2247 2409 2304 infernum
2442 2248 2751 2322 significat.
2788 2252 2934 2307 Petit
2960 2268 3117 2325 ergo,
3153 2270 3222 2309 ne
3255 2256 3525 2328 superbis
3565 2258 3642 2312 si-

1992 2334 2150 2391 milis
2181 2336 2303 2403 tiat,
2331 2338 2429 2410 qui
2462 2338 2556 2394 hic
2588 2344 2826 2412 peccata
2870 2358 2977 2397 sua
3022 2342 3306 2415 deplorat,
3337 2345 3641 2416 quoniam,

1992 2424 2041 2481 si
2069 2424 2183 2480 illis
2214 2424 2428 2483 similis
2462 2428 2580 2497 fiat,
2610 2429 2827 2501 pariter
2858 2447 3091 2504 quoque
3122 2448 3256 2488 cum
3286 2432 3372 2489 eis
3400 2434 3644 2492 descen-

1992 2514 2090 2569 det
2120 2514 2177 2570 in
2208 2514 2420 2571 lacum.

1991 2620 2027 2675 9
2064 2684 2067 2685 ν
2135 2622 2391 2679 Auditum
2416 2626 2506 2696 [ac
2533 2626 2678 2681 mihi
2708 2644 2866 2684 nume
2893 2626 3327 2687 misericordiam
3356 2639 3507 2688 tuam
3538 2648 3551 2687 :

2210 2712 2352 2781 Quia
2382 2716 2442 2769 in
2472 2722 2521 2770 te
2547 2718 2782 2788 speravi.

2069 2836 2109 2890 C
2138 2835 2414 2894 Auditum
2448 2838 2930 2911 misericordiam,
2965 2842 3336 2903 clementiam
3375 2845 3517 2902 dicit
3548 2847 3646 2904 Dei

1998 2927 2121 2980 toto
2151 2926 2289 2981 orbe
2320 2926 2711 2997 notissimam,
2746 2947 2863 3004 qua
2909 2933 3384 3007 supplicantibus
3412 2939 3648 3008 praestat

2000 3016 2057 3067 et
2084 3012 2349 3088 indulget
2377 3016 2633 3073 afﬂictis.
2667 3018 2855 3086 Mane,
2893 3023 3123 3093 tempus
3151 3023 3329 3079 veniae
3356 3025 3646 3098 designat;

2000 3118 2138 3157 nam
2170 3107 2301 3174 post
2320 3108 2547 3162 noctem
2579 3105 2948 3179 peccﬁorum
2979 3108 3184 3167 merito
3212 3128 3387 3169 mane
3413 3112 3648 3181 dicitur,

2001 3192 2236 3263 quando
2265 3192 2438 3266 culpa
2464 3193 2968 3253 laxatur.Causam
3000 3216 3233 3273 quoque
3261 3201 3651 3258 exauditionis

2000 3279 2182 3348 addit,
2217 3281 2355 3354 quia
2386 3282 2444 3337 in
2475 3287 2550 3351 te,
2585 3284 2685 3356 qui
2719 3290 3049 3358 sperantem
3080 3289 3346 3362 decipere
3377 3307 3490 3347 non
3542 3308 3648 3365 po-

1998 3370 2103 3438 tes,
2158 3370 2405 3442 speravi.
2466 3372 2589 3440 Vel,
2650 3390 2840 3444 mane,
2900 3379 3133 3451 tempus
3203 3380 3648 3444 resurrectionis

1998 3457 2213 3516 Christi
2246 3461 2521 3518 ostendit.

2000 3583 2069 3639 10
2140 3584 2337 3642 Notam
2361 3590 2452 3659 [ac
2477 3591 2621 3647 mihi
2650 3608 2795 3648 vtam
2828 3595 2888 3649 in
2916 3597 3015 3667 qui
3039 3595 3315 3653 ambulem
3348 3615 3362 3653 :

2142 3674 2284 3742 Quia
2312 3677 2382 3733 ad
2410 3684 2467 3734 te
2496 3680 2675 3737 levavi
2702 3684 2951 3739 animum
2979 3701 3179 3741 meam.

2069 3798 2110 3853 C
2140 3798 2285 3855 Cum
2315 3818 2350 3857 a
2379 3803 2492 3858 Deo
2524 3804 2665 3878 petit
2697 3806 2808 3863 sibi
2839 3807 2991 3867 viam
3027 3813 3222 3866 notam
3249 3809 3655 3876 fieri,ostendit

2000 3890 2154 3962 quod
2187 3891 2307 3947 haec
2336 3892 2429 3948 via
2458 3892 2795 3952 hominibus
2849 3896 3097 3955 habetur
3145 3899 3459 3972 incognita.
3490 3899 3651 3956 Illius

1998 3977 2157 4035 enim
2189 3979 2428 4037 lucerna
2457 3986 2514 4038 et
2542 3983 2740 4041 lumen
2773 3985 2881 4042 hoc
2912 3987 3022 4043 iter
3060 3990 3336 4061 ostendit,
3369 3989 3469 4062 qui
3516 3989 3651 4045 illu-

2001 4068 2188 4124 minat
2216 4085 2451 4126 omnem
2482 4071 2801 4142 hominem,
2829 4075 2982 4131 sicut
3001 4076 3272 4148 superius
3304 4076 3468 4133 dixit.
3487 4076 3653 4134 Intel-

1998 4157 2214 4214 lectum
2243 4159 2350 4215 tibi
2383 4160 2553 4230 dabo,
2584 4166 2643 4218 et
2691 4161 2977 4219 instruam
3028 4168 3084 4219 te
3133 4164 3193 4219 in
3242 4164 3335 4220 via
3379 4164 3487 4221 hac
3537 4183 3654 4238 qua

2000 4248 2304 4321 gradieris.
2334 4249 2521 4320 Rogat
2549 4267 2686 4325 ergo
2714 4251 3024 4325 Propheta,
3057 4256 3122 4310 ut
3148 4254 3202 4311 ei
3242 4253 3393 4310 viam
3443 4253 3651 4313 salutis

2002 4337 2274 4393 ostendat
2302 4341 2360 4394 et
2387 4336 2471 4395 sic
2503 4342 2697 4396 notam
2729 4358 2963 4415 semper
3012 4342 3241 4408 habeat,
3290 4359 3362 4399 ne
3400 4343 3472 4400 de
3521 4345 3652 4416 ejus

2001 4426 2176 4483 corde
2204 4425 2517 4500 aliquando
2540 4429 2820 4487 discedat.
2843 4432 2911 4488 Et
2929 4432 3201 4490 subditur
3215 4433 3496 4491 solemnis
3521 4450 3652 4491 con-

2002 4516 2199 4585 fessio,
2230 4517 2369 4590 quia
2398 4518 2469 4574 ad
2502 4523 2575 4588 te,
2607 4523 2717 4575 etc.
2752 4518 2899 4578 Illud
2931 4522 3087 4579 enim
3121 4540 3227 4580 nos
3259 4522 3554 4597 postulata
3573 4522 3653 4581 fa-

321 4589 543 4646 (ἶιῖυεῐθ
562 4589 809 4679 θριδθᾱυε
830 4588 1644 4679 fueratturbatummuoniam
1668 4612 1896 4652 memor
1924 4610 1970 4679 1)
2002 4607 2083 4663 cit
2111 4588 2341 4677 mereri,
2376 4608 2427 4664 si
2458 4608 2719 4665 animam
2752 4614 3014 4669 nostram
3048 4628 3161 4669 non
3194 4588 3548 4672 inclinemus
3577 4614 3649 4671 ad

259 4682 370 4734 erat
396 4676 724 4753 ingentium
755 4682 1123 4750 peccatorum
1146 4678 1430 4751 priorum.
1448 4680 1565 4754 Ipsi
1589 4683 1745 4739 enim
1769 4684 1892 4742 dies

259 4765 491 4841 antiqui,
525 4771 666 4823 sunt
694 4767 905 4824 veteris
926 4766 1094 4823 illius
1124 4767 1382 4824 hominis
1409 4771 1755 4844 antiquitate
1776 4774 1896 4830 l'us-

260 4857 379 4912 cati.
408 4856 597 4930 Opera
621 4852 852 4913 Domini
883 4856 1042 4929 dicit,
1075 4856 1293 4930 quibus
1318 4857 1529 4915 ccelum
1561 4865 1894 4937 terramque

260 4942 545 5015 fundavit;
577 4945 926 5019 patriarcbis
956 4947 1110 5003 bona
1154 4947 1307 5017 fecit,
1359 4952 1416 5003 et
1460 4949 1741 5022 populum
1791 4970 1894 5025 per

261 5050 403 5092 mare
430 5033 733 5092 transtulit
758 5034 1293 5102 Hebraeorumﬂua:
1315 5054 1378 5094 se
1398 5036 1539 5094 dicit
1560 5039 1895 5113 frequenter

259 5120 485 5182 iterass'e
518 5124 802 5181 memoria
830 5129 887 5183 et
914 5125 1181 5194 lectione,
1216 5130 1281 5181 ut
1310 5125 1639 5185 excluderet
1675 5131 1891 5187 amari-

263 5211 508 5270 tudinem
541 5215 746 5271 mundi
778 5215 1034 5270 suavitas
1065 5214 1353 5272 lectionis.
1379 5217 1540 5283 Quod
1563 5219 1894 5293 exemplum

262 5318 351 5374 pro
374 5303 631 5361 maximo
677 5305 935 5361 remedio
984 5305 1242 5377 positum
1290 5306 1620 5377 credamus,
1672 5313 1736 5365 ut
1787 5327 1893 5368 nos

263 5407 475 5467 quoque
505 5390 716 5449 similis
745 5392 932 5465 possit
962 5391 1249 5448 medicina
1278 5390 1522 5449 salvare.

260 5479 289 5533 6
384 5481 640 5556 Expandi
666 5499 862 5538 manus
893 5497 1038 5538 meas
1068 5481 1137 5537 ad
1166 5490 1218 5537 te
1250 5499 1262 5536 :

382 5572 585 5627 Aniina
610 5588 731 5628 mea
758 5573 901 5628 sicut
928 5578 1077 5628 terra
1104 5572 1225 5627 sine
1254 5587 1399 5643 aqua
1428 5571 1548 5628 tibi.
1576 5573 1819 5646 Diapsal.

318 5658 355 5714 ϐ
381 5661 485 5719 Hic
514 5661 847 5719 extensione
869 5670 1175 5729 manuum,
1190 5658 1494 5717 Christum
1515 5658 1574 5716 in
1600 5679 1767 5720 cruce
1798 5665 1891 5723 de-

2004 4698 2312 4766 mundum,
2346 4699 2447 4755 sed
2480 4715 2711 4772 semper
2740 4700 2998 4759 levemus
3028 4702 3100 4759 ad
3135 4708 3338 4760 Deum.

2004 4824 2064 4880 11
2143 4826 2305 4898 Eripe
2332 4842 2418 4882 me
2440 4825 2507 4883 de
2536 4826 2777 4883 inimicis
2804 4829 2959 4894 meis,
2986 4828 3210 4883 Domine
3232 4827 3304 4883 ad
3333 4834 3386 4883 te
3407 4829 3647 4899 confugi:

2212 4914 2340 4972 doce
2362 4931 2448 4971 me
2469 4918 2650 4988 facere
2678 4917 3008 4972 voluntatem
3038 4924 3191 4972 tatam
3222 4931 3235 4971 :

2143 5007 2292 5079 Quia
2321 5005 2461 5060 Deus
2490 5020 2642 5060 meus
2672 5020 2822 5059 meus
2844 5021 2898 5059 es
2927 5013 2988 5059 tu
3025 5011 3038 5070 ζ
3086 5046 3098 5058 .

2070 5129 2111 5184 C
2144 5127 2368 5184 Inimici
2398 5129 2584 5184 nostri
2617 5132 2755 5183 sunt
2783 5128 3077 5185 daemones
3110 5146 3123 5184 :
3161 5128 3259 5202 qui
3284 5129 3508 5203 ju‘giter
3536 5130 3653 5187 cir-

2003 5219 2284 5275 cumdant
2315 5216 2605 5284 ﬁdeles,ut
2633 5215 2717 5273 eis
2747 5217 2975 5290 possint
3004 5235 3169 5291 spem
3202 5218 3525 5276 divinitatis
3547 5238 3651 5277 au-

2005 5308 2171 5365 ferre.
2205 5308 2289 5364 Ad
2322 5324 2456 5363 eum
2488 5305 2772 5380 confugit,
2805 5308 2905 5379 qui
2937 5308 3065 5380 ejus
3087 5308 3465 5381 jussionibus
3512 5310 3653 5366 obe-

2004 5399 2110 5454 dit.
2142 5398 2294 5454 Doce
2324 5414 2416 5453 me
2450 5395 2722 5453 :nolebat
2778 5414 3020 5470 prorsus
3074 5415 3287 5466 errare,
3348 5398 3450 5472 qui
3507 5399 3650 5455 tanti

2005 5486 2271 5562 magistri
2303 5486 2574 5558 cupiebat
2600 5502 2728 5543 esse
2751 5485 3098 5560 discipulus,
3130 5492 3187 5543 et
3212 5489 3339 5561 ejus
3368 5487 3653 5544 voluntati

2006 5572 2259 5634 obedire.
2292 5574 2626 5632 Etcausam
2671 5579 2727 5631 et
2782 5576 3068 5633 rationem
3127 5577 3311 5646 addit,
3373 5576 3651 5648 quoniam

2006 5672 2159 5724 Deus
2190 5682 2356 5723 meus
2385 5682 2448 5722 es
2482 5682 2494 5721 :
2527 5664 2656 5722 ideo
2679 5667 2839 5739 juste
2870 5684 2904 5725 θ,
2930 5664 3387 5725 clementissimo
3412 5668 3467 5720 te
3498 5666 3649 5735 peto.
