3986 6164
457 291 573 354 5H

463 428 530 484 12
598 426 840 495 Spiritus
867 433 993 482 tuus
1023 423 1192 481 bonus
1215 421 1438 480 dcaucct
1465 440 1554 481 me
1583 425 1644 480 in
1671 432 1820 482 terra
1848 429 2031 482 recta:

601 517 829 590 Propter
855 531 1052 573 nomen
1079 521 1256 582 tuum,
1306 515 1552 582 Domine,
1601 515 1902 587 viviﬁcabis
1932 531 2019 571 me
2049 516 2109 572 in

670 607 935 679 aequi/ate
961 613 1075 672 tua,

529 699 574 753 A
605 697 645 754 C
675 695 928 768 Spiritus
956 695 1146 750 bonus
1181 709 1194 750 :
1227 692 1570 766 designatur
1599 710 1702 766 per
1731 692 1837 749 hoc
1870 709 2104 762 nomen,

457 787 642 844 Deum
671 801 798 841 esse
830 781 1113 856 Spiritum
1148 786 1458 850 sanatum;
1492 781 1774 855 scriptum
1807 786 1896 837 est
1925 782 2105 838 enim:

456 877 636 932 Nemo
669 875 880 937 bonus,
915 872 1026 928 nisi
1061 871 1223 928 solus
1253 872 1408 928 Deus
1439 871 1644 943 (Matth.
1678 871 1818 942 xxx).
1844 871 2027 945 Igitur
2056 871 2106 928 si

453 964 706 1038 Spiritus
729 966 968 1019 sanctus
994 954 1186 1016 heims
1211 959 1425 1016 dicitur
1446 961 1622 1028 Deus,
1642 961 1971 1016 necessario
1993 962 2102 1017 est.

453 1055 494 1112 C
524 1052 628 1118 Qui
662 1069 768 1108 nos
801 1051 1034 1107 deducit
1067 1051 1123 1105 in
1169 1053 1325 1105 terra
1374 1053 1526 1104 recta
1563 1065 1576 1105 :
1625 1049 1858 1121 quando
1891 1065 2106 1122 corpus

454 1147 718 1200 nostrum
753 1139 876 1197 suis
908 1139 1123 1212 regulis
1154 1139 1373 1194 subdit.
1407 1137 1511 1194 \‘el
1545 1141 1696 1193 terra
1725 1141 1883 1194 recta
1913 1141 2003 1193 est
2045 1137 2104 1193 in

454 1233 648 1288 future
681 1228 915 1296 sreculo,
947 1227 1046 1282 ubi
1080 1226 1218 1282 recti
1251 1225 1662 1282 ainbulabunt.
1715 1225 1956 1298 Propter
1995 1242 2104 1281 no-

453 1338 586 1378 men
618 1321 1094 1385 tuum,ctc.,nam
1119 1313 1610 1388 quamvis,omnia
1633 1315 1815 1388 gratis
1837 1313 2105 1370 Christus

453 1410 627 1466 donet
653 1427 664 1464 :
687 1407 932 1480 justitia-
959 1405 1142 1476 ipsius
1167 1407 1255 1459 est
1277 1402 2016 1476 supplieantesjustilicarc
2049 1407 2105 1460 et

450 1497 760 1554 vivificare.
795 1496 928 1551 Ideo
961 1511 1075 1550 non
1105 1492 1248 1548 dicit
1277 1493 1335 1548 in
1362 1492 1633 1565 aequitate
1655 1510 1804 1560 mea,
1829 1493 1931 1549 sed
1962 1497 2099 1550 tua:

455 1585 592 1659 quia
622 1601 737 1640 non
771 1581 994 1638 meritis
1025 1581 1192 1649 meis,
1226 1581 1327 1636 sed
1360 1580 1617 1637 nominis
1649 1581 1861 1638 Christi
1893 1581 2102 1657 gratia.

459 1677 522 1732 13
595 1673 797 1730 Eduees
826 1671 890 1728 de
920 1672 1273 1728 tribulatione
1295 1671 1542 1726 animam
1573 1686 1780 1726 meam:

593 1765 668 1819 Et
697 1765 755 1818 in
779 1760 1165 1818 misericordia
1194 1768 1291 1815 tua
1318 1758 1590 1831 disperdes
1638 1761 1893 1816 inimicos
1937 1776 2099 1816 meos.
2133 1802 2181 1868 Β

593 1853 670 1868 π.
843 1853 854 1868 .
1774 1849 1829 1868 μ-

525 1857 564 1908 C
592 1853 938 1908 Educentur
963 1851 1035 1905 de
1057 1847 1431 1904 tribulatione
1461 1853 1742 1922 tanquam
1767 1849 1837 1920 d_e
1867 1849 2106 1905 carceri-

452 1943 564 1998 bus
594 1944 807 1998 sanctac
835 1939 1044 1994 animae
1077 1956 1090 1995 :
1125 1940 1359 2010 quando
1391 1955 1668 1995 concessa
1695 1937 1864 1994 venia
1891 1939 1964 1994 de
1990 1937 2103 1996 isto

453 2029 664 2088 saculo
696 2028 793 2086 ubi
828 2027 1204 2096 tribulantur,
1237 2016 1658 2100 prmcipiuntur
1686 2027 1860 2084 exire.
1895 2027 1958 2084 In
1992 2027 2101 2083 mi-

452 2118 769 2178 sericordia
795 2121 988 2174 autem
1007 2115 1428 2190 disperduntur
1447 2115 1699 2172 inimici:
1725 2117 1961 2190 quando
1985 2120 2106 2174 stu-

452 2211 548 2268 dio
569 2206 1038 2282 compunctionis
1059 2207 1130 2262 de
1150 2205 1449 2263 sceleratis
1498 2205 1952 2280 cogitationibus
1999 2207 2101 2263 ab-

452 2299 831 2366 strahuntur;
865 2297 1022 2370 quod
1054 2297 1126 2352 ad
1158 2295 1294 2352 illos
1325 2295 1598 2368 pertinet,
1629 2293 1730 2368 qui
1760 2312 1963 2368 pcenas
2001 2297 2102 2352 de-

450 2388 603 2446 bitas
635 2385 889 2445 remedio
921 2383 1365 2458 supplicationis
1387 2385 1662 2441 evadunt.

453 2478 519 2534 14
591 2479 657 2534 Et
681 2475 872 2550 perdes
909 2491 1091 2532 omnes
1145 2477 1244 2548 qui
1273 2475 1544 2531 tribulant
1597 2475 1842 2530 animam
1891 2489 2097 2530 meam:

594 2567 862 2635 Quoniam
889 2581 987 2635 ego
1017 2580 1206 2620 servus
1235 2572 1357 2620 laus
1375 2581 1520 2619 sum.
1993 2611 2000 2616 .

403 2673 410 2679 ‘
519 2661 560 2712 C
580 2655 682 2712 Hic
699 2653 844 2711 dicit
863 2670 992 2711 esse
1014 2654 1340 2726 perdendos
1367 2651 1663 2709 diabolum
1688 2655 1744 2708 et
1771 2665 1978 2708 omnes
2000 2650 2104 2706 im-

452 2745 610 2819 pios;
642 2743 702 2800 in
726 2743 922 2800 futuro
945 2741 1299 2815 judicio,qui
1331 2740 1388 2797 in
1418 2758 1528 2797 sua
1556 2739 1950 2797 obstinatione
1980 2755 2103 2796 mo-

449 2833 700 2890 riunlur.
735 2831 822 2888 Illi
852 2829 1212 2888 tribulabant
1242 2830 1406 2905 prius
1427 2831 1624 2902 justos
1653 2827 1975 2902 viros,quia
2001 2845 2102 2886 eos

449 2920 702 2979 famulos
733 2919 836 2978 Dei
867 2937 997 2978 esse
1027 2920 1312 2978 nocebant
1344 2937 1357 2976 :
1390 2924 1448 2976 et
1474 2935 1708 2976 necesse
1737 2922 1827 2974 est
1872 2916 2008 2974 illos
2039 2917 2100 2973 in

437 3010 664 3085 judicio
695 3009 905 3084 perire,
929 3009 1030 3084 qui
1060 3009 1401 3066 innocentes
1420 3009 1576 3066 viros
1608 3008 1736 3064 ideo
1767 3022 2098 3082 persquun-

445 3103 562 3171 tur,
596 3100 738 3175 quia
766 3099 868 3158 Dei
899 3117 1028 3157 csse
1058 3098 1310 3156 famulos
1339 3101 1718 3172 cognoscunt.

907 3224 1111 3264 ORATIO
1147 3225 1220 3262 EX
1259 3222 1416 3263 PSAL.
1457 3221 1626 3262 CXLII.

514 3319 670 3372 Deus
695 3316 796 3388 qui
819 3314 1169 3371 matutinam
1191 3329 1370 3370 sacrae
1391 3310 1835 3370 resurrectionis
1855 3315 1968 3366 tua:
1991 3327 2097 3368 au-

443 3398 629 3460 ditam
661 3403 849 3460 fecisti
868 3402 1326 3474 jucunditatem,
1341 3418 1477 3458 cum
1499 3418 1568 3457 ex
1589 3401 1818 3460 inferno
1840 3400 2093 3469 rediens,

441 3491 680 3566 replesti
713 3496 926 3548 terram
959 3490 1211 3564 gaudiis,
1230 3507 1408 3562 quam
1442 3489 1763 3562 reliqueras
1793 3489 1854 3546 in
1884 3490 2094 3546 obscu-

441 3581 562 3638 ris:
597 3597 875 3653 rogamur
902 3579 1174 3652 potentia:
1204 3581 1316 3634 tuae
1347 3577 1666 3634 ineti'bilem
1701 3579 2092 3650 majestatem,

441 3673 509 3726 ut
539 3669 694 3726 sicut
720 3673 858 3724 tunc
891 3671 1178 3724 catervam
1212 3665 1594 3738 apostolicam
1623 3667 1879 3739 gaudere
1928 3683 2095 3722 sacra

442 3756 631 3814 fecisti
663 3758 720 3812 in
754 3755 1036 3824 anastasi,
1070 3755 1155 3812 ita
1183 3755 1334 3812 hanc
1363 3753 1705 3822 Ecclesiam,
1736 3758 1900 3811 tuam
1918 3753 2095 3812 mise-

440 3845 754 3926 ricordiam
785 3845 1058 3918 expansis
1086 3844 1364 3900 manibus
1395 3842 2094 3916 ﬂagitantem,splendore

439 3931 690 3999 cmlestis
714 3935 946 4006 jubaris
976 3933 1271 3990 illustrare
1301 3931 1580 4006 digneris.
1611 3932 1719 3998 Qui
1749 3949 1885 3989 cum
1925 3933 2093 3990 Patre

435 4030 494 4081 et
522 4024 686 4092 Filio,
719 4028 829 4081 etc.

963 4137 1298 4195 PSALMUS
1335 4136 1568 4194 CXLIII.

854 4243 1260 4284 ARGUMENTUM
1300 4243 1458 4282 PSAL.
1499 4243 1668 4282 CXLII.

503 4345 547 4402 Ο
577 4343 805 4402 Bellum
838 4343 998 4401 istud
1032 4342 1370 4400 Davidicum
1403 4343 1474 4399 ad
1498 4341 1930 4424 designandum
1963 4358 2090 4400 cer-

436 4436 632 4490 tamen
659 4431 892 4490 Domini
924 4431 1240 4488 Salvatoris
1271 4434 1360 4488 est
1391 4431 1762 4504 praemissum
1798 4449 1810 4487 :
1845 4435 1910 4487 ut
1936 4430 2092 4488 sicut

1369 289 1432 354 S.
1479 289 1875 355 BRUNONIS
1916 288 2535 355 HERBIPOLENSIS
2579 287 2958 354 EPISCOPI.

2128 425 2186 494 Α
2214 423 2573 498 Quandoque
2602 421 2777 480 etiam
2809 421 2975 498 digiti
2988 419 3324 484 Trinitatem
3352 422 3600 498 indicant,
3621 440 3674 490 nt
3688 434 3774 495 ibi.

3675 303 3776 368 δη

2216 512 2322 577 Qui
2356 512 2638 587 appendit
2665 512 2858 570 tribus
2883 511 3084 587 digitis
3133 513 3336 572 molem
3380 522 3527 575 teme
3555 521 3661 592 (Isa.
3683 519 3774 598 XL),

2216 601 2568 674 quandoque
2589 601 2872 676 Spiritum
2897 605 3190 673 sanctum,
3206 607 3270 660 ut
3288 603 3361 662 ibi
3393 622 3404 660 :
3433 608 3638 682 Accepit
3653 611 3776 688 Moy-

2217 707 2312 747 ses
2341 690 2488 746 duas
2514 690 2746 748 tabulas
2774 689 3036 764 scriptas
3050 689 3228 764 digito
3258 692 3353 750 Dei
3382 694 3550 766 (Exod.
3579 701 3750 773 mw).

2212 783 2250 835 2
2357 780 2736 838 Misericordia
2762 797 2883 836 mea
2911 787 2965 836 et
2993 782 3267 852 refugium
3290 799 3483 840 meum:

2389 871 2680 942 Susceptor
2707 885 2858 924 meus
2877 877 2930 925 et
2958 869 3222 925 liberator
3249 886 3411 928 uicus.

2285 959 2326 1014 C
2347 956 2807 1014 Misericordiam
2832 957 2966 1013 fecit
2990 957 3271 1015 Dominus
3289 960 3784 1036 cumDavidzquando

2215 1063 2350 1102 eum
2383 1047 2453 1103 de
2481 1045 2760 1103 fratribus
2789 1046 2914 1103 suis
2944 1045 3241 1116 ultimum,
3275 1065 3372 1120 per
3405 1051 3692 1108 Samuelcm
3729 1055 3787 1112 ad

2215 1135 2406 1210 regale
2437 1135 2670 1192 culmen
2703 1134 2942 1210 elcgit(l
2959 1137 3571 1211 Reg.xv1).ltcfugium:
3601 1141 3786 1213 quando

2215 1224 2264 1281 ei
2300 1224 2610 1282 consilium
2635 1225 2816 1291 dedit,
2841 1229 2905 1280 ut
2924 1225 3154 1282 hostem
3177 1243 3346 1282 suum
3378 1221 3529 1300 petra
3547 1228 3784 1299 dejiremt,

2213 1331 2389 1386 quem
2425 1313 2619 1387 gladio
2651 1331 2766 1370 non
2797 1318 3042 1388 poterat.
3075 1315 3384 1388 Suscepter
3412 1333 3425 1371 :
3456 1316 3661 1388 quando
3686 1317 3790 1373 fecit

2212 1419 2348 1460 eum
2381 1421 2414 1459 a
2445 1401 2618 1460 Saule
2648 1403 2868 1477 suscipi
2905 1403 2962 1459 in
3007 1419 3311 1476 generum.
3343 1403 3652 1460 Liberator:
3683 1421 3784 1460 cum

2212 1509 2344 1548 eum
2379 1510 2413 1547 a
2444 1491 2701 1564 pericqu
2735 1491 2902 1566 regite
2927 1491 3346 1566 indignationis
3375 1491 3588 1566 eripuit.

2211 1582 2246 1636 3
2355 1583 2634 1638 Protector
2658 1598 2806 1637 meus
2833 1583 2970 1638 etin
3003 1582 3115 1654 ipso
3131 1582 3350 1654 speravi
3368 1600 3387 1637 :

2357 1671 2464 1740 Qui
2489 1668 2677 1725 subdis
2702 1670 2968 1743 pepulum
2995 1686 3177 1726 meum
3206 1671 3305 1726 sub
3332 1685 3432 1726 mc.

2285 1759 2326 1814 C
2356 1760 2650 1816 Protecter
2683 1776 2696 1814 :
2725 1759 2961 1832 quando
2992 1759 3049 1815 in
3082 1758 3364 1832 spelunca
3392 1757 3586 1827 latens,
3614 1759 3662 1814 in
3687 1757 3796 1815 Sau-

2211 1847 2327 1904 Iem
2360 1864 2553 1922 regem
2577 1848 2681 1920 jus
2714 1847 2952 1904 ultionis
2985 1847 3226 1921 accepit.
3260 1848 3329 1904 Et
3353 1847 3411 1902 in
3431 1845 3548 1920 ipso
3573 1847 3793 1920 speravi:

2212 1955 2247 1993 a
2273 1937 2375 1994 tali
2406 1954 2508 2011 spe
2539 1937 2651 1994 scit
2679 1937 2767 1993 vir
2825 1941 3068 1994 sanctus
3125 1953 3244 1994 non
3304 1951 3430 1992 esse
3481 1936 3792 1993 cessandum.

2210 2027 2427 2084 Subdis
2456 2025 2703 2100 populos
2738 2043 2751 2083 :
2785 2026 2924 2100 quia
2955 2025 3157 2082 multis
3184 2025 3415 2100 populis
3460 2024 3796 2098 imperaturus

2211 2120 2358 2173 erat.

2212 2206 2244 2261 4
2356 2206 2603 2272 Domine,
2630 2207 2766 2278 quid
2792 2213 2870 2264 est
2895 2205 3052 2263 homo
3071 2207 3205 2280 quia
3238 2205 3520 2276 innotuisti
3543 2205 3614 2260 ei:

2369 2301 2555 2362 E—Jut
2597 2299 2610 2364 ζ
2663 2297 2814 2368 ﬁlius
2843 2297 3084 2353 hominis
3111 2297 3248 2369 quia
3275 2301 3486 2369 reputas
3507 2292 3653 2351 eum?

2281 2388 2321 2440 C
2349 2386 2467 2442 Sub
2499 2385 2951 2458 interrogatione
2973 2388 3030 2440 et
3050 2385 3332 2459 despectu
3361 2380 3798 2460 pronuntiandum

2209 2475 2466 2548 est,quid
2498 2479 2583 2531 est
2615 2475 2791 2532 homo
2813 2475 2841 2516 ‘7
2879 2473 3046 2548 quasi
3081 2473 3278 2548 pulvis
3311 2490 3324 2528 :
3353 2472 3448 2546 qui
3477 2475 3632 2530 vento
3663 2471 3800 2526 ﬂante

2211 2561 2432 2619 nullam
2459 2563 2634 2620 habet
2663 2563 3024 2620 ﬁrmitatem.
3057 2562 3208 2628 Quia
3236 2560 3538 2620 inuotuisti
3565 2560 3630 2628 ei,
3659 2559 3706 2614 id
3731 2561 3801 2614 est

2211 2652 2618 2711 inaastimabile
2647 2651 2882 2710 deitatis
2903 2669 3182 2708 arcanum
3195 2694 3211 2721 ,
3225 2669 3330 2726 per
3349 2653 3688 2724 assumptam
3703 2663 3801 2704 car-

2211 2757 2345 2798 nem
2377 2742 2552 2800 rectis
2573 2743 2686 2799 fide
2719 2741 3051 2798 ostendisti.
3075 2740 3270 2798 Simili
3301 2740 3471 2796 modo
3498 2737 3802 2811 interrogan-

2209 2831 2350 2888 dum
2382 2834 2472 2888 est
2493 2849 2507 2888 ε
2532 2835 2634 2888 aut
2663 2831 2823 2888 filius
2851 2829 3158 2888 heminis?
3186 2834 3248 2886 et
3274 2829 3415 2887 item
3443 2827 3805 2901 respondeatur

2209 2921 2486 2994 quoniam
2516 2923 2755 2996 reputas
2783 2937 2954 2990 eum;
2995 2919 3203 2994 utique
3252 2918 3313 2976 in
3361 2917 3558 2976 ovibus
3600 2915 3716 2984 tuis,
3753 2915 3801 2972 in

2211 3027 2454 3068 numero
2482 3009 3051 3084 prmdestinatorum.

2206 3101 2244 3156 5
2350 3101 2516 3158 Homo
2542 3101 2774 3156 vanitati
2801 3099 3006 3157 similis
3023 3099 3208 3170 factus
3239 3106 3353 3155 cst:

2425 3189 2551 3246 Dies
2578 3189 2696 3262 ejus
2724 3189 2868 3246 sicut
2897 3189 3094 3244 umbra
3112 3190 3475 3260 praetereunt.

2278 3277 2320 3334 C
2347 3277 2592 3352 Exponit
2623 3277 2872 3334 breviter
2909 3275 3066 3350 quod
3097 3276 3379 3350 superius
3408 3273 3565 3341 dixit,
3593 3271 3714 3346 quid
3738 3271 3806 3327 est

2202 3366 2380 3424 homo
2401 3368 2429 3424 ‘l
2457 3367 2642 3423 Adam
2671 3367 2830 3422 enim
2863 3365 3098 3439 quando
3143 3369 3385 3422 creatus
3437 3366 3542 3432 est,
3587 3357 3808 3433 simplex,

2203 3473 2389 3530 purus
2419 3459 2479 3513 et
2506 3472 2677 3512 verax
2707 3459 2766 3512 et
2795 3453 3146 3512 immortalis
3176 3454 3295 3510 fuit
3332 3470 3346 3509 :
3401 3453 3500 3510 sed
3546 3454 3805 3526 postquam

2202 3545 2483 3620 peccavit,
2520 3544 2708 3601 factus
2750 3547 2839 3600 est
2865 3542 3109 3600 vanitati
3166 3542 3390 3600 similis
3422 3559 3437 3599 :
3471 3539 3719 3616 quoniam
3764 3538 3810 3592 et

2203 3633 2508 3692 mutabilis
2536 3637 2595 3691 et
2623 3631 2890 3690 mortalis
2917 3633 3156 3690 effectus
3179 3637 3515 3701 est,vanum
3535 3629 3674 3688 enim
3693 3623 3806 3681 illud

2202 3723 2474 3792 dicimus,
2509 3722 2663 3795 quod
2693 3722 2764 3778 de
2794 3738 2904 3779 sua
2931 3721 3272 3779 substantia
3300 3719 3536 3786 cadens,
3575 3717 3630 3775 in
3672 3728 3810 3772 auras

2201 3817 2408 3870 tenues
2439 3811 2767 3869 evanescit:
2801 3816 2868 3868 ut
2897 3811 3128 3878 umbra,
3153 3816 3223 3868 ut
3253 3808 3652 3879 fumus;undc
3681 3799 3811 3861 addi-

2201 3901 2288 3958 dit
2318 3914 2330 3957 :
2365 3901 2494 3958 Dies
2522 3901 2651 3973 ejus
2684 3900 2836 3956 sicut
2865 3901 3076 3956 umbra
3104 3903 3503 3972 prmtereunt;
3536 3896 3676 3956 sicut
3707 3906 3809 3949 um-

2201 3991 2308 4047 bra
2335 3989 2612 4064 praeterit,
2637 3988 2721 4046 sic
2741 3989 3052 4046 hominum
3071 3989 3192 4046 vita
3212 3994 3351 4063 post
3378 3991 3667 4062 peccatum
3684 3981 3811 4042 Ade.

2207 4079 2320 4138 nisi
2356 4079 2533 4136 fuerit
2562 4078 2932 4136 confessione
2962 4083 3258 4151 reparata.

2195 4170 2232 4224 6
2351 4169 2608 4238 Domine,
2640 4167 2852 4224 inclina
2875 4168 3038 4226 caelos
3068 4174 3193 4224 tuos
3223 4176 3279 4226 et
3307 4165 3598 4224 descende:

2415 4258 2590 4329 Tange
2615 4265 2823 4313 montes
2851 4263 2903 4312 et
2916 4257 3312 4329 fumigabunt.

2269 4345 2311 4402 C
2341 4343 2644 4402 Inclinatio
2670 4343 2951 4402 caalorum
2980 4343 3092 4400 fuit
3121 4361 3135 4400 :
3181 4345 3427 4418 quando
3458 4343 3530 4400 ad
3557 4338 3816 4398 hominem

2199 4435 2383 4492 virtus
2411 4438 2469 4492 et
2497 4433 2686 4490 honor
2713 4447 3104 4507 supernorum
3137 4432 3451 4491 descendit
3493 4429 3703 4488 scilicet
3739 4421 3817 4481 Dei

435 4521 547 4578 iste
578 4521 805 4578 Goliam
837 4519 995 4613 saxei
1029 4519 1122 4613 teli
1145 4519 1545 4613 dimicatione
1593 4519 1950 4613 prostravit;
2119 4546 2169 4613 Β
2201 4523 2405 4582 Filius.
2440 4523 2666 4580 Montes
2695 4521 2792 4579 hic
2822 4522 3108 4597 superbos
3137 4523 3290 4580 dicit
3322 4540 3336 4582 :
3386 4539 3535 4598 quos
3580 4515 3822 4613 Dominus

435 4626 538 4682 per
567 4613 794 4684 petram
829 4610 978 4682 (qua:
1009 4612 1098 4666 est
1136 4607 1426 4680 Christus)
1476 4607 1754 4666 fortitudo
1803 4608 2092 4667 diabolica
2119 4604 2162 4613 ⁷
2199 4612 2410 4688 tetigit,
2431 4611 2667 4686 quando
2697 4611 2782 4669 eis
2812 4611 3330 4686 compunctionem
3353 4610 3577 4669 tribuit.
3597 4604 3822 4678 Fumiga-

432 4697 781 4758 vinceretur.

822 4788 934 4844 TT.
966 4787 1142 4846 David
1185 4787 1320 4854 E—ad
1359 4786 1572 4844 Goliam
1613 4789 1628 4856 ξ
1677 4828 1689 4842 .

436 4879 459 4936 1
575 4877 894 4936 Benedictus
925 4880 1064 4935 Deus
1085 4893 1234 4935 meus
1265 4879 1363 4951 qui
1401 4875 1551 4934 docet
1596 4893 1794 4935 manus
1841 4894 1989 4934 meas
2017 4877 2088 4936 ad

677 4967 944 5040 praelium
956 4985 975 5022 :

507 5059 656 5122 1.4g;
699 5059 716 5124 ξ
767 5055 966 5127 digitos
990 5073 1134 5114 meos
1163 5056 1233 5111 acl
1263 5055 1486 5112 bellum.

509 5145 549 5199 lI
565 5143 842 5202 CBellum
870 5145 1073 5217 utique
1099 5144 1240 5200 dicit
1263 5143 1526 5218 spiritale
1546 5163 1660 5202 non
1682 5144 1938 5216 carnale,
1968 5163 2085 5220 quo

434 5231 633 5290 anima
643 5232 793 5303 justi
815 5233 1093 5288 adversus
1113 5233 1402 5288 daemones
1418 5238 1476 5288 et
1497 5234 1800 5306 passiones
1823 5235 2086 5294 carnales

433 5319 805 5377 invisibiliter
833 5319 1092 5376 dimicat.
1127 5320 1168 5376 C
1197 5322 1403 5379 Manus
1434 5322 1828 5396 operationem
1859 5323 2086 5399 signiﬁ-

434 5413 572 5466 cant
607 5426 620 5466 :
657 5409 846 5482 digiti,
881 5409 1434 5484 salutaria‘consilia
1467 5428 1480 5466 ε
1515 5429 1646 5485 qua:
1673 5413 1745 5469 de
1775 5413 1948 5471 corde
1979 5432 2088 5472 no-

435 5501 558 5554 stro
586 5496 745 5555 velut
771 5497 1008 5572 quidam
1033 5495 1181 5556 radii
1213 5499 1691 5572 prosiliunt,dum
1725 5500 1922 5575 aliqua
1953 5505 2090 5560 sub-

435 5583 643 5644 tilitate
699 5603 909 5646 causas
974 5586 1336 5646 necessarias
1401 5587 1661 5646 obtinere
1703 5592 2085 5652 contendunt.

2197 4704 2375 4761 bunt:
2399 4717 2534 4758 cum
2566 4701 2788 4758 crebris
2819 4699 3096 4775 suspiriis
3127 4719 3238 4759 sua
3258 4705 3504 4777 peccata
3525 4694 3820 4773 plorabant.

2196 4807 2434 4849 crassus
2461 4789 2618 4848 enim
2651 4790 2852 4846 fumus
2879 4807 2978 4848 ore
3007 4790 3288 4862 vomitur,
3319 4805 3458 4848 cum
3489 4805 3552 4847 se
3588 4787 3643 4844 in
3685 4781 3821 4857 plan~

2195 4885 2356 4938 ctum
2387 4880 2562 4938 homo
2598 4877 2998 4936 commoverit.

2193 4973 2230 5027 7
2336 4971 2585 5044 Fulgura
2613 4970 3046 5026 coruscationem
3077 4976 3135 5026 et
3158 4969 3465 5044 dissipabis
3488 4982 3606 5025 eos:

2406 5061 2604 5116 Emitte
2628 5059 2864 5132 sagittas
2895 5062 3018 5116 tuas
3045 5067 3097 5116 et
3123 5057 3486 5116 conturbabis
3507 5072 3622 5114 eos:

2266 5149 2308 5206 C
2337 5147 2593 5224 Fulgura
2619 5146 3044 5204 coruscationis
3073 5147 3237 5205 dedit
3270 5164 3284 5204 :
3321 5145 3562 5222 quando
3591 5139 3822 5200 tenebro-

2197 5239 2280 5296 sis
2305 5235 2729 5312 peccatoribus,
2761 5235 3182 5310 prophetarum
3210 5235 3628 5309 praedicatione
3655 5229 3825 5287 lumen

2197 5311 2325 5384 suae,
2345 5324 2606 5383 veritatis
2653 5323 2888 5380 infudit.
2951 5323 3267 5399 Dissipavit
3329 5329 3552 5391 autem,
3585 5311 3827 5392 dispersit

2196 5415 2510 5491 significat,
2545 5417 2611 5470 ut
2640 5413 2741 5487 qui
2781 5418 2914 5470 ante
2958 5414 3186 5471 fuerant
3231 5413 3499 5472 cultores
3545 5408 3826 5468 idolorum.

2197 5504 2446 5564 subinde
2501 5504 2574 5560 ad
2629 5501 2895 5560 Ecclesiae
2953 5507 3118 5577 septa
3161 5503 3574 5578 confugerent.
3604 5494 3824 5578 Sagitta:

2197 5593 2492 5670 apostolos
2521 5593 2685 5661 dicit,
2717 5593 2818 5666 qui
2860 5592 3344 5666 praedicationum
3365 5577 3370 5578 ί
3395 5590 3632 5651 veritate
3661 5577 3828 5661 (quasi
