3986 6164
219 282 326 369 s43

1434 280 1849 346 EXPOSITIO
1893 279 2402 344 PSALMORUM.

3510 282 3631 347 514

211 415 400 497 iacula
431 418 1039 489 pennatalhominum
1064 424 1293 493 pectora
1314 418 1769 474 transfoderunt.
1796 416 1862 470 Et
1890 416 1945 482 Α
1977 415 2269 469 reticormn
2298 432 2407 470 non
2437 424 2513 470 est
2546 419 2715 481 vetus,
2746 413 2834 471 sed
2867 415 3097 471 mtrella.
3135 418 3250 471 Non
3282 425 3358 473 est
3387 419 3537 472 enim
3567 418 3633 473 de

220 505 619 573 eonturbabis,
654 506 875 563 scilicet
905 508 1062 565 bona
1089 509 1456 565 contritionis
1489 506 1821 562 turbatione
1854 523 1868 561 :

218 594 353 667 quia
377 594 464 650 sic
485 594 651 667 prius
672 596 915 670 turbati,
941 602 1143 671 postea
1167 597 1279 654 laeti
1305 601 1495 655 erunt.
1518 598 1631 654 Eos
1652 599 1869 664 autem,

220 683 290 740 ad
322 687 557 740 montes
587 685 957 743 referendum
988 692 1096 744 est.

251 774 286 828 8
355 774 567 830 Emitte
590 790 820 830 manum
853 784 1003 832 tuam
1029 776 1095 832 de
1122 778 1233 834 alto
1266 794 1279 834 :
1313 778 1461 850 eripe
1504 793 1593 833 me
1619 784 1670 833 et
1698 777 1875 831 libera

429 878 519 918 me
547 861 614 917 de
641 865 800 935 aquis
823 865 1016 920 multis
1036 883 1056 919 :

357 951 425 1005 Et
451 950 521 1006 de
544 968 716 1007 manu
742 953 990 1023 ﬁliorum
1007 954 1338 1011 alienorum.

287 1038 331 1094 C
360 1037 466 1095 Hic
496 1040 568 1095 ad
600 1040 831 1097 Patrem
882 1042 1061 1099 verba
1109 1043 1411 1114 convertit,
1442 1061 1683 1100 manum
1735 1043 1878 1099 dicit

220 1127 539 1184 Dominum
573 1128 950 1200 Salvatorem,
977 1148 1154 1204 quem
1194 1132 1387 1189 venire
1425 1134 1789 1206 deprecatur,
1813 1136 1880 1189 ut

220 1216 501 1273 liberaret
553 1219 843 1275 mundum
894 1220 965 1276 de
1010 1220 1149 1289 alto,
1190 1220 1249 1276 id
1301 1224 1390 1277 est
1444 1222 1515 1278 de
1572 1221 1878 1295 potestatis

222 1305 478 1375 excelso,
500 1306 600 1361 ubi
633 1323 765 1363 cum
808 1308 973 1365 Patre
1004 1314 1208 1383 regnat
1243 1310 1534 1382 parilitate
1561 1311 1793 1366 virtutis
1823 1314 1880 1368 et

223 1394 450 1451 unitate
490 1395 853 1452 substantiae.
891 1402 966 1453 De
1005 1398 1177 1471 aquis
1221 1410 1437 1466 autem,
1469 1399 1525 1454 id
1560 1404 1647 1456 est
1676 1400 1746 1455 de
1778 1417 1878 1472 po-

224 1483 383 1557 pulis
414 1484 682 1557 undosis,
706 1490 766 1542 et
797 1487 965 1559 quasi
997 1485 1250 1560 procella
1279 1488 1602 1544 sevissima
1628 1488 1879 1543 concita-

223 1573 321 1628 tis.
346 1572 427 1628 De
458 1589 639 1628 manu
672 1572 925 1630 filiorum
952 1592 966 1631 :
992 1575 1064 1631 de
1090 1575 1184 1632 his
1214 1577 1313 1648 qui
1346 1575 1618 1633 ﬁdelibus
1644 1592 1882 1650 parcere

227 1659 519 1729 nesciunt,
545 1661 685 1734 quia
714 1662 788 1718 de
818 1663 1053 1720 diabolo
1096 1670 1453 1737 generantur
1480 1666 1580 1738 qui
1616 1665 1752 1721 filiis
1782 1666 1883 1722 Dei

1982 506 2151 559 veteri
2179 504 2322 577 lege,
2357 520 2471 558 non
2501 505 2572 559 de
2602 503 2924 576 prophetis,
2960 523 3074 561 non
3105 505 3177 561 de
3208 505 3506 578 apostolis,
3531 507 3631 561 sed

1981 591 2052 648 de
2083 593 2249 648 novis
2280 592 2582 665 magistris
2611 582 2877 649 suborta:

1982 682 2050 737 14
2123 682 2285 739 Filiae
2311 698 2499 738 eorum
2528 684 2845 755 compositae
2874 701 2894 739 :

2126 770 2346 827 Circum
2376 778 2594 828 ornatae
2620 780 2681 828 ut
2707 772 3014 827 similitudo
3045 774 3252 845 templi.

2054 859 2101 916 H
2134 859 2289 915 Filiae
2319 876 2523 919 eorum
2547 860 2681 932 (hoc
2710 865 2802 916 est
2828 861 3004 917 verba
3027 861 3456 931 haereticorum)
3477 880 3634 919 com-

1982 948 2185 1021 posita:
2208 947 2287 1019 (id
2318 954 2426 1017 est,
2447 952 2653 1004 ornata
2674 966 2708 1004 a
2727 948 3015 1022 sapientia
3043 949 3350 1019 saeculari),
3375 953 3476 1007 sed
3499 952 3642 1023 quia

1984 1037 2115 1092 filia:
2146 1042 2287 1094 sunt
2334 1054 2448 1093 non
2500 1038 2627 1107 ﬁlii,
2650 1038 2803 1094 vires
2849 1056 2965 1095 non
3015 1039 3249 1095 habent.
3271 1039 3500 1096 Circum
3546 1058 3638 1097 or-

1986 1131 2136 1183 natae
2168 1131 2231 1182 ut
2258 1126 2584 1182 similitudo
2613 1127 2817 1199 templi
2842 1144 2855 1181 :
2881 1132 2938 1183 et
2964 1128 3203 1200 pulchre
3252 1128 3402 1184 dixit
3429 1128 3643 1184 simili-

1985 1215 2128 1271 tudo
2148 1214 2350 1287 templi
2380 1232 2393 1269 :
2420 1232 2532 1271 non
2556 1215 2712 1271 enim
2745 1216 2962 1271 habent
2980 1233 3175 1272 veram
3202 1217 3512 1274 Ecclesiam
3540 1222 3643 1274 aut

1988 1302 2296 1375 templum,
2321 1304 2421 1359 sed
2454 1303 2904 1360 similitudinem
2934 1305 3222 1361 Ecclesiae.
3248 1305 3289 1360 C
3314 1307 3537 1379 Quippe
3559 1307 3642 1362 si-

1989 1391 2260 1448 militudo
2290 1408 2407 1447 non
2440 1392 2616 1448 habet
2635 1393 2935 1449 veritatem
2965 1412 2976 1449 :
3003 1394 3099 1450 sed
3126 1394 3376 1466 alicujus
3400 1395 3478 1450 rei
3503 1395 3642 1450 sub-

1988 1480 2252 1538 sistentia
2283 1485 2475 1553 portat
2504 1480 2844 1553 imaginem.

1993 1573 2059 1625 15
2134 1572 2524 1642 Promptuaria
2555 1586 2743 1626 eorum
2768 1571 2933 1643 plena
2965 1589 2984 1626 .·

2136 1659 2455 1714 Eructantia
2485 1674 2555 1712 ex
2577 1657 2676 1713 hoc
2701 1664 2756 1724 έ-
2793 1660 2854 1713 in
2896 1664 2908 1721 ζ
2949 1658 3108 1714 illud.

225 1750 632 1806 adversantur.
658 1750 829 1807 Recte
850 1750 1030 1825 igitur
1049 1752 1265 1809 diaboli
1288 1753 1391 1809 filii
1413 1753 1585 1811 alieni
1607 1756 1886 1810 dicuntur

2062 1748 2104 1801 C
2131 1745 2539 1817 Promptuaria
2568 1749 2744 1801 sunt:
2771 1763 2897 1817 quae
2941 1745 3176 1803 cellaria
3206 1748 3416 1822 vulgus
3446 1748 3646 1823 appel-

226 1857 263 1894 a
291 1837 432 1893 ﬁliis
482 1839 579 1894 Dei
612 1856 626 1893 :
660 1839 799 1911 quia
849 1840 1245 1897 hereditatem
1279 1859 1412 1898 cum
1445 1843 1592 1916 ipsis
1638 1844 1696 1899 in
1745 1844 1887 1901 ccelo

233 1927 455 1983 nullam
490 1928 734 1984 habent.

267 2016 305 2069 9
372 2021 621 2087 Quorum
648 2034 708 2074 os
738 2018 975 2076 locutum
1004 2025 1081 2076 est
1114 2022 1411 2077 vanitatem
1440 2040 1460 2079 .'

374 2108 441 2161 Et
470 2106 693 2162 tle-ctera
723 2123 912 2163 eorum
939 2108 1161 2166 dextera
1194 2111 1528 2182 iniquitatis.

310 2194 351 2250 C
380 2194 457 2251 Os
484 2211 688 2252 eorum
739 2212 889 2251 vana
933 2197 1230 2271 loquitur:
1260 2200 1541 2271 quoniam
1592 2217 1627 2254 a
1676 2200 1888 2255 divinis

248 2283 456 2355 regulis
512 2283 846 2358 discrepare
904 2292 1289 2359 praesumunt,
1312 2304 1528 2343 vanum
1582 2294 1671 2345 est
1729 2291 1885 2344 enim

249 2387 410 2427 omne
440 2372 728 2445 quidquid
758 2374 986 2429 veritati
1015 2376 1372 2431 contrarium
1403 2381 1509 2433 est.
1534 2376 1777 2434 Dextera
1807 2395 1890 2433 re-

246 2462 553 2532 proborum
578 2479 592 2518 :
617 2462 975 2536 prosperitas
999 2464 1284 2536 ipsorum,
1310 2466 1462 2521 unde
1482 2466 1685 2522 elevati
1718 2465 1891 2523 licen-

245 2548 378 2605 tiam
406 2551 519 2606 sibi
554 2552 834 2623 peccandi
863 2558 1198 2608 assumunt.

247 2639 310 2692 10
376 2640 519 2695 Deus
548 2641 822 2696 canticum
849 2658 1051 2698 novum
1078 2642 1306 2700 cantabo
1334 2645 1439 2700 tibi
1472 2661 1485 2699 :

377 2729 441 2784 1η
460 2729 724 2800 psalterio
752 2729 1082 2786 decachordo
1105 2732 1345 2804 psallam
1373 2734 1494 2789 tibi.

312 2816 355 2872 Ο
381 2817 603 2874 Novum
648 2818 855 2875 merito
885 2818 1101 2875 dicitur
1142 2819 1357 2876 Christi
1401 2821 1719 2890 canticum,
1751 2823 1890 2897 quia

248 2905 689 2963 duniaJudzeis
720 2924 836 2964 non
881 2908 957 2964 sit
1004 2912 1271 2981 receptus
1299 2910 1541 2982 (quibus
1588 2911 1777 2968 fuerat
1825 2917 1889 2967 ut

1993 1835 2097 1904 lat,
2120 1839 2177 1890 et
2199 1833 2601 1889 haereticorum
2627 1835 2803 1890 corda
2823 1834 3116 1907 signiﬁcat
3131 1855 3144 1893 :
3162 1837 3259 1892 ubi
3283 1839 3646 1895 diversarum

1995 1941 2192 1981 rerum
2250 1923 2495 1995 species,
2537 1923 2625 1978 vel
2683 1922 3083 1980 doctrinarum
3138 1925 3322 1998 epulas
3382 1929 3650 2000 repositas

1995 2018 2172 2070 sunt:
2205 2019 2264 2070 et
2290 2013 2427 2067 inde
2459 2013 2737 2068 emittunt
2766 2013 3028 2069 diversas
3058 2016 3449 2072 eructationes
3469 2017 3651 2090 pessi-

1996 2120 2145 2158 mas.
2169 2103 2324 2167 Qu'os
2354 2102 2403 2157 si
2435 2101 2778 2157 auctoritate
2815 2102 3147 2171 convincas,
3172 2104 3245 2159 ad
3295 2105 3649 2178 interprets--

1997 2192 2224 2247 tionum
2258 2190 2554 2264 nequitias
2588 2191 3058 2247 transferuntur:
3094 2209 3229 2247 cum
3263 2193 3395 2249 inde
3415 2210 3650 2266 quoque

1998 2280 2213 2336 fuerint
2239 2280 2485 2336 Domino
2502 2280 2745 2350 juvante
2767 2281 3047 2352 superati,
3072 2282 3143 2335 ad
3168 2281 3566 2354 sophistarum
3590 2300 3653 2340 se

1995 2370 2284 2426 versutias
2312 2369 2757 2441 calumniasque
2801 2374 3148 2426 convertunt
3178 2387 3191 2424 :
3225 2374 3283 2425 et
3310 2370 3392 2427 ita
3421 2388 3490 2426 ex
3536 2387 3655 2428 una

1999 2464 2161 2531 parte
2180 2462 2414 2513 vertunt
2434 2475 2497 2513 se
2523 2457 2582 2513 in
2607 2457 2803 2524 aliam,
2829 2475 3061 2531 semper
3080 2459 3210 2530 vagi
3232 2464 3287 2515 et
3306 2459 3611 2517 instabiles
3636 2480 3650 2517 :

1997 2548 2138 2620 quia
2166 2546 2421 2603 radicem
2453 2553 2758 2619 nequeunt
2786 2546 3001 2604 habere
3029 2548 3310 2605 veritatis.

2000 2638 2067 2693 16
2141 2640 2271 2693 Oves
2331 2652 2521 2693 eorum
2588 2639 2778 2707 [‘etosa:
2844 2634 3182 2694 abundantes
3239 2639 3296 2693 in
3353 2640 3655 2710 egressibus

2210 2741 2345 2781 διηδ.

2141 2818 2308 2870 Boves
2336 2830 2526 2870 eorum
2555 2816 2750 2870 crassi.
2967 2878 2971 2882 ,

2068 2904 2111 2960 C
2138 2903 2473 2960 Secundum
2503 2902 2760 2959 litteram
2808 2903 2868 2959 hi
2915 2905 3103 2961 fetosa
3132 2905 3413 2962 dicuntur
3440 2905 3656 2963 habere

245 2995 459 3052 veniret
488 2996 865 3069 promissus),
890 2997 1158 3054 transivit
1186 2998 1258 3053 ad
1288 3004 1512 3071 gentes.
1544 2999 1766 3056 Novum
1799 3006 1889 3057 est
1997 3009 2237 3067 pecora:
2264 2992 2406 3047 dum
2426 2992 2539 3065 ipsi
2563 2993 2677 3048 ﬁde
2698 2992 2925 3049 steriles
2948 3010 3077 3049 esse
3100 2994 3439 3050 doceantur.
3462 2995 3659 3051 Abun-

247 3084 439 3152 etiam,
460 3086 616 3158 quod
648 3102 755 3141 nos
786 3102 1024 3158 corpore
1066 3090 1124 3142 et
1164 3087 1451 3160 sanguine
1482 3105 1589 3144 suo
1618 3090 1888 3163 saginare
1933 3157 1963 3163 _
1997 3084 2144 3138 dans
2175 3080 2390 3154 quippe
2420 3081 2611 3136 dictus
2643 3086 2755 3149 est,
2778 3081 2850 3136 ab
2881 3082 3060 3150 unda,
3086 3082 3257 3154 quasi
3289 3084 3652 3141 redundans.

249 3171 536 3244 dignatur.
567 3173 778 3230 Decem
809 3157 1157 3231 chordarum
1189 3157 1555 3247 psalterium,
1578 3157 1890 3252 decalogus
1921 3157 1965 3225 (ἶ
2006 3172 2138 3244 Ipsa
2182 3187 2415 3243 quoque
2466 3186 2692 3243 pecora,
2720 3187 2847 3243 quae
2898 3170 3110 3227 habere
3167 3176 3507 3243 cernuntur,
3539 3190 3655 3229 non

252 3267 341 3315 est
369 3261 539 3318 datus
564 3260 838 3318 tribubus
868 3263 1263 3320 Hebraeorum.
2004 3260 2147 3316 dixit
2168 3276 2267 3316 eos
2287 3260 2345 3314 in
2373 3258 2760 3332 ingressibus,
2776 3260 2877 3315 sed
2896 3260 2952 3316 in
2971 3260 3308 3333 egressibus
3329 3262 3655 3334 possidere:

260 3351 319 3404 1ι
396 3351 501 3431 Qui
545 3350 644 3407 das
689 3352 921 3408 salutem
971 3353 1190 3423 regibus
1217 3372 1236 3409 :
1265 3356 1365 3426 qui
1409 3354 1686 3411 redemisti
1727 3357 1896 3412 David

457 3456 676 3496 servum
704 3445 860 3499 tuum
888 3458 901 3495 :

392 3532 472 3585 De
499 3529 683 3602 gladio
710 3531 952 3602 maligno
973 3533 1124 3603 eripe
1148 3549 1254 3587 me.

321 3616 362 3672 C
382 3617 587 3691 Reges,
611 3618 880 3674 homines
902 3619 1099 3690 justos
1129 3620 1421 3693 signiﬁcat
1445 3624 1501 3677 et
1521 3639 1771 3689 veraces,
1796 3624 1897 3696 qui

256 3712 456 3778 regunt
484 3723 729 3779 corpora
758 3725 884 3764 sua.
908 3707 1041 3763 Istis
1060 3708 1159 3763 dat
1181 3708 1453 3777 salutem,
1477 3727 1610 3765 cum
1641 3728 1741 3767 eos
1763 3711 1902 3769 libe-

252 3811 349 3850 ros
388 3813 422 3851 a
464 3795 623 3851 vitiis
670 3796 828 3852 facit.
881 3796 1167 3866 Redemit,
1200 3798 1271 3853 de
1320 3815 1518 3872 pugna
1566 3799 1734 3867 Goliae
1761 3819 1781 3856 :
1810 3800 1900 3856 vel

256 3884 649 3955 spiritualiter,
673 3884 744 3939 de
771 3884 949 3941 vitiis.
974 3884 1054 3939 De
1074 3883 1266 3957 gladio
1295 3887 1550 3958 maligno
1576 3905 1588 3942 :
1613 3888 1752 3960 quia
1780 3889 1901 3962 gla-

256 3972 383 4028 dius
412 3972 629 4028 diaboli
652 3971 948 4045 malignus
975 3977 1086 4042 est,
1110 3975 1389 4045 quoniam
1410 3975 1616 4031 dividit
1635 3993 1671 4032 a
1689 3977 1898 4033 bonis:

258 4060 540 4133 benignus
581 4065 777 4116 autem
807 4060 1044 4129 Christi,
1070 4061 1349 4133 quoniam
1383 4069 1673 4136 separata
1703 4066 1897 4123 malis.

261 4150 326 4204 12
391 4152 454 4205 Et
483 4166 619 4205 erue
646 4165 732 4205 me
758 4149 824 4205 de
850 4167 1024 4206 manu
1050 4151 1295 4221 filiorum
1323 4152 1634 4209 alienorum
1660 4173 1678 4209 :

392 4240 636 4307 Quorum
662 4255 721 4296 os
747 4240 984 4295 locutum
1013 4248 1092 4295 est
1118 4241 1419 4297 vanitatem
1448 4259 1468 4296 :

388 4330 456 4383 Et
483 4326 709 4384 dextera
731 4344 921 4384 eorum
947 4327 1173 4384 dextera
1202 4331 1542 4401 iniquitatis.

323 4415 363 4471 ϐ
390 4416 555 4472 Hunc
580 4432 811 4479 versum
834 4417 960 4488 jam
984 4416 1243 4473 diximus
1267 4433 1280 4472 :
1300 4433 1477 4489 quem
1506 4417 1639 4475 ideo
1670 4420 1902 4493 repetit,

2005 3350 2145 3423 quia
2171 3353 2357 3405 totum
2414 3349 2485 3403 ab
2535 3347 2620 3405 eis
2677 3349 2990 3421 egreditur,
3014 3351 3248 3421 quando
3280 3350 3392 3423 ipsi
3423 3366 3659 3423 quoque

1982 3437 2251 3511 'perituri
2281 3454 2411 3493 esse
2442 3441 2866 3493 monstrantur.
2890 3438 2935 3493 H
2968 3436 3216 3495 Pulchre
3252 3456 3486 3513 quoque
3516 3439 3662 3496 dixit

2006 3529 2182 3585 boves
2211 3543 2413 3583 eorum
2458 3526 2640 3583 crassi
2678 3545 2690 3583 :
2725 3543 2976 3600 quorum
3014 3528 3169 3585 Deus
3214 3534 3414 3586 venter
3462 3535 3570 3597 est,
3605 3530 3663 3586 et

2006 3616 2191 3691 gloria
2220 3633 2420 3673 eorum
2452 3615 2509 3671 in
2543 3616 2885 3673 confusione
2914 3618 3142 3691 (Philip.
3177 3618 3285 3689 ιη).

2009 3709 2075 3762 17
2150 3707 2265 3763 Non
2295 3714 2374 3762 est
2402 3708 2567 3762 ruina
2597 3709 2853 3762 maceria:
2880 3723 3056 3779 neque
3085 3710 3353 3763 transitus
3383 3727 3402 3763 :

2151 3801 2333 3868 Neque
2362 3797 2569 3852 clamor
2596 3798 2654 3851 in
2680 3798 2876 3868 plateis
2903 3813 3112 3854 eorum.

2085 3887 2124 3941 ll
2148 3886 2272 3941 Non
2301 3888 2391 3940 est
2420 3885 2626 3940 ruina:
2651 3884 2867 3942 diﬁcile
2888 3886 3046 3942 enim
3072 3886 3411 3944 haereticum
3436 3888 3665 3945 invenis

2011 3973 2370 4047 imperitum.
2394 3973 2612 4029 Omnes
2641 3974 2799 4029 enim
2842 3975 3109 4046 magistri
3141 3980 3299 4043 sunt,
3332 3980 3389 4032 et
3418 3976 3664 4034 scientia

2011 4061 2275 4120 saeculari
2308 4062 2673 4127 instructi,et
2698 4063 3000 4119 immuniti
3045 4064 3327 4120 doctrinis
3365 4064 3662 4136 apostolo-

2011 4167 2165 4208 rum.
2189 4150 2249 4206 Si
2271 4154 2463 4205 tecum
2485 4150 2825 4221 disputant:
2852 4152 3246 4207 verba‘eorum
3277 4152 3472 4208 brevia
3501 4157 3661 4222 sunt,

2012 4239 2095 4298 sic
2116 4238 2431 4296 artiﬁcioso
2452 4255 2721 4295 sermone
2742 4239 3035 4308 conclusa,
3056 4244 3122 4295 ut
3140 4241 3382 4297 evadere
3402 4240 3538 4296 inde
3557 4240 3665 4297 dif-

2012 4329 2161 4385 ficile
2183 4328 2280 4384 sit.
2302 4327 2449 4382 Cum
2469 4326 2625 4383 enim
2655 4332 2712 4384 te
2740 4326 3049 4400 ligaverint
3068 4333 3125 4383 et
3144 4329 3461 4386 clauserint
3488 4328 3662 4402 syllo-

2013 4419 2221 4492 gismis
2248 4417 2396 4485 suis,
2422 4420 2478 4472 et
2516 4416 2684 4488 quasi
2718 4417 3030 4473 maceriam
3073 4417 3482 4492 syllogismum
3505 4423 3664 4474 texe-

255 4510 316 4561 ut
343 4504 809 4562 detestabiliores
837 4504 1072 4577 iniquos
1110 4504 1384 4562 homines
1414 4508 1623 4565 reddat
1651 4507 1779 4581 ipsa
1807 4527 1904 4584 ge-
1934 4525 1982 4592 Ι)
2014 4508 2130 4563 rint
2155 4525 2167 4563 :
2191 4505 2405 4562 teneris
2453 4504 2721 4562 inclusus
2755 4524 2766 4561 :
2801 4523 2916 4562 non
2965 4512 3129 4578 potes
3176 4508 3332 4563 exire
3364 4523 3377 4562 :
3413 4525 3530 4563 non
3578 4512 3668 4563 est

252 4596 497 4653 minatio
521 4613 537 4650 :
570 4598 628 4651 et
655 4593 907 4651 maxime
939 4611 1094 4651 nunc
1123 4595 1195 4651 de
1225 4595 1515 4652 haereticis
1539 4598 1716 4654 verba
1744 4598 1908 4655 intel-

250 4685 488 4760 ligenda
516 4688 675 4751 sunt,
707 4683 841 4741 licet
877 4682 1034 4741 enim
1074 4684 1380 4757 sequentia
1423 4686 1577 4741 sicut
1604 4690 1661 4743 et
1690 4703 1907 4761 praece-

251 4775 448 4832 dentia
479 4773 550 4829 ad
584 4772 837 4829 litteram
869 4790 1004 4828 vera
1032 4772 1152 4829 sint
1179 4773 1510 4830 intellecta:
1540 4775 1682 4847 quia
1708 4780 1905 4833 tamen

246 4862 520 4920 litteralis
564 4878 774 4918 sensus
823 4866 1063 4935 apertus
1109 4867 1213 4933 est,
1239 4863 1484 4936 mystice
1534 4864 1734 4937 aliqua
1782 4882 1906 4921 car-

250 4952 445 5027 penda
475 4955 636 5008 sunt.

251 5043 321 5099 13
396 5042 643 5111 Quarum
667 5041 779 5114 ﬁlii
803 5043 943 5099 sicut
972 5041 1205 5099 novellae
1236 5042 1609 5114 plantationes
1641 5060 1656 5099 :

394 5135 436 5188 Α
459 5132 688 5204 juvente
715 5148 841 5187 sua.

321 5220 365 5276 C
387 5218 569 5276 Filios
589 5219 748 5276 enim
790 5219 949 5287 dicit,
973 5220 1073 5293 qui
1104 5223 1460 5293 generantur
1502 5219 1912 5292 praedicatione

252 5308 413 5384 pravi
444 5309 766 5383 dogmatis.
801 5309 900 5366 Isti
934 5308 1176 5367 novellis
1196 5308 1663 5382 plantationibus
1685 5326 1916 5382 compa-

254 5404 500 5456 rantur:
527 5400 668 5472 quia
695 5398 862 5455 nulla
887 5398 1067 5455 veteri
1088 5402 1145 5455 et
1165 5415 1200 5455 a
1228 5398 1495 5455 Patribus
1523 5398 1739 5455 tradita
1767 5415 1910 5472 prte-

252 5488 546 5563 dicatione
567 5488 901 5562 viguerunt,
926 5488 1028 5544 sed
1051 5486 1216 5545 novis
1237 5487 1535 5544 erroribus
1560 5488 1617 5560 (a
1646 5488 1911 5561 patribus

254 5578 521 5657 ipsorum
556 5576 808 5653 traditis)
834 5574 1219 5653 pullularunt.
1246 5576 1293 5634 Η
1319 5576 1598 5636 Plantatio
1627 5578 1775 5636 enim
1795 5576 1913 5640 hae-

2015 4597 2186 4653 ruina
2228 4611 2417 4667 neque
2443 4593 2748 4651 transitus.
2773 4594 2918 4651 Cum
2950 4595 3036 4652 eis
3076 4596 3465 4664 consenseris,
3498 4601 3556 4652 et
3584 4594 3665 4651 ibi

2014 4683 2327 4742 conclusus
2346 4683 2524 4740 fueris
2545 4702 2557 4739 :
2577 4682 2693 4741 eris
2713 4683 2771 4739 in
2795 4683 3003 4756 plateis
3024 4690 3319 4752 eorum,ct
3337 4685 3397 4740 in
3416 4684 3532 4740 lata
3551 4683 3663 4751 via,

2016 4791 2141 4846 qua:
2173 4774 2243 4828 ad
2269 4773 2565 4829 infernum
2595 4772 2756 4828 ducit
2780 4790 2793 4829 :
2817 4778 2875 4829 et
2899 4790 3015 4828 non
3044 4772 3105 4829 in
3129 4778 3379 4845 angusta
3398 4772 3512 4839 via,
3538 4788 3666 4842 qua:

2015 4863 2175 4918 ducit
2206 4862 2277 4917 ad
2325 4862 2503 4916 vitam
2528 4862 2737 4932 (Matth.
2760 4868 2883 4930 vn),
2917 4879 3045 4934 qua:
3089 4866 3179 4918 est
3223 4860 3507 4916 transitus
3537 4876 3668 4914 san-

2016 4956 2264 5009 ctorum.
2298 4949 2495 5021 Neque
2544 4948 2768 5004 clamor
2796 4950 2936 5005 Jesu
2969 4948 3091 5020 (qui
3127 4948 3197 5003 ad
3228 4964 3290 5004 se
3334 4962 3539 5003 omnes
3567 4963 3667 5004 vo-

2018 5039 2132 5111 cat)
2164 5039 2223 5094 in
2255 5036 2462 5110 plateis
2490 5036 2894 5093 haereticorum
2927 5041 3017 5093 est
3043 5053 3057 5092 :
3085 5035 3185 5093 sed
3216 5036 3276 5093 in
3306 5040 3557 5109 angusta
3576 5035 3671 5092 via

2018 5132 2126 5186 est.

2021 5218 2090 5273 18
2162 5218 2455 5283 Beatum—:—
2489 5215 2752 5272 dixerunt
2791 5221 2805 5281 ζ
2838 5215 3101 5288 populum
3121 5215 3214 5271 cui
3241 5214 3360 5273 hac
3386 5218 3514 5271 sunt
3544 5232 3563 5271 :

2165 5308 2364 5362 Beatus
2393 5305 2625 5377 populus
2651 5304 2810 5377 cujus
2838 5304 3105 5360 Dominus
3132 5305 3273 5361 Deus
3300 5304 3438 5377 ejus.

2092 5394 2139 5449 Η
2161 5392 2326 5450 Multi
2359 5392 2704 5461 nescientes,
2734 5395 2934 5450 beatos
2962 5392 3108 5450 tales
3141 5398 3439 5467 putant,et
3469 5392 3674 5448 dicunt

2020 5484 2257 5540 beatum
2280 5480 2561 5555 pepulum
2583 5482 2677 5538 cui
2700 5481 2821 5539 haec
2842 5488 3000 5539 sunt.
3024 5484 3141 5539 Nos
3162 5487 3353 5538 autem
3379 5482 3670 5545 dicamus,

2020 5575 2227 5635 beatus
2246 5570 2521 5649 populus,
2545 5572 2715 5648 cujus
2745 5577 2834 5631 est
2863 5572 3153 5634 Dominus
3173 5571 3327 5631 Deus
3355 5571 3504 5646 ejus.
3526 5568 3673 5636 Quia
