4068 6160
503 263 620 321 sis
1416 257 1481 318 s.
1527 217 1926 319 Hannonis
1971 255 2592 318 HEBBIPOLENSIS
2636 257 3014 322 EPISCUPI.
3755 263 3858 333 sui

501 394 600 451 ille
629 398 720 450 est
749 393 976 460 beatus,
999 390 1101 464 qui
1128 407 1234 464 pro
1255 389 1531 448 omnibus
1551 387 1764 446 divinis
1794 387 1970 446 habet
1997 387 2152 444 Chri-
2178 395 2233 463 Α
2261 404 2393 446 vere
2422 388 2701 462 dignatus
2729 393 2840 448 est.
2869 390 2941 448 Et
2968 390 3207 463 justitia
3253 389 3614 452 exsultabant
3639 408 3654 452 ;
3685 408 3787 468 qua
3807 394 3860 461 in

499 489 680 556 stum,
703 487 764 539 et
788 481 956 538 illum
984 479 1194 554 diligit,
1225 483 1277 536 et
1305 481 1361 535 ei
1387 478 1725 536 dominatur.
2253 477 2456 552 impiis
2489 477 2825 536 ulciscatur.

973 586 1176 625 oazmo
1204 585 1276 624 sx
1305 585 1461 625 rm.
1494 584 1682 625 cxun.
2288 567 2324 621 8
2397 566 2682 624 Miserator
2709 572 2762 625 et
2789 571 3097 626 misericors
3127 569 3396 626 Domum:
3425 587 3444 623 :

567 662 719 718 Doce
741 677 867 729 nos,
891 657 1576 730 Domine,spiritualibns
1595 659 1800 726 armis,
1816 657 2145 717 noxialibus
2395 659 2623 714 Patiens
2652 666 2703 714 et
2732 659 2965 715 multum
2991 660 3329 716 misericors.

495 749 682 824 culpis
703 749 970 818 resistere
990 764 1003 804 :
1029 763 1100 804 ne
1118 746 1362 804 vanitati
1379 747 1692 804 mundana:
1713 745 1982 818 subjecti,
2006 763 2040 802 a
2058 747 2146 802 tui

483 839 642 910 juris
658 837 1056 896 dominatione
1077 836 1386 910 pellamur.
1411 837 1521 893 Per
1538 836 1854 894 Dominum
1874 840 2145 894 nostrum

486 928 694 986 Jesum
719 927 1024 984 Christum
1052 925 1264 982 Filium
1294 931 1487 996 tuum,
1519 931 1630 982 etc.

1014 1033 1340 1090 PSALMUS
1377 1032 1614 1089 CXLIV.

899 1122 1308 1164 ABGUNENTUM
1345 1122 1502 1161 PSAL.
1545 1120 1763 1162 CXLIV.‘

557 1200 597 1252 C
627 1196 1053 1254 Laudationem
1078 1194 1309 1254 Domini
1339 1193 1624 1267 propheta
1650 1194 1826 1251 variis
1857 1193 2144 1250 narratin-

484 1286 661 1344 nibus
691 1283 964 1358 explicat.

994 1374 1111 1430 TT.
1147 1373 1413 1430 Laudatio
1443 1372 1639 1429 David.

520 1467 545 1521 1
623 1465 892 1522 Exaltubo
919 1467 990 1529 lc,
1025 1464 1183 1528 Deus,
1219 1479 1371 1518 meus
1399 1479 1500 1518 rea:
1526 1479 1546 1518 :

2325 745 2367 802 C
2399 747 2562 814 Quod
2596 747 2932 806 misericors
2975 747 3213 818 dicitur,
3239 752 3462 806 natura;
3507 745 3681 820 ipsius
3700 749 3860 815 uirtus

2253 837 2344 889 est
2376 852 2389 890 :
2419 835 2575 908 quod
2617 835 2944 905 miserator,
2967 853 3147 894 causa
3189 835 3408 894 salutis
3434 839 3522 892 est
3547 841 3738 901 nostris
3766 838 3861 893 fra-

2254 923 2487 994 gilitati.
2525 923 2757 982 Patiens
2791 943 2804 981 :
2847 942 2981 982 cum
3017 941 3297 984 excessus
3335 925 3621 986 humanos
3639 929 3861 998 (propter

2254 1028 2406 1084 quos
2421 1013 2733 1070 debuimus
2749 1014 2966 1086 puniri)
2983 1031 3088 1088 per
3105 1014 3454 1088 patientiam
3473 1013 3726 1074 sustinet.
3739 1014 3868 1073 Mal.

2254 1106 2383 1158 tum
2415 1102 2749 1163 misericors
2781 1121 2794 1160 :
2829 1108 2894 1161 ut
2917 1103 3046 1177 ipse
3074 1105 3156 1161 ait
3185 1122 3204 1162 ε
3235 1104 3382 1162 Nolo
3427 1107 3662 1162 mortem
3687 1121 3860 1177 pecca-

2251 1189 2417 1248 toris.

2285 1283 2322 1336 9
2393 1281 2588 1340 Suavis
2621 1284 2888 1341 Dominus
2915 1285 3189 1342 universis
3219 1302 3242 1340 :

2390 1376 2461 1430 Et
2485 1373 2861 1430 miserationes
2889 1373 3006 1445 ejus
3035 1389 3202 1446 super
3227 1374 3421 1430 omnia
3445 1387 3604 1446 opera
3625 1372 3748 1445 ejus.

2321 1460 2363 1517 C
2391 1459 2538 1525 Quid
2569 1461 2728 1518 enim
2768 1461 3262 1534 magniﬁcentius,
3293 1477 3474 1534 quam
3511 1475 3731 1518 suavem
3754 1474 3858 1518 esse

623 1556 706 1610 Ex
735 1553 1080 1620 benedictum
1106 1553 1328 1608 nomini
1353 1559 1446 1608 tuo
1473 1553 1533 1606 in
1561 1551 1850 1613 saeculum.
2250 1549 2670 1622 universis,qui
2686 1555 2884 1607 tamen
2895 1551 3120 1608 devotis
3136 1549 3444 1608 mentibus
3458 1565 3692 1606 munera
3704 1546 3856 1621 ipsius

623 1645 690 1698 Et
713 1644 772 1698 in
800 1641 1065 1699 saxulum
1089 1646 1145 1708 ο-ἒι
1181 1641 1377 1699 siseculi
1391 1693 1396 1698 .
1415 1644 1464 1704 ζ.
2245 1642 2650 1710 gustaverunt.
2675 1639 2787 1697 Sed
2818 1639 2968 1697 dicis
2987 1657 3093 1696 cur
3120 1657 3260 1714 ergo
3291 1642 3618 1713 peccatores
3633 1637 3856 1706 damnat,

551 1731 595 1787 C
623 1729 864 1838 Eftaibo
885 1737 950 1838 te
984 1731 1206 1838 di‘c'tum
1249 1734 1339 1786 est
1362 1748 1375 1786 :
1401 1735 1606 1838 aptum
1635 1729 1849 1838 faciam
1877 1732 1955 1838 te,
1990 1746 2134 1838 prae-
2163 1773 2212 1838 Β
2247 1726 2555 1838 ιορθη
2581 1745 2693 1786 sua
2721 1743 2836 1788 non
2866 1729 3164 1829 fecerunt?
3185 1725 3856 1838 Misericordiaenimfus

476 1819 908 1892 dicanduqnod
927 1835 1018 1876 es.
1038 1819 1188 1874 Nam
1216 1818 1714 1891 quemadmodum
1747 1823 1986 1891 putetur
2019 1817 2132 1874 ali-
2163 1814 2212 1838 ”
2243 1814 2462 1872 dicitur
2489 1833 2618 1876 esse
2647 1835 2824 1890 super
2867 1819 3068 1876 omnia
3114 1835 3294 1891 opera
3343 1818 3494 1890 ejus,
3527 1815 3731 1878 scilicet
3754 1814 3853 1872 Dei.

477 1926 595 1982 qua
624 1909 796 1966 laude
844 1913 996 1964 Deus
1044 1907 1219 1962 altior
1248 1907 1396 1976 fieri,
1427 1923 1564 1964 cum
1613 1907 1817 1964 divina
1859 1907 2134 1988 perfectio
2243 1903 2396 1962 Illud
2411 1905 2570 1963 enim
2591 1923 2694 1981 per
2714 1907 3177 1964 misericordiam
3195 1905 3627 1978 coronat,quod
3645 1904 3697 1960 in
3716 1903 3854 1960 nobis

2242 1994 2434 2068 gratia
2477 2013 2590 2054 sua
2626 2000 2922 2071 operatur.
2945 1995 3095 2054 Illud
3128 2013 3262 2054 vero
3305 1995 3568 2062 damnat,
3587 1993 3730 2066 quod
3753 1992 3852 2050 dia-

2240 2083 2375 2140 bolo
2406 2085 2782 2144 machinante
2825 2085 3205 2147 construitur.
3241 2086 3408 2144 Unde
3445 2100 3616 2158 opera
3658 2080 3853 2140 Domini

2241 2189 2474 2247 semper
2499 2174 2802 2249 eliguntur
2823 2193 2836 2233 :
2859 2180 3064 2236 nostra
3079 2193 3216 2236 vero
3238 2175 3331 2234 vel
3357 2173 3594 2242 diaboli,
3621 2171 3734 2230 sine
3759 2171 3852 2228 du-

2238 2262 2520 2320 bitatione
2545 2264 2923 2324 damnantur.
3111 2320 3116 2324 .

2240 2352 2309 2407 10
2383 2352 2758 2424 Conﬁteantur
2785 2355 2908 2421 tibi,
2937 2355 3184 2412 Domine.
3216 2355 3408 2412 omnia
3437 2369 3596 2428 opera
3621 2359 3752 2410 ua:

2379 2445 2448 2499 Et
2477 2445 2652 2500 sancti
2676 2445 2763 2500 tui
2793 2442 3112 2502 benedicant
3141 2445 3270 2502 tibi.

475 2016 591 2056 non
622 1998 811 2072 possit
839 1997 1078 2071 augeri?
1099 1997 1146 2052 H
1180 1998 1290 2053 Sed
1330 1997 1617 2070 aequalem
1659 1996 1810 2052 Patri
1860 1996 2128 2056 credule.

469 2089 513 2144 C
542 2089 660 2149 iter.
683 2103 892 2144 meus:
919 2087 1202 2160 professio
1237 2087 1372 2142 fidei
1403 2093 1520 2156 est;
1552 2085 1832 2160 quoniam
1883 2086 1954 2154 ab
2001 2085 2130 2160 ipso

471 2193 534 2234 se
564 2177 792 2236 dicebat
812 2175 955 2250 regi,
980 2176 1072 2231 cui
1096 2193 1158 2232 se
1181 2181 1418 2232 noverat
1437 2192 1586 2248 pura
1607 2178 1803 2232 mento
1832 2175 2125 2232 famulari.

472 2267 820 2324 Benedicere
840 2281 976 2321 vero
1003 2263 1227 2320 nomini
1252 2281 1265 2320 :
1291 2269 1379 2321 est
1401 2281 1503 2338 per
1521 2264 1861 2337 psalmodize
1879 2263 2128 2340 gratiam

471 2355 808 2429 supplicum
844 2374 857 2412 :
890 2355 1046 2428 quod
1078 2354 1180 2426 qui
1211 2353 1432 2422 iecerit,
1457 2359 1515 2410 et
1553 2353 1612 2410 in
1645 2354 1963 2410 eternitate
1991 2371 2128 2410 eum

470 2443 712 2502 laudare
743 2444 1097 2511 merebitur;
1129 2443 1258 2498 ideo
1308 2443 1583 2499 subditur
1637 2447 1696 2499 et
1735 2442 1794 2498 in
1847 2441 2126 2502 saeculum

471 2533 691 2602 saeculi,
716 2533 817 2590 ubi
850 2532 1050 2588 nullus
1079 2539 1169 2589 est
1199 2533 1354 2588 finis.
2020 2559 2026 2571 ι
2307 2530 2355 2587 Η
2385 2532 2786 2588 Contiteantur
2813 2533 2940 2601 tibi,
2971 2532 3242 2602 Domine,
3266 2533 3494 2591 scilicet
3532 2535 3593 2590 ut
3621 2544 3713 2603 per
3736 2539 3847 2586 saa-

500 2626 537 2677 2
608 2625 718 2680 Per
742 2623 986 2694 singulos
1015 2621 1130 2678 dies
1161 2621 1474 2678 benedicam
1503 2622 1607 2677 tibi
1638 2639 1658 2677 :
2235 2621 2487 2694 ctos,qui
2510 2620 2800 2695 tejugiter
2814 2621 3170 2679 benedicunt
3183 2627 3244 2679 et
3260 2623 3528 2690 laudant,
3546 2616 3846 2691 intelligens

610 2716 678 2768 Et
710 2711 942 2768 laudabo
969 2727 1165 2767 nomen
1194 2719 1348 2768 tuum
1387 2713 1446 2767 in
1481 2710 1749 2769 saxulum
1771 2719 1828 2770 et
1854 2712 1913 2766 in
1941 2726 2122 2768 swcu-
2233 2710 2500 2767 omnium
2521 2727 2652 2770 esse
2669 2728 2867 2768 rerum
2889 2710 3156 2770 conditor
3175 2716 3235 2769 et
3257 2709 3558 2769 σκαιοί-,Ω
3572 2707 3666 2765 Vel
3681 2704 3844 2764 omnia

683 2779 874 2865 ιῖιῖη-ἓ·
899 2801 1096 2858 δεταιΙὶ
1135 2806 1186 2864 I-
2229 2800 2626 2873 opera(etiam
2669 2799 2894 2874 lapides
2940 2805 2997 2858 et
3041 2799 3370 2874 insensata)
3401 2817 3511 2860 sua
3554 2792 3841 2856 admirabili

535 2895 576 2946 C
603 2889 714 2956 Qui
745 2889 842 2945 hic
872 2905 976 2961 per
1005 2888 1272 2963 singulos
1305 2889 1430 2947 dies
1457 2888 1752 2947 benedicit
1778 2889 1962 2946 Deum
1992 2906 2005 2944 :
2035 2889 2120 2945 ibi
2230 2888 2614 2962 dispositione
2642 2889 2828 2946 Deum
2855 2905 3058 2948 eorum
3089 2891 3375 2950 factorem
3401 2887 3721 2964 praedicant.

465 2981 526 3037 in
561 2979 663 3036 illo
693 2983 908 3035 aeterno
940 2995 1054 3034 uno
1079 2978 1174 3034 die
1193 2978 1318 3052 (qui
1345 2985 1628 3050 venturus
1647 2981 1755 3052 est)
1778 2995 1914 3035 cum
1935 2979 2121 3036 beatis
2230 2978 2291 3033 11
2373 2977 2616 3036 Gloriam
2641 2981 2804 3050 regni
2829 2982 2914 3036 tui
2939 2979 3120 3038 dicent
3147 2999 3169 3038 .-

457 3070 744 3127 eontinua
771 3067 1161 3126 exsultatione
1192 3067 1475 3126 laudabit.
2367 3072 2437 3126 Et
2460 3070 2762 3141 potentiam
2787 3077 2944 3126 tuam-
2970 3071 3282 3142 loquentur.

493 3163 528 3216 3
606 3159 838 3232 Magnus
866 3162 1130 3216 Dominus
1157 3167 1212 3216 et
1238 3159 1536 3216 laudabilis
1563 3161 1733 3218 nimis
1761 3178 1780 3216 :
2147 3147 2191 3214 Β
2300 3155 2348 3212 Η
2377 3157 2636 3216 Gloriam
2666 3159 2832 3233 regni
2859 3158 2947 3216 tui
2973 3159 3188 3229 dicent,
3212 3160 3270 3216 id
3324 3163 3416 3217 est
3455 3157 3764 3232 pradicant,
3790 3154 3841 3208 ut

605 3251 672 3305 Et
699 3249 1103 3320 magnitudinis
1131 3249 1248 3320 ejus
1277 3266 1392 3304 non
1418 3256 1497 3306 est
1519 3247 1676 3322 ﬁnis.
2095 3275 2102 3282 -
2227 3245 2298 3301 ab
2316 3247 2594 3305 omnibus
2610 3249 2825 3306 ameris
2841 3253 2902 3307 et
2915 3248 3270 3307 clariﬁceris.
3285 3251 3366 3307 Et
3377 3248 3689 3324 potentiam
3706 3249 3838 3300 tuam

532 3339 579 3396 Η
610 3338 859 3411 Magnus
889 3337 1212 3392 Dominus:
1238 3336 1378 3409 quia
1405 3337 1532 3394 sine
1556 3333 1670 3393 line
1693 3353 1965 3410 magnus,
1991 3336 2118 3394 sine
2225 3332 2570 3408 loquuntur,
2623 3342 2689 3393 ut
2743 3337 2815 3395 ab
2873 3339 3148 3396 omnibus
3205 3338 3497 3397 timearis.
3528 3337 3574 3394 Η
3603 3339 3640 3391 C
3665 3329 3838 3390 Omnia

461 3428 581 3490 fine
611 3425 946 3482 laudabilis.
969 3424 1012 3480 C
1041 3425 1220 3496 Cujus
1251 3425 1436 3480 virtus
1471 3423 1917 3498 inexplicabilis,
1945 3427 2117 3496 cujus
2227 3421 2409 3495 igitur
2437 3430 2628 3482 creata
2653 3425 2916 3483 indicant
2937 3434 3158 3501 quanta
3175 3426 3373 3501 gloria
3391 3429 3443 3485 ei
3466 3416 3837 3492 debeatur,qui

463 3515 652 3589 pietas
681 3512 1311 3586 incomprehensibilis,
1337 3514 1508 3584 cujus
1535 3514 1824 3586 sapientia
1852 3514 2118 3570 ineil'abi-

460 3605 557 3672 lis,
582 3603 753 3675 cujus
781 3618 918 3658 vera
949 3601 1212 3673 ili/ﬁnitio
1242 3607 1352 3670 est,
1388 3604 1560 3658 linem
1592 3602 1651 3657 in
1684 3601 1904 3659 sanctis
1934 3603 2121 3660 laudi-

467 3695 577 3749 bus
611 3707 726 3748 non
757 3690 991 3746 habere.

498 3783 532 3836 4
573 3780 858 3838 Generatio
888 3783 940 3835 et
968 3781 1249 3849 generatio
1279 3779 1525 3836 laudabit
1553 3795 1716 3852 opera
1745 3783 1841 3836 tua
1871 3797 1892 3836 :

603 3870 672 3925 Et
696 3869 1000 3942 potentiam
1029 3876 1182 3924 tuam
1205 3868 1661 3940 pronuntiabunt.

533 3959 576 4014 C
605 3957 911 4016 Generatio
937 3961 994 4014 et
1025 3958 1322 4030 generatio
1347 3975 1360 4014 :
1387 3959 1460 4014 ad
1491 3959 1638 4014 duos
1668 3956 1916 4032 populos
1944 3961 2118 4019 debet

2227 3511 2588 3586 incogitabili
2617 3519 2674 3571 et
2701 3515 3280 3591 incomprehensibili
3312 3516 3603 3592 sapientia
3626 3528 3689 3572 ea
3711 3524 3841 3567 crea-

2226 3602 2328 3671 vit,
2350 3608 2406 3660 et
2427 3604 2747 3677 potentiam
2776 3606 2907 3678 ejus
2936 3605 3225 3662 inﬁnitam
3257 3607 3596 3665 ostendunt.

2229 3691 2298 3747 12
2372 3694 2436 3751 Ut
2467 3703 2650 3751 notam
2665 3695 2884 3771 faciant
2907 3697 3046 3768 ﬁliis
3063 3697 3356 3753 hominum
3373 3696 3662 3770 potentiam
3676 3699 3802 3748 tuam
3822 3701 3834 3739 ε

2367 3785 2446 3838 Et
2468 3783 2703 3855 gloriam
2730 3787 3160 3858 magniﬁcentia?
3187 3787 3349 3856 regni
3372 3786 3476 3842 tui.

2297 3871 2338 3928 C
2369 3873 2600 3929 Sanctis
2629 3872 2786 3930 enim
2838 3873 3352 3948 praedicationibus
3401 3877 3538 3931 nota
3579 3874 3664 3927 est
3710 3866 3833 3920 facta

2226 3961 2485 4034 potentia
2507 3962 2603 4020 Dei
2621 3966 2682 4018 et
2699 3960 2886 4036 gloria
2906 3962 3068 4037 regni
3089 3963 3239 4036 ejus,
3261 3981 3337 4020 ne
3357 3963 3650 4038 ignoratus
3668 3954 3830 4012 minus

461 4046 764 4121 applicari,
795 4063 948 4102 unus
996 4047 1370 4104 Hebraeorum
1399 4050 1510 4114 est,
1542 4046 1690 4104 alter
1717 4064 1787 4104 ex
1815 4049 2111 4122 gentibus.

461 4136 577 4210 Ipsi
609 4141 750 4194 sunt
779 4135 958 4204 enim,
993 4135 1092 4208 qui
1126 4135 1359 4193 Domini
1389 4137 1670 4196 beneﬁcia
1707 4145 2111 4212 susceperunt,

461 4232 522 4284 et
551 4226 758 4284 merito
788 4225 917 4298 ejus
949 4225 1266 4299 potentiam
1299 4225 1592 4284 laudando
1625 4227 2026 4300 pronuntiant.

493 4319 533 4372 5
603 4315 1066 4388 Magniﬁcentiam
1084 4315 1284 4385 gloriae
1309 4317 1616 4373 sanctitatis
1645 4325 1758 4375 tua!
1786 4319 2075 4393 loquentur
2094 4339 2112 4376 :

601 4405 671 4460 Et
695 4404 985 4459 mirabilia
1015 4412 1110 4461 tua
1139 4406 1470 4461 narrabant.

2225 4050 2471 4106 forsitan
2501 4055 2874 4124 quaereretur.
2899 4051 3045 4108 Nota
3083 4050 3234 4108 facta
3279 4055 3372 4108 est
3420 4045 3686 4123 potentia,
3713 4041 3828 4096 dum

2225 4137 2487 4196 diversas
2511 4138 2755 4198 virtutes
2775 4138 3025 4214 apostoli
3051 4139 3316 4198 invocato
3339 4141 3468 4213 ejus
3491 4134 3707 4195 nomine
3723 4129 3827 4204 pel-‘-

2223 4227 2505 4284 fecerunt.

2226 4317 2294 4372 13
2368 4318 2609 4390 Regnum
2638 4323 2814 4389 tuum,
2850 4335 3078 4392 regnum
3106 4321 3358 4376 omnium
3387 4317 3703 4378 agendorum
3731 4325 3742 4364 ε

2365 4409 2433 4463 Et
2455 4407 2756 4466 dominatio
2785 4417 2882 4466 tua
2911 4411 2968 4465 in
2999 4410 3153 4466 omni
3191 4411 3542 4480 generatione
3566 4409 3616 4464 et
3639 4411 3830 4472 θάπτω

2437 4499 2604 4555 tione.

2297 4586 2343 4643 H
2376 4587 2640 4661 Regnum
2671 4592 2844 4644 tuum
2886 4604 3134 4662 regnum
3177 4589 3466 4657 omnium,
3495 4580 3686 4642 omnia
3699 4571 3829 4632 enim

2225 4675 2439 4738 saecula
2459 4677 2860 4736 dominatione
2883 4677 2968 4738 tui
2998 4677 3160 4750 regni
3185 4677 3514 4736 volvuntur.
3537 4674 3579 4730 C
3604 4667 3714 4735 Vel,
3734 4675 3827 4750 non

2223 4767 2378 4822 sicut
2405 4765 2521 4824 alia
2549 4769 2756 4824 mundi
2801 4783 2981 4840 regna
3022 4746 3220 4840 aliquo
3252 4771 3512 4842 tempore
3552 4746 3827 4824 durat,sed

2220 4858 2341 4912 toto
2372 4855 2580 4912 mundi
2621 4861 2901 4930 tempore.
2927 4856 2996 4913 Et
3024 4873 3138 4913 nou
3177 4856 3369 4912 solum
3420 4859 3536 4912 toto
3579 4853 3824 4930 ωωροῗθν

2219 4961 2423 5001 verum
2454 4947 2631 5002 etiam
2662 4926 2815 5020 post,
2847 4945 3226 5014 aeternaliter;
3265 4945 3417 5002 unde
3463 4947 3522 5000 et
3559 4938 3704 4995 idem
3730 4926 3825 5028 ola-

2219 5033 2344 5090 rius
2367 5035 2682 5108 repetitur:
2708 5039 2765 5092 et
2792 5033 3114 5092 dominatio
3139 5038 3260 5104 tua,
3285 5035 3343 5090 id
3374 5038 3482 5101 est,
3507 5020 3826 5104 perpetuiuna

2221 5127 2454 5193 aeterna,
2476 5141 2602 5197 qua:
2634 5129 2938 5198 permanet
2960 5125 3020 5181 in
3041 5123 3201 5181 omni
3227 5121 3594 5196 generatione
3609 5116 3665 5172 et
3677 5117 3823 5198 gen?

532 4493 579 4589 ll
759 4492 916 4547 enim
948 4492 1062 4548 duo
1093 4492 1314 4589 populi,
1345 4495 1475 4589 ejus
1519 4495 2014 4589 magnificentiam
2047 4513 2113 4554 ac
2146 4521 2194 4589 ι)

465 4579 782 4649 mirabilia,
809 4597 938 4652 quae
966 4579 1226 4654 quotidie
1248 4581 1516 4640 Christus
1545 4583 1604 4639 in
1635 4584 1893 4644 Ecclesia
1920 4601 2118 4660 opera-

458 4674 574 4737 tur,
604 4668 698 4741 pio
724 4685 822 4724 ore
854 4669 1257 4740 pronuntiant.

491 4763 528 4815 ϐ
597 4759 667 4815 Et
691 4760 952 4815 virtutem
979 4758 1320 4816 terribilium
1345 4765 1566 4817 tuorum
1591 4762 1772 4820 dicent
1801 4783 1818 4819 :

596 4847 666 4903 Et
693 4846 1135 4920 magnitudinem
1165 4855 1316 4905 tuam
1344 4850 1674 4908 narrabant.

529 4935 575 4992 H
603 4935 808 4992 Virtus
837 4935 1051 4994 Christi
1084 4943 1174 4994 est
1205 4937 1504 5007 terribilis,
1537 4956 1670 4997 cum
1704 4941 1762 4998 in
1789 4941 1990 5018 impiis
2019 4942 2110 5000 ul-

457 5025 730 5094 ciscetur,
756 5029 820 5082 ut
849 5026 908 5082 in
948 5025 1268 5085 Pharaone.
1293 5029 1636 5101 Magnitudo
1675 5035 1783 5098 est,
1806 5046 1940 5088 cum
1968 5033 2110 5106 justi

455 5119 764 5184 eruuntur,
789 5119 854 5171 ut
882 5115 1216 5190 frequenter
1247 5117 1423 5174 Israel
1443 5119 1516 5176 ab
1542 5121 1890 5180 adversariis
1911 5125 2111 5179 erutus

458 5209 569 5262 est.
2220 5191 2464 5271 ratione.
2492 5191 2541 5269 λ
2569 5191 2692 5285 vi],
2717 5229 2964 5288 regnum
3006 5191 3274 5272 omnium
3312 5209 3667 5271 saeculorum,
3695 5199 3747 5255 θί
3776 5191 3824 5246 in

486 5295 524 5350 7
596 5291 912 5351 Memoriam
965 5293 1325 5354 abundantiae
1375 5299 1670 5356 suavitatis
1731 5306 1846 5357 tua:
1895 5309 2109 5358 eructa-
2217 5301 2380 5360 omni
2427 5303 2800 5376 generatione
2831 5307 2888 5360 et
2917 5301 3310 5377 generatione,
3333 5305 3424 5358 est
3461 5305 3692 5372 regnum
3725 5297 3822 5340 σθ’

671 5382 810 5438 bunt
833 5401 852 5436 :
2218 5389 2382 5461 leste,
2408 5391 2508 5448 ubi
2533 5393 2604 5448 de
2629 5392 2789 5448 omni
2817 5391 3192 5465 generatione
3222 5395 3279 5448 et
3303 5388 3512 5447 seaculo
3543 5397 3654 5442 una
3677 5383 3824 5465 Βαδὺ

2218 5479 2365 5537 ratio
2395 5482 2506 5540 erit
2533 5487 2769 5554 aeterna,
2789 5456 2850 5542 et
2877 5497 3058 5541 unum
3081 5479 3275 5541 solum
3294 5475 3634 5540 aeternaliter
3647 5456 3824 5547 ειοιί⁰⁶

2214 5585 2349 5633 sum
2375 5584 2645 5652 regnum.

597 5471 666 5526 Et
688 5471 906 5540 iustitia
930 5471 1298 5529 exsultabant.

527 5559 574 5617 Η
600 5558 967 5621 Eructabant
995 5559 1108 5640 ipsi
1137 5562 1484 5626 suavitatem
1509 5565 1746 5642 Christi,
1771 5585 1889 5648 qua
1906 5584 2007 5630 eos
2027 5571 2109 5631 fo-
