3986 6164
216 292 319 361 3ίύ⁷1

217 436 275 494 14
341 439 397 503 -Ξ-
443 434 655 492 Fidelis
686 433 961 489 Dominus
994 434 1054 488 in
1081 432 1335 490 omnibus
1364 436 1470 491 viis
1496 436 1614 492 suis
1656 441 1670 502 ζ

342 527 411 580 Et
436 531 658 580 sanctus
688 525 747 577 in
776 523 1029 579 omnibus
1058 524 1312 595 operibus
1341 525 1479 580 suis.

276 630 323 688 Π
353 628 572 688 Fidelis
596 628 882 686 Dominus
918 628 979 684 in
1023 629 1299 687 omnibus
1330 630 1519 689 verbis
1551 631 1695 701 suis,
1729 649 1863 689 cum

211 720 405 783 omnia
438 735 569 792 qua
600 735 703 792 per
752 717 1068 791 prophetas
1104 718 1336 778 locutus
1367 724 1458 777 est
1504 721 1861 795 adimplevit.

211 810 585 878 Sanctus,-ut
636 807 791 864 sicut
830 804 925 862 ille
974 812 1214 865 sanctus
1244 814 1352 877 est,
1384 810 1468 866 ita
1496 814 1554 867 et
1603 828 1731 877 nos,
1763 799 1865 885 qui

211 910 385 973 opera
412 898 544 970 ejus
572 913 804 968 sumus,
839 896 1030 953 sancti
1060 897 1388 954 efﬁciamur
1416 900 1476 955 in
1504 899 1625 957 illo.

214 1025 280 1080 15
350 1024 565 1080 Allevat
588 1023 854 1081 Dominus
883 1038 1071 1081 omnes.
1096 1025 1196 1097 qui
1220 1033 1446 1081 corruat
1473 1043 1493 1081 .-

352 1114 420 1169 Et
448 1114 616 1184 erigit
644 1128 828 1169 omnes
854 1113 1039 1170 elisos.

279 1222 323 1278 ε
352 1220 486 1294 Ipse
524 1219 685 1279 enim
714 1217 926 1277 allevat
957 1222 1215 1288 ruentes,
1240 1219 1339 1292 qui
1385 1220 1577 1281 adhuc
1622 1220 1867 1280 minime

213 1312 581 1367 sonuerunt.
608 1307 736 1381 Ipse
777 1306 953 1380 erigit
990 1307 1189 1379 elisos,
1219 1308 1320 1381 qui
1344 1309 1472 1380 jam
1502 1310 1734 1367 ruinam
1767 1327 1868 1367 su-

211 1398 496 1456 stinuisse
524 1401 868 1455 noscuntur.
895 1398 963 1453 Et
995 1397 1203 1457 merito
1245 1398 1371 1470 ipse
1411 1398 1530 1455 hac
1562 1400 1748 1456 facere
1778 1398 1866 1455 di-

211 1489 384 1556 citur,
418 1486 697 1560 quoniam
728 1502 801 1543 ne
829 1485 1135 1553 cedamus,
1164 1484 1293 1559 ipso
1327 1488 1573 1544 custode
1599 1488 1867 1545 defendi-

211 1594 369 1644 mur,
398 1580 467 1633 nt
492 1586 627 1633 vero
682 1575 959 1659 prostrati
1016 1591 1256 1648 surgere
1302 1575 1624 1646 valeamus,
1657 1576 1868 1637 virtute

211 1665 403 1740 ipa‘us
430 1663 820 1723 nihilominus
850 1663 1249 1726 sublevantur.

218 1793 280 1846 t6
356 1789 517 1847 Oculi
539 1790 785 1846 omnium
820 1787 876 1844 id
906 1796 955 1844 te
984 1797 1205 1861 sperant
1235 1807 1254 1844 .-

353 1884 424 1945 Et
449 1887 512 1935 tu
539 1878 635 1934 das
660 1894 836 1945 escam
864 1878 1090 1935 illorum
1119 1879 1177 1933 in
1209 1887 1445 1951 tempore
1471 1884 1791 1952 opportuno.

286 1987 333 2042 Η
389 1985 555 2043 Oculi
612 1984 913 2053 omnium,
976 1985 1033 2041 id
1088 1989 1177 2041 est
1230 1990 1569 2041 sanctorum
1629 1987 1869 2042 interior

228 2080 486 2149 aspectus
512 2075 571 2130 in
601 2074 700 2130 illo
731 2074 929 2129 futuro
954 2077 1215 2146 tempore
1253 2074 1689 2147 retributiones,
1719 2092 1866 2148 quas

227 2169 533 2239 exspectat,
561 2162 826 2237 suscipit.
857 2164 899 2219 C
926 2162 1029 2218 Vel
1072 2163 1248 2219 etiam
1279 2164 1351 2221 de
1389 2165 1664 2220 omnibus
1695 2166 1867 2221 rebus

230 2253 397 2326 accipi
455 2256 666 2327 potest,
712 2252 813 2307 sed
868 2256 1007 2307 tunc
1060 2269 1213 2319 esca,
1265 2251 1729 2326 uniuscujusque
1787 2256 1867 2310 rei

229 2341 576 2405 continentia
607 2340 778 2398 debet
821 2340 1067 2413 intelligi
1103 2357 1117 2396 :
1149 2339 1277 2397 Alia
1322 2340 1481 2407 enim
1525 2343 1866 2416 corporalia,

232 2431 337 2490 alia
362 2428 687 2505 spiritualia
716 2434 1011 2502 expetunt,
1041 2430 1142 2487 sed
1174 2430 1267 2486 his
1291 2431 1565 2489 omnibus
1596 2450 1712 2489 una
1740 2450 1871 2489 esca

232 2525 332 2590 est,
352 2521 591 2594 largitas
621 2519 979 2592 dispensata.

231 2631 292 2685 17
361 2629 552 2701 Aperis
578 2635 635 2694 ξι
669 2635 730 2683 tu
770 2632 784 2691 ζ
822 2643 1054 2685 manum
1084 2634 1237 2684 tuam
1268 2644 1281 2682 :

360 2719 425 2774 Et
448 2717 644 2789 imples
671 2731 831 2774 omne
857 2716 1070 2773 animal
1098 2717 1486 2775 benedictione.

292 2824 340 2881 Η
368 2823 568 2897 Aperit
596 2836 861 2890 manum,
885 2827 944 2881 et
978 2821 1188 2895 implet
1228 2840 1404 2883 omne
1422 2824 1667 2893 animal,
1698 2825 1754 2883 id
1783 2831 1873 2884 est

228 2926 453 2971 (lunam
504 2912 788 2985 quintam,
837 2929 947 2969 sua
999 2912 1419 2981 benedictione,
1451 2932 1579 2987 quze
1626 2916 1871 2977 maledi-

230 3001 443 3059 ctiones
469 3006 531 3060 et
556 3002 870 3075 opprobria
898 3001 1107 3057 mundi
1136 3019 1241 3073 pro
1271 3004 1507 3063 nomine
1534 3006 1664 3077 ejus
1693 3005 1872 3065 susti-

230 3091 374 3146 nuit.
404 3091 444 3147 C
472 3090 599 3159 Vel,
632 3090 771 3163 quia
798 3091 858 3145 in
890 3107 1068 3146 manu
1100 3091 1228 3162 ejus
1254 3096 1345 3149 est
1374 3093 1568 3150 omnis
1598 3110 1751 3162 esca,
1782 3095 1871 3151 in-

1421 300 1834 365 EXPOSITIO
1878 298 2393 367 PSALMORUM.

1895 1812 1945 1878 B

3501 305 3622 368 518

1891 437 1947 504 Α
1971 437 2044 491 20
2118 438 2457 496 Voluntatem
2492 439 2805 495 timentium
2846 453 2906 495 se
2944 440 3114 510 faciet
3143 459 3162 495 :
3190 449 3242 497 et
3287 439 3621 513 deprecatio-

2183 544 2313 585 nem
2334 544 2528 584 eorum
2555 527 2828 585 exaudiet.

2114 617 2180 671 Et
2202 617 2378 673 salvos
2402 618 2571 688 faciet
2599 633 2705 674 eos.

2016 704 2091 761 -Η
2124 704 2495 762 Voluntatem
2526 705 2860 763 timentium
2888 724 2959 767 se
2984 706 3124 764 facit
3148 708 3453 780 Dominus,
3477 711 3629 767 dum

1972 810 2072 851 eos
2102 795 2294 868 eripit,
2315 794 2403 852 vel
2433 796 2505 851 ab
2538 794 2916 869 iustigatione
2936 796 3172 865 diaboli,
3198 798 3298 870 qui
3318 816 3453 856 eum
3475 816 3623 873 puro

1974 885 2146 941 corde
2176 885 2583 957 deprecantur,
2616 884 2705 941 vel
2733 886 2807 941 ab
2837 886 3041 942 ardore
3071 888 3313 960 peccati.
3366 926 3375 931 -

1971 975 2037 1029 21
2118 975 2360 1031 Custodit
2387 976 2657 1031 Dominus
2684 991 2869 1032 omnes
2890 975 3181 1047 diligentes
3204 993 3262 1034 se
3285 996 3306 1035 :

2116 1064 2182 1119 Et
2205 1078 2391 1119 omna
2413 1070 2718 1135 peccatores
2739 1063 3026 1136 disperdat.

2048 1152 2089 1206 ll
2121 1150 2388 1209 Custodit
2406 1150 2693 1208 Dominus
2721 1167 2842 1220 eos,
2865 1153 2966 1226 qui
2988 1168 3123 1210 eum
3147 1153 3420 1227 diligunt,
3442 1160 3501 1213 et
3522 1156 3626 1229 qui

1974 1236 2343 1297 dilectionem
2372 1241 2501 1312 ejus
2550 1241 2870 1297 mundanis
2901 1242 3313 1300 dilectionibus
3354 1244 3628 1317 pratulo-

1974 1333 2133 1387 runt.
2160 1328 2295 1385 Illos
2322 1345 2457 1385 vero
2488 1329 2805 1402 disperdet,
2830 1330 2931 1402 qui
2975 1332 3103 1404 ejus
3149 1332 3335 1389 amori
3366 1350 3626 1393 amorem

1976 1417 2170 1474 saeculi
2202 1422 2665 1491 praeposuerunt.
2699 1417 2741 1473 C
2767 1418 2985 1475 Omnes
3012 1436 3147 1475 vero
3179 1420 3380 1478 dicens
3410 1422 3628 1496 disper-

1975 1507 2199 1563 dendce
2225 1511 2577 1578 peccatores,
2600 1522 2700 1562 eos
2727 1505 2869 1562 dicit
2897 1507 2996 1579 qui
3024 1507 3083 1563 in
3106 1525 3215 1565 sua
3236 1511 3629 1569 obstinatione

1975 1597 2320 1671 persistent.

1972 1690 2046 1742 22
2117 1685 2508 1743 Laudationem
2537 1684 2761 1741 Domini
2783 1686 3036 1757 loquetur
3063 1703 3120 1743 os
3152 1704 3331 1744 meum
3362 1709 3379 1744 :

2115 1778 2182 1856 lit
2226 1773 2511 1832 benedicat
2554 1776 2732 1830 omnis
2760 1791 2887 1830 caro
2915 1777 3132 1834 nomini
3173 1786 3357 1835 sancto
3403 1781 3521 1852 ejus
3571 1783 3634 1839 in

2188 1865 2456 1921 saeculum
2484 1867 2537 1919 et
2567 1865 2624 1919 in
2653 1864 2920 1922 saeculum
2953 1872 3008 1932 νέ-
3029 1868 3218 1922 saeculi
3256 1874 3306 1933 ζ.
3460 1927 3469 1931 ,

2048 1955 2094 2010 Η
2126 1954 2423 2025 Loquetur
2442 1968 2508 2008 os
2532 1968 2728 2008 meum
2750 1952 2985 2009 laudem
3015 1954 3269 2025 Domini,
3293 1973 3451 2017 nunc
3479 1964 3537 2015 et
3568 1960 3629 2014 in

1977 2045 2172 2100 futuro
2204 2041 2605 2098 retributionis
2655 2047 2935 2114 tempore.
2969 2044 3039 2099 Et
3081 2045 3388 2103 benedicat
3430 2049 3630 2105 omnis

1977 2149 2129 2201 caro,
2166 2133 2274 2189 hoc
2303 2136 2393 2186 est
2417 2147 2591 2188 omne
2621 2147 2833 2203 corpus
2872 2131 3163 2190 Ecclesiae.
3196 2134 3358 2199 Quod
3390 2153 3499 2192 nos
3530 2154 3633 2195 su-

1979 2240 2131 2291 mus,
2161 2220 2266 2292 qui
2312 2218 2628 2276 Dominum
2673 2217 2934 2289 laudare,
2966 2221 3324 2292 benedicere,
3357 2219 3632 2283 extollere

1977 2317 2035 2367 et
2063 2309 2374 2385 praedicare
2404 2308 2708 2365 debemus.
2732 2307 2883 2364 Dicit
2902 2314 3098 2367 autem
3125 2327 3191 2367 os
3221 2329 3417 2385 suum,
3440 2316 3638 2373 cordis

1979 2417 2278 2467 arcanum,
2307 2398 2460 2454 unde
2482 2413 2544 2453 se
2566 2396 2856 2469 Propheta
2878 2405 3119 2457 noverat
3148 2400 3400 2459 libenter
3419 2406 3647 2462 audiri.

1979 2491 2222 2546 Carnem
2255 2504 2489 2561 quoque
2537 2502 2641 2560 per
2682 2486 3088 2559 synecdochen
3120 2490 3268 2548 dixit
3312 2498 3501 2550 totum
3528 2494 3632 2551 bo~

1982 2596 2222 2636 minem.

2443 2700 2646 2740 ORATIO
2675 2701 2747 2739 EX
2785 2700 2943 2740 PSAL.
2985 2701 3167 2743 CXLIV.

2052 2796 2346 2867 Regnator
2374 2790 2636 2848 omnium
2684 2795 3047 2862 sanctorum,
3071 2792 3336 2867 Domine,
3360 2798 3460 2871 qui
3514 2799 3635 2873 spi-

1981 2884 2210 2941 ritalem
2261 2882 2458 2938 cibum
2505 2882 2666 2935 omni
2698 2878 2906 2935 animae
2953 2886 3281 2953 opportuno
3330 2886 3634 2944 ministras

1981 2975 2041 3031 in
2070 2968 2627 3045 tempore,concede
2664 2967 2833 3024 nobis
2878 2973 2935 3023 te
2985 2972 3404 3042 perpetualiter
3454 2975 3633 3032 bene-

1983 3065 2194 3128 dicere,
2227 3065 2509 3131 tuamquc
2549 3056 2873 3129 potentiam
2905 3074 3039 3113 cum
3081 3057 3281 3117 electis
3332 3062 3448 3119 tuis
3477 3064 3632 3120 ﬁdu-

229 3180 538 3253 temgimus
560 3146 667 3253 p’e;
692 3196 934 3241 mimum
963 3146 1876 3257 θᾶυβθὶοιϐέὼιέᾧῖξηξῷὶῶ-
1903 3180 1949 3249 c
1984 3151 2206 3257 cialiter
2255 3148 2526 3257 exaltare.
2573 3146 2675 3202 Per
2730 3146 3049 3203 Dominum
3104 3156 3371 3206 nostrum
3429 3152 3635 3210 Jesum

230 3242 388 3327 niani
414 3242 816 3331 aestiuorum
845 3270 964 3325 vita
984 3242 1308 3329 constituta
1328 3275 1425 3328 est
1472 3242 1534 3329 et
1578 3242 1730 3331 esse.
1762 3275 1873 3331 Sed
1913 3242 1949 3249 ⁷
1983 3242 2305 3311 Christum,

228 3358 430 3416 melius
457 3363 548 3416 est
575 3361 641 3414 ut
657 3357 855 3421 solum
882 3357 1168 3421 rationale
1197 3359 1417 3435 animal
1450 3360 1871 3435 intelligimus,

230 3448 380 3519 quod
407 3463 608 3509 mera
639 3452 870 3507 constat
898 3464 1070 3520 posse
1100 3448 1387 3506 benedici.

234 3572 296 3626 18
363 3575 550 3629 Justus
583 3573 854 3629 Dominus
884 3573 945 3627 in
973 3572 1224 3629 omnibus
1252 3575 1357 3629 viis
1381 3576 1499 3631 suis
1526 3594 1543 3630 :

364 3664 426 3718 Et
453 3666 675 3719 sanctus
708 3663 767 3716 in
791 3662 1042 3717 omnibus
1073 3663 1325 3735 operibus
1353 3666 1489 3735 suis.

298 3750 340 3806 C
361 3752 566 3808 Justus
593 3766 730 3807 vere
762 3749 1047 3806 Dominus
1076 3755 1184 3819 est,
1212 3752 1370 3825 quia,
1392 3769 1527 3808 eum
1554 3770 1664 3812 nos
1682 3754 1875 3810 verbe-

233 3845 337 3908 rat,
356 3841 688 3914 (equitatem
736 3840 896 3906 facit,
920 3839 1059 3913 quia
1088 3842 1343 3913 peccatis
1373 3841 1553 3916 digna
1593 3844 1870 3901 restituit.

232 3925 341 3983 Via:
368 3930 660 4004 pertinent
708 3930 782 3985 ad
831 3928 1307 4001 dispositionem;
1342 3932 1601 4003 operatio
1636 3933 1707 3989 ad
1738 3934 1873 3990 ell‘e-

231 4022 402 4087 ctum,
425 4019 581 4091 apud
605 4035 741 4086 nos;
765 4018 920 4091 apud
942 4017 1110 4074 illum
1130 4036 1287 4087 vero,
1313 4019 1419 4075 hoc
1441 4025 1531 4077 est
1550 4021 1694 4079 velle
1716 4024 1870 4097 quod

231 4105 426 4176 facere,
456 4106 568 4163 hoc
599 4107 908 4180 disponere
939 4108 1096 4180 quod
1120 4109 1347 4181 jubere.
1370 4109 1622 4168 Sanctus
1640 4128 1793 4181 vero,
1818 4116 1875 4169 et

229 4195 381 4266 pium
410 4196 727 4271 signiﬁcat,
751 4201 808 4252 et
836 4196 1175 4268 patientem,
1198 4202 1256 4254 et
1284 4200 1574 4255 bonorum
1605 4202 1871 4258 omnium

227 4281 574 4359 largitorem,
598 4285 879 4357 quoniam
905 4286 1193 4358 quidquid
1224 4287 1298 4342 ab
1330 4287 1429 4344 illo
1460 4289 1732 4359 efﬁcitur,
1762 4291 1875 4348 vir-

1856 4396 1869 4403 ο
1981 4364 2320 4431 Dominum,
2350 4365 2414 4417 ut
2452 4358 2707 4432 explosis
2736 4359 3189 4432 cogitationibus
3234 4363 3634 4435 supervacuis,

228 4376 411 4430 totum
441 4373 619 4431 laude
650 4373 999 4447 completur.

224 4496 289 4559 t9
354 4500 530 4573 Prope
557 4506 639 4555 est
666 4500 930 4555 Dominus
955 4501 1211 4556 omnibus
1242 4502 1619 4560 invocantibus
1647 4520 1813 4562 eum:

352 4593 424 4659 Χ
446 4586 721 4649 Omnibus
752 4589 1128 4663 invocantibus
1151 4606 1277 4647 eum
1319 4596 1333 4656 ζ
1374 4592 1435 4646 in
1465 4594 1712 4651 veritate.

284 4711 329 4767 Η
362 4711 551 4784 Prope
579 4716 670 4768 est
698 4712 986 4769 Dominus
1017 4712 1132 4780 his,
1157 4714 1256 4786 qui
1290 4730 1423 4770 eum
1446 4716 1562 4772 ﬁde
1590 4720 1646 4772 et
1673 4734 1873 4790 opera-

214 4800 367 4858 tione
400 4801 695 4871 invocant,
722 4805 785 4858 ut
813 4803 939 4876 ipse
960 4801 1042 4858 ait
1066 4819 1078 4859 :
1103 4803 1223 4877 Ego
1243 4820 1377 4861 sum
1399 4803 1553 4861 Deus
1574 4806 1644 4862 de
1672 4823 1869 4880 prope,

212 4896 267 4946 et
295 4907 414 4946 non
447 4890 605 4946 Deus
646 4891 717 4948 de
774 4890 966 4965 longe.
991 4895 1031 4946 C
1056 4891 1243 4966 Prope
1302 4896 1496 4949 autem
1545 4893 1779 4962 dicitur,
1811 4895 1871 4951 id

209 4984 317 5046 est,
349 4980 679 5052 proximus,
696 4981 937 5053 quando
985 4984 1077 5037 est
1122 4982 1444 5054 propitius;
1477 4983 1664 5039 iratus
1711 5000 1868 5054 vero,

210 5068 591 5141 longinquus.
618 5069 771 5125 Nam
798 5069 1109 5142 praesentia
1138 5071 1267 5142 ejus
1308 5086 1540 5145 semper
1567 5076 1625 5128 et
1654 5072 1873 5145 ubique

212 5162 315 5213 est.
338 5157 402 5215 Si
422 5157 585 5213 enim
609 5158 927 5217 ascendere
956 5159 1016 5214 in
1048 5158 1285 5229 caelum,
1310 5159 1432 5216 illic
1453 5176 1536 5230 es,
1559 5166 1669 5218 etc.
1695 5163 1868 5235 (Psal.

212 5246 504 5319 cxxxv-m).
529 5247 641 5304 Sed
671 5248 954 5320 quoniam
986 5252 1043 5305 et
1067 5248 1155 5304 illi
1186 5248 1477 5319 invocant,
1501 5251 1603 5323 qui
1637 5268 1745 5307 sua
1764 5268 1872 5308 cu-

212 5334 379 5410 piunt
402 5353 559 5392 vana
608 5342 667 5393 et
706 5336 920 5395 nociva
975 5337 1266 5395 desideria
1312 5338 1567 5412 impleri,
1599 5340 1868 5399 additum

214 5430 318 5493 est,
357 5424 421 5480 in
469 5425 734 5493 veritate,
759 5426 900 5500 quia
947 5427 1111 5485 solus
1159 5428 1437 5485 veraciter
1482 5428 1733 5499 invocat,
1767 5430 1869 5502 qui

213 5513 282 5570 ab
308 5531 377 5571 eo
408 5504 559 5590 petit
587 5531 717 5591 quae
736 5515 864 5593 ipse
882 5517 1238 5591 postulanda
1257 5517 1457 5578 docuit
1477 5523 1536 5576 et
1564 5518 1870 5595 profutura

212 5604 385 5665 novit.

2336 3241 2444 3295 etc.

2526 3351 2855 3409 PSALMUS
2896 3353 3098 3410 CXLV.

2289 3488 2297 3500 .
2411 3458 2815 3499 ABGUMENTUN
2855 3460 3016 3499 PSAL.
3058 3460 3216 3503 CXLV.

2054 3563 2097 3620 C
2126 3560 2415 3633 Propheta
2443 3558 2583 3614 dicit
2612 3557 2672 3612 in
2702 3556 3041 3615 hominibus
3072 3560 3317 3618 minime
3347 3563 3640 3623 confiden-

1983 3652 2148 3717 dum,
2172 3650 2274 3707 sed
2307 3653 2488 3704 totam
2531 3663 2692 3718 spem
2725 3647 2785 3702 in
2815 3647 3062 3704 Domino
3105 3666 3235 3706 esse
3282 3652 3636 3727 ponendam,

1982 3758 2057 3797 ne
2087 3739 2308 3813 aliquid
2340 3738 2413 3793 ab
2442 3753 2510 3793 eo
2540 3740 2833 3809 peteretur
2862 3738 3073 3810 tepide,
3098 3739 3148 3797 si
3179 3745 3238 3796 et
3267 3741 3420 3799 alius
3449 3745 3645 3801 crede-‘

1983 3834 2144 3887 retur
2170 3843 2342 3903 posse
2370 3829 2665 3899 praestare.

2604 3915 2722 3970 TT.
2755 3915 3016 3971 Alleluia.

2020 4008 2046 4063 1
2123 4007 2312 4063 Lauda
2339 4005 2532 4060 anima
2564 4020 2686 4060 mea
2722 4005 3014 4061 Dominum
3038 4023 3058 4061 :
3088 4007 3321 4065 laudabo
3348 4011 3635 4068 Dominum

2196 4098 2254 4152 in
2283 4096 2396 4151 vita
2424 4109 2545 4149 mea
2577 4109 2590 4148 :

2122 4183 2376 4241 Psallam
2408 4186 2518 4239 Deo
2550 4196 2666 4237 meo
2696 4181 2944 4253 quandiu
2974 4183 3149 4254 fuero.

2050 4274 2093 4332 C
2121 4274 2396 4330 Hortatur
2433 4267 2747 4326 Psalmista
2791 4271 3047 4328 suaviter
3090 4273 3348 4329 animam
3397 4272 3636 4332 laudare

1982 4454 2041 4509 in
2073 4452 2199 4531 ipso
2220 4456 2449 4508 tantum
2472 4448 2702 4522 negotio
2724 4450 2864 4506 totis
2883 4448 3108 4507 viribus
3127 4457 3466 4525 occupetur.
3493 4452 3638 4508 Lau-

1900 4552 1948 4617 Β
1978 4542 2151 4613 dabo,
2184 4540 2349 4609 dixit,
2374 4544 2441 4595 ut
2469 4538 2733 4594 futurum
2766 4543 2999 4611 tempus
3032 4541 3636 4614 cstenderet,quando

1980 4631 2207 4705 angelis
2248 4629 2551 4702 justisque
2595 4626 2937 4683 hominibus
2986 4645 3114 4684 sors
3161 4630 3277 4686 ista
3304 4631 3636 4689 communis

1979 4725 2090 4778 est.
2129 4719 2384 4777 Psallam
2434 4715 2695 4790 quandiu
2745 4717 2928 4785 fuero,
2954 4717 3174 4774 scilicet
3226 4720 3283 4773 in
3341 4718 3633 4790 presenti,

1977 4809 2134 4882 quod
2161 4807 2235 4863 ad
2266 4808 2420 4862 bona
2449 4822 2624 4879 opera
2651 4804 2922 4878 pertinet.
2951 4805 2997 4860 Η
3028 4804 3172 4861 Vide
3195 4806 3641 4878 etiam,quando.

1971 4899 2154 4970 juste,
2176 4893 2400 4969 aliquid
2451 4895 2703 4968 agimus,
2738 4911 2975 4961 sumus;
3028 4896 3264 4966 quando
3296 4912 3631 4968 peccamus,

1979 5002 2106 5043 esse
2138 4982 2688 5041 desistimus.Unde
2721 4983 2861 5038 dicit
2904 4982 3156 5039 laudabo
3205 4983 3465 5056 quandiu
3511 5000 3631 5053 ero,

1980 5075 2120 5147 quia
2149 5090 2265 5129 non
2297 5076 2386 5128 est
2414 5070 2545 5127 laus
2573 5069 2635 5125 in
2667 5086 2765 5127 ore
2796 5070 3117 5143 peccatoris
3146 5073 3334 5143 (Eccli.
3364 5072 3477 5145 xv).

2011 5165 2048 5219 2
2118 5163 2297 5219 Nolite
2325 5159 2592 5231 conﬁdere
2620 5161 2681 5215 in
2704 5160 3051 5231 principibus
3075 5179 3097 5216 .-

2120 5257 2184 5308 Ῑη
2216 5252 2352 5324 ﬁliis
2384 5251 2670 5306 hominum
2699 5250 2761 5304 in
2788 5251 2986 5321 quibus
3014 5267 3125 5307 non
3149 5259 3230 5308 est
3252 5252 3424 5308 salus.

2048 5342 2091 5398 C
2121 5341 2309 5399 Nolite
2336 5339 2647 5405 confidere,
2674 5338 2733 5394 id
2771 5342 2863 5395 est
2890 5355 2995 5396 nec
3026 5340 3085 5396 in
3120 5341 3507 5411 damonibus,
3531 5343 3641 5416 qui.

1978 5430 2274 5505 principes
2303 5429 2607 5495 dicuntur;
2651 5443 2757 5483 nec
2798 5426 2859 5483 in
2903 5427 3262 5502 hominibus,
3285 5435 3378 5486 est
3418 5447 3633 5503 pra-su-

1977 5520 2283 5590 mendum,
2307 5517 2471 5575 solus
2490 5516 2648 5573 enim
2675 5520 2767 5574 est
2792 5515 2949 5574 ﬁlius
2978 5517 3257 5587 hominis,
3292 5519 3393 5592 qui
3426 5519 3633 5577 tribuit

1978 5609 2297 5688 unicuique
2313 5605 2584 5669 salutem.
2603 5605 2651 5667 Η
2672 5605 2933 5687 Intellige
2952 5606 3340 5669 nihilominus
3359 5608 3541 5671 etiam
3559 5608 3631 5670 de
