3986 6164
196 274 289 338 52!

192 410 220 464 3
310 406 408 474 Qui
431 412 594 460 sanat
619 405 883 461 contritas
912 406 1071 461 corde
1100 424 1119 461 .·

306 496 367 549 Et
396 495 589 565 alligat
616 497 966 550 contritiones
994 511 1201 550 eorum.

232 573 529 648 conando
576 582 735 638 enim
782 582 1036 639 cmlcstis
1089 582 1352 639 medicus
1401 583 1806 656 pcenitentium

186 674 337 729 corda
369 671 651 729 invenerit
699 672 858 743 gravi
909 671 1223 729 afﬂictione
1269 672 1519 728 contrita
1558 689 1572 727 :
1616 671 1806 745 (quasi

185 762 411 836 quadam
444 761 627 816 fascia
656 765 760 816 tua
790 761 1003 833 pietate
1054 760 1431 833 superducta)
1461 760 1810 834 constringit

184 858 332 924 atque
361 848 766 914 consolidat,et
795 850 869 905 ad
902 849 1304 906 ﬁrmissimam
1337 867 1503 923 spem
1537 850 1809 907 sanitatis

110 950 119 955 '
182 939 411 995 adducit.

180 1032 208 1084 4
301 1029 413 1100 Qui
442 1035 702 1084 numerat
722 1028 1133 1084 multitudinem
1153 1030 1439 1084 stellarum
1462 1047 1482 1084 :

297 1119 362 1173 Et
385 1117 639 1172 omnibus
666 1118 746 1172 eis
774 1117 1004 1172 nomina
1033 1132 1246 1173 vocans.

236 1207 287 1262 (Γ
295 1206 395 1272 Οιιί
430 1210 703 1261 numerat
733 1205 955 1272 stellas,
988 1205 1048 1260 id
1079 1210 1170 1261 est
1214 1210 1449 1261 sanctos
1500 1204 1676 1261 viros.
1720 1203 1807 1260 Illi

176 1296 307 1352 enim
338 1294 538 1351 lucent
564 1294 719 1351 velut
747 1300 909 1351 astra
935 1295 994 1350 in
1028 1300 1193 1351 nocte
1226 1295 1406 1366 hujus
1428 1293 1808 1365 saeculizquia

176 1388 491 1441 meruerunt
506 1385 566 1439 in
584 1400 826 1438 numero
849 1388 1188 1440 sanctorum
1205 1381 1806 1456 congregari.Scimus

174 1475 325 1530 etiam
342 1473 505 1528 aDeo
530 1478 1053 1545 possesanctorum
1083 1471 1321 1527 nomina
1348 1472 1807 1544 vocari,quando

173 1580 253 1618 eos
280 1562 533 1635 legimus
564 1562 623 1617 in
655 1560 799 1617 caelo
829 1578 959 1618 esse
989 1561 1373 1634 conscriptos.
1396 1560 1499 1617 Vel
1522 1560 1700 1616 etiam
1733 1560 1804 1615 ad

172 1653 395 1709 litteram
434 1653 505 1708 de
536 1650 723 1708 stellis
762 1649 1167 1707 materialibus
1217 1649 1572 1706 ﬁrmamenti
1622 1648 1804 1721 accipi

171 1747 351 1814 potest.

167 1834 197 1885 5
286 1836 522 1903 Magnus
554 1831 825 1887 Dominus
851 1838 1037 1886 noster
1060 1837 1110 1886 et
1136 1846 1343 1899 magna
1370 1830 1548 1884 virtus
1571 1829 1688 1900 ejus
1722 1845 1735 1882 :

285 1922 345 1976 ει
370 1922 667 1992 sapientiae
696 1921 813 1992 ejus
840 1935 951 1976 non
976 1927 1054 1975 est
1084 1935 1367 1973 numerus.

224 2009 260 2064 C
287 2010 542 2082 Magnus
570 2008 858 2064 Dominus
882 2011 1080 2063 noster
1104 2025 1117 2063 :
1144 2006 1350 2079 utique
1371 2006 1541 2078 cujus
1566 2022 1671 2062 nec
1695 2005 1811 2060 fac-

168 2104 213 2153 ta
238 2098 564 2165 numerari,
598 2114 707 2153 nec
735 2095 865 2153 laus
898 2095 1169 2169 praevalet
1197 2094 1576 2168 apprehendi.
1610 2094 1810 2149 Virtus

165 2188 315 2243 etiam
347 2204 574 2259 magna
607 2204 621 2242 :
654 2186 795 2258 quia
845 2184 1187 2257 singularis,
1221 2185 1358 2256 quia
1401 2184 1804 2256 Omnipotens.

161 2277 280 2349 quia
309 2292 513 2332 rerum
542 2275 808 2331 omnium
838 2275 1200 2346 gubernator
1219 2279 1277 2329 et
1300 2273 1573 2328 conditor
1598 2289 1612 2327 :
1637 2272 1808 2344 cujus

161 2365 453 2438 sapientiae
480 2381 763 2420 numerus
812 2380 928 2419 non
974 2362 1252 2435 praevalet
1282 2361 1403 2418 ullo
1435 2362 1607 2417 modo
1648 2378 1806 2416 com-

161 2454 448 2526 prehendi.
495 2453 788 2509 Numerus
833 2452 990 2508 enim
1038 2452 1137 2508 hic
1185 2469 1287 2524 pro
1338 2452 1453 2507 ﬁne
1503 2450 1742 2523 ponitur
1790 2466 1803 2504 :

160 2545 294 2615 quod
324 2544 493 2599 enim
528 2546 874 2598 numeratur
902 2541 1125 2596 linitur.

158 2633 187 2686 6
274 2633 603 2704 Suscipiens
627 2638 932 2688 mansuetos
963 2630 1225 2685 Dominus
1256 2648 1274 2683 :

275 2721 657 2785 Humilians-E—
675 2727 858 2776 autem
925 2724 939 2785 ζ
975 2723 1280 2790 peccatores
1304 2734 1471 2791 usque
1491 2717 1559 2772 ad
1580 2725 1800 2773 terram.

215 2811 251 2866 C
277 2808 576 2866 Mansueti
600 2824 613 2862 :
637 2812 766 2863 sunt
784 2806 1267 2879 patientemfllicti
1311 2824 1413 2879 per
1451 2805 1666 2861 multas
1700 2804 1802 2859 tri-

159 2901 496 2956 bulationes.
510 2898 755 2953 Rectum
784 2912 1016 2969 quoque
1037 2900 1125 2952 est
1146 2901 1210 2951 ut
1230 2896 1288 2951 hi
1314 2895 1714 2968 suscipiantur
1741 2893 1801 2949 in

157 2987 626 3061 cmlum,superbi
658 2985 1007 3057 dejiciantur
1037 2984 1097 3040 in
1127 2989 1341 3040 terram
1377 3001 1389 3039 :
1426 2989 1491 3039 ut
1514 2987 1804 3055 permuta-

1364 271 1789 336 EXPOSITIO
1831 268 1974 333 PSA
1986 271 2345 338 LMORUM.

1835 404 1883 468 Α
1922 406 1988 459 10
2058 409 2171 477 Qui
2199 407 2291 464 dat
2306 411 2572 482 jumentis
2595 426 2770 466 escam
2802 414 3044 483 ipsorum
3070 429 3089 467 :

3440 279 3567 342 521

2059 503 2114 562 ἐς
2160 499 2224 553 Et
2264 503 2277 562 ξ
2316 499 2490 570 pullis
2517 516 2808 556 corvorum
2835 501 3210 557 invocantibus
3236 518 3385 556 eum.

1990 583 2031 639 Ο
2058 586 2337 643 Jumenta
2370 604 2383 642 :
2427 587 2849 645 ecclesiasticos
2895 589 3133 662 signant
3181 606 3385 663 greges
3417 606 3431 644 :
3466 588 3568 662 qui

1917 676 2267 746 competenti
2302 676 2614 733 refectione
2644 682 2987 749 pascuntur,
3013 677 3109 733 alii
3142 676 3421 747 lacte,alii
3441 677 3572 734 cibo

1918 760 2126 819 solido.
2160 762 2325 819 Corvi
2361 781 2375 820 :
2409 765 2899 838 sunt~irreligiosi
2946 765 3053 821 viri
3106 770 3163 822 et
3208 766 3441 840 pagani,
3474 765 3577 838 qui

1921 854 2292 922 peccatorum
2324 851 2629 925 nigredine
2652 854 3001 910 vestiuntur.
3037 853 3185 910 Pulli
3214 871 3348 910 vero
3378 871 3577 910 corvo-

1922 956 2053 995 rum
2088 940 2214 1010 (filii
2248 957 2635 1014 paganorum,
2664 942 2753 999 vel
2786 941 3036 999 aliorum
3066 942 3375 999 hominum
3397 942 3577 999 malo-

1918 1028 2075 1100 rum)
2110 1034 2435 1101 pascuntur
2464 1047 2497 1085 a
2527 1031 2664 1099 Deo,
2700 1032 2842 1088 dum
2871 1032 3060 1088 Deum
3091 1032 3367 1088 invocant
3396 1047 3572 1104 quem

1917 1122 2113 1189 patres
2144 1135 2347 1174 eorum
2379 1124 2891 1192 contempserant:
2917 1121 3072 1176 unde
3104 1120 3268 1176 addit
3297 1137 3413 1176 non
3446 1138 3572 1177 om-

1916 1206 2092 1261 nibus
2123 1224 2323 1263 eorum
2354 1208 2534 1279 pullis
2564 1212 2621 1265 et
2652 1209 2788 1264 ﬁliis
2820 1210 2919 1265 dat
2947 1209 3080 1266 fidei
3103 1226 3319 1278 escam,
3353 1210 3455 1266 sed
3477 1210 3571 1266 in-

1915 1297 2259 1352 vocantibus
2300 1314 2435 1353 cum
2472 1315 2484 1353 :
2518 1299 2797 1370 quoniam
2830 1298 2938 1355 soli
2969 1299 3080 1372 ipsi
3114 1316 3249 1355 eum
3281 1298 3572 1365 invocant,

1917 1384 2016 1456 qui
2051 1384 2285 1457 regulas
2332 1386 2769 1459 Scripturarum
2810 1387 2973 1443 nulla
3002 1387 3284 1460 pravitate
3334 1388 3574 1444 subvert-

1914 1477 2070 1528 tnnt.

1914 1562 1975 1616 11
2057 1562 2175 1619 Non
2205 1565 2266 1618 in
2294 1564 2622 1635 fortitudine
2647 1566 2777 1637 equi
2804 1565 3143 1622 voluntatem
3171 1565 3393 1621 habebit
3421 1583 3441 1621 :

2056 1653 2238 1724 Neque
2268 1654 2328 1708 in
2355 1653 2509 1710 tibiis
2536 1656 2648 1710 viri
2675 1654 3075 1727 beneplacitum
3104 1656 3212 1710 erit
3235 1655 3308 1710 ei.

1989 1741 2030 1795 (Γ.
2062 1741 2264 1814 Equus
2296 1759 2309 1797 :
2343 1743 2665 1815 superbum
2699 1743 2999 1799 hominem
3049 1747 3227 1815 atque
3279 1741 3575 1798 tumidum

1924 1828 2339 1902 significat,cui
2373 1831 2650 1887 divinitas
2681 1848 2795 1886 non
2841 1836 3034 1903 potest
3073 1846 3204 1887 esse
3250 1829 3574 1903 placabilis,

1921 1918 2199 1989 quoniam
2233 1923 2572 1975 mansuetos
2603 1919 2838 1993 eligit.li
2870 1919 3051 1975 Tibiae
3082 1919 3383 1992 htec(sicut
3405 1923 3462 1975 et
3491 1920 3573 1974 fe-

1921 2007 2107 2078 mora)
2138 2006 2379 2062 libinem
2413 2006 2749 2079 signiﬁcant
2779 2025 2792 2062 :
2828 2024 2956 2079 quae
2988 2007 3108 2063 ullo
3141 2008 3316 2065 modo
3355 2006 3415 2062 in
3445 2006 3569 2063 viro

1919 2101 2020 2150 aut
2050 2095 2108 2151 in
2141 2096 2360 2151 femina
2389 2097 2505 2152 Deo
2536 2096 2764 2168 placere
2794 2114 2908 2152 non
2941 2097 3356 2170 potest.Potest
3375 2099 3571 2152 autem

1914 2189 1976 2240 et
1998 2203 2100 2257 per
2129 2185 2262 2257 equi
2293 2185 2696 2241 fortitudinem
2746 2189 2804 2241 et
2849 2185 3026 2241 tibias
3074 2184 3454 2257 praesumptio
3500 2185 3572 2241 de

1917 2274 2142 2330 viribus
2158 2275 2283 2329 suis
2311 2273 2585 2346 intelligi;
2606 2291 2722 2329 non
2743 2273 2898 2329 enim
2921 2273 3114 2346 placet
3139 2274 3228 2329 vir
3246 2274 3361 2329 Deo
3384 2272 3444 2329 in
3462 2273 3575 2328 vir?

1916 2368 2042 2419 tute
2072 2364 2309 2432 sua,sed
2339 2362 2399 2418 in
2432 2363 2639 2419 timore
2675 2362 2866 2435 Dei,th
2905 2378 3159 2435 sequens
3205 2362 3448 2418 verbum
3481 2361 3574 2417 in-

1916 2454 2092 2509 dicat.

1918 2542 1988 2598 42
2058 2542 2471 2614 Beneplacitum
2500 2551 2579 2598 est
2606 2543 2861 2598 Dominio
2887 2558 3054 2614 super
3078 2543 3333 2597 timentes
3352 2557 3482 2597 eum
3511 2558 3532 2597 :

2055 2632 2121 2687 Et
2182 2636 2236 2698 ιε-
2277 2632 2333 2685 in
2378 2632 2456 2686 eis
2526 2636 2540 2696 ζ
2602 2633 2700 2703 qui
2737 2640 2960 2702 sperant
2986 2647 3153 2702 super
3191 2628 3568 2686 misericordia

2128 2736 2263 2791 ejus.

1948 2836 1961 2847 κ
1984 2809 2025 2864 C
2058 2808 2492 2880 Beneplacitum
2515 2812 2604 2864 est
2624 2808 2821 2882 itaque
2842 2808 3178 2865 Dominoin
3199 2808 3285 2864 eis
3304 2808 3405 2880 qui
3427 2823 3560 2863 eum

1913 2898 2249 2964 formidant,
2298 2898 2399 2953 sed
2449 2913 2562 2952 non
2613 2898 2885 2970 degeneri
2934 2898 3162 2953 timore.
3195 2896 3361 2952 Multi
3398 2897 3558 2951 enim

1910 2987 2119 3042 timent
2151 3002 2163 3040 :
2197 2984 2301 3041 sed
2345 2983 2482 3057 quia
2520 2985 2834 3057 desperant
2864 2985 2936 3040 de
2964 2983 3368 3039 misericordia
3406 2984 3561 3054 ejus,

154 3078 293 3134 tione
319 3077 548 3134 vicaria
586 3074 743 3129 unde
792 3072 1034 3130 humilis
1081 3072 1305 3129 levatus
1354 3077 1461 3141 est,
1514 3072 1647 3127 inde
1696 3089 1801 3127 su-
1847 3145 1856 3146 ί
1912 3076 2155 3131 minime
2184 3074 2512 3146 diliguntur
2544 3092 2556 3130 :
2591 3073 3075 3135 sicutJudnlele
3094 3073 3270 3129 timor
3290 3077 3405 3127 Deo
3426 3087 3561 3143 pro-

157 3168 351 3239 pel-bus
379 3168 631 3222 corruat
661 3180 675 3220 :

153 3259 179 3309 7
279 3256 592 3314 Ρνεῑισίηἱιε
625 3253 852 3308 Domino
884 3253 943 3307 in
972 3253 1309 3323 confessione
1340 3267 1354 3305 :

275 3346 519 3401 Psallite
551 3348 659 3398 Deo
688 3349 871 3398 nostro
902 3342 961 3395 in
989 3341 1206 3395 cithara
1239 3356 1252 3394 :

209 3434 248 3489 Ο
276 3434 396 3490 [llis
429 3431 659 3488 dicitur
688 3429 1004 3503 priscinite,
1040 3429 1141 3501 qui
1188 3428 1380 3484 adhuc
1422 3432 1613 3483 tacere
1661 3442 1794 3482 nos-

153 3530 343 3578 cuntur
376 3542 390 3579 :
421 3526 486 3578 et
521 3520 816 3592 quomodo
848 3523 907 3574 et
932 3519 1025 3573 cui
1058 3518 1387 3573 canendum
1420 3517 1497 3571 sit
1517 3515 1796 3581 ostendit,

151 3611 270 3667 dum
298 3610 548 3669 subdit:
572 3608 822 3664 Domino
842 3608 900 3662 in
922 3606 1546 3663 confessione.Cithara
1565 3608 1758 3660 autem
1781 3621 1793 3659 :

154 3702 429 3773 significat
460 3698 1000 3766 virtutes,consona
1020 3696 1355 3768 operatione
1378 3695 1757 3767 praecinentes
1781 3709 1794 3748 :

151 3805 260 3859 qua
288 3796 436 3845 tunc
468 3803 673 3843 veram
716 3785 999 3841 citharam
1047 3785 1321 3849 reddunt,
1352 3784 1587 3855 quando
1638 3780 1801 3837 nulla

154 3883 304 3949 rupta
332 3883 429 3934 est
458 3875 707 3941 chorda,
739 3874 798 3929 id
829 3878 919 3929 est
946 3874 1156 3928 virtus.
1190 3872 1490 3936 Quomodo
1519 3872 1675 3928 enim
1708 3870 1798 3924 in-

153 3969 292 4040 tegra
318 3971 488 4024 esset
519 3963 766 4024 cithara.
814 3980 930 4019 una
976 3962 1195 4018 chorda
1236 3962 1445 4033 rupta?
1476 3977 1580 4016 nec
1617 3975 1799 4015 sonus

151 4057 428 4125 perfectus
462 4053 756 4120 redditur,
789 4053 930 4108 dum
964 4055 1137 4123 rupta
1166 4067 1279 4105 non
1311 4054 1497 4105 sonat.

148 4146 178 4198 8
275 4146 393 4217 Qui
422 4144 613 4216 operit
641 4141 841 4197 caelum
870 4142 1110 4196 nubibus
1145 4157 1158 4196 :

274 4236 341 4289 Et
365 4240 544 4306 parat
569 4239 737 4288 terra
759 4231 1028 4303 pluviam.

210 4321 249 4377 Β
276 4322 509 4380 leum
543 4337 558 4375 :
596 4323 858 4377 sanctam
890 4317 1254 4391 prephetiam
1284 4321 1671 4389 congruenter
1700 4316 1799 4372 ad-

148 4410 625 4468 vertimus.Hanc
653 4407 851 4464 divina
878 4406 1205 4480 provisione
1236 4403 1802 4471 obscuritas,similis

152 4499 425 4567 nubibus,
458 4498 613 4572 tegit
643 4514 658 4551 :
690 4501 757 4553 ut
785 4513 997 4553 sensus
1028 4495 1230 4551 incitet
1258 4499 1491 4551 nostros
1538 4495 1610 4550 ad
1654 4509 1806 4566 quaa-
1837 4515 1884 4580 υ

153 4588 580 4655 nudum,dum
614 4586 840 4659 gratius
870 4583 1157 4657 accipitur
1172 4584 1242 4639 ad
1271 4584 1427 4656 quod
1455 4581 1692 4654 fatigato
1714 4582 1808 4637 de-

148 4676 355 4733 siderio
378 4674 866 4751 pervenitur.Sed
897 4673 1039 4746 quid
1066 4674 1191 4730 ietze
1222 4673 1408 4728 nubes
1436 4670 1812 4744 parturiunt?

149 4766 367 4823 scilicet
398 4766 638 4838 cepiam
672 4762 1028 4837 pluviarum,
1071 4762 1179 4817 hoc
1228 4766 1318 4818 est
1366 4762 1555 4817 fontes
1603 4761 1813 4816 divina

152 4854 586 4922 pra-dicationis
615 4851 867 4925 irriguos
893 4868 906 4907 :
934 4851 1203 4923 quamvis
1233 4854 1290 4906 et
1317 4849 1432 4905 ista
1461 4850 1531 4904 ad
1558 4848 1810 4905 litteram

152 4944 263 4997 sint
291 4960 437 5000 vera
470 4948 528 4998 et
558 4940 879 4998 salubriter
909 4939 1310 5012 intelligenda.

154 5032 186 5080 9
288 5034 409 5101 Qui
437 5030 696 5103 producit
724 5031 785 5085 in
812 5031 1092 5086 montibus
1119 5033 1310 5101 fenum
1339 5045 1359 5083 :
1377 5032 1433 5093 με·
1458 5035 1509 5083 et
1537 5027 1761 5083 herbam
1793 5042 1806 5081 :

284 5121 565 5177 Servituti
594 5121 879 5176 hominum
919 5124 933 5186 ζ
955 5161 968 5175 .

218 5209 261 5264 C
289 5210 359 5265 Et
390 5209 511 5266 hoc
537 5225 771 5281 quoque
801 5207 1185 5281 spiritualiter
1213 5206 1396 5280 accipi
1429 5210 1580 5263 recte
1600 5209 1806 5279 potest.

159 5296 294 5355 Nam
326 5302 593 5366 montes,
619 5298 775 5355 viros
803 5297 1139 5372 significant
1167 5300 1400 5353 sanctos
1431 5313 1444 5352 :
1489 5296 1547 5351 in
1597 5295 1813 5368 quibus

160 5384 450 5444 Dominus
485 5387 682 5443 fenum
715 5386 985 5460 producit
1011 5387 1093 5454 (id
1126 5390 1216 5441 est
1236 5384 1707 5458 praedicationem
1730 5402 1817 5440 ro-

158 5474 445 5550 bustam),
482 5476 863 5550 barbamque,
894 5476 949 5531 id
974 5479 1065 5532 est
1085 5476 1309 5531 monita
1340 5472 1626 5543 molliora,
1660 5474 1816 5530 unde

157 5563 463 5641 simplicia
486 5566 755 5638 jumenta
784 5568 1118 5640 pascantur.

490 5690 748 5756 PA'ﬂtOL.
793 5690 1021 5755 CXLII.

1827 3145 1873 3211 (ἶ
1910 3166 2084 3221 batur
2112 3145 2368 3229 accetus,
2399 3163 2500 3235 qui
2531 3179 2667 3219 cum
2698 3178 2897 3218 amore
2944 3161 3200 3218 maximo
3243 3164 3300 3217 et
3330 3161 3427 3233 pia
3457 3175 3561 3231 spe

1906 3253 2301 3326 conjungitur.
2336 3252 2567 3307 Timent
2596 3268 2733 3325 ergo
2764 3250 3282 3323 unusquisque,ne
3311 3253 3509 3322 peccet
3542 3263 3561 3307 ε

1905 3347 2062 3399 amet
2089 3347 2152 3397 ut
2182 3340 2492 3414 supplicet,
2521 3357 2595 3396 ne
2625 3345 2822 3396 tamen
2855 3341 3142 3413 desperet.

2372 3447 2577 3486 ORATIO
2616 3448 2687 3485 8X
2727 3447 2884 3486 PSAL.
2914 3446 3095 3486 CXLVI.

1976 3520 2312 3576 ZEdiﬁcator
2341 3518 2595 3575 cmlestis
2625 3519 3011 3587 Hierusalem,
3047 3523 3219 3586 Deus,
3253 3516 3354 3590 qui
3406 3516 3559 3573 mul-

1907 3608 2219 3665 titudinem
2250 3607 2554 3664 stellarum
2586 3613 2643 3663 et
2672 3606 2974 3664 concludis
3004 3611 3343 3674 numero,et
3371 3606 3561 3662 nomi-

1908 3699 2090 3754 natim
2110 3697 2343 3771 singula
2355 3696 3374 3769 vocas,sana,quaesumus,contritos
3386 3696 3564 3751 corde

1906 3788 2205 3857 dispersos
2235 3792 2725 3859 congrega,atque
2749 3804 2854 3842 nos
2884 3785 3298 3842 innumerabili
3331 3785 3561 3858 sapien-

1906 3878 1989 3932 tia
2034 3881 2137 3937 tua
2184 3876 2431 3948 locuple.
2490 3876 2595 3932 Per
2654 3875 2967 3931 Dominum
3028 3880 3296 3931 nostrum
3353 3875 3562 3930 Jesum

1905 3965 2223 4031 Christum,
2256 3968 2364 4020 etc.

2424 4051 2755 4108 PSALMUS
2794 4052 3052 4109 CXLVII.

2328 4157 2717 4196 ARGUMENTUM
2758 4158 2915 4196 PSAL.
2957 4157 3143 4196 CXLVII

1981 4231 2022 4285 C
2053 4229 2341 4302 Propheta
2370 4228 2816 4295 Hierusalem,id
2844 4233 3283 4301 est,supcrnam
3307 4226 3563 4299 alloqui-

1911 4324 2010 4375 tur
2036 4318 2330 4375 civitatem
2382 4335 2395 4373 :
2448 4322 2514 4373 ut
2560 4334 2767 4373 secura
2805 4319 2932 4388 jam
2990 4317 3219 4373 reddita
3247 4316 3308 4371 in
3339 4315 3564 4372 civibus

1912 4407 2378 4475 suis,Dominum
2404 4406 2535 4479 jugi
2565 4405 2950 4463 exsultatione
2971 4404 3263 4462 collaudat
3286 4423 3300 4461 :
3326 4419 3568 4461 enumeq

1913 4501 2117 4569 ratque
2145 4499 2367 4568 quanta
2396 4493 2612 4568 pepulo
2630 4511 2736 4551 suo
2754 4494 2888 4567 pius
2905 4495 3213 4551 miserator
3231 4491 3571 4551 indulserit.

2491 4585 2607 4640 TT.
2657 4589 2713 4650 ἑο
2734 4585 2995 4640 Alleluia.

1989 4673 2031 4729 C
2059 4674 2145 4728 Ad
2175 4676 2522 4730 consuetum
2553 4672 2790 4745 quidem
2809 4671 3042 4728 alleluia
3063 4672 3441 4729 revertimur:
3462 4671 3569 4727 sed
3676 4690 3685 4693 ‘

1906 4760 2258 4823 nullatenus
2290 4760 2593 4833 repetiisse
2623 4760 2926 4816 fastidium
2957 4759 3228 4830 sit.cujus
3255 4756 3415 4813 verbi
3436 4760 3567 4811 tan~

1918 4856 2015 4906 tus
2047 4849 2235 4906 honor
2265 4854 2373 4916 est,
2407 4854 2473 4904 ut
2501 4866 2633 4904 cum
2668 4849 2746 4904 sit
2772 4849 2832 4905 in
2863 4849 3103 4904 Hebraea
3135 4846 3335 4919 lingua
3366 4861 3568 4901 recon-

1918 4938 2299 5005 ditum,nullo
2322 4943 2517 4993 tamen
2534 4941 2758 4993 constet
2774 4936 2886 4993 alio
2904 4950 3171 4992 sermone
3185 4932 3565 4989 translatum:

1918 5027 2027 5084 hoc
2060 5025 2432 5093 Grmcus,hoc
2463 5024 2844 5094 Latinus,hoc
2875 5022 3202 5089 Chaldaeus,
3227 5021 3336 5077 hoc
3366 5021 3571 5095 Syrus,

1919 5117 2028 5173 hoc
2058 5116 2252 5182 Persa,
2288 5114 2395 5169 hac
2423 5114 2629 5183 Arabs,
2662 5113 2770 5168 hoc
2790 5115 2949 5168 tenet
2970 5111 3128 5168 natio
3150 5114 3362 5168 cuncta
3388 5115 3572 5167 terra-

1921 5221 2052 5262 rum
2083 5208 2141 5259 et
2164 5203 2263 5276 pia
2289 5202 2591 5258 devotione
2620 5204 2927 5257 veneratur
2963 5219 2976 5257 :
3022 5200 3130 5256 hoc
3176 5216 3313 5273 ergo
3358 5204 3418 5257 et
3463 5216 3576 5257 nos

1924 5310 2073 5368 pura
2102 5295 2295 5349 mente
2325 5307 2626 5346 canamus.

1925 5386 1949 5439 1
2069 5381 2274 5449 Lauda,
2306 5380 2664 5446 Hierusalem,
2699 5381 2998 5436 Dominum
3027 5397 3047 5436 :

2068 5470 2257 5528 Lauda
2286 5469 2455 5525 Deum
2487 5477 2661 5536 tuum,
2687 5468 2840 5526 Sion.
3256 5488 3271 5504 ι
3421 5525 3435 5538 ν

1997 5562 2038 5621 C
2070 5558 2433 5620 Hierusalem
2463 5558 2641 5635 (sicut
2671 5575 2825 5635 saepe
2850 5558 3073 5618 dictum
3104 5559 3576 5635 est)interpretag

3178 5685 3251 5752 1'1
