4068 6160
1459 265 1528 330 S.
1571 266 1971 332 BRUNONIS
2017 265 2640 330 HERBIPOLENSIS
2683 263 3066 330 EPISCOPI.
3791 271 3886 334 532

555 401 740 462 lutem
761 401 940 462 dedit.
964 398 1336 460 Fiducialiter
1354 417 1527 474 agam
1549 405 1605 457 et
1627 417 1742 456 non
1763 399 2067 467 timebo,id
2089 403 2198 466 est,
2228 399 2284 468 Α
2313 400 2372 457 in
2411 418 2520 458 sua
2563 405 2752 458 morte
2798 399 3137 474 perituram,
3163 399 3305 473 quia
3354 401 3489 456 tunc
3533 416 3639 457 non
3677 400 3890 463 habebat

557 495 734 552 ﬁdem
755 493 940 549 habeo
959 491 1018 547 in
1041 489 1207 546 illum
1229 489 1382 562 quod
1403 505 1498 545 me
1519 487 1749 556 liberet,
1771 492 1828 544 et
1857 487 2208 544 fiducialiter
2317 489 2489 557 filios,
2522 493 2580 546 et
2608 490 2957 562 desperabat
3004 489 3300 545 Christum
3350 488 3418 544 de
3463 505 3562 545 suo
3589 491 3782 549 semine
3807 512 3889 551 na-

558 582 884 657 praadicabo
915 579 1103 643 illum,
1135 577 1193 634 id
1225 580 1314 634 est
1343 577 1470 633 sine
1498 577 1730 632 timore.
2316 579 2623 636 sciturum.
2641 579 2748 646 Qui
2773 583 2905 652 post
2933 579 3223 634 redditam
3255 576 3368 634 sibi
3396 578 3678 635 sanitatem
3701 581 3768 636 ita
3783 600 3890 640 con-

557 675 593 730 3
702 672 842 741 Quia
868 667 1130 742 fortitudo
1157 684 1283 724 mea
1309 674 1362 722 et
1389 667 1512 722 laus
1541 684 1661 722 mea
1692 667 1953 723 Dominus
1985 683 1998 720 :
2316 668 2554 741 scripsit
2586 685 2598 724 :
2632 669 2750 742 Ego
2780 668 2898 724 dixi
2925 685 2938 723 :
2975 667 3038 723 In
3069 666 3476 734 dimidio,etc.;
3506 684 3621 739 quae
3650 670 3889 744 scriptura

700 765 769 818 Et
789 761 966 830 factus
993 764 1072 813 est
1096 757 1238 813 mihi
1267 757 1328 811 in
1356 756 1616 811 salutem.
2316 773 2433 812 non
2463 756 2677 812 dicitur
2705 754 2935 828 proprie
2965 755 3172 820 oratio,
3193 755 3299 810 sed
3329 753 3634 827 gratiarum
3663 759 3792 815 actio
3807 777 3888 832 pro

628 849 776 916 Quia
803 845 1082 903 fortitudo
1133 861 1264 901 mea
1313 847 1370 900 et
1410 843 1542 900 laus
1574 860 1703 900 mea
1731 843 2037 910 Dominus,
2071 842 2208 914 quia
2317 845 2596 903 beneﬁcio
2629 845 2786 918 quod
2817 844 3095 917 suscepit.

557 935 1026 995 fortemmefacit
1045 934 1326 991 adversus
1348 931 2208 1004 insidiasinimici,ipsumlau-
2320 937 2343 991 1
2457 935 2565 1007 Ego
2595 935 2719 990 dixi
2747 952 2760 990 :
2794 939 2862 990 In
2915 933 3146 990 dimidio
3201 933 3421 989 dierum
3471 949 3696 990 meorum
3737 938 3892 994 vadum

557 1028 707 1084 dabo
738 1024 949 1082 Filium
972 1023 1096 1080 Dei.
1131 1025 1202 1079 Et
1229 1024 1419 1079 factus
1443 1027 1534 1080 est
1564 1021 1706 1077 mihi
1744 1021 1802 1076 in
1835 1020 2085 1077 salutem
2110 1037 2123 1076 :
2149 1019 2205 1076 id
2531 1023 2601 1079 ad
2626 1031 2810 1096 portas
2839 1025 3015 1095 inferi
3046 1041 3059 1078 :

556 1120 646 1174 est
664 1115 991 1172 secundum
1011 1111 1375 1168 divinitatem
1398 1127 1512 1166 non
1535 1114 1625 1168 est
1645 1110 1961 1171 factus.sed
1974 1108 2209 1182 genitus
2463 1115 2706 1182 Quaesivi
2733 1113 3014 1169 residuum
3039 1127 3314 1168 annorum
3341 1127 3592 1168 meorum.

557 1223 594 1262 a
612 1207 796 1274 Patre,
821 1204 881 1260 in
903 1204 1019 1258 fine
1038 1218 1170 1257 vero
1193 1203 1544 1273 temporum,
1563 1199 1750 1255 factus
1767 1197 1936 1254 estin
1960 1197 2207 1254 salutem
2389 1203 2435 1258 H
2466 1203 2584 1275 Ego
2609 1201 2748 1268 dixi,
2764 1206 2964 1258 narrat
2985 1201 3124 1274 quid
3147 1206 3407 1272 tempore
3427 1199 3704 1273 languoris
3721 1203 3889 1258 tacitus

559 1298 858 1350 aeternam.
2318 1291 2621 1364 cogitaret.
2659 1291 2802 1361 Dixi,
2836 1290 3050 1362 inquit,
3081 1287 3482 1362 desperatione
3510 1287 3566 1342 in
3594 1289 3744 1344 corde
3775 1306 3890 1346 meo.

558 1384 592 1438 4
702 1382 990 1438 Haurietis
1009 1396 1178 1452 aquas
1199 1381 1258 1434 in
1278 1377 1478 1448 gaudio
1496 1378 1561 1432 de
1587 1376 1828 1448 fontibus
1857 1375 2158 1432 Saluatoris
2192 1390 2204 1428 :
2316 1379 2539 1435 Vadam
2563 1379 2636 1435 ad
2659 1385 2856 1452 portas
2874 1379 3066 1446 inferi,
3093 1378 3147 1433 id
3169 1382 3261 1433 est
3283 1376 3374 1433 vel
3397 1376 3693 1444 mortis,vel
3713 1379 3890 1444 tartari,

702 1471 769 1525 Et
798 1469 989 1526 dicetis
1019 1469 1079 1524 in
1109 1468 1212 1524 illa
1241 1467 1357 1523 die:
1375 1466 1728 1538 Conﬁtemini
1749 1466 1976 1521 Domino
1995 1465 2210 1520 etinvo-
2319 1468 2391 1524 de
2411 1467 2628 1541 quibus
2650 1468 2864 1524 dicitur
2889 1484 2902 1522 :
2927 1467 3032 1532 Qui
3065 1465 3288 1522 exultas
3319 1483 3413 1522 me
3430 1463 3500 1522 de
3520 1469 3686 1538 portis
3713 1467 3889 1534 mortis,

775 1566 891 1614 cate
915 1573 1114 1614 nomen
1139 1557 1277 1628 ejus.
2321 1559 2490 1631 (Psal.
2525 1558 2600 1629 rx)
2633 1561 2688 1612 et
2719 1556 2963 1629 reliqua,
2984 1557 3054 1612 ad
3087 1572 3236 1628 quas
3267 1555 3327 1610 in
3360 1554 3594 1610 dimidio
3620 1571 3772 1611 cursu
3797 1555 3892 1610 vita

634 1647 757 1702 Vox
778 1645 1197 1719 prophetarum
1225 1645 1297 1701 ad
1318 1643 1600 1717 populum
1621 1642 1954 1699 Judaicum.
1971 1641 2212 1697 Haurie-
2319 1650 2376 1702 et
2395 1662 2658 1702 errorum
2680 1644 2936 1701 tenebris
2967 1643 3256 1700 ducentur
3283 1641 3390 1698 viri
3421 1642 3744 1714 sanguinum
3764 1641 3892 1697 etde-

565 1737 644 1792 tis
673 1752 856 1808 aquas
887 1734 947 1789 in
977 1733 1212 1807 gaudio,
1249 1733 1306 1788 id
1339 1738 1446 1798 est,
1477 1733 1806 1788 doctrinam
1840 1729 2131 1802 Evangelii
2158 1733 2213 1785 et
2244 1769 2290 1808 η
2323 1733 2454 1800 losi,
2477 1733 2576 1806 qui
2610 1751 2722 1789 non
2753 1733 3148 1788 dimidiabunt
3177 1729 3304 1786 dies
3325 1747 3463 1786 suos
3493 1729 3748 1800 (Psal.mv)
3769 1747 3782 1795 ;
3807 1746 3892 1784 non

568 1822 966 1896 apostolorum
996 1820 1054 1877 in
1081 1821 1282 1878 laetitia
1311 1819 1628 1892 accipietis.
1665 1819 1746 1874 De
1795 1817 2055 1874 fontibus
2091 1817 2214 1873 Sal-
2243 1817 2291 1834 "
2320 1822 2478 1879 enim
2511 1822 2756 1894 implent
2784 1837 2960 1894 Opera
2984 1820 3411 1886 virtutum,nec
3434 1818 3693 1891 pcenitent
3708 1817 3893 1873 delicto—

567 1911 804 1980 vatoris,
828 1911 1016 1968 fontes
1035 1911 1174 1966 Jesu
1193 1910 1431 1966 fuerunt
1460 1907 1708 1982 apostoli
1739 1911 1797 1963 et
1825 1907 2212 1980 evangelista.
2324 1929 2454 1966 rum
2485 1927 2749 1967 suorum.
2781 1909 2996 1966 Aliter:
3030 1910 3145 1982 Ego
3177 1907 3317 1964 dixi.
3355 1909 3415 1963 In
3447 1905 3673 1963 dimidio
3715 1905 3892 1961 dierum

563 2002 637 2058 Et
664 2000 871 2056 dicetis
901 1999 962 2055 in
996 1999 1097 2056 illa
1125 1999 1239 2066 die,
1272 2016 1304 2055 ο
1333 2016 1435 2054 vos
1483 1997 1753 2070 apostoli,
1781 1995 2002 2053 scilicet
2029 1995 2216 2068 genti-
2324 2017 2610 2065 meorum,
2645 2000 2703 2055 id
2734 2005 2825 2055 est
2847 1999 2907 2054 in
2938 1998 3131 2055 medio
3163 2013 3342 2053 cursu
3372 1996 3498 2051 vita:
3529 2011 3676 2061 meae,
3695 1994 3742 2049 id
3768 1993 3892 2050 estin

567 2091 701 2159 bus,
733 2089 942 2146 vestris
973 2087 1420 2160 sequacibus,in
1453 2085 1553 2141 illo
1584 2090 1866 2158 tempore,
1886 2089 1951 2140 ut
1979 2083 2220 2139 laudent
2316 2089 2644 2160 juventute,
2665 2089 2874 2144 vadam
2897 2087 2966 2144 ad
2993 2091 3188 2160 portas
3218 2085 3412 2153 inferi,
3437 2085 3491 2139 id
3513 2087 3596 2140 est
3611 2083 3892 2139 descendam

570 2177 914 2234 Dominum:
948 2176 1319 2232 Conﬁtemiui
1350 2175 1595 2231 Domino
1625 2179 1682 2230 et
1709 2174 1972 2230 invocate
2002 2189 2214 2229 nomen
2327 2179 2396 2234 ad
2430 2178 2744 2244 infernum,
2771 2177 2923 2233 sicut
2952 2175 3141 2232 caeteri
3170 2174 3384 2232 sancti.
3404 2171 3635 2238 Quaesivi
3656 2170 3892 2226 residuum

571 2267 724 2337 ejus,
754 2264 1127 2332 subauditur,
1153 2268 1222 2320 ut
1249 2265 1322 2320 ab
1354 2264 1480 2336 ipso
1510 2261 1837 2319 salvemini.
2329 2283 2617 2323 annorum
2651 2265 3010 2332 meorum,id
3033 2269 3123 2320 est
3142 2281 3260 2320 non
3278 2279 3372 2318 me
3392 2266 3596 2336 putans
3617 2259 3748 2315 ultra
3761 2257 3894 2314 victu-

569 2355 608 2410 5
713 2355 876 2411 Notas
903 2355 1068 2425 facile
1098 2355 1158 2408 in
1187 2354 1403 2426 populis
1431 2353 1847 2408 adinvenliones
1875 2353 1991 2423 ejus
2025 2369 2038 2407 :
2329 2373 2484 2424 rum,
2515 2353 2802 2428 postulavi
2835 2359 2898 2410 ut
2926 2353 3346 2410 concederetur
3374 2349 3515 2406 mihi
3565 2355 3768 2420 tempus
3800 2347 3892 2401 vita

716 2447 1041 2502 Mementote
1069 2444 1328 2514 quoniam
1356 2442 1628 2497 exceLsum
1655 2449 1731 2497 est
1759 2456 1954 2496 nomen
1984 2441 2122 2512 ejus.
2331 2445 2487 2518 quod
2520 2444 2822 2500 residuum
2856 2447 2998 2499 erat.

647 2532 771 2588 Vox
791 2530 1186 2604 apostolorum
1209 2531 1280 2586 ad
1303 2529 1676 2604 gentiles,qui
1686 2531 1812 2600 jam
1832 2529 2220 2596 crediderunt,
2327 2537 2364 2589 2
2471 2535 2602 2589 Dixi
2632 2551 2650 2589 ,-
2683 2535 2798 2590 Non
2828 2532 3018 2588 υίάεδο
3043 2532 3338 2588 Dominum
3363 2533 3534 2586 Deum
3552 2545 3605 2582 ιη
3623 2535 3749 2580 terra
3768 2525 3899 2578 viven-

579 2624 748 2676 notas
774 2619 943 2676 facite
972 2618 1033 2674 in
1064 2618 1296 2692 populis
1327 2618 1518 2674 adhuc
1549 2635 1663 2674 non
1697 2617 2092 2686 credentibus,
2114 2616 2224 2672 ad-
2550 2624 2692 2678 tium
2729 2637 2741 2676 :

579 2707 944 2766 inventiones
990 2708 1140 2779 ejus.
1172 2707 1626 2763 Adinventiones
1673 2705 1908 2773 Christi,
1942 2705 2185 2778 superbo

2476 2715 2594 2768 Non
2606 2713 2872 2782 aspiciam
2882 2710 3154 2766 hominem
3171 2711 3324 2765 ultra
3339 2715 3389 2764 et
3401 2706 3728 2762 habitatorem
3737 2698 3897 2773 quietis

579 2796 915 2862 humilium:
936 2794 1190 2852 humiles
1211 2795 1497 2863 exaltare;
1523 2795 1633 2862 vel»
1657 2797 1988 2867 Ρθοοθιίονθδ
2013 2793 2225 2865 inﬁtiﬁ'
2407 2799 2527 2855 Dixi
2564 2819 2577 2856 :
2611 2801 2736 2856 Non
2767 2799 2997 2865 videbo,
3028 2798 3407 2863 subauditur,
3438 2795 3485 2850 si
3533 2789 3831 2848 descendere
3857 2785 3898 2838 in

534 2930 538 2934 -
584 2903 736 2953 081⁵6,
751 2885 1822 2942 etObStinatOSdamnare.Mementote
1835 2883 2115 2956 quoniam
2129 2899 2224 2938 ex-
2331 2886 3255 2956 infernum,nonvideboDeumin
3271 2873 3897 2942 societatesanctorumJn

581 2975 802 3032 celsum
819 2978 909 3032 est
924 2989 1137 3030 nomen
1160 2974 1310 3045 ejus,
1332 2973 1486 3030 sicut
1511 2973 1621 3028 seri
1629 2977 1793 3046 ptum
1810 2975 1899 3028 est
1920 2989 1932 3027 :
1959 2971 2226 3026 Christus
2333 2981 2489 3033 terra
2507 2977 2900 3034 viventium.H
2916 2977 3064 3050 Ergo
3078 2976 3237 3048 regio
3263 2979 3594 3032 sanctorum
3607 2968 3716 3040 ipsa
3726 2967 3894 3050 estque

578 3064 769 3121 factus
797 3067 888 3120 est
919 3079 1024 3136 pro
1056 3061 1226 3118 nobis
1265 3061 1544 3119 obediens
1593 3077 1781 3133 usque
1829 3061 1899 3116 ad
1954 3065 2223 3125 mortem,
2334 3069 2573 3122 vocatur
2600 3070 2756 3121 terra
2781 3047 3122 3120 viventium.
3148 3047 3270 3122 Hoc
3291 3067 3380 3120 est
3409 3065 3593 3118 autem
3621 3069 3766 3112 omne
3780 3047 3893 3122 quod

577 3157 811 3226 propter
838 3153 995 3226 quod
1027 3152 1182 3208 Deus
1227 3151 1499 3208 exaltavit
1537 3167 1696 3217 eum,
1729 3153 1838 3206 etc.
1869 3150 2103 3222 (Philip.
2138 3159 2222 3217 ιι).
2255 3136 2300 3204 C
2339 3153 2564 3222 metuit,
2593 3150 2664 3209 né,
2694 3151 2952 3214 salutare
2987 3151 3103 3221 Dei,
3126 3153 3342 3210 ductus
3372 3151 3445 3208 ad
3472 3147 3671 3204 inferos
3696 3156 3789 3197 non
3813 3151 3894 3226 nie-

573 3223 611 3298 ὃ
687 3223 953 3298 -σαηάιιθ
984 3242 1216 3298 Domino
1246 3242 1505 3312 quoniam
1532 3240 1822 3310 magniﬁce
1847 3240 1977 3311 fecit
2007 3257 2026 3294 :
2334 3241 2959 3314 reaturaspicere.Non
2973 3241 3254 3314 aspiciam
3268 3239 3561 3297 hominem
3577 3223 3890 3321 ultraethalll-

717 3329 1052 3386 Annuntiate
1081 3330 1179 3385 hoc
1209 3331 1267 3385 in
1297 3331 1556 3385 universa
1582 3337 1749 3384 terra.
2334 3336 2580 3387 tatorem
2613 3313 3025 3404 quietis.Quod
3046 3313 3159 3386 nos
3185 3330 3329 3387 olim
3359 3330 3586 3401 propter
3611 3316 3745 3376 verbi
3761 3313 3892 3404 ambi-

645 3417 1228 3483 CantateDomino,id
1243 3421 1330 3472 est
1344 3416 1580 3472 laudate
1594 3415 2222 3489 Dominum,quoniam
2333 3419 2614 3492 guitatem
2634 3398 2911 3491 sequenti
2943 3417 3226 3475 versiculo
3249 3398 3566 3491 junximus.
3593 3398 3888 3492 Serm0_enlm

576 3505 884 3578 magnifice
907 3504 1603 3572 fecit,scilicethominem
1627 3505 2224 3572 assumendo,amor-
2334 3490 2672 3574 Hebraicus,
2698 3490 2746 3562 si
2771 3507 2985 3580 legitur
3004 3490 3402 3580 edel.requiem
3423 3499 3690 3575 signiﬁcat
3709 3511 3721 3549 :
3741 3490 3779 3546 si
3795 3500 3890 3581 veto

573 3593 696 3650 tuis
727 3594 1103 3666 resurgendo,
1135 3593 1195 3648 in
1226 3593 1400 3649 oculos
1444 3593 1834 3648 ascendendo.
1867 3595 2223 3650 Annuntiatc
2333 3595 2458 3652 eled
2476 3597 2803 3652 occidentem
2820 3578 3336 3669 signiﬁcat.Timet
3355 3609 3488 3665 ergo
3509 3604 3576 3645 ne
3595 3599 3710 3642 cum
3728 3578 3888 3669 δεῦῦρε

574 3682 685 3738 hoc
713 3681 773 3736 in
801 3681 1070 3738 universa
1101 3686 1274 3749 terra,
1300 3683 1357 3738 id
1390 3688 1479 3737 est
1509 3682 1568 3736 in
1601 3681 1876 3738 omnibus
1925 3682 2220 3755 gentibus,
2333 3685 2433 3741 Dei
2463 3684 2804 3742 hominibus
2836 3667 2951 3741 non
2989 3684 3213 3740 habitet
3247 3685 3306 3741 in
3339 3679 3548 3753 requie,
3577 3691 3641 3730 ne
3665 3667 3888 3755 generatio

575 3771 732 3842 quod
763 3770 1154 3843 assumpserit
1182 3769 1500 3826 hominem.
1930 3751 1956 3755 '
2206 3751 2211 3752 ί
2331 3773 2493 3829 illius
2519 3774 2704 3829 instar
2721 3773 3080 3830 tabernaculi
3103 3751 3474 3836 dissolvatur,
3495 3782 3561 3822 ne
3581 3764 3632 3817 in
3651 3756 3754 3814 tela
3774 3751 3889 3808 simi-

573 3860 610 3912 7
717 3859 951 3916 Exsulta
978 3866 1030 3914 et
1057 3859 1250 3927 lauda,
1281 3859 1548 3914 habitatio
1577 3857 1710 3914 Sion
1744 3876 1756 3914 :
2331 3861 2644 3918 litudinem
2677 3861 2736 3916 in
2769 3861 2896 3934 ipso
2929 3861 3074 3918 lucis
3113 3861 3350 3918 exordio
3399 3851 3732 3932 praecidatur,
3755 3843 3799 3896 et
3816 3849 3887 3891 ιιθο

719 3948 860 4016 Quia
888 3964 1120 4018 magnus
1149 3949 1206 4002 in
1236 3947 1412 4004 medio
1442 3949 1524 4003 tui
1550 3957 1767 4004 sanctus
1797 3949 1988 4004 Israel.
2332 3967 2632 4024 quaquam
2663 3950 2734 4006 de
2767 3950 2989 4006 semine
3017 3951 3148 4022 ejus
3177 3950 3444 4007 Christus
3473 3942 3689 4000 oriatur.

645 4037 690 4092 H
717 4035 958 4093 Exsulta
987 4041 1044 4093 et
1073 4036 1267 4103 lauda,
1291 4036 1573 4092 habitatio
1603 4037 1766 4102 Sion,
1789 4036 1929 4110 quia
1968 4055 2220 4110 magnus
2329 4041 2364 4095 3
2475 4039 2760 4096 Generatio
2802 4056 2922 4095 mea
2965 4039 3153 4095 ablata
3179 4047 3262 4095 est
3288 4041 3341 4096 et
3369 4031 3637 4092 convoluta
3661 4024 3770 4078 θεία
3791 4025 3884 4068 ἰιι-⁸

572 4125 632 4180 in
646 4125 836 4182 medio
856 4125 943 4182 tui
967 4129 1224 4182 sanctus.
1241 4125 1285 4182 Ο
1303 4125 1470 4198 (124).
1489 4125 1787 4184 Habitator
1816 4125 2222 4194 Sion,exsulta
2472 4130 2646 4198 Quasi
2673 4128 3087 4183 tabernaculum
3109 4137 3410 4199 pastorum.

569 4218 628 4270 et
647 4213 825 4271 lauda
839 4215 1023 4270 Deum
1041 4219 1232 4280 tuum,
1257 4215 1394 4286 quia
1411 4231 1660 4286 magnus
1680 4217 1736 4270 et
1759 4220 2000 4271 sanctus
2017 4215 2216 4281 Israel,
2401 4215 2706 4272 Generatio
2728 4215 2942 4284 mea,id
2955 4220 3045 4271 est
3065 4213 3388 4287 procreatio
3409 4208 3642 4266 ﬁliorum
3663 4199 3880 4287 meorum:

569 4301 627 4358 id
657 4307 745 4359 est
771 4303 946 4359 Jesus
966 4279 1234 4359 Christus
1253 4279 1406 4359 Deus
1427 4279 1585 4370 tuus,
1611 4302 1711 4374 qui
1733 4307 1874 4359 tuus
1894 4308 2028 4359 ante
2060 4279 2216 4359 vide;
2327 4304 2532 4360 avulsa
2561 4309 2618 4360 et
2648 4279 2873 4361 remota
2901 4309 3008 4360 est.
3041 4279 3242 4372 Quasi,
3265 4304 3322 4360 id
3355 4305 3462 4366 est,
3492 4295 3632 4351 sicut
3655 4279 3884 4374 animi???

569 4391 743 4447 batur
762 4391 938 4458 Deus,
962 4395 1020 4446 et
1040 4390 1286 4446 modicis
1305 4391 1517 4446 Judaaaa
1541 4361 1706 4446 terrae
1719 4390 2215 4447 claudebaturan-
2326 4392 2770 4450 tabernaculum
2802 4361 3124 4466 pastorum.
3148 4361 3362 4449 Tribus
3393 4361 3574 4444 modis
3599 4361 3881 4466 dolebat‘isle

567 4477 801 4549 gustiis,
834 4494 992 4533 nunc
1017 4476 1278 4550 implevit
1317 4495 1552 4534 omnem
1577 4483 1884 4545 terram,et
1915 4479 2218 4536 invocatur
2248 4506 2295 4570 Β
2325 4482 2416 4536 vir
2445 4450 2820 4549 sanctus,vei
2847 4481 2987 4554 quia
3017 4480 3238 4538 sciebat
3267 4497 3329 4538 se
3359 4474 3739 4570 descensuram
3757 4450 3882 4570 1ιεῖ

568 4546 628 4620 in
660 4562 950 4622 universis
973 4546 1272 4639 gentibus.
1296 4566 1503 4622 Aliter:
1537 4567 1695 4635 Sion,
1728 4566 1786 4622 id
1819 4572 1910 4624 est
1939 4567 2214 4636 Ecclesia,
2248 4546 2294 4570 υ
2327 4571 2557 4627 ternum
2590 4546 2826 4644 propter
2856 4546 3182 4643 peccatum,
3213 4570 3304 4627 vel
3331 4565 3468 4641 quia
3515 4551 3708 4647 sciebat
3727 4546 3879 4647 883?:

568 4650 764 4722 lauda,
799 4654 939 4726 quia
975 4658 1214 4710 sanctus
1256 4654 1432 4710 Israel
1491 4655 1550 4709 in
1609 4655 1804 4711 medio
1853 4656 1938 4712 tui
1988 4655 2218 4713 habitat
2327 4621 2730 4716 visurumribi
2767 4621 3102 4726 Dominum,
3132 4657 3222 4715 vel
3272 4621 3443 4720 cei'te,
3475 4645 3602 4722 quia
3647 4636 3750 4693 sine

564 4741 834 4800 Christus
862 4741 1168 4799 Dominus.
2326 4747 2518 4804 adhuc
2549 4753 2692 4819 erat,
2725 4765 2843 4804 non
2896 4747 3264 4804 nasciturum
3306 4740 3602 4803 Dominum
3631 4727 3692 4783 de
3715 4719 3878 4775 δθωιηθ

2325 4853 2453 4893 suo.
2488 4837 2588 4893 aui
2623 4841 2749 4893 erat
2778 4836 2863 4892 illi
2891 4837 3246 4893 promissus.
3278 4831 3537 4892 timebat.

885 4885 1252 4944 CANTICUM
1302 4886 1621 4943 amoma
1661 4888 1892 4945 REGIS.
2322 4854 2491 4982 :‘m’

2325 4854 2453 4906 suo,
2488 4854 2588 4909 qui
2623 4854 2749 4893 erat.
2778 4854 2863 4892 un
2891 4854 3246 4908 promissus,
3278 4854 3537 4892 timebat.

2322 4925 2356 4980 4
2463 4927 2711 4984 Praecisa
2739 4934 2820 4983 est
2847 4927 2996 4982 velut
3022 4943 3057 4982 a
3080 4930 3304 4983 tenente
3331 4924 3441 4980 vita
3468 4929 3578 4972 mea
3603 4925 3622 4962 -'

1038 4993 1149 5033 ³⁸⁸⁸
1190 4993 1466 5032 CAPITULO
1503 4994 1736 5033 xxxvm'
2463 5017 2600 5071 Dum
2627 5015 2806 5070 adhuc
2833 5014 3046 5072 ordirer
3073 5015 3307 5071 succidit
3332 5026 3434 5068 me.

634 5101 680 5156 Η
710 5101 792 5158 Ne
816 5100 1138 5158 elevaretur
1194 5119 1294 5158 cor
1351 5102 1602 5158 Ezechiae
1656 5108 1788 5175 post
1838 5103 2209 5160 incredibiles
2461 5107 2534 5161 De
2561 5121 2722 5160 mane
2751 5120 2918 5176 usque
2945 5103 3015 5159 ad
3046 5119 3326 5176 vesperam
3347 5097 3497 5174 ﬁnies
3519 5101 3614 5144 W-

635 5154 680 5156 __
822 5154 1127 5158 -__,__-___
1351 5154 1597 5158 ___-___-_
1656 5154 1785 5175 τη,
1839 5154 2207 5160 -_-_-___---_
2461 5154 2527 5161 ν,
2563 5154 2715 5160 um.--
2755 5154 2909 5176 "-1---
2947 5154 3011 5159 η.-
3048 5154 3322 5176 "Th"---
3347 5154 3380 5174 ,-

562 5189 897 5262 triumphos
926 5190 1281 5257 inﬁrmatur,
1307 5195 1364 5247 et
1393 5193 1534 5247 vidit
1564 5209 1626 5248 se
1657 5209 1784 5249 esse
1833 5193 2208 5262 moriturum,
2391 5194 2636 5250 Praecisa
2675 5199 2765 5250 est
2792 5193 2928 5260 vita,
2964 5193 3020 5249 id
3051 5196 3144 5249 est
3193 5207 3401 5250 cursus
3445 5181 3563 5238 vitae
3605 5154 3872 5288 ωθεῗζρῗξὲξ

598 5282 606 5288 .
853 5279 909 5288 ...
947 5279 968 5288 .-
1038 5278 1048 5288 .
1417 5281 1430 5288 -
1579 5280 1590 5288 .
1792 5287 1797 5288 ,
1951 5282 1985 5288 .-
2130 5282 2144 5288 -
2372 5284 2408 5288 __
2641 5284 2676 5288 _-
2833 5283 2885 5288 -_
2995 5287 2999 5288 ,
3057 5284 3070 5288 _
3435 5277 3446 5288 υ
3514 5263 3636 5288 κ-..;η
3687 5269 3708 5288 ο
3785 5277 3793 5288 ι

559 5282 616 5332 et
637 5279 920 5350 convertit
943 5278 1147 5334 faciem
1171 5296 1340 5334 suam
1363 5281 1434 5335 ad
1471 5280 1750 5352 parietem
1787 5282 2098 5353 templi,ne
2130 5282 2210 5339 la-
2317 5284 2511 5340 adhuc
2553 5284 2798 5352 ordirer,
2831 5283 2889 5339 id
2921 5287 3010 5339 est
3039 5284 3182 5339 dum
3213 5296 3399 5340 essem
3421 5263 3654 5347 juvenis,
3686 5249 3868 5372 8:03:21;

561 5381 792 5436 crymas
823 5383 962 5421 suas
993 5368 1326 5423 ostenderet
1350 5369 1502 5436 aliis,
1526 5375 1583 5426 ct
1613 5369 1768 5426 flevit
1800 5371 1936 5425 ﬂetu
1970 5387 2204 5444 magno,
2318 5391 2432 5428 me.
2457 5373 2535 5428 De
2555 5390 2725 5429 mane
2749 5389 2935 5445 usque
2954 5373 3024 5427 ad
3047 5389 3346 5444 vesperam
3368 5362 3525 5422 finies
3549 5364 3648 5414 m8:
3669 5339 3826 5396 δυίθω

563 5457 800 5524 propter
828 5453 1280 5525 promissionem
1313 5458 1412 5513 Dei
1445 5460 1514 5514 ad
1549 5459 1946 5530 David,quam
1980 5460 2211 5516 videbat
2318 5461 2503 5518 levius
2532 5461 2780 5529 habebo,
2811 5466 2912 5517 aut
2941 5462 3115 5516 finem
3147 5459 3276 5516 vita
3307 5449 3588 5524 αοοίρὶαω·

629 5542 775 5612 (124)
809 5541 872 5596 Id
901 5546 990 5598 est
1019 5542 1325 5616 Origenes.
