3986 6164
187 353 277 419 n3
1120 383 1129 386 —
1243 315 1869 428 COMMENTARIUS
1918 365 1998 428 IN
2045 367 2405 431 CANTICA.
2598 416 2603 427 .
3414 377 3534 438 534

180 490 209 548 5
291 486 560 560 Sperabam
587 504 754 561 usque
784 489 855 545 ad
880 507 1041 548 mane
1070 509 1090 547 :

289 579 448 648 Quasi
473 578 549 633 leo
570 578 649 632 sic
674 581 933 636 contrivit
959 585 1145 639 omnia
1173 600 1292 640 ossa
1320 601 1460 640 mea.

231 668 269 722 ll
297 667 588 739 Sperabam
636 684 821 740 usque
866 686 1057 739 mane,
1092 672 1243 728 sicut
1270 674 1400 740 Job,
1437 674 1496 729 in
1542 674 1633 731 die
1666 693 1761 731 no-

174 762 314 822 ctem,
344 758 397 810 et
425 755 482 810 in
526 756 777 812 tenebris
823 754 1013 815 lucem
1055 763 1429 834 exspectabat
1459 764 1572 836 (Job
1600 766 1761 835 xvn),

175 845 783 918 mutationetemporum
803 853 1017 919 putans
1038 852 1251 906 mutari
1266 869 1437 924 posse
1455 854 1761 926 supplicia.

172 934 265 990 Hoc
283 950 464 989 verum
494 950 621 990 esse
669 936 827 991 novit
852 938 951 1010 qui
985 940 1216 1013 magnis
1247 941 1506 998 febribus
1535 946 1762 1011 aestuat,

170 1023 310 1093 cujus
324 1022 465 1095 ignis
486 1023 768 1091 internus,
784 1031 849 1081 ut
865 1026 952 1082 leo
970 1030 1166 1085 omnia
1183 1046 1317 1087 ossa
1331 1032 1645 1099 consumit,
1661 1049 1765 1089 nec

169 1127 217 1167 se
241 1115 387 1183 putat
414 1128 524 1183 prie
554 1111 773 1169 doloris
806 1116 1212 1188 magnitudine
1259 1118 1414 1177 ultra
1450 1119 1761 1176 victurum.

168 1198 311 1263 Quasi
332 1198 410 1255 leo
429 1200 511 1254 sic
534 1201 807 1258 contrivit
826 1205 1024 1261 omnia
1044 1222 1178 1262 ossa
1202 1207 1412 1275 mea,id
1428 1212 1516 1265 est
1531 1226 1765 1265 omnem

167 1287 519 1344 fortitudinem
552 1306 766 1345 meam.

164 1378 192 1431 6
275 1379 342 1433 De
386 1394 543 1434 mane
590 1396 759 1451 usque
809 1382 879 1437 ad
928 1399 1204 1455 vesperam
1259 1388 1414 1457 ﬁnies
1462 1404 1546 1444 me
1575 1406 1594 1444 :
1624 1391 1767 1445 sicut

334 1467 511 1537 pullus
537 1468 860 1525 hirundinis
887 1473 967 1527 sic
992 1473 1237 1529 clamabo
1270 1493 1288 1528 :

275 1555 569 1612 Meditabor
598 1566 659 1613 ut
688 1559 960 1615 columba.

214 1643 350 1698 Sicut
378 1643 575 1716 pullus
615 1645 952 1703 hirundinis
982 1648 1067 1704 sic
1097 1650 1384 1722 clamabo,
1410 1653 1467 1708 id
1494 1658 1584 1710 est
1613 1655 1767 1711 sicut

163 1730 370 1805 hirundo
399 1734 480 1788 sic
504 1750 702 1807 gemo.
733 1735 931 1792 Aliter.
963 1737 1125 1794 Sicut
1153 1740 1354 1813 pullus
1403 1742 1762 1812 hirundinis,

163 1838 288 1877 mors
325 1822 639 1880 imminens
671 1829 729 1880 et
757 1824 1005 1900 languor
1028 1827 1375 1888 incumbens
1405 1837 1461 1888 et
1490 1833 1676 1902 dolor,
1704 1838 1768 1889 ut

1792 496 1849 567 Α
1882 498 1948 554 10
2018 502 2263 572 Domine,
2290 504 2342 559 si
2366 504 2446 560 sic
2474 505 2765 583 vivitur!
2803 506 2863 561 in
2894 505 3097 563 talibus
3144 506 3259 565 vita
3302 510 3534 583 spiritus

2083 593 2194 647 mei
2220 594 2483 665 corripies
2511 611 2598 651 me
2624 602 2677 650 et
2705 596 3012 667 viviﬁcabis
3040 612 3128 653 me
3156 614 3176 652 :

2014 683 2145 738 Ecce
2171 683 2227 737 in
2254 699 2388 754 pace
2417 684 2730 742 amaritudo
2759 702 2880 741 mea
2909 688 3286 744 amarissima.

1944 786 1991 842 H
2021 788 2285 857 Domine,
2319 791 2367 845 si
2398 790 2481 846 sic
2510 791 2741 858 vivitur,
2774 792 2830 847 id
2863 797 2953 849 est
2982 793 3031 850 si
3065 795 3148 850 sic
3185 800 3277 852 est
3307 796 3536 854 vitabo-

1874 877 2049 933 minis
2078 883 2141 933 ut
2183 880 2533 948 inﬁrmetur,
2567 887 2623 937 et
2654 882 2714 937 in
2745 881 2986 952 talibus,
3020 884 3397 960 subintellige
3428 905 3533 944 va-

1874 965 2181 1024 rietatibus
2212 968 2646 1038 infirmitatum,
2666 971 2785 1027 vita
2809 972 3053 1043 spiritus
3078 974 3278 1042 mei,id
3302 980 3393 1031 est
3412 976 3533 1034 vita

1874 1055 2082 1111 anima
2102 1073 2241 1112 meae
2262 1061 2369 1125 est,
2390 1059 2668 1131 corripies
2691 1077 2803 1127 me,
2825 1061 3199 1136 subintellige
3216 1063 3529 1122 inﬁrmita-

1874 1148 1991 1200 tem
2023 1146 2236 1214 dando,
2269 1152 2327 1202 et
2356 1146 2675 1204 viviﬁcabis
2708 1166 2820 1217 me,
2854 1149 3066 1205 iterum
3100 1153 3528 1219 sanando,ecce

1873 1233 1934 1289 in
1965 1251 2105 1307 pace
2133 1236 2485 1303 amaritudo,
2519 1241 2651 1304 etc.,
2687 1238 2743 1293 id
2772 1243 2860 1294 est
2889 1255 3022 1295 ecce
3060 1240 3119 1295 in
3152 1246 3305 1314 pace‘
3324 1243 3526 1317 populi

1876 1324 1989 1379 mei
2001 1327 2057 1379 et
2069 1323 2316 1382 civitatis
2333 1341 2476 1381 mea:
2489 1330 2577 1382 est
2594 1326 2737 1381 mihi
2763 1328 3092 1385 amaritudo
3114 1330 3485 1389 amarissima
3510 1353 3524 1403 ;

1874 1412 2011 1479 illis,
2035 1412 2254 1469 scilicet
2276 1414 2531 1487 populis,
2565 1415 2635 1470 de
2661 1415 3003 1473 liberatione
3033 1419 3452 1490 gaudentibus,
3470 1427 3529 1480 et

1875 1518 1968 1557 me
2001 1518 2103 1574 per
2132 1507 2379 1559 mortem
2413 1504 2734 1571 recedente,
2761 1505 2901 1577 quia
2929 1504 3039 1578 ipsi
3072 1506 3300 1565 liberati
3330 1515 3473 1567 sunt
3492 1529 3528 1569 a

1874 1590 2292 1663 Sennacherib,
2326 1610 2433 1665 ego
2463 1591 2627 1649 solus
2658 1592 2864 1649 limina
2894 1595 3102 1652 mortis
3136 1596 3366 1655 intravi.

1878 1697 1936 1751 11
2018 1702 2103 1753 Tu
2119 1707 2317 1754 autem
2339 1701 2550 1754 eruisti
2562 1700 2823 1755 animam
2851 1716 3035 1757 meam
3052 1707 3118 1757 ut
3136 1720 3253 1760 non
3269 1707 3525 1774 periret:

2016 1789 2331 1859 Projecisti
2344 1797 2473 1860 post
2484 1794 2715 1862 tergum
2731 1798 2789 1844 tu
2800 1806 2831 1845 u
2840 1807 2891 1844 m
2906 1793 3105 1847 omnia
3118 1804 3362 1865 peccata
3378 1812 3522 1853 mea.

160 1875 227 1965 ιέά
247 1875 1642 1992 οέεζῷἕεῖ⁷ἷτὲιιζέέῇῌῗζἑὲιὶἶζέοῖἷῖὶζῖτιῖἰιᾶἴξέ
1662 1875 1768 1979 ἒςξῖ
1791 1875 1842 1943 Β
1890 1983 1905 1992 _
1944 1894 2102 1992 HT"
2134 1898 2330 1950 αυίθπι
2364 1894 2582 1992 eruis“.
2606 1896 2867 1992 ίΨίίΒὲλω
2899 1915 3112 1992 "Fetmz
3146 1896 3525 1977 ευδίηίθηίεδ

158 1997 338 2066 lumba,
369 2001 604 2058 ﬂetibus
634 2010 691 2059 et
718 2006 1037 2077 gemitibus
1066 2008 1192 2064 dies
1224 2015 1535 2084 noctesque
1557 2013 1765 2085 junge-

159 2087 282 2156 bam,
311 2094 363 2145 et
389 2108 423 2146 a
450 2091 570 2148 Deo
603 2092 727 2148 solo
757 2095 857 2165 qui
890 2097 1199 2154 subvenire
1230 2100 1439 2170 potuit,
1474 2101 1766 2173 praestola-

159 2176 516 2235 barauxilium
555 2197 571 2236 :
608 2180 701 2236 cui
734 2181 1022 2253 dicebam,
1046 2186 1179 2257 plus
1205 2188 1399 2260 patior
1424 2207 1602 2261 quam
1633 2208 1765 2247 mea

159 2269 364 2333 poscunt
383 2267 615 2332 merita,
644 2269 744 2324 sed
769 2269 817 2324 si
840 2270 983 2342 quid
1006 2274 1213 2341 erravi,
1230 2281 1533 2332 convertar
1552 2279 1623 2333 ad
1648 2295 1762 2335 me-

157 2349 261 2408 lius.
281 2354 493 2411 Clamat
512 2356 718 2429 pullus
745 2358 1080 2417 hirundinis
1111 2364 1182 2418 ad
1214 2368 1462 2420 matrem
1485 2383 1587 2438 pro
1610 2367 1758 2436 cibo,

157 2441 300 2513 gemit
323 2443 629 2501 columba:
651 2446 731 2503 ita
760 2464 867 2521 ego
885 2450 955 2505 ad
974 2451 1158 2506 Deum
1177 2469 1374 2509 meum
1396 2455 1606 2511 faciam
1629 2474 1761 2529 pro-

154 2534 254 2600 pter
277 2537 499 2602 peccata
528 2551 686 2603 mea,
719 2536 903 2592 donec
933 2539 1279 2596 misereatur
1312 2543 1445 2598 mei.

152 2618 177 2670 7
262 2622 517 2679 Attenuati
537 2628 676 2679 sunt
705 2627 852 2681 oculi
881 2630 992 2683 mei
1019 2647 1038 2683 :

260 2712 615 2782 Suspicientes
648 2715 707 2769 in
733 2717 961 2773 excelso.

204 2801 470 2856 Attenuati
496 2806 647 2857 sunt
675 2803 828 2858 oculi
863 2806 998 2874 mei,
1021 2806 1077 2862 id
1111 2812 1200 2863 est
1230 2810 1762 2887 defeceruntlacry-

153 2902 338 2943 marum
384 2890 693 2947 effusione.
730 2892 1127 2966 Suspicientes
1174 2897 1231 2952 in
1281 2900 1525 2969 excelso,
1560 2902 1616 2956 id
1670 2907 1761 2958 est

153 2975 337 3032 veniam
366 2978 758 3050 postulantes.

152 3064 179 3116 8
263 3069 496 3134 Domine,
525 3070 647 3123 vim
667 3071 868 3140 patior,
895 3074 1095 3144 sponde
1120 3092 1221 3149 pro
1248 3093 1335 3144 me
1362 3096 1384 3132 ,ο

1872 1983 1943 2039 de
1964 1982 2211 2052 inferno,
2238 1989 2303 2039 ut
2324 2001 2438 2040 non
2462 1984 2698 2057 periret.
2721 1986 2790 2040 Et
2820 1987 3115 2058 projecisti
3136 1993 3270 2061 post
3289 1994 3521 2063 tergum

1871 2074 2039 2126 tuum
2074 2072 2273 2128 omnia
2303 2077 2542 2145 peccata
2572 2090 2723 2141 mea,
2756 2091 2828 2130 ne
2854 2074 3080 2132 videres
3109 2076 3213 2133 illa
3252 2078 3323 2133 ad
3354 2080 3519 2135 dam-

1871 2161 2132 2216 nandum
2158 2177 2270 2229 me,
2298 2162 2398 2217 scd
2418 2163 2489 2217 ad
2521 2162 2966 2236 indulgendum.
2990 2163 3093 2221 Vel
3110 2166 3285 2222 etiam
3308 2166 3368 2223 in
3383 2185 3522 2241 prae-

1872 2248 2024 2306 senti
2053 2250 2258 2306 eruisti
2289 2250 2467 2307 vitam
2500 2268 2715 2309 meam.

1872 2358 1940 2411 12
2012 2358 2163 2428 Quia
2190 2375 2305 2412 non
2330 2358 2595 2429 infernus
2617 2357 2992 2432 conﬁtebitur
3018 2361 3145 2431 tibi,
3171 2378 3348 2437 neque
3369 2381 3523 2422 mors

2087 2445 2364 2503 laudabit
2395 2455 2449 2503 te
2479 2466 2499 2503 .·

2010 2540 2133 2593 Νοη
2162 2538 2576 2609 exspectabant
2593 2541 2695 2612 qui
2706 2539 3058 2597 descendunt
3079 2543 3142 2599 in
3167 2541 3522 2602 lacumvcri-

2082 2631 2263 2682 tatem
2292 2635 2476 2684 tuam.

1941 2734 1987 2789 H
2018 2734 2164 2800 Quia
2193 2750 2310 2789 non
2340 2734 2604 2791 infernus
2634 2736 3010 2793 confitebitur
3051 2738 3177 2808 tibi,
3208 2739 3265 2796 id
3296 2744 3386 2798 est
3414 2742 3517 2814 qui

1870 2821 1926 2877 in
1960 2822 2185 2878 inferno
2228 2828 2369 2879 sunt
2416 2841 2531 2879 non
2561 2823 2887 2881 laudabunt
2915 2830 2990 2896 te,
3015 2828 3073 2883 id
3095 2832 3185 2884 est
3204 2829 3514 2899 diabobus,

1870 2927 2059 2982 neque
2090 2928 2248 2966 mors
2277 2911 2540 2967 laudabit
2567 2916 2643 2968 te.
2676 2913 2801 2969 Non
2832 2917 3254 2987 exspectabunt
3283 2920 3384 2992 qui
3414 2921 3513 2977 de-

1867 3000 2156 3055 scendunt
2176 2999 2235 3054 in
2258 3000 2450 3055 lacum
2473 3000 2773 3057 veritatem
2798 3006 2983 3071 tuam,
2999 3003 3057 3059 id
3071 3008 3161 3060 est
3178 3023 3294 3063 non
3308 3024 3514 3081 exspe-

1851 3089 2104 3145 ctabant
2127 3090 2676 3161 veritatemjudicii,
2700 3091 2800 3147 sed
2821 3092 3284 3151 misericordiam
3304 3095 3514 3153 libera-

260 3156 395 3227 Quid
420 3156 610 3213 dicam
636 3163 735 3213 aut
763 3160 896 3231 quid
920 3163 1259 3234 respondebit
1284 3166 1444 3222 mihi.
1480 3168 1616 3223 Cum
1646 3171 1758 3242 ipse
1866 3177 2065 3245 tionis,
2098 3176 2352 3233 maxime
2387 3156 2520 3234 cum
2552 3156 2821 3236 Christus
2851 3181 2923 3236 ad
2956 3180 3185 3240 inferna
3212 3185 3516 3243 descendit

318 3247 501 3315 fecerit
515 3251 546 3302 ?

205 3328 437 3402 Domine,
454 3335 579 3400 vim
595 3335 804 3406 patior,
820 3338 874 3393 id
888 3343 976 3395 est
995 3339 1307 3405 infirmitas
1331 3362 1460 3401 mea
1472 3347 1758 3417 majorest

152 3433 291 3507 quam
320 3422 608 3496 fragilitas
638 3442 768 3482 mea
816 3430 1003 3499 possit
1044 3430 1212 3487 ferre.
1245 3434 1477 3506 Sponde
1506 3453 1609 3507 pro
1642 3454 1753 3505 me,

152 3503 278 3597 idest
293 3513 348 3564 tu
362 3517 483 3568 esto
508 3513 853 3584 ﬁdejussor,
872 3519 938 3571 ut
959 3517 1208 3576 sanitate
1227 3503 1453 3595 recepta
1474 3503 1543 3580 ad
1563 3503 1758 3597 priora

153 3592 263 3686 vitia
281 3616 384 3655 non
406 3602 668 3659 redeam.
692 3604 841 3685 Quid
864 3604 1076 3677 dicam,
1100 3614 1202 3665 aut
1223 3592 1372 3683 quid
1384 3592 1759 3686 respondebit

154 3684 303 3774 mihi?
328 3690 707 3764 subintellige
730 3692 854 3764 ipse
878 3696 1228 3754 Dominus.H
1250 3700 1393 3756 Cum
1418 3684 1540 3774 ipse
1562 3704 1759 3758 fecerit

150 3772 215 3828 vel
231 3773 567 3850 imposuerit
583 3780 773 3853 ipsam
797 3772 1518 3846 infirmitatem.Aliter.'l‘u
1537 3793 1759 3865 sponde

154 3877 229 3930 pro
253 3882 354 3935 me,
388 3885 500 3925 non
528 3874 627 3925 est
655 3871 809 3927 enim
844 3873 1303 3948 volentis,(ltom.
1330 3880 1408 3949 ix)
1431 3884 1487 3936 et
1511 3881 1756 3953 reliqua.

154 3948 203 4004 Ει
235 3971 451 4013 rursum
511 3958 581 4013 in
638 3975 699 4014 se
753 3961 1081 4032 revertitur,
1114 3966 1253 4037 quid
1303 3968 1515 4039 dicam,
1549 3970 1761 4041 quidve

153 4044 390 4101 causabor
418 4052 632 4103 contra
661 4052 717 4103 te
766 4050 1043 4108 factorem
1094 4071 1289 4111 meum
1311 4057 1339 4112 ?
1370 4062 1469 4113 aut
1498 4059 1639 4131 quid
1672 4077 1760 4115 re-

153 4132 414 4216 tpondebit
444 4136 639 4192 mihi?
662 4137 801 4210 quia
829 4140 954 4213 ipse
983 4142 1115 4198 fecit
1145 4146 1297 4216 quod
1330 4146 1764 4204 voluit:0mnia

154 4214 296 4287 igitur
320 4225 673 4283 sustinenda
703 4232 841 4283 sunt
876 4214 1241 4305 quaecunque
1272 4235 1605 4293 decreverit.
1638 4237 1760 4305 Vel,

153 4319 257 4363 cum
283 4310 398 4383 ipse
439 4314 646 4370 fecerit
676 4332 906 4373 meeum
940 4320 1419 4393 misericordiam,
1453 4330 1509 4381 et
1536 4326 1764 4383 veniam

155 4402 503 4469 spoponderit.

152 4481 180 4535 9
265 4491 573 4561 Recogitabo
600 4493 707 4549 tibi
735 4511 918 4552 omnes
947 4515 1120 4555 annos
1144 4517 1287 4557 meos
1317 4521 1337 4558 :

263 4576 319 4631 In
344 4583 721 4639 amaritudine
743 4588 952 4643 animm

211 4662 246 4717 ll
273 4664 616 4743 Recogitabo
643 4689 847 4747 omnes
869 4691 1054 4733 annos
1078 4694 1259 4747 meos,
1280 4679 1506 4737 scilicet
1525 4699 1767 4756 prospe-

155 4748 309 4842 ritatis
334 4760 507 4830 atque
528 4758 743 4817 laetitiae
766 4779 905 4842 mea:
928 4767 1276 4823 recordabor
1293 4767 1355 4823 in
1378 4748 1769 4828 amaritudine

157 4837 326 4898 animae
355 4862 516 4916 mete,
547 4848 603 4903 id
627 4853 717 4905 est
735 4838 871 4908 cum
893 4869 1083 4911 essem
1110 4854 1170 4911 in
1202 4858 1596 4915 amaritudine
1614 4860 1772 4917 inﬁr-

156 4927 547 4991 mitatis.Nulla
567 4954 659 4993 res
677 4939 834 4995 enim
864 4940 1040 5016 longa
1069 4944 1406 5002 mortalium
1433 4952 1541 5015 est,
1557 4949 1773 5007 omnis-

160 5029 249 5107 que
275 5019 508 5080 felicitas
540 5026 759 5096 saeculi,
793 5030 937 5086 dum
991 5035 1223 5090 tenetur
1269 5035 1601 5107 amittitur;
1635 5056 1769 5095 cum

159 5104 284 5161 enim
296 5114 524 5184 tempus
536 5115 933 5176 tribulationis
949 5122 1467 5195 advenerit,omnis
1478 5129 1771 5199 praeterita

161 5195 323 5289 saeculi
346 5200 593 5259 felicitas
612 5204 757 5262 nihil
774 5209 1013 5280 adjuvat
1028 5212 1443 5270 sustinentem.
1469 5195 1617 5289 Ergo
1640 5219 1775 5274 Eze-

162 5279 295 5339 chias
322 5296 586 5360 reputare
623 5311 683 5350 se
734 5297 876 5352 dicit
923 5316 1128 5356 omnes
1178 5318 1364 5358 annos
1405 5306 1565 5376 regni
1600 5305 1690 5361 sui
1718 5309 1774 5362 et

164 5376 525 5464 praeteritam
546 5385 806 5453 putabat,
832 5387 1213 5446 beatitudinis
1232 5391 1288 5445 in
1308 5394 1578 5464 precscnti
1613 5412 1772 5451 ama-

162 5457 402 5556 ritudine.
437 5468 508 5522 Et
538 5473 675 5542 quia
696 5476 823 5546 jam
855 5494 1096 5534 securus
1126 5485 1215 5535 est
1245 5457 1351 5536 nec
1383 5483 1605 5554 patitur
1644 5488 1771 5556 quae

162 5547 321 5641 infert,
349 5554 418 5610 de
446 5556 706 5619 humano
765 5570 919 5623 statu
980 5547 1431 5641 philosophatur
1479 5577 1536 5629 et
1582 5547 1769 5630 dicit:

167 5632 400 5711 Domine,
427 5650 538 5701 etc.

1796 4615 1846 4681 D

1786 3245 1833 3316 cl
1872 3272 1933 3324 ut
1961 3268 2185 3324 vinctos
2218 3267 2507 3324 liberaret.

1867 3384 1935 3438 13
2011 3386 2223 3440 Vivens
2253 3386 2440 3440 vivens
2469 3385 2588 3455 ipse
2615 3383 2990 3458 conﬁtebitur
3006 3388 3125 3445 tibi
3148 3390 3300 3447 sicut
3328 3396 3384 3447 et
3403 3408 3514 3465 ego

2081 3473 2253 3528 hodie
2284 3491 2303 3527 .-

2010 3567 2193 3617 Pater
2214 3560 2260 3634 ﬁ
2267 3561 2367 3617 liis
2396 3571 2597 3618 notam
2626 3564 2809 3633 faciet
2837 3565 3142 3621 veritatem
3170 3573 3355 3625 tuam.

1939 3675 2150 3731 Vivens
2180 3675 2375 3731 vivens
2409 3677 2531 3750 ipse
2561 3679 2950 3736 confitebitur.
2973 3681 3251 3756 Quisquis
3271 3685 3514 3743 vivendo
3557 3744 3561 3749 ,

1865 3764 2024 3827 vivit,
2058 3765 2115 3819 in
2148 3764 2367 3821 cmlesti
2399 3767 2606 3838 patria,
2641 3767 2765 3841 ipse
2796 3767 3060 3827 laudabit
3084 3773 3312 3830 tesicut
3330 3779 3389 3831 et
3407 3793 3514 3850 ego

1866 3853 2060 3921 hodie,
2093 3854 2467 3928 subintellige
2500 3854 2692 3931 laudo.
2726 3858 2894 3915 Pater
2932 3859 3069 3916 filiis
3114 3865 3313 3919 notam
3346 3864 3517 3921 faciet

1866 3942 2167 3998 veritatem
2218 3946 2402 3997 tuam.
2436 3944 2482 3998 H
2532 3944 2758 4001 Patrem
2808 3963 2871 4002 se
2912 3952 3098 4015 vocat,
3129 3954 3187 4006 et
3217 3951 3513 4023 subjectos

1870 4031 2002 4096 sibi,
2030 4031 2211 4099 ﬁlios;
2238 4031 2346 4096 vel,
2380 4050 2614 4088 omnem
2644 4038 2872 4090 aetatem
2904 4040 3037 4107 post
3067 4054 3129 4093 se
3159 4039 3513 4109 futuram,et

1872 4137 1985 4176 non
2014 4137 2047 4175 a
2079 4136 2140 4176 se
2169 4125 2498 4192 generatos,
2531 4120 2672 4192 quia
2722 4122 3032 4180 Manassen
3066 4126 3389 4197 pessimum
3419 4145 3518 4201 ge-

1873 4209 2023 4277 nuit,
2048 4208 2145 4280 qui
2172 4225 2284 4263 non
2307 4208 2523 4281 legitur
2556 4210 2870 4267 Dominum
2890 4212 3266 4293 .benedixisse
3285 4219 3344 4271 et
3372 4216 3520 4273 veri-

1872 4302 2052 4353 tatem
2082 4296 2311 4353 Domini
2346 4299 2652 4354 confessus
2691 4316 2842 4365 esse,
2872 4302 2973 4357 sed
3004 4301 3376 4360 maledixisse
3406 4309 3521 4362 Deo

1874 4390 2110 4443 sanctos
2156 4386 2285 4457 ejus
2330 4387 2754 4457 persequendo.
2788 4387 3100 4447 Veritatem
3130 4395 3318 4465 tuam,
3349 4394 3408 4450 id
3434 4398 3525 4452 est

1874 4475 2176 4530 veritatem
2211 4474 2623 4530 misericordia
2654 4480 2789 4532 tute.
2821 4479 3121 4537 Confessio
3146 4480 3241 4537 hic
3270 4500 3386 4540 non
3417 4500 3523 4557 pro

1878 4564 2239 4637 pcenitentia,
2273 4564 2374 4619 sed
2398 4581 2501 4635 pro
2532 4564 2720 4637 gloria
2740 4570 2798 4622 et
2816 4565 2989 4624 laude
3018 4569 3321 4643 accipitur.
3347 4573 3417 4629 Et
3442 4571 3527 4630 ita

1878 4657 2041 4725 pater
2066 4651 2199 4707 filiis
2232 4656 2431 4707 notam
2464 4652 2635 4709 faciet
2661 4653 2966 4713 veritatem
2991 4660 3176 4729 tuam,
3203 4663 3270 4715 ut
3288 4676 3393 4732 per
3411 4660 3529 4718 sin-

1878 4741 2046 4816 gulas
2077 4741 2497 4810 successiones,
2527 4742 2627 4797 Dei
2675 4744 2887 4802 veritas
2917 4750 2974 4802 et
2995 4747 3230 4818 justitia
3274 4748 3526 4821 posteris

1880 4831 2244 4904 praedicetur.

1880 4938 1947 4992 14
2020 4936 2254 4991 Domine
2282 4934 2515 4991 salvum
2545 4952 2635 4993 me
2664 4938 2765 5007 [ac
2791 4960 2811 4994 :

2016 5025 2085 5079 Et
2107 5022 2372 5095 psalmos
2414 5029 2639 5081 nostros
2679 5028 3038 5084 cantabimus
3077 5029 3309 5087 cunctis,
3326 5031 3530 5090 diebus

2090 5115 2228 5169 vitae
2257 5121 2472 5170 nostra:
2502 5114 2562 5169 in
2590 5115 2760 5171 domo
2789 5117 3048 5173 Domini.

1952 5220 1999 5275 H
2030 5219 2561 5305 Dominel'salvum
2590 5239 2682 5276 me
2710 5222 2821 5291 fac,
2840 5224 2912 5279 ab
2942 5226 3221 5284 omnibus
3248 5229 3527 5288 adversis.

1880 5311 1950 5365 Et
1981 5306 2243 5381 psalmos
2271 5312 2520 5377 nostros,
2558 5310 2615 5365 id
2647 5314 2734 5366 est
2763 5312 3150 5384 psalmodiam
3178 5315 3531 5387 laudis,can-

1881 5398 2141 5454 labimus
2174 5398 2403 5453 cunctis
2429 5397 2637 5453 diebus
2666 5398 2791 5457 vita:
2822 5406 3053 5475 nostrm,
3073 5404 3128 5460 id
3156 5409 3247 5462 est
3266 5406 3528 5479 quandiu

1882 5488 2196 5543 vixerimus
2227 5502 2430 5542 omnes
2461 5487 2561 5560 qui
2594 5487 2655 5544 in
2686 5493 2741 5546 te
2770 5492 3089 5564 credimus,
3119 5498 3335 5567 tuoque
3360 5497 3526 5552 auxi-

1880 5576 1958 5632 lio
1987 5576 2219 5632 liberati
2249 5591 2479 5632 sumus.

3694 6104 3893 6132 Α*
