4068 6160
470 303 599 410 sse
1383 337 1449 402 s.
1493 334 1891 404 BRUNONIS
1935 336 2558 408 HERBIPOLENSIS
2602 344 2981 410 EPISCOPI.
3722 354 3820 416 sio

478 481 516 536 7
624 479 818 536 Misisti
847 479 990 536 iram
1017 484 1170 534 tuam
1195 490 1320 548 quae
1347 474 1624 532 devoravit
1650 489 1739 531 eos
1761 475 1906 531 sicut
1947 474 2121 546 stipu-
2149 473 2207 542 Α
2239 475 2306 532 16
2376 477 2748 537 Ascenderunt
2769 481 2962 554 populi
2987 489 3040 539 et
3068 483 3205 544 irati
3229 485 3404 539 sunt:

695 569 808 627 lam
833 583 851 626 :
2378 569 2598 626 Dolores
2617 569 2970 628 obtinuerunt
2998 571 3328 629 habitatores
3357 573 3658 630 Philistiim.

625 661 690 716 Et
719 659 782 714 in
807 659 1010 730 spiritu
1037 657 1246 729 furoris
1277 655 1363 710 tui
1383 660 1726 726 congregatae
1769 662 1898 710 sunt
1943 670 2124 727 aquae.
2305 658 2709 714 Ascenderunt
2737 659 2954 733 populi,
2989 661 3187 718 Israel.
3221 662 3293 717 Et
3321 661 3451 717 irati
3486 667 3632 728 sunt,
3659 663 3707 720 id
3733 671 3822 734 est,

553 746 766 804 Misisti
794 746 942 803 iram
970 749 1157 816 tuam,
1191 745 1363 802 Iram.
1397 743 1460 799 Id
1502 747 1594 798 est
1638 740 1976 810 vindictam,
2010 759 2127 798 non
2236 745 2549 803 adversarii
2580 753 2784 804 contra
2813 765 2912 806 eos
2938 748 3072 804 irati
3102 754 3262 806 sunt.
3294 750 3424 806 Hec
3462 755 3642 808 autem
3668 753 3728 809 de
3752 755 3826 810 fu-

479 841 676 894 tamen
709 835 798 892 ira
824 834 1056 892 deitatis
1085 834 1520 899 turbatumouai
1541 831 1838 887 devoravit
1856 849 1956 888 eos
1975 831 2129 888 sicut
2235 837 2366 890 turo
2397 835 2823 910 intelliguntur.
2857 837 3166 894 Philistiim
3201 839 3640 911 interpretantur
3663 843 3825 899 caden-

477 923 924 1002 stipulam,quia
951 923 1106 979 sicut
1137 921 1304 978 facile
1331 921 1486 995 ignis
1507 919 1786 994 stipulam
1809 919 2123 989 consumit,
2235 931 2310 980 tes
2333 926 2526 996 poculo
2556 945 2576 982 :
2607 926 2866 996 Idumaei,
2893 928 3052 984 rubei
3079 927 3165 984 vel
3193 930 3417 985 terreni,

477 1014 563 1071 sic
593 1013 758 1071 facile
787 1018 910 1070 erat
939 1013 1056 1070 Deo
1087 1028 1186 1068 eos
1217 1009 1688 1097 submergerelflt
1718 1009 1774 1064 in
1803 1007 2011 1080 spiritu
2036 1010 2123 1065 fu-
2235 1013 2304 1068 17
2379 1016 2522 1070 Tunc
2547 1017 2866 1073 conturbati
2897 1025 3027 1074 sunt
3069 1018 3354 1090 principes
3396 1017 3556 1074 Edam
3583 1037 3599 1074 :
3627 1019 3829 1077 robustos

474 1102 626 1160 roris
671 1103 778 1170 tui,
809 1101 950 1175 quia
993 1100 1350 1174 patientibus
1397 1100 1560 1155 furor
1603 1097 1850 1159 videtur.
1883 1114 2017 1154 cum
2049 1098 2127 1154 sit
2445 1103 2596 1161 Hoab
2624 1105 2866 1162 obtinuit
2891 1115 3092 1163 tremor
3115 1123 3135 1162 .-

473 1208 706 1266 aaquum
728 1191 1042 1264 judicium.
2377 1193 2748 1266 Obriguerunt
2773 1211 2955 1252 omnes
2985 1195 3319 1252 habitatores
3348 1195 3619 1252 Chanaan.

471 1283 508 1338 8
615 1281 771 1340 Stetit
800 1281 952 1337 unda
969 1283 1143 1351 ﬂuens
1173 1296 1194 1334 :
2235 1281 2303 1336 18
2373 1287 2565 1340 Irruat
2590 1300 2754 1356 super
2775 1301 2862 1342 eos
2887 1283 3124 1356 formido
3154 1291 3208 1340 et
3231 1301 3406 1358 pavor
3431 1303 3452 1340 :

619 1372 975 1437 Congreoa'm
1009 1373 1132 1424 mni
1160 1369 1344 1440 abyssi
1375 1369 1434 1421 in
1462 1365 1638 1422 medio
1661 1367 1826 1422 mari.
2277 1385 2298 1398 ‘
2375 1374 2438 1428 In
2464 1373 2847 1444 magnitudine
2876 1373 3092 1430 brachii
3119 1375 3223 1429 tui.

547 1461 721 1518 Stetit
749 1461 908 1514 unda
937 1462 1146 1519 ﬂuens.
1180 1457 1236 1512 id
1268 1459 1358 1514 est
1383 1453 1471 1511 vel
1503 1454 1682 1511 maris
1701 1453 1874 1510 divisi
1893 1453 1979 1510 vel
1995 1455 2122 1510 Jor-
2305 1460 2475 1516 Moab
2507 1477 2520 1518 :
2555 1479 2626 1517 ex
2645 1470 2801 1534 patre
2830 1462 3266 1535 interpretatur,
3291 1466 3350 1518 et
3369 1463 3648 1536 signiﬁcat
3673 1481 3834 1537 pecca-

475 1549 648 1606 danis
680 1553 744 1604 ut
773 1546 1206 1620 legitur-(Exod.
1230 1543 1366 1616 xxv).
1388 1545 1760 1617 Congregatae
1790 1547 1928 1600 sunt
1957 1545 2124 1618 abys-
2230 1553 2388 1606 tores
2397 1550 2701 1621 justorum
2733 1551 3259 1624 persecutores,qui
3291 1549 3557 1608 inebriati
3585 1557 3708 1608 sunt
3725 1569 3832 1626 pec-

474 1639 548 1707 si,
582 1655 654 1694 ne
685 1640 960 1694 nocerent
979 1636 1176 1707 justos
1204 1639 1262 1690 et
1291 1637 1561 1690 necarent
1589 1633 1861 1705 injustas.
2231 1638 2376 1694 catis
2406 1644 2464 1694 et
2494 1656 2644 1695 noxa
2671 1638 2973 1696 etfusionis
3003 1639 3333 1712 sanguinis.
3365 1640 3591 1697 Christi.
3620 1640 3710 1698 Vel
3750 1642 3831 1714 qui

472 1747 510 1802 9
621 1746 772 1803 Dixit
801 1745 1061 1800 inimicus
1091 1759 1110 1798 :
1139 1744 1442 1813 Persequar
1475 1744 1529 1796 et
1555 1741 2004 1812 comprehendam
2029 1759 2050 1797 ε
2230 1734 2372 1784 sunt
2401 1727 2738 1785 homicidiis
2767 1727 3080 1802 inquinati,
3113 1746 3182 1785 ex
3213 1734 3382 1802 patre
3427 1729 3646 1787 diabolo
3679 1737 3830 1788 sunt:

615 1833 868 1890 Dividam
893 1832 1091 1905 spolia,
1125 1830 1442 1902 implebitur
1463 1831 1655 1886 anima
1681 1845 1820 1886 mea.
2151 1847 2202 1913 B
2230 1817 2448 1913 quibus
2479 1816 2601 1873 haec
2631 1815 2793 1874 salus
2813 1819 3113 1890 justorum
3144 1823 3240 1874 est
3269 1818 3649 1892 invidia,quos
3671 1824 3832 1877 tamen

541 1923 699 1980 Dixit
734 1921 1032 1988 inimicus,
1065 1919 1120 1976 id
1169 1923 1258 1976 est
1305 1919 1528 1976 Pharao
1561 1935 1574 1974 :
1609 1920 1950 1992 Persequar,
1984 1922 2117 1988 etc.,
2151 1905 2197 1913 ”
2228 1905 2514 1962 Dominus
2545 1911 2874 1978 εΧευΡθνᾶιο
3519 1933 3522 1936 ’

471 1998 588 2070 ista
608 2013 766 2070 enim
797 2015 936 2068 sunt
964 2011 1140 2068 verba
1167 2009 1486 2066 Pharaonis
1517 2008 1604 2066 vel
1637 2008 1874 2076 diaboli,
1903 2009 2117 2081 quibus

2229 1993 2299 2048 19
2371 1995 2540 2050 Fiant
2569 1995 2873 2052 immobiles
2899 1997 3063 2068 quasi
3091 1997 3257 2069 lapis,
3267 2003 3602 2070 pertranseat
3638 1997 3834 2070 populus

471 2107 670 2159 tamen
702 2100 902 2158 fortior
931 2098 1347 2173 superveniens
1377 2097 1564 2172 spolia
1589 2097 1833 2154 abstulit
1853 2098 2116 2172 (Luam).

2441 2090 2586 2150 tuus,
2619 2085 2847 2140 Domine
2877 2101 2890 2140 :

473 2193 540 2248 10
614 2190 923 2262 Evaginabo
948 2188 1196 2261 gladium
1221 2204 1404 2243 meum
1432 2205 1452 2244 ε
2371 2176 2553 2262 Donec
2574 2180 2916 2244 pertranseat
2938 2174 3172 2246 populus
3210 2181 3338 2231 tuus
3369 2176 3468 2231 iste
3502 2191 3651 2248 quem
3687 2189 3833 2246 posse-

611 2261 902 2349 Interﬁciet
929 2293 1016 2334 eos
1043 2293 1241 2332 manus
1265 2291 1404 2332 mea.
2438 2261 2588 2318 disti.

540 2366 872 2440 Evaginabo
901 2364 1161 2440 gladium
1193 2380 1412 2431 meum,
1445 2362 1504 2418 id
1534 2366 1623 2419 est
1650 2362 1900 2436 gladios,
1921 2368 1975 2420 et
2001 2381 2117 2421 ma-

2262 2438 2271 2440 ;
2297 2349 2464 2407 Fiant
2493 2350 2827 2408 immobiles
2855 2368 2870 2408 :
2897 2355 3059 2424 optat
3088 2351 3177 2409 vel
3209 2353 3568 2426 pronuntiat,
3598 2353 3738 2426 quod
3764 2369 3833 2407 re-

469 2473 606 2521 nus,
638 2438 698 2511 id
727 2458 819 2512 est
850 2438 1110 2528 potentia
1141 2469 1272 2508 mea
1306 2451 1393 2508 vel
1443 2451 1757 2508 multitudo
1807 2452 2115 2522 exercitus,
2227 2438 2432 2496 Sistel‘e
2459 2457 2575 2496 non
2605 2439 2835 2497 valeant
2881 2441 2981 2496 Dei
3031 2441 3272 2514 popuIO,
3308 2441 3393 2498 illi
3441 2441 3696 2515 superius
3727 2441 3830 2513 jam

467 2543 776 2601 interﬁciat
802 2559 923 2599 eos.
956 2541 1041 2598 Ita
1069 2540 1209 2596 dicit
1231 2543 1288 2596 et
1316 2539 1606 2596 diabolus.
1638 2539 1970 2614 Evaginabo
1999 2540 2120 2614 gla-
2227 2529 2512 2586 ῐιοῐῐιίῐιᾶιί
2552 2529 2772 2602 ΡοΡιιΙί-
2806 2529 2850 2586 Ο
2874 2528 2975 2586 Vel
3027 2531 3278 2604 mystice
3323 2531 3509 2588 Judaei
3555 2531 3680 2587 facti
3721 2532 3835 2585 sunt

470 2631 658 2698 dium,
693 2629 752 2686 id
775 2633 884 2695 est,
916 2627 1176 2702 aperiam
1206 2643 1410 2684 omnes
1441 2625 1680 2684 fallendi
1713 2629 2000 2693 modos,et
2026 2629 2117 2686 in-
2224 2617 2561 2676 immobiles
2591 2618 2664 2674 ad
2691 2617 2906 2674 Christi
2945 2619 3120 2674 fidem
3155 2636 3169 2674 :
3198 2620 3392 2678 donec
3438 2623 3768 2692 pertranseat
3789 2623 3834 2674 et

467 2719 715 2778 terﬁciet
741 2735 841 2776 eos
870 2716 1253 2792 spiritualitcr
1281 2733 1494 2774 manus
1525 2733 1675 2773 mea.
2224 2707 2422 2764 veniat
2450 2707 2521 2764 ad
2553 2707 2729 2763 ﬁdem
2756 2707 2948 2764 omnis
2978 2706 3239 2781 populus
3267 2710 3724 2782 gentium,quem
3750 2712 3835 2763 Do-

433 2895 436 2898 ,
469 2826 527 2884 il
609 2827 786 2884 Flavit
805 2826 1035 2899 spiritus
1055 2829 1181 2880 tuus
1207 2831 1260 2881 et
1286 2825 1502 2897 operuit
1531 2841 1618 2880 eos
1640 2840 1795 2880 mare
1827 2841 1840 2880 :
2223 2796 2738 2899 Ein‘1_3_P°?3idet'
2861 2890 2870 2899 ι
2952 2887 2965 2899 _
3053 2895 3062 2899 Α
3107 2889 3162 2899 Η
3199 2815 3246 2899 ἐ
3463 2897 3471 2899 _
3549 2889 3563 2899 _
3785 2886 3814 2899 ﬂ

607 2885 887 2973 Submersi
911 2917 1043 2972 sunt
1071 2915 1232 2988 quasi
1253 2885 1542 2986 plumbum
1569 2915 1632 2970 in
1659 2914 1820 2986 aquis
1838 2913 2116 2971 vehemen-
2223 2888 2296 2942 20
2366 2885 2678 2988 ’πένοάαεεδ
2707 2902 2794 2944 δοες
2823 2890 2881 2942 οι
2903 2887 3187 2961 Planta“:
3219 2891 3286 2945 ίη
3323 2897 3502 2946 monte
3541 2886 3834 2946 Ιιόενοάὶιαιίε

715 3005 826 3034 τι...
1077 2984 1093 2988 v
1253 2984 1269 2986 _
1705 2984 1718 2986 ἡ
2439 2984 2552 3034 tum
2580 2993 2601 3032 .'

715 3007 726 3018 '
2439 3005 2551 3034 tua:
2580 3005 2600 3032 ξ

536 3005 993 3168 ΡΙενξξὺᾷξτὶιυε
1014 3095 1156 3150 tuus
1175 3109 1189 3148 :
1208 3091 1416 3209 apiritu
1442 3089 1598 3147 enim
1624 3091 1984 3150 fortitudinis
2005 3097 2116 3150 tuae
2365 3064 2708 3209 ςηῖῖιῗίδδίωθ
2735 3063 3048 3122 habitacula
3073 3073 3167 3122 “‘0
3205 3067 3354 3138 quod
3399 3073 3641 3140 ορθναίαδ
3666 3080 3731 3130 θεν
3757 3063 3835 3118 ⁰⁰⁴

539 3181 756 3209 1...---2
784 3186 920 3209 -.υ-ι
975 3181 1149 3209 n..-..:
1181 3198 1213 3209 ..ιι
1245 3181 1488 3209 “mlunt...
1527 3197 1540 3209 .
1575 3179 1854 3209 ηη-ειιζι..-
1885 3183 1952 3209 ..Δ
1986 3201 2076 3209 κ.-
2515 3191 2532 3208 ο

464 3181 758 3242 submersi
784 3186 943 3240 sunt.
975 3181 1152 3250 Quasi
1180 3179 1491 3254 plumbum
1527 3197 1540 3236 :
1575 3179 1855 3238 ﬂexibiles
1883 3183 1954 3239 ad
1986 3201 2114 3239 ma-

463 3271 612 3342 lum,
661 3275 722 3329 et
765 3271 988 3345 gravati
1029 3289 1063 3327 a
1092 3269 1338 3337 malitia,
1373 3286 1445 3326 ne
1497 3269 1727 3342 possint
1770 3271 1844 3327 ad
1890 3272 2114 3331 bonum

465 3361 724 3419 animam
755 3360 997 3417 elevare.

471 3469 539 3524 12
613 3469 746 3537 Quis
773 3468 975 3524 similis
1004 3467 1090 3523 tui
1118 3467 1179 3522 in
1204 3467 1461 3539 fortibus,
1489 3467 1732 3534 Domine,
1765 3469 1888 3542 quis
1913 3471 2117 3528 similis

683 3557 768 3612 tui
783 3559 810 3611 ἵ
835 3556 1162 3627 magniﬁcus
1193 3557 1253 3611 in
1279 3557 1571 3612 sanctitate
1603 3571 1617 3610 :

615 3644 894 3702 Terribilis
922 3652 1083 3718 atque
1111 3643 1407 3700 laudabilis
1433 3651 1485 3700 et
1511 3646 1721 3717 faciens
1740 3648 2042 3704 mirabilia.

541 3733 685 3800 Quis
717 3732 930 3790 similis
959 3732 1090 3789 tui?
1119 3749 1334 3806 magna
1364 3733 1752 3806 faciens(quia
1774 3740 2012 3792 sanctus
2033 3741 2117 3807 es)

469 3821 750 3881 terribilis
779 3822 1157 3894 (judicando),
1191 3825 1365 3894 atque
1403 3819 1716 3878 laudabilis
1745 3824 2117 3891 (dimittendo

470 3915 708 3987 peccata
726 3908 1250 3986 paenitentibus),et
1267 3909 1488 3968 faciens
1510 3911 1840 3970 mirabilia:
1869 3913 1925 3970 in
1949 3933 2119 3974 cruce

470 4005 529 4062 et
557 4001 617 4058 in
648 4004 1017 4074 peccatorum
1048 3997 1443 4057 conversione.

476 4093 540 4150 t3
612 4089 919 4147 Extendisti
943 4106 1172 4148 manum
1201 4096 1368 4147 tuam.

2144 3216 2189 3285 (ἶ
2299 3241 2640 3299 lntrod‘uces
2663 3241 2849 3310 eos,in
2871 3247 3085 3300 terram
3117 3245 3476 3316 promissam
3501 3247 3592 3302 :et
3615 3241 3832 3300 introdu-

2225 3335 2316 3387 cet
2343 3330 2522 3386 etiam
2550 3330 2834 3388 Dominus
2864 3335 3098 3389 sanctos
3123 3348 3270 3390 suos
3292 3333 3354 3389 in
3376 3332 3652 3390 ccelestem
3672 3331 3834 3388 Hieru-

2225 3419 2431 3486 salem,
2463 3423 2522 3476 et
2567 3417 2856 3492 plantabit
2915 3420 2974 3476 in
3029 3425 3346 3491 aeternum,
3377 3423 3437 3479 id
3483 3425 3585 3489 est,
3631 3417 3832 3476 feliciter

2221 3507 2412 3566 vivere
2443 3507 2634 3564 faciet.
2665 3509 2730 3564 In
2763 3513 2982 3580 monte,
3012 3509 3242 3567 scilicet
3269 3511 3430 3580 Sion,
3455 3527 3487 3567 e
3511 3505 3831 3566 ﬁrmisssimo

2226 3595 2697 3664 habitaculo,hoc
2723 3601 2814 3654 est
2841 3597 3228 3656 Hierusalem.
3264 3598 3646 3674 Spiritualitcr
3671 3599 3829 3652 autem

2225 3685 2386 3754 Sion,
2410 3685 2962 3759 contemplationem
2986 3686 3287 3744 caelestem
3313 3707 3327 3746 :
3354 3687 3736 3746 firmissimum
3753 3683 3832 3738 ha-

2226 3773 2941 3842 bitaculum,Hierusalem
2974 3775 3270 3834 caelestem
3303 3778 3496 3850 (cujus
3516 3777 3651 3832 fines
3667 3769 3830 3830 Domi-

2228 3881 2342 3922 nus
2367 3880 2570 3936 pacem
2600 3862 2948 3920 mternaliter
2977 3865 3209 3922 firmam
3248 3867 3447 3940 posuit
3477 3865 3636 3938 (Psal.
3663 3857 3828 3929 cum)

2227 3952 2541 4028 significat,
2574 3951 2673 4008 ubi
2701 3951 2865 4010 nulla
2893 3952 3208 4012 infirmitas
3237 3972 3370 4013 esse
3401 3959 3603 4030 potest.

2191 4043 2291 4112 ,21
2368 4043 2762 4100 Sanctuarium
2807 4049 2980 4112 tuum,
3028 4045 3289 4114 Domine,
3337 4045 3478 4118 quod
3521 4039 3832 4116 ﬁrmaverunt

2438 4146 2641 4187 manus
2671 4135 2804 4189 tum.

2368 4221 2635 4278 Dominus
2663 4221 2913 4293 regnavit
2941 4221 3001 4276 in
3029 4229 3308 4280 aeternum
3335 4231 3389 4280 et
3410 4223 3572 4279 ultra.

2299 4309 2344 4366 Ο
2375 4309 2788 4366 Sanctuarium
2840 4313 3060 4367 tuum:
3109 4309 3222 4366 hoc
3277 4315 3370 4369 est
3426 4302 3831 4368 sanctimoniam

2228 4401 2543 4470 assumptis
2565 4397 2790 4454 carnis:
2813 4398 2966 4470 quod
2990 4415 3105 4456 non
3130 4415 3314 4456 manu
3337 4399 3632 4456 hominum
3651 4395 3830 4451 factum

2227 4491 2338 4557 est,
2371 4487 2472 4544 sed
2505 4486 2782 4544 manibus
2808 4485 2908 4544 Dei
2938 4490 3233 4560 paratum.
3270 4487 3553 4546 Dominus
3574 4478 3828 4558 regnavit:

2147 4589 2197 4656 Β
2225 4578 2433 4650 regnat
2448 4579 2520 4662 iet
2561 4573 2830 4648 regnabit
2877 4575 2936 4631 in
2985 4574 3270 4662 saeculum
3317 4581 3376 4634 et
3420 4575 3546 4635 sine
3584 4561 3832 4662 terminali

2227 4665 2364 4722 ﬁne.
2395 4661 2622 4719 Aliter:
2655 4663 2727 4720 Et
2764 4663 3032 4736 regnabit
3076 4661 3138 4719 in
3186 4669 3405 4722 aeterno
3449 4668 3506 4722 et
3550 4659 3692 4719 ultra
3735 4673 3748 4713 :
3793 4659 3832 4708 si

611 4180 678 4236 Et
707 4177 985 4236 devoravit
1009 4195 1098 4236 eos
1126 4185 1295 4235 terra.

501 4320 518 4329 -
541 4267 864 4326 Extendisti
893 4266 1232 4336 manum,id
1263 4272 1352 4326 est
1379 4267 1651 4326 virtutem
1684 4273 1930 4333 tuam.et
1953 4273 2120 4330 devo-

471 4357 619 4415 ravit
645 4374 746 4414 eos
768 4361 946 4426 terra,
976 4357 1036 4414 id
1066 4361 1157 4413 est
1179 4373 1357 4414 arena
1383 4357 1472 4414 vel
1511 4362 1747 4430 peccata
1792 4363 2041 4418 terrena.
2075 4363 2120 4419 Ο

469 4446 574 4504 Vel
597 4455 758 4504 terra
779 4447 1152 4514 devorantur,
1185 4446 1284 4519 qui
1327 4462 1560 4520 semper
1607 4450 1837 4505 terrena
1875 4449 2117 4521 faciunt,

472 4535 544 4592 de
575 4539 732 4592 terra
760 4533 1104 4608 loquuntur,
1131 4532 1383 4607 litigant,
1414 4539 1632 4591 terram
1675 4536 2032 4606 desiderant,
2063 4543 2122 4595 et

471 4621 716 4682 luxurias
737 4621 938 4689 dediti,
967 4621 1323 4694 voluptatem
1359 4628 1628 4696 quaerunt
1657 4627 1937 4699 corporis.

475 4733 542 4790 M
613 4733 742 4790 Dux
765 4731 932 4804 fuisti
959 4731 1020 4786 in
1047 4729 1428 4786 misericordia
1455 4738 1552 4786 tua
1584 4749 1597 4788 :

2230 4751 2373 4825 quid
2401 4755 2614 4808 mterno
2645 4729 2893 4809 ulterius
2923 4754 3031 4809 est.

611 4821 820 4894 Populo
848 4835 1010 4911 quem
1031 4817 1330 4876 redemisti.

2227 4817 2300 4896 2-2
2369 4841 2647 4911 Ingressus
2672 4849 2751 4898 est
2776 4841 2927 4898 enim
2953 4840 3176 4898 Pharao
3203 4858 3332 4898 cum
3375 4840 3620 4899 curribus
3658 4834 3762 4908 ejus
3785 4830 3832 4885 in

541 4909 627 4968 lbi
655 4911 774 4967 dux
805 4907 967 4966 fuisti
996 4908 1068 4966 ad
1099 4911 1314 4966 terram
1363 4909 1737 4982 promissam,
1769 4909 1866 4968 hic
1905 4913 1977 4970 ad
2007 4930 2122 4971 σω·
2437 4907 2595 4988 ξπανε
2623 4947 2643 4986 ε

470 4997 680 5056 lestem
703 4997 1066 5056 Hierusalem
1097 4997 1434 5073 redemptis.
2371 5020 2436 5076 Ει
2461 5019 2684 5076 reduxi;
2704 5035 2870 5092 δαρεν
2895 5034 2983 5077 eo;
3015 5022 3283 5078 υωηίηω
3309 5036 3480 5094 aqua;
3505 5017 3683 5075 maris.

479 5105 549 5162 15
623 5107 689 5162 Et
709 5107 943 5179 portasti
967 5121 1095 5161 eum
1124 5107 1183 5162 in
1211 5105 1540 5177 fortitudine
1569 5109 1664 5162 tua
1697 5123 1710 5161 :
2300 5107 2367 5164 Ο.
2402 5109 2712 5182 Ingressus
2741 5091 2900 5165 enim
2925 5091 3829 5181 :spiritualiter‘accipiendo:Qlli

613 5193 692 5250 Ad
720 5193 1100 5250 habitaculum
1126 5201 1376 5250 sanctum
1407 5201 1583 5250 tuum.
2227 5197 2532 5271 Egyptius
2561 5201 2670 5266 est,
2703 5201 2762 5254 et
2807 5191 3074 5271 seZIuitur
3119 5197 3502 5265 Pharaonem,
3529 5195 3586 5251 id
3627 5193 3706 5249 est
3729 5184 3829 5242 dia-

543 5283 613 5338 Et
641 5281 888 5355 portasti
917 5299 1053 5338 eum
1080 5283 1305 5352 tunc,id
1328 5283 1570 5351 est,sine
1601 5284 1731 5356 ejus
1759 5283 1955 5342 labore
1983 5302 2119 5344 eum
2230 5285 2452 5356 bolum,
2485 5286 2583 5342 ille
2607 5286 2882 5343 vitiorum
2914 5287 3201 5360 mergitur
3231 5287 3520 5344 fluctibus.

471 5371 753 5430 advenisti
787 5389 800 5428 :
837 5369 936 5426 ubi
989 5371 1454 5439 tabernaculum,
1485 5378 1543 5428 et
1588 5379 1791 5446 postea
1835 5375 2120 5448 templum
2227 5375 2300 5431 23
2371 5377 2506 5432 Filii
2533 5383 2716 5432 autem
2743 5377 2914 5434 Israel
2942 5377 3370 5434 ambulaverunt
3390 5392 3490 5449 per
3515 5373 3744 5429 siccum:

470 5460 729 5516 videret:
761 5458 916 5514 sicut
944 5463 1179 5515 sanctos
1210 5459 1269 5514 in
1301 5459 1636 5531 paradisum
1670 5479 1826 5520 nunc
1855 5462 2121 5521 introdu-
2371 5465 2434 5522 In
2463 5465 2640 5522 medio
2671 5467 2863 5522 maris.
3532 5471 3536 5474 ’

473 5546 687 5615 cis,ubi
715 5546 1119 5608 habitaculum
1141 5553 1410 5606 sanctum
1437 5553 1606 5608 tuum
1627 5555 1911 5610 aeternum
1926 5552 2124 5611 vident
2301 5553 2346 5610 Ο
2373 5553 2499 5610 Filii
2546 5557 2746 5612 autem
2776 5553 2952 5611 Israel
2977 5572 2990 5611 :
3025 5555 3290 5628 mystice,
3325 5553 3382 5610 id
3413 5555 3502 5609 est
3545 5545 3640 5622 qui

471 5637 535 5694 in
564 5638 868 5694 atomum.
2229 5645 2328 5700 tur
2355 5642 2674 5715 Christum,
2705 5647 2764 5702 et
2807 5644 2962 5701 sicut
3008 5627 3108 5702 ille
3155 5641 3509 5710 ambulabat,
3535 5639 3614 5694 ita
3654 5635 3706 5690 et
3728 5627 3832 5700 ip”
