3986 6164
263 276 346 340 541

1338 262 1963 329 COMMENTARIUS
2006 259 2086 324 IN
2129 259 2483 325 CANTICA.

3489 265 3609 331 διε

259 403 473 468 ambulat
500 418 513 459 :
547 417 710 476 aquas
753 404 813 459 et
860 416 1066 481 murus
1108 398 1260 456 fiunt
1305 397 1540 456 dextera
1568 396 1845 469 laevaque.
1878 395 1933 463 Α
1958 397 1992 451 8
2100 394 2422 466 Egredietur
2445 394 2694 452 diabolus
2721 401 2847 453 ante
2873 395 3030 470 pedes
3056 397 3177 473 ejus
3210 415 3223 455 :

261 501 361 572 Ipse
386 498 560 551 autem
582 492 777 548 media
804 490 899 546 via
928 489 1145 547 incedit
1164 506 1268 562 per
1297 488 1852 560 siccum,usquequo

258 591 392 645 exeat
410 584 473 640 ad
500 581 848 648 libertatem,
881 585 938 637 et
965 579 1251 652 hymnum
1282 576 1534 633 victoriae
1566 579 1738 631 canat
1765 575 1851 629 di-

259 675 703 733 censzmntemus
726 667 1243 742 Domino,gloriose
1264 665 1418 723 enim
1443 664 1854 738 magniﬁcatus

256 770 345 828 est,
372 777 569 834 equum
596 765 653 816 ét
684 750 1053 814 ascensorem
1103 757 1312 828 dejecit
1363 754 1421 811 in
1459 771 1617 810 mare
1651 770 1664 811 :
1698 753 1854 826 quod

258 853 346 911 erit
368 855 476 907 tum
505 853 637 923 post
665 851 911 904 mortem
941 845 1141 902 anima
1161 845 1336 902 ccclos
1364 842 1622 919 gloriosa
1663 842 1857 915 ingre-

254 942 402 997 ditur.

311 1044 548 1103 ORATIO
613 1040 1387 1173 ΗΑΒΑΟΙῈΜΕῙΞῚἮΞΗΕΤΑΕ
1452 1039 1593 1096 PRO
1658 1036 1858 1093 113Νο-

841 1220 1116 1259 CAPITULO
1153 1220 1236 1259 Ill.

253 1300 271 1354 1
366 1297 599 1361 Domine,
628 1295 823 1351 audivi
850 1293 1190 1350 auditionem
1219 1301 1373 1349 tuam
1405 1311 1424 1346 :

367 1387 425 1441 Et
453 1386 638 1441 timui.

306 1472 748 1542 Domine,audivi
766 1490 778 1529 ε
797 1470 1348 1544 Omnia(discipulis
1366 1468 1557 1543 inquit
1575 1468 1861 1540 Salvator)

249 1582 353 1638 qua:
375 1562 561 1619 audivi
592 1580 627 1617 a
658 1563 825 1618 Patre
855 1560 1197 1618 annuntiavi
1247 1560 1412 1616 vobis
1442 1561 1621 1632 (Joan.
1655 1558 1767 1631 xv),
1802 1558 1860 1614 id

249 1659 336 1719 est,
366 1653 641 1726 probrosa
669 1651 1031 1723 adversaque
1063 1665 1236 1705 carne
1261 1652 1567 1721 assumpta
1604 1664 1707 1720 pro
1752 1646 1863 1702 hu-

2104 485 2266 540 Stetit
2292 492 2344 540 et
2362 501 2582 542 mensus
2610 494 2689 541 est
2716 494 2941 544 terram.

2031 573 2375 648 Egredietur
2405 590 2417 628 :
2452 579 2699 631 exeunte
2728 576 2884 632 enim
2914 578 3162 635 Domino
3192 581 3264 637 de
3303 581 3473 654 aquis
3504 581 3612 638 ba-

1963 664 2240 731 tismatis,
2274 663 2526 720 occurrit
2574 682 2753 730 mors,
2780 666 2840 721 id
2894 670 2983 724 est
3027 668 3339 727 diabolus:
3373 674 3431 727 et
3477 676 3613 728 ante

1964 753 2141 825 pedes
2171 754 2300 825 ejus
2329 754 2598 811 veniebat
2622 754 2860 811 coluber
2887 757 3474 831 antiquus,quoniam
3492 764 3615 817 ten-

1963 842 2116 898 tavit
2137 858 2273 898 eum
2303 842 2362 898 in
2391 844 2620 900 deserto
2650 846 2860 919 (Matth.
2892 847 2991 919 ιν).

1963 928 1999 982 9
2106 930 2329 1000 Aspexit
2358 937 2410 985 et
2434 930 2680 989 dissolvit
2705 938 2888 1005 gentes
2922 951 2935 991 :

2108 1019 2173 1074 Et
2202 1022 2425 1076 contriti
2450 1030 2578 1077 sunt
2603 1031 2811 1079 montes
2838 1026 3050 1081 saeculi.

2038 1109 2279 1181 Aspexit
2306 1114 2363 1165 et
2388 1110 2676 1168 dissolvit.
2708 1113 2884 1169 Stans
2911 1113 3194 1184 Salvator,
3224 1120 3282 1174 et
3311 1116 3478 1174 oculo
3508 1134 3617 1176 suo

1971 1205 2172 1257 cuecta
2192 1200 2647 1273 prospiciens,et
2675 1202 2894 1259 intuitu
2919 1220 3026 1260 suo
3069 1206 3408 1263 universum
3441 1223 3616 1264 mun-

1971 1292 2115 1347 dum
2162 1290 2434 1358 metiens,
2467 1290 2729 1363 gentium
2780 1291 3184 1350 infidelitatem
3222 1295 3552 1369 dissipavit,
3582 1313 3617 1353 a

1970 1380 2271 1453 glacieque
2301 1397 2410 1436 sua
2452 1378 2687 1436 resolvit
2731 1387 2936 1438 eorum
2983 1383 3159 1439 corda
3192 1401 3206 1439 :
3240 1388 3297 1440 et
3323 1385 3618 1443 daemones

1972 1474 2026 1526 et
2056 1470 2340 1542 superbos
2370 1468 2491 1541 (qui
2523 1473 2752 1527 montes
2781 1469 3058 1527 dicuntur
3085 1472 3303 1545 saeculi)
3326 1474 3615 1531 contrivit.

1975 1560 2043 1615 10
2116 1559 2392 1615 lncurvati
2419 1567 2547 1615 sunt
2568 1560 2731 1616 colles
2757 1561 2956 1616 mundi
2987 1577 2999 1617 :
3574 1550 3579 1553 ⁴

2113 1650 2191 1705 Ab
2221 1650 2514 1705 itineribus
2536 1652 2869 1707 aeternitatis
2897 1650 3035 1723 ejus.

247 1758 391 1798 mane
417 1757 625 1815 genere
653 1739 885 1813 patior:
913 1744 971 1795 et
1017 1742 1167 1812 post,
1200 1738 1351 1794 victa
1390 1741 1596 1803 morte,
1631 1737 1861 1832 intrabo
1899 1768 1944 1832 Β
2046 1738 2333 1794 Incurvati
2362 1742 2503 1794 sunt
2532 1737 2729 1807 colles,
2764 1739 2823 1794 id
2864 1744 2971 1809 est,
3006 1740 3245 1814 superbi
3294 1758 3397 1814 per
3438 1741 3620 1814 ι)ωηί-

246 1832 294 1887 ἱη
318 1830 549 1904 gloriam
583 1845 800 1886 meam.
819 1830 976 1884 Hanc
1001 1826 1360 1884 auditionem
1394 1827 1675 1899 prephcta
1704 1823 1864 1880 audi-

244 1919 311 1975 vit
333 1919 384 1975 in
413 1918 647 1992 spiritu,
680 1922 739 1974 et
766 1916 983 1974 timuit.

244 2011 274 2063 2
363 2009 607 2075 Domine,
640 2023 773 2080 opus
801 2014 956 2063 tuum
989 2023 1001 2063 :

360 2099 415 2153 In
446 2098 629 2153 medio
658 2112 932 2152 annorum
958 2096 1175 2167 vivi/ica
1203 2096 1365 2151 illud.

299 2186 545 2255 Domine,
582 2203 734 2259 opus
764 2186 1068 2241 tuum.Ait
1096 2202 1262 2258 ergo;
1286 2186 1584 2258 deprecor,
1600 2184 1865 2252 Domine,

241 2279 293 2329 ut
318 2276 458 2348 quod
490 2274 823 2348 promisisti
856 2274 1127 2347 explices,
1153 2274 1317 2330 finito
1344 2290 1576 2347 quoque
1606 2277 1867 2346 tempore

247 2365 428 2420 reddas
454 2362 761 2421 Christum
790 2367 959 2419 tuum
995 2382 1007 2419 :
1040 2367 1097 2419 et
1119 2380 1268 2436 opus
1298 2364 1451 2436 quod
1486 2362 1782 2435 pollicitus
1805 2380 1866 2419 es

243 2452 456 2520 vivifica,
491 2453 608 2509 hoc
635 2458 743 2519 est,
776 2456 945 2508 tuum
975 2452 1154 2524 imple
1183 2452 1560 2525 promissum.

242 2543 271 2596 3
361 2543 417 2598 In
444 2542 629 2599 medio
657 2558 930 2598 annorum
956 2546 1147 2597 notum
1174 2543 1341 2613 facies
1368 2558 1382 2596 :

360 2631 488 2686 Cum
518 2633 701 2687 iratus
726 2632 922 2703 fueris.
948 2632 1342 2689 misericordiae
1370 2632 1757 2689 recordaberis.

299 2719 353 2774 ln
383 2720 578 2777 medio
610 2736 921 2776 annorum.
972 2719 1118 2776 Cum
1165 2721 1408 2785 venerit,
1442 2721 1655 2794 inquit,
1689 2720 1869 2794 pleni-

239 2808 357 2864 tudo
380 2808 688 2883 temporis,
720 2813 777 2865 et
804 2826 977 2882 opere
1007 2808 1297 2881 promissa
1344 2809 1678 2883 impleveris
1727 2810 1864 2883 (Gal.

236 2900 337 2966 Iv):
364 2897 728 2955 monstrabis
744 2915 877 2954 vera
897 2914 1026 2953 esse
1061 2914 1187 2970 quae
1204 2914 1267 2954 es
1297 2897 1618 2971 pollicitus;
1647 2902 1704 2955 et
1732 2916 1867 2955 cum

236 2987 598 3057 poematibus
628 2986 797 3043 nobis
828 2987 1012 3043 iratus
1033 2986 1641 3058 fueris,pcenitentiam
1670 2993 1868 3045 tamen

234 3076 541 3147 agentibus,
577 3075 990 3132 misericordiae
1022 3080 1132 3131 tua:
1165 3076 1582 3133 recordaberis.

235 3162 263 3217 4
357 3171 488 3222 Deus
513 3165 593 3221 ab
622 3164 813 3221 Austro
841 3166 1019 3221 veniet
1049 3183 1066 3218 :

358 3258 421 3311 Et
447 3262 677 3310 sanctus
703 3254 769 3311 de
794 3260 973 3310 monte
1000 3254 1244 3311 Pharon.
1277 3255 1615 3327 Diapsalma.

295 3342 438 3399 Deus
465 3345 543 3400 ab
573 3345 786 3399 Austro
811 3361 824 3399 :
850 3343 1097 3412 Pharan,
1122 3342 1284 3400 locus
1314 3348 1404 3400 est
1429 3344 1657 3400 vicinus
1688 3345 1864 3401 Sina:

234 3429 283 3485 in
308 3447 417 3502 quo
442 3433 577 3507 ipse
607 3431 889 3488 Dominus
918 3431 1105 3505 legem
1153 3433 1333 3500 dedit,
1368 3432 1467 3506 qui
1516 3435 1587 3489 de
1633 3433 1870 3507 Virgine

235 3520 372 3575 nasci
403 3521 691 3596 dignatus
719 3527 809 3576 est
838 3521 897 3577 in
931 3521 1222 3578 Bethleem
1253 3541 1265 3579 :
1296 3527 1353 3579 et
1382 3523 1515 3579 inde
1545 3524 1617 3579 ab
1656 3526 1869 3581 Austro

228 3608 949 3683 veniens,Hierosolymam
971 3628 1004 3667 a
1024 3612 1367 3683 parentibus
1384 3613 1596 3668 ductus
1613 3618 1703 3670 est
1718 3615 1866 3687 (Luc.

231 3698 304 3767 ιι),
334 3702 395 3754 ut
416 3716 523 3772 pro
551 3715 622 3755 eo
647 3699 840 3755 hostia
867 3700 1189 3757 secundum
1217 3699 1401 3774 legem
1433 3702 1689 3758 daretur.

227 3786 258 3839 5
354 3787 591 3860 Operuit
615 3789 773 3844 caelos
802 3789 984 3858 gloria
1010 3789 1128 3860 ejus
1157 3807 1176 3845 :

353 3877 417 3932 Et
447 3876 641 3933 laudis
668 3878 785 3948 ejus
805 3878 971 3949 plena
1000 3885 1079 3934 est
1110 3882 1276 3934 terra.

287 3963 525 4037 Operuit
556 3964 734 4022 omlos
765 3965 822 4021 in
855 3967 1111 4022 adventu
1155 3968 1309 4023 enim
1358 3968 1675 4025 Salvatoris
1727 3986 1869 4026 cun-

230 4054 310 4107 cta
337 4053 563 4127 repleta
595 4058 735 4110 sunt
762 4054 968 4127 gloria,
1001 4059 1064 4110 ut
1096 4055 1152 4111 in
1202 4056 1508 4129 Evangelio
1535 4075 1546 4113 :
1585 4057 1782 4114 Gloria
1810 4058 1869 4113 in

228 4140 457 4200 excelsis
498 4144 625 4200 Deo
657 4145 807 4217 (Luc.
841 4144 927 4213 ιι).
969 4144 1037 4200 Et
1083 4143 1222 4200 alibi
1256 4161 1269 4199 :
1305 4145 1547 4201 Domine
1586 4147 1871 4203 Dominus

230 4235 432 4299 noster,
464 4250 655 4307 quam
686 4233 1032 4289 admirabile
1060 4238 1152 4291 est
1180 4252 1393 4291 nomen
1420 4239 1590 4292 tuum
1640 4236 1699 4293 in
1746 4237 1873 4293 uni-

228 4332 381 4376 versa
408 4324 576 4379 terra
606 4322 777 4392 (Psal.
808 4323 954 4394 vm).
988 4323 1054 4378 Et
1085 4340 1321 4379 rursum
1357 4342 1369 4380 :
1403 4328 1468 4380 In
1499 4341 1733 4382 omnem
1761 4330 1873 4383 ter-

228 4422 340 4463 ram
372 4409 555 4467 exivit
581 4428 763 4467 sonus
788 4426 992 4467 eorum
1023 4412 1191 4484 (Psal.
1224 4414 1406 4484 xvm).

224 4495 256 4549 6
352 4497 629 4572 Splendor
658 4500 779 4572 ejus
807 4508 868 4556 ut
899 4500 1000 4556 lux
1025 4502 1130 4557 erit
1159 4519 1179 4557 :

356 4589 585 4645 Cornua
613 4590 676 4645 in
702 4591 961 4646 manibus
987 4591 1122 4663 ejus.

286 4675 579 4748 Splendor
608 4678 736 4750 ejus
767 4695 781 4733 :
817 4679 986 4750 quasi
1029 4678 1137 4748 sol,
1188 4678 1272 4736 sic
1320 4680 1407 4737 sol
1442 4680 1687 4752 justitiaa
1718 4680 1877 4737 clara

222 4758 341 4819 luce
365 4765 648 4823 radiabit.
673 4767 923 4833 Cornua,
947 4766 986 4822 il
1017 4772 1107 4825 est
1133 4768 1341 4826 vexilla
1370 4787 1436 4826 ac
1466 4769 1725 4843 trephaea
1743 4787 1873 4826 cru-

224 4850 320 4921 cis,
351 4854 411 4910 in
443 4855 725 4912 manibus
754 4857 903 4929 ejus.

220 4940 252 4991 7
353 4942 441 4999 lbi
470 4945 794 5001 abscondita
821 4949 903 5001 est
928 4946 1192 5017 fortitudo
1218 4948 1337 5020 ejus
1365 4965 1384 5003 :

354 5032 497 5089 Ante
525 5035 732 5105 faciem
756 5035 874 5107 ejus
904 5036 1007 5091 ibit
1033 5051 1198 5092 mors.

284 5118 397 5191 Ipsi
433 5120 787 5177 abscondita
806 5127 895 5178 est
916 5123 1214 5181 fortitudo.
1241 5125 1303 5180 In
1336 5141 1507 5181 cruce
1532 5126 1876 5183 abscondita

224 5209 305 5259 est
348 5207 638 5266 fortitudo
688 5211 845 5282 ejus;
883 5212 1161 5284 quoniam
1213 5213 1489 5270 dicebat:
1522 5215 1729 5271 Tristis
1787 5219 1878 5272 est

224 5295 415 5352 anima
459 5315 598 5354 mea
626 5317 813 5371 usque
862 5301 933 5356 ad
982 5309 1229 5358 mortem
1257 5304 1455 5374 (Marc.
1488 5304 1625 5376 XIV).
1658 5305 1728 5360 Et
1762 5321 1773 5359 :
1810 5304 1872 5359 In

226 5396 429 5441 manus
462 5390 603 5441 tuas
632 5389 977 5445 commendo
1005 5390 1281 5463 spiritum
1310 5408 1505 5447 meum
1534 5395 1660 5447 Luc.
1684 5392 1871 5463 XXIII).

222 5470 301 5525 Ibi
325 5475 491 5529 enim
524 5474 696 5532 latuit
724 5478 911 5535 virtus
939 5478 1282 5549 divinitatis,
1311 5485 1368 5537 et
1396 5482 1670 5554 apparuit
1712 5480 1874 5536 infir-

225 5558 395 5617 mitas
424 5562 840 5622 humanitatis.

1903 4506 1952 4571 D

1974 1828 2218 1883 tentiam
2241 1826 2534 1883 humiliati
2565 1833 2706 1883 sunt
2737 1844 2750 1882 :
2784 1828 2885 1901 qui
2915 1833 3050 1886 ante
3081 1830 3396 1887 adventum
3424 1831 3620 1888 Salva-

1974 1916 2117 1972 toris
2149 1917 2385 1989 superbi
2417 1920 2602 1983 erant,
2636 1922 2695 1972 et
2726 1934 2761 1973 a
2808 1917 2969 1974 nullo
3020 1919 3170 1975 flecti
3216 1923 3504 1993 poterant.
3535 1922 3621 1977 Ab

1974 2005 2285 2062 itineribus
2307 2004 2646 2061 aeternitatis
2664 2006 2821 2077 ejus:
2840 2022 2942 2079 per
2961 2023 3196 2063 carnem
3218 2007 3375 2065 enim
3398 2025 3626 2066 assum-

1976 2098 2135 2167 ptam
2159 2098 2216 2151 et
2233 2094 2697 2167 praedicationem
2719 2112 2888 2151 suam
2920 2100 2978 2152 et
2997 2096 3444 2170 discipulorum,
3463 2103 3521 2155 et
3541 2097 3625 2154 in-

1976 2184 2245 2241 teriorem
2274 2183 2712 2257 inspirationem
2737 2184 2974 2257 (quibus
2996 2185 3103 2243 viis
3126 2185 3399 2244 divinitas
3420 2188 3493 2243 ad
3517 2204 3624 2244 nos

1973 2273 2167 2330 venire
2183 2273 2423 2345 dignata
2433 2273 2543 2345 est)
2557 2273 2846 2330 humiliati
2867 2279 3075 2331 suntet
3085 2276 3347 2332 conversi
3361 2278 3621 2350 superbi.

1976 2364 2039 2418 11
2118 2369 2226 2419 Pro
2256 2363 2550 2435 iniquitate
2574 2363 2688 2418 vidi
2717 2366 2953 2420 tentoria
2985 2366 3281 2438 Ethiopian
3314 2383 3327 2421 :

2118 2454 2502 2508 Turbabuntur
2523 2454 2692 2526 pelles
2720 2460 2884 2511 terrae
2913 2453 3150 2510 Madian.

2046 2542 2155 2597 Pro
2193 2540 2527 2614 iniquitate,
2562 2542 2618 2597 id
2669 2546 2760 2599 est
2807 2547 3044 2616 prOptcr
3089 2543 3484 2616 iniquitatem.
3517 2545 3626 2611 Qui

1884 2676 1893 2681 .
1975 2630 2262 2703 templum
2290 2629 2391 2687 Dei
2420 2648 2549 2687 esse
2580 2631 2904 2688 debuerant
2932 2650 2945 2689 :
2980 2637 3217 2705 propter
3254 2632 3626 2706 iniquitatem

1976 2718 2251 2785 avaritia,
2282 2718 2526 2775 luxuriae
2556 2723 2614 2776 et
2643 2720 2834 2777 omnis
2865 2720 3122 2786 malitias,
3155 2722 3309 2779 fiunt
3356 2723 3625 2780 taberna-

1976 2806 2177 2863 culum
2221 2807 2580 2880 .Ethiopum,
2613 2809 2671 2865 id
2702 2812 2792 2865 est
2839 2809 3189 2867 daemonum.
3224 2811 3629 2869 Tabernacula

1976 2902 2171 2953 autem
2199 2901 2362 2952 terra:
2396 2897 2626 2952 Madian
2661 2901 2834 2967 atque
2865 2898 3200 2971 Ethiopum
3250 2901 3486 2957 eosdem
3531 2900 3627 2957 in-

1976 2984 2171 3059 tellige
2196 3003 2208 3041 :
2234 2984 2293 3041 bi
2315 2985 2373 3040 in
2398 2986 2715 3042 novissimo
2731 2987 2945 3042 conscii
2970 2992 3337 3059 peccatorum
3358 3005 3623 3062 suorum,

1976 3075 2274 3148 pavebunt
2284 3074 2512 3147 judicio
2542 3079 2601 3131 et
2628 3075 3043 3131 turbabuntur.

1980 3167 2047 3221 12
2118 3163 2378 3237 Nunquid
2408 3165 2469 3219 in
2495 3164 2818 3236 ﬂuminibus
2848 3167 3023 3222 iratus
3050 3182 3123 3235 es,
3146 3168 3375 3224 Domine
3406 3184 3419 3223 :
3447 3175 3546 3226 aut
3565 3170 3622 3226 in

2190 3254 2516 3324 ﬂuminibus
2543 3256 2704 3325 furor
2733 3261 2857 3311 tuus
2888 3271 2901 3310 :

2127 3344 2214 3400 Vel
2245 3345 2305 3400 in
2332 3345 2478 3399 mari
2506 3343 2818 3413 indignatio
2841 3351 2955 3400 tua.

2050 3432 2323 3505 Nunquid
2353 3432 2409 3488 in
2441 3432 2782 3488 fluminibus
2802 3449 2815 3488 :
2836 3432 3148 3489 fluminum
3179 3438 3236 3489 et
3265 3434 3447 3492 maris
3466 3452 3629 3492 voca-

1980 3522 2117 3578 bulo
2149 3522 2324 3577 corda
2343 3522 2752 3594 exprimuntur
2772 3520 3268 3595 infidelium,quaa
3296 3527 3417 3580 toto
3446 3525 3632 3581 inten-

1980 3610 2159 3667 tionis
2192 3610 2414 3683 impetu
2446 3610 2518 3666 ad
2552 3609 2827 3667 inferiora
2874 3610 3205 3683 rapiuntur.
3238 3613 3388 3669 Sunt
3433 3618 3630 3670 autem

1981 3699 2227 3755 ﬂumina
2250 3699 2570 3766 bona,eunt
2598 3703 2654 3755 et
2686 3698 2840 3755 mala
2864 3717 2876 3754 :
2905 3700 3058 3756 unde
3080 3699 3272 3761 littera
3300 3701 3415 3759 ista
3443 3705 3635 3775 potest

1980 3793 2038 3845 et
2065 3789 2178 3845 ista
2207 3788 2583 3860 interrogatio
2608 3787 2958 3844 affirmative
2989 3793 3046 3844 et
3075 3789 3341 3863 negative
3361 3788 3629 3864 intelligi.

1978 3879 2103 3935 Non
2132 3879 2289 3935 enim
2320 3879 2491 3935 bonis
2522 3876 2866 3933 ﬂuminibus
2887 3877 3161 3933 irascitur
3177 3877 3631 3946 Deus,irascitur

1981 3972 2179 4024 autem
2212 3967 2383 4024 malis
2417 3970 2511 4022 :et
2543 3983 2703 4023 mare
2751 3965 3025 4022 similiter
3074 3966 3134 4022 in
3185 3968 3337 4023 bono
3387 3972 3445 4023 et
3475 3967 3630 4024 malo

1981 4055 2163 4129 accipi
2197 4059 2404 4129 potest.
2439 4055 2737 4111 Mundana
2763 4054 2852 4111 vel
2883 4053 3155 4111 haeretica
3199 4054 3533 4127 eloquentia
3575 4059 3635 4111 et

1980 4145 2174 4215 verba,
2208 4142 2430 4200 malum
2458 4143 2677 4199 ﬂumen
2707 4160 2719 4198 :
2754 4142 2857 4198 Dei
2889 4142 3064 4199 verba
3112 4147 3169 4199 et
3216 4141 3546 4215 praedicatio
3574 4147 3633 4199 et

1981 4237 2368 4298 sacramenta,
2400 4231 2622 4288 bonum
2685 4231 2925 4299 ﬂumen,
2974 4229 3035 4287 in
3092 4230 3308 4304 quibus
3364 4233 3633 4303 peccator

1982 4320 2258 4379 abluitur.

1985 4412 2050 4467 l3
2121 4412 2232 4483 Qui
2258 4410 2511 4467 ascendes
2537 4425 2701 4482 super
2726 4424 2887 4482 equos
2918 4416 3033 4466 tuos
3066 4426 3086 4466 :

2123 4503 2189 4557 Et
2217 4500 2505 4573 quadriga
2534 4503 2648 4556 tua?
2672 4499 2925 4555 saluatio.

2051 4590 2156 4655 Qui
2180 4588 2459 4646 ascendas
2488 4604 2666 4661 super
2693 4604 2877 4661 equos
2901 4603 2914 4642 :
2937 4604 3053 4644 non
3076 4586 3133 4643 in
3167 4586 3403 4661 illorum
3433 4588 3629 4656 corda,
3710 4586 3727 4593 "

1984 4680 2200 4753 quibus
2231 4678 2417 4734 iratus
2447 4677 2665 4734 dicitur
2684 4676 2992 4750 superius:
3017 4677 3119 4733 sed
3142 4677 3202 4733 in
3233 4677 3410 4733 corda
3428 4676 3636 4734 electo-

1983 4786 2115 4825 rum
2145 4772 2381 4824 tuorum
2412 4768 2713 4834 ascendas,
2747 4783 2849 4839 per
2888 4766 3384 4822 illumtnationem
3432 4765 3633 4838 gratia;

1984 4863 2095 4914 tum
2119 4857 2204 4931 (ut
2224 4856 2649 4929 apostolorum)
2671 4855 2730 4911 in
2755 4854 2847 4912 his
2868 4854 3139 4911 curribus
3155 4854 3425 4927 equitans
3440 4857 3632 4911 totum

1985 4946 2301 5004 illustravit
2330 4945 2619 5001 mundum
2651 4948 2708 5001 et
2738 4944 3000 5000 salvavit.
3028 4942 3130 4999 Vel
3162 4946 3419 5014 quatuor
3446 4943 3632 4999 Evan-

1985 5035 2135 5109 gelia
2166 5034 2453 5107 quadriga
2479 5037 2618 5089 sunt
2642 5031 2874 5088 salutis.

1981 5126 2050 5181 14
2125 5124 2404 5179 Suscitans
2432 5123 2719 5178 suscitabis
2746 5137 2938 5176 arcum
2968 5127 3123 5177 tuum
3155 5138 3169 5176 :

2123 5216 2446 5270 Juramenta
2472 5212 2725 5267 tribubus
2751 5225 2878 5281 quae
2908 5211 3117 5267 locutus
3136 5226 3209 5266 es.
3225 5210 3559 5283 Diapsatma.

2055 5302 2361 5359 Suscitans
2391 5299 2724 5357 suscitabis.
2741 5302 2953 5355 Arcum
2976 5300 3118 5356 dicit
3138 5299 3519 5372 improvisum
3539 5302 3637 5357 ad-

1984 5391 2315 5457 ventum,in
2348 5406 2463 5461 quo
2497 5405 2675 5462 regna
2705 5388 2907 5444 mundi
2940 5388 3328 5446 examinanda
3350 5389 3631 5461 praevidit.

1988 5480 2086 5537 Vel
2120 5496 2343 5547 arcum,
2378 5494 2607 5533 sacram
2634 5476 2995 5550 Scripturam
3022 5469 3165 5533 dicit
3197 5494 3211 5533 :
3244 5495 3423 5550 quam
3455 5478 3637 5534 susci-

1986 5568 2151 5637 tavit,
2185 5568 2328 5624 dum
2360 5583 2463 5640 per
2487 5583 2617 5623 eam
2652 5566 2711 5622 in
2744 5566 2996 5639 peccatis
3027 5571 3292 5623 mortuos
3340 5566 3632 5630 excitant,
