3986 6164
208 274 303 336 549

203 384 537 475 Deum,quasi
566 402 695 473 ejus
725 401 942 458 auxilio
972 419 1086 458 non
1120 403 1407 475 indigeret
1455 401 1729 474 amplius.

203 521 257 576 24
318 521 755 575 Prouocaverunt
786 535 919 574 eum
948 519 1006 574 in
1032 519 1144 575 diis
1170 518 1374 574 alienis
1408 534 1420 572 :

316 612 378 664 Et
398 607 453 663 in
478 606 994 663 abominationibus
1021 608 1103 663 ad
1134 605 1500 663 iracundiam
1548 606 1799 662 concita-

376 701 588 752 verunt.

254 787 681 842 Provocaverunt
709 785 931 854 eum,id
958 788 1049 842 est
1077 780 1549 841 adiracundiam
1590 786 1648 839 et
1675 782 1799 838 vin-

196 875 379 931 dictam
405 873 613 930 talibus
660 873 821 929 ausis
871 872 1265 929 irritaverunt.
1295 871 1397 928 Ille
1435 887 1671 944 quoque
1701 870 1803 944 qui

194 966 302 1036 post
326 962 674 1035 baptismum
723 962 795 1018 ad
844 961 1236 1018 idololatriam
1288 960 1666 1028 convertitur,
1713 958 1802 1015 vel

193 1052 322 1107 vitiis
347 1050 427 1107 vel
455 1050 728 1124 malignis
757 1050 1063 1124 spiritibus
1094 1067 1222 1107 sese
1249 1047 1801 1122 mancipat,Domini

190 1139 464 1195 vindictam
492 1138 551 1194 in
573 1155 635 1195 se
668 1138 893 1195 incitat.

192 1258 247 1311 25
304 1255 738 1311 Immotaverunt
766 1253 1062 1311 daemoniis
1091 1263 1146 1310 et
1170 1270 1281 1310 non
1312 1258 1431 1311 Deo
1464 1270 1478 1307 :

306 1344 409 1400 Diis
424 1359 560 1416 quos
592 1342 963 1414 ignorabant.

169 1508 175 1513 _
247 1440 696 1513 lmmolaverunt,
727 1441 837 1497 hoc
871 1440 1249 1497 manifestum
1276 1444 1389 1496 est.

187 1549 243 1604 26
301 1549 425 1604 Νοινί
450 1556 794 1620 recentesque
824 1556 1092 1604 venerunt
1125 1565 1138 1604 :

303 1638 430 1705 Quos
456 1653 565 1693 non
595 1638 884 1693 coluerunt
901 1640 1084 1709 patres
1113 1653 1319 1692 eorum.

244 1742 362 1797 Novi
389 1742 849 1815 recentesque,id
882 1746 990 1807 est,
1022 1741 1163 1814 quia
1210 1741 1450 1797 stabiles
1491 1757 1604 1795 non
1636 1741 1804 1794 erant

188 1830 235 1885 in
258 1829 467 1886 cultura
492 1831 803 1903 Dei,quam
838 1848 872 1885 a
903 1831 1170 1903 patribus
1198 1830 1552 1897 didicerunt,
1576 1828 1801 1883 noviter

188 1920 497 1976 accedebant
529 1921 602 1975 ad
637 1921 777 1976 deos
805 1920 1101 1987 colendos,
1134 1935 1282 1993 quos
1335 1935 1450 1974 non
1493 1917 1809 1975 coluerunt

186 2012 345 2081 patres
372 2025 597 2065 eorum.

186 2123 240 2180 ἵ]
301 2128 467 2181 Deum
494 2126 598 2197 qui
626 2132 677 2180 te
706 2125 898 2195 genuit
919 2124 1268 2196 dereliquisti
1298 2143 1315 2178 :

297 2215 353 2269 Et
378 2214 579 2269 oblitus
608 2230 662 2269 es
689 2215 908 2271 Domini
937 2215 1201 2270 creatoris
1231 2214 1333 2268 tui.

240 2319 397 2376 Deum
427 2320 527 2394 qui
559 2324 615 2376 te
646 2320 935 2393 genuit,id
950 2324 1036 2377 est
1050 2320 1149 2393 qui
1166 2324 1222 2376 te
1235 2318 1503 2375 formavit
1525 2322 1591 2373 ut
1615 2333 1794 2373 esses.

186 2409 274 2465 Sed
298 2414 348 2466 et
374 2427 476 2465 nos
506 2408 683 2465 aliter
710 2414 950 2482 generat
980 2426 1085 2482 per
1108 2409 1469 2483 baptismum
1502 2408 1560 2462 in
1590 2422 1798 2461 remis-

186 2497 374 2554 sionem
403 2503 805 2571 peccatorum.

182 2613 237 2665 28
301 2612 435 2683 Vidit
459 2615 735 2670 Dominus
762 2617 815 2669 et
845 2612 916 2668 ad
948 2612 1296 2669 iracundiam
1339 2614 1641 2669 concitatus
1673 2619 1749 2667 est
1782 2628 1795 2666 :

296 2704 430 2773 Quia
451 2710 891 2775 prouocauerunt
915 2719 1040 2758 eum
1066 2703 1175 2774 ﬁlii
1201 2703 1295 2757 sui
1321 2709 1373 2758 et
1397 2702 1555 2773 ﬁliae.

234 2807 372 2864 Vidit
398 2809 689 2866 Dominus
722 2825 895 2881 quem
929 2808 1073 2864 nihil
1105 2808 1286 2865 latere
1316 2812 1527 2881 potest,
1548 2812 1605 2863 et
1625 2807 1802 2863 corri-

185 2897 287 2967 puit
310 2914 401 2954 eos
430 2902 675 2971 propter
712 2903 1016 2970 peccatum
1049 2899 1230 2970 :quia
1274 2913 1410 2953 eum
1465 2912 1802 2970 provocave—

184 2991 296 3042 runt
322 2988 374 3043 in
403 2988 639 3044 cultura
668 2988 931 3057 deorum,
955 3004 1104 3060 quos
1144 2988 1519 3060 adoptaverat
1558 2986 1616 3041 in
1648 2985 1799 3041 ﬁlios

184 3080 228 3130 et
251 3076 300 3131 in
330 3076 494 3134 ﬁlias.

181 3188 238 3243 30
296 3192 578 3249 Generatio
605 3193 754 3248 enim
777 3208 1034 3265 peruersa
1054 3200 1131 3249 est
1167 3209 1180 3247 :

293 3282 353 3335 Et
378 3281 628 3353 inﬁdeles
655 3281 784 3353 pm.

234 3383 289 3441 Et
313 3386 406 3455 ait,
438 3387 805 3444 abscondam
836 3386 966 3459 (hoc
996 3391 1086 3443 est
1114 3387 1460 3443 subtraham
1491 3384 1795 3453 auxilium,

182 3477 225 3526 et
244 3475 613 3532 considerabo
644 3474 963 3532 novisSima
991 3493 1192 3532 eorum
1220 3494 1232 3532 :
1257 3476 1314 3531 id
1347 3479 1435 3531 est
1465 3475 1537 3530 ad
1561 3473 1797 3547 qualem

180 3561 321 3620 tinem
352 3565 716 3638 perveniant.

177 3666 234 3720 29
290 3672 359 3724 Et
382 3674 481 3728 ait.
516 3672 858 3749 Abscondam
884 3673 1081 3744 faciem
1112 3689 1292 3728 meam
1320 3673 1389 3728 ab
1417 3674 1498 3728 eis
1532 3689 1544 3727 :

289 3761 349 3816 Et
371 3760 727 3817 considerabo
750 3762 1047 3817 novissima
1077 3778 1285 3817 eorum.

231 3864 331 3937 Ipsi
360 3884 449 3923 me
476 3872 979 3940 provocaverunt:
1015 3867 1346 3924 Sicutenim
1365 3866 1554 3923 illime
1586 3884 1792 3935 unum,

178 3948 221 4005 in
249 3953 432 4011 multis
463 3955 586 4010 diis
631 3962 1089 4028 provocaverunt
1112 3974 1125 4013 :
1148 3956 1228 4011 ita
1256 3959 1314 4011 et
1356 3973 1462 4029 ego
1493 3972 1794 4012 assumam

178 4041 357 4098 multas
384 4048 680 4116 gentes,et
708 4043 860 4100 hanc
892 4061 1187 4117 respuam.

175 4154 224 4209 31
287 4160 396 4229 Ipsi
418 4176 508 4215 me
534 4167 970 4231 prouocauerunt
996 4161 1057 4216 in
1086 4176 1146 4216 eo
1166 4163 1265 4233 qui
1282 4177 1392 4217 non
1423 4168 1541 4216 erat
1569 4162 1707 4217 Deus
1737 4180 1756 4216 :

290 4246 344 4303 Et
371 4249 740 4304 irritaverant
764 4249 822 4303 in
852 4250 1187 4305 vanitatibus
1212 4252 1344 4306 suis.
1828 4260 1843 4289 '

229 4349 287 4407 Et
305 4369 404 4428 ego
432 4372 538 4412 eos
569 4355 977 4427 provocabo,in
1010 4372 1077 4412 eo
1108 4356 1208 4429 qui
1234 4373 1349 4412 non
1385 4360 1475 4413 est
1505 4356 1789 4430 populus:

176 4452 256 4507 per
280 4458 444 4513 quem
476 4442 768 4518 papulum
800 4444 1094 4518 signiﬁcat
1111 4462 1315 4501 omnes
1338 4450 1695 4520 genteszquae
1718 4447 1791 4503 ad

173 4533 639 4603 comparationem
664 4533 871 4589 Israel:
896 4534 1065 4607 quasi
1084 4553 1197 4591 non
1220 4518 1792 4608 essent,reputaban-
1820 4518 1868 4584 ἶ)

174 4618 280 4672 tur:
307 4619 390 4676 vel
419 4622 559 4695 quia
585 4626 790 4695 gentes
819 4620 976 4678 idola
1006 4622 1282 4690 colentes,
1301 4640 1415 4679 non
1446 4624 1793 4681 dicebantur

174 4705 254 4760 Dei
279 4710 542 4782 populus.
1816 4717 1820 4721 ’

174 4817 229 4873 32
288 4823 347 4878 Et
369 4840 462 4896 ego
489 4826 789 4898 provocabo
817 4843 904 4884 eos
954 4829 1015 4883 in
1043 4844 1104 4884 eo
1132 4830 1230 4900 qui
1264 4845 1373 4885 non
1404 4837 1483 4885 est
1504 4831 1741 4902 populus
1776 4850 1789 4888 :

288 4911 349 4967 Et
377 4915 435 4969 in
467 4922 626 4984 gente
651 4916 827 4972 stulta
864 4917 1097 4973 irritabo
1128 4918 1272 4974 illos.

232 5015 369 5089 Ignis
399 5038 719 5079 succensus
736 5026 857 5080 est:
883 5024 1144 5080 vindicta
1165 5041 1296 5082 mea
1318 5024 1378 5081 in
1404 5025 1514 5082 hoc
1531 5030 1791 5100 tempore

174 5100 397 5179 incipiet,
428 5115 487 5167 et
518 5111 745 5168 ardebit
790 5129 979 5185 usque
1008 5114 1079 5169 ad
1111 5112 1323 5171 inferni
1364 5116 1704 5185 novissima,
1730 5117 1788 5172 id

176 5196 245 5247 est
268 5211 442 5269 usque
473 5199 547 5255 ad
578 5204 853 5256 internum
877 5202 1528 5272 damnationem,Malos
1556 5206 1711 5261 enim
1736 5210 1793 5261 et

175 5277 353 5353 impios
376 5286 659 5346 Dominus
689 5306 1117 5362 nonnunquam
1130 5291 1225 5347 hic
1243 5292 1452 5365 incipit
1470 5293 1786 5367 ﬂagellare,

177 5374 229 5423 ut
250 5373 312 5429 de
338 5377 639 5450 temporali
671 5396 843 5452 paena
873 5380 946 5436 ad
999 5378 1274 5438 aeternam
1314 5387 1618 5439 transeant
1649 5384 1787 5453 (Act.

174 5463 273 5528 XII).
316 5464 406 5521 Sic
444 5466 506 5522 in
551 5466 774 5525 Herode
835 5472 893 5525 et
929 5469 1214 5527 Antiocho
1263 5471 1486 5528 factum
1532 5470 1788 5545 legimus

177 5545 215 5619 (ι
234 5549 385 5611 lactt.
415 5556 562 5630 VIII).

1286 240 1913 333 COMMENTARIUS
1957 269 2035 330 IN
2080 268 2439 334 omnes.

3442 275 3564 337 850

1834 406 1879 470 Α
1916 403 1983 457 34
2058 404 2445 477 Devorabitque
2474 414 2615 462 terra
2645 424 2767 463 cum
2793 410 3037 479 germine
3062 424 3161 465 suo
3192 428 3210 464 :

2057 495 2118 548 Et
2142 496 2412 550 montium
2440 496 2801 567 fundamenta
2832 499 3122 554 conzburet.

1982 581 2406 654 Devorabitque
2441 586 2743 650 terram,id
2772 590 2862 642 est
2890 591 3222 659 peccatores
3262 603 3395 642 cum
3427 603 3562 660 ope-

1910 669 2075 725 ribus
2106 670 2231 726 suis
2260 671 2560 729 devorabit
2592 691 2606 730 :
2639 678 2695 729 et
2725 674 3038 742 montium,
3068 675 3125 729 id
3158 680 3250 731 est
3278 678 3561 749 superbo-

1909 758 2450 832 rum,cogitationes
2480 765 2537 818 et
2557 763 2974 818 conﬁdentiam
3008 763 3288 820 destruet.

1909 847 1982 905 35
2056 847 2400 920 Congregabo
2429 867 2593 923 super
2620 866 2708 907 eos
2735 853 2884 907 mata
2918 868 2931 906 :

2052 938 2118 992 Et
2144 939 2371 1009 sagittas
2398 955 2549 995 meas
2576 941 2849 1012 complebo
2870 942 2929 996 in
2960 942 3059 996 eis.

1982 1027 2392 1105 Congregabo:
2425 1028 2567 1084 Mala
2595 1033 2726 1085 sunt
2763 1046 2967 1102 poenae,
2987 1047 3114 1102 quae
3144 1030 3563 1088 suﬂerentibus

1911 1112 2078 1168 mala:
2110 1114 2510 1182 videntur,sed
2533 1117 2710 1187 justas
2742 1118 2896 1189 apud
2928 1117 3372 1175 inferentem.Et
3389 1120 3565 1193 sagit-

1911 1206 2003 1258 tas
2036 1203 2131 1258 :id
2164 1208 2254 1259 est
2280 1203 2570 1261 vindictas
2599 1207 2894 1262 exercebo.

1910 1292 1982 1345 36
2055 1292 2453 1349 Consumentur
2480 1296 2629 1365 fame
2659 1312 2673 1350 :

2052 1380 2119 1435 Et
2146 1380 2481 1439 devorabunt
2502 1399 2590 1439 eos
2622 1400 2744 1440 aves
2770 1401 2955 1441 morsu
2983 1388 3351 1441 amarissimo.

1982 1468 2418 1527 Consumentur
2450 1489 2463 1526 :
2491 1473 2645 1545 quod
2663 1472 2779 1533 illis
2796 1473 3016 1529 factum
3033 1473 3563 1546 legimus,quorum

1911 1558 2193 1615 cadavera
2220 1558 2485 1617 volucres
2516 1565 2573 1617 et
2602 1561 2803 1618 bestia:
2835 1562 3239 1631 comederunt,
3282 1579 3430 1634 quos
3479 1563 3563 1618 fa-

1912 1662 2038 1702 mes
2067 1663 2133 1702 ac
2145 1647 2378 1720 gladius
2396 1666 2640 1705 consum
2650 1649 3365 1723 pserunt.Consumuntur
3387 1650 3566 1707 etiam

1910 1752 2067 1791 nunc
2097 1741 2449 1808 peccatores,
2476 1738 2628 1794 fame
2658 1740 2819 1795 verbi
2848 1739 2945 1796 Dei
2974 1757 2987 1794 :
3021 1744 3079 1795 et
3107 1740 3462 1795 devorantur
3492 1738 3565 1795 ab

1913 1823 2204 1893 avibus,id
2235 1829 2325 1880 est
2351 1843 2385 1881 a
2415 1826 2691 1900 malignis
2725 1827 3032 1901 spiritibus
3063 1827 3413 1884 lacerantur.

1906 1914 1975 1969 37
2046 1914 2240 1969 Dentes
2270 1914 2567 1971 bestiarum
2595 1917 2891 1973 immittam
2921 1918 2978 1973 in
3010 1933 3100 1973 eos
3130 1935 3149 1972 :

2058 2002 2195 2057 Cum
2220 2002 2418 2076 furore
2446 2005 2784 2062 trahentium
2806 2022 2970 2078 super
3017 2010 3222 2063 terram
3268 2013 3429 2081 atque
3453 2022 3566 2062 ser-

2115 2092 2387 2162 pentiam.

1979 2179 2191 2235 Dentes
2222 2180 2544 2237 bestiarum
2578 2182 2840 2239 :soevitia
2861 2182 3078 2240 diaboli
3100 2184 3434 2240 immitetur
3453 2182 3560 2253 eis,

1908 2267 2010 2340 qui
2042 2284 2141 2324 eos
2173 2268 2232 2325 in
2256 2271 2449 2327 furore
2478 2271 2577 2328 Dei
2609 2273 2803 2328 trahat
2832 2290 3012 2346 super
3040 2273 3355 2341 terram,id
3384 2276 3475 2329 est
3502 2274 3562 2328 in

1910 2357 2226 2414 mundanis
2254 2360 2563 2417 desideriis
2595 2362 2862 2418 subruat.
3502 2354 3509 2359 ⁷

1906 2447 1976 2502 38
2049 2448 2202 2503 Foris
2222 2451 2457 2506 vastabit
2485 2467 2574 2507 eos
2594 2451 2814 2522 gladius
2842 2470 2861 2506 .-

2050 2537 2113 2592 Et
2143 2539 2292 2593 intus
2318 2555 2509 2611 pavor.

1982 2625 2141 2681 Foris
2172 2628 2423 2683 vastabit
2453 2645 2553 2684 eos
2588 2646 2601 2684 :
2636 2629 2775 2702 quia
2806 2647 3008 2703 pinnas
3041 2630 3542 2699 sustinentes,eon

1906 2712 2151 2769 scientia
2179 2715 2415 2788 prOpria
2442 2721 2791 2789 torquentur
2818 2720 2970 2787 (Isai.
3004 2724 3152 2789 LXVI)
3187 2737 3201 2775 :
3236 2718 3390 2776 unde
3406 2719 3570 2775 dici-

1908 2804 2007 2856 tur
2041 2819 2053 2857 :
2091 2803 2250 2875 Ignis
2279 2820 2484 2860 eorum
2516 2822 2630 2861 non
2662 2805 3086 2879 exstinguetur,
3119 2812 3176 2864 et
3218 2808 3435 2865 vermis
3466 2823 3562 2864 eo-

1908 2907 2038 2945 rum
2072 2908 2187 2947 non
2219 2893 2504 2949 morietur
2531 2894 2715 2966 (Marc.
2748 2898 2850 2964 Ix).

1909 2979 1980 3034 39
2051 2982 2315 3037 Juvenem
2340 2982 2510 3038 simul
2539 3000 2603 3039 ac
2632 2986 2903 3055 virginem
2931 3003 2955 3040 :

2050 3071 2358 3125 Lactentem
2389 3087 2511 3126 cum
2537 3072 2756 3129 homine
2780 3088 2928 3129 sene.

1833 3147 1877 3215 C
1983 3157 2262 3214 Juvenem
2294 3159 2493 3229 simul,
2528 3160 2586 3216 id
2635 3166 2724 3218 est
2771 3161 2919 3217 nulli
2961 3162 3311 3219 vindicando
3365 3167 3563 3236 parcet

1824 3316 1829 3321 Δ
1908 3246 2081 3303 aetati.
2115 3247 2433 3321 Allegorice
2464 3254 2658 3306 autem
2691 3249 2751 3305 in
2774 3251 3011 3322 juvene,
3034 3251 3418 3309 libidinosum
3452 3270 3466 3321 ;
3496 3252 3559 3309 in

1908 3335 2194 3409 virgine,a
2223 3336 2392 3392 bonis
2421 3336 2696 3411 operibus
2722 3338 3003 3409 sterilem;
3027 3340 3087 3395 in
3108 3339 3559 3408 lactente,hebe-

1907 3429 2025 3480 tem
2050 3443 2063 3494 ;
2087 3425 2146 3480 in
2178 3441 2338 3493 sene,
2371 3426 2639 3484 inutilem
2692 3428 2793 3484 diu
2825 3446 2929 3502 per
2957 3428 3256 3503 pigritiam
3301 3431 3561 3503 accipere

1907 3531 2225 3586 possumus
2258 3532 2271 3570 :
2307 3532 2454 3588 quos
2484 3533 2687 3573 omnes
2716 3516 2975 3575 vindicta
3004 3518 3105 3575 Dei
3153 3524 3481 3576 consumet.

1907 3605 1977 3659 40
2050 3606 2124 3660 Et
2151 3603 2276 3659 dixi
2308 3621 2321 3658 :
2361 3605 2591 3662 Ubinam
2617 3615 2748 3664 sunt

2042 3693 2264 3750 Cessare
2291 3695 2502 3765 facium
2530 3712 2601 3751 ea:
2632 3696 2950 3753 hominibus
2971 3699 3297 3754 memoriam
3344 3714 3555 3755 eorum.

1976 3781 2046 3837 Et
2075 3782 2214 3850 dixi,
2249 3782 2534 3840 ubinam?
2564 3785 2688 3841 Non
2731 3802 2834 3858 per
2878 3785 3269 3859 ignorantiam
3311 3787 3558 3845 interro-

1904 3872 2179 3944 gans,serl
2212 3871 2361 3929 alios
2393 3873 2615 3930 discere
2645 3874 3124 3931 faciam.Cessare
3139 3875 3344 3931 faciam
3368 3891 3437 3932 ex
3457 3875 3558 3931 ho-

1905 3959 2165 4016 minibus
2194 3977 2397 4017 eorum
2432 3961 3030 4032 memoriam,scilicet
3049 3967 3190 4018 tunc
3212 3980 3346 4018 cum
3371 3964 3556 4025 Judaei

1902 4048 1963 4105 in
1996 4054 2149 4106 terra
2205 4048 2678 4122 repromissionis
2738 4067 2852 4106 non
2910 4055 3238 4123 apparent:
3280 4051 3369 4107 vel
3418 4068 3554 4108 cum

1902 4136 2087 4210 iniqui
2120 4139 2191 4194 de
2225 4139 2639 4195 communione
2669 4143 3007 4195 sanctorum
3038 4139 3465 4209 discernentur,
3499 4144 3556 4197 et

1900 4244 2004 4299 pro
2036 4226 2218 4283 nihilo
2268 4231 2622 4300 reputantur
2665 4228 2885 4299 :cujus
2932 4228 3014 4283 rei
3055 4227 3240 4284 multa
3287 4228 3554 4302 exempla

1899 4320 2057 4372 sunt.

1899 4405 1962 4460 41
2039 4404 2142 4462 Sed
2162 4413 2383 4478 propter
2412 4408 2556 4462 iram
2586 4407 2942 4462 inimicorum
2968 4405 3161 4462 distuli
3192 4424 3205 4462 :

2038 4496 2111 4551 Ee
2136 4497 2280 4567 forte
2306 4496 2652 4568 superbirent
2678 4496 2853 4552 hostes
2874 4511 3085 4552 eorum.

1900 4585 1969 4639 42
2039 4585 2108 4640 Et
2127 4584 2369 4641 dicerent
2400 4601 2414 4641 :
2448 4584 2638 4640 Manus
2667 4594 2853 4641 nostra
2871 4586 3085 4642 excelsa
3114 4604 3133 4641 :

2042 4674 2106 4730 Et
2132 4689 2243 4730 non
2271 4675 2533 4730 Dominus
2560 4674 2694 4744 fecit
2721 4674 2840 4732 haec
2867 4676 3076 4731 omnia.

1973 4762 2085 4818 Sed
2111 4763 2475 4835 propter.lsti
2498 4763 2616 4819 duo
2646 4763 2916 4820 versiculi
2939 4768 3082 4820 sunt
3103 4763 3550 4836 jungendi;ideo

1901 4851 2059 4907 enim
2088 4868 2241 4925 saepe
2288 4852 2542 4924 priorem
2578 4852 2864 4926 populum
2910 4851 3211 4921 sustinuit,
3246 4868 3319 4908 ne
3347 4856 3549 4925 gentes

1901 4940 2485 5014 circumposita,ejus
2503 4957 2714 4997 nomen
2733 4940 3239 5012 blasphamarent:
3263 4939 3348 4997 sic
3369 4946 3426 4997 et
3441 4958 3549 4998 nos

1901 5029 2151 5086 sustinet
2178 5034 2533 5102 peccatores,
2566 5046 2671 5086 nec
2703 5029 2902 5085 statim
2934 5032 3241 5102 peccantes
3271 5030 3544 5101 damnat;

1899 5133 1972 5172 ne
2000 5116 2323 5189 glorientur
2351 5117 2594 5191 maligni
2618 5117 2862 5191 spiritus
2884 5117 2943 5173 in
2975 5117 3301 5190 perditione
3325 5122 3546 5187 nostra,

1898 5209 1956 5262 et
1985 5222 2047 5262 se
2078 5205 2379 5263 victoriam
2404 5208 2631 5279 jactent
2660 5206 3009 5280 percepisse.

1898 5296 1968 5350 43
2043 5295 2177 5352 Gens
2206 5298 2408 5370 absque
2435 5297 2666 5353 consilio
2696 5300 2775 5352 est
2801 5300 2855 5352 et
2880 5297 3000 5352 sine
3024 5296 3321 5369 prudentia
3351 5315 3365 5354 :

2044 5385 2260 5443 Utinam
2282 5394 2535 5459 saperent
2561 5393 2615 5442 et
2629 5385 2996 5458 intelligerent
3012 5402 3079 5442 ac
3104 5388 3400 5444 novissima
3416 5403 3543 5459 pro-

2108 5474 2371 5531 viderent.

1967 5563 2377 5640 Gensabsque.
2410 5566 2564 5621 Gens
2600 5564 2940 5624 Judmorum
2979 5569 3038 5623 et
3057 5565 3546 5640 omniumimpio—
