4098 6164
197 428 271 482 63
345 423 642 482 lnebriabo
663 424 888 494 sagittas
915 436 1065 478 meas
1091 424 1376 496 sauguine
1401 442 1424 478 .-

344 517 410 570 Et
438 514 663 586 gladius
691 529 846 568 meus
871 511 1152 568 tle-vorabit
1179 529 1394 569 carnes.

231 595 236 598 ’
269 603 586 660 Inebriabo
619 601 884 676 sagittas,
916 600 975 657 id
1021 607 1111 658 est
1141 601 1198 656 in
1234 601 1638 674 peccatoribus
1669 606 1867 658 osten-

193 693 337 750 dam
367 691 664 748 vindictas
687 706 867 759 meas,
892 694 947 746 et
967 691 1200 763 gladius
1233 707 1400 747 meus
1425 691 1725 748 devorabit
1749 708 1868 748 car-

195 801 325 851 ncs,
361 781 421 836 id
447 785 536 838 est
567 779 833 837 carnales
858 779 1148 852 judicium
1183 797 1379 837 meum
1411 784 1737 838 consumet.

190 873 264 926 6i
340 873 418 927 De
439 885 636 926 cruore
664 871 959 926 occisorum
985 888 1004 925 :

339 963 406 1015 Et
434 961 502 1016 de
528 961 847 1032 captivitate
875 959 1072 1015 nudati
1096 961 1449 1016 inimicorum
1475 961 1688 1032 capitis.

271 1055 348 1105 De
380 1066 588 1106 cruore
632 1049 960 1105 occisorum
993 1067 1004 1104 :
1039 1049 1415 1118 subauditur,
1443 1049 1746 1105 inebriabo
1771 1065 1867 1104 sa-

191 1141 376 1212 gittas
409 1157 594 1205 meas,
628 1140 688 1194 id
722 1143 812 1195 est
856 1140 914 1195 in
967 1139 1295 1212 perditione
1326 1141 1765 1196 damnatorum.
1798 1139 1868 1196 Et

193 1228 268 1282 de
299 1227 640 1299 captivitate
691 1228 898 1283 nudati
938 1227 1309 1284 inimicorum
1355 1229 1571 1302 capitis
1604 1245 1616 1283 :
1653 1244 1868 1284 secun-

190 1318 340 1372 dum
373 1315 632 1372 litteram
664 1317 981 1388 captivitati
1023 1318 1418 1374 tondebantur
1446 1323 1504 1374 et
1535 1317 1866 1373 vendeban-

189 1412 293 1460 tur
317 1405 500 1478 (quod
532 1410 622 1460 est
653 1405 768 1460 sub
791 1423 1000 1462 corona
1027 1392 1316 1477 vetulam),
1348 1405 1742 1478 spiritualiter
1772 1423 1870 1461 au-

190 1503 312 1550 tem
347 1493 767 1564 antichristus,
802 1494 1114 1567 impiorum
1148 1499 1348 1568 caput,
1385 1512 1491 1568 per
1521 1493 1734 1552 Christi
1767 1512 1867 1568 po-

187 1585 444 1639 tentiam
466 1584 809 1641 destruetur
829 1584 1193 1641 vindicantis.
1219 1585 1408 1640 Aliter
1428 1589 1658 1640 exercet
1679 1585 1872 1640 Domi-

189 1691 308 1730 nus
339 1673 664 1730 vindictam
713 1675 786 1730 de
835 1675 1176 1753 captivitate.
1203 1674 1588 1730 inimicorum
1637 1675 1867 1746 capitis,

112 1754 128 1762 ’
185 1779 330 1818 cum
396 1762 802 1836 arrogantiam
850 1763 1058 1819 mentis
1110 1763 1428 1834 malorum,
1475 1767 1532 1819 et
1582 1762 1866 1820 malitiam
1901 1805 1950 1872 Β

196 1851 555 1872 Leuant.

187 1851 577 1908 destruxerit.

183 1943 265 1996 65
341 1940 587 1996 Laudate
617 1948 804 2013 gentes
828 1942 1089 2014 populum
1120 1943 1240 2014 ejus
1273 1961 1292 1998 :

343 2031 486 2098 Quia
514 2032 842 2100 sanguinem
871 2047 1146 2087 servorum
1172 2048 1402 2088 suorum
1435 2031 1748 2086 ulciscatur.

270 2120 534 2176 Laudato
553 2123 760 2192 gentes
781 2119 1059 2192 populum
1077 2121 1225 2193 ejus,
1246 2121 1304 2176 id
1332 2123 1425 2175 est
1446 2123 1685 2176 sanctos
1709 2121 1867 2192 ejus:

189 2211 341 2282 quia
373 2211 723 2282 sanguinem
757 2215 1072 2283 martyrum
1101 2228 1350 2267 suorum
1385 2205 1756 2266 ulsciscetur.

185 2302 268 2355 66
346 2301 412 2356 Et
449 2299 744 2356 vindictam
775 2300 1034 2356 retribuet
1062 2303 1118 2356 in
1149 2302 1326 2356 hostes
1353 2315 1546 2356 oorum
1583 2315 1595 2352 :

347 2391 415 2444 Et
441 2391 716 2462 propitius
738 2391 848 2446 erit
879 2394 1039 2448 terra?
1064 2391 1258 2462 pepuli
1286 2391 1398 2444 sui.

272 2479 348 2534 Et
379 2479 692 2534 vindictam
727 2477 1004 2534 retribuet
1044 2478 1104 2534 in
1151 2478 1353 2534 hostes
1385 2494 1614 2544 eorum,
1651 2478 1870 2535 scilicet

189 2568 258 2624 in
292 2565 598 2624 hereticos
627 2571 804 2639 atque
842 2565 1104 2623 infideles
1135 2571 1190 2622 et
1221 2567 1648 2639 persecutores.
1681 2568 1870 2639 Atque

190 2656 498 2730 prOpitius
541 2657 650 2712 erit
709 2661 875 2712 terra:
909 2656 1102 2730 populi
1136 2655 1230 2712 sui
1265 2672 1278 2710 :
1313 2655 1372 2710 id
1431 2656 1521 2708 est
1577 2653 1865 2725 Ecclesiae,

191 2763 346 2802 cum
381 2744 836 2802 misericordiam
857 2761 1033 2800 suam
1065 2745 1148 2800 illi
1182 2743 1460 2800 ostendit.

527 2851 828 2909 llYMNUS
857 2851 1086 2908 TRIUM
1115 2848 1542 2908 PUERORUM.

697 2941 957 2980 DA‘SIELIS
987 2941 1187 2979 CAPITU
1199 2940 1262 2978 LO
1297 2939 1375 2978 Ill.

355 3014 660 3071 Bcnedicite
689 3014 878 3070 omnia
909 3029 1068 3084 opera
1099 3013 1324 3069 Domini
1367 3011 1614 3080 Domino,
1649 3016 1756 3068 ctc.

273 3103 546 3161 Generali
576 3101 914 3158 laudatione
943 3102 1266 3174 praemissa,
1303 3101 1458 3174 quod
1491 3099 1683 3156 omnis
1714 3117 1868 3156 crea-
1918 3165 1926 3174 Ξ

201 3200 348 3250 tura
367 3193 571 3248 debeat
589 3191 832 3248 laudare
855 3173 1036 3247 Deum
1063 3191 1186 3265 (aL,
1206 3173 1566 3256 Dominum),
1594 3190 1648 3244 in
1671 3207 1868 3246 conse-
1897 3173 1940 3242 Ο

204 3281 533 3355 quentibus
577 3299 679 3354 per
729 3285 926 3354 partes
955 3280 1191 3352 singula
1219 3279 1562 3336 cohortatur
1594 3280 1713 3350 (aL,
1747 3279 1867 3336 sin-

205 3371 448 3446 gulares
477 3375 826 3439 coarctalur)
857 3369 1116 3442 angelos,
1143 3373 1198 3425 et
1227 3367 1426 3436 caelos,
1460 3384 1644 3440 aquas
1675 3370 1730 3424 et
1757 3367 1868 3423 vir-

201 3467 392 3527 tutes,
417 3459 598 3516 solem
627 3465 685 3516 et
715 3459 940 3527 lunam,
967 3459 1214 3514 imbrem
1245 3465 1303 3514 et
1335 3475 1546 3526 rorem,
1571 3458 1865 3530 spiritum,

193 3554 414 3625 ignem
440 3555 495 3606 et
523 3555 752 3618 azstum,
781 3549 969 3621 frigus
999 3553 1056 3604 et
1093 3552 1376 3612 aestatem,
1401 3553 1458 3603 et
1483 3550 1708 3617 Caetera,
1741 3563 1867 3618 qua:

191 3642 458 3712 longum
507 3643 594 3693 est
639 3642 850 3704 texere,
878 3638 960 3693 ita
990 3642 1055 3692 ut
1081 3638 1268 3693 fontes
1298 3652 1531 3708 Quoque
1577 3640 1636 3690 ct
1683 3635 1870 3690 maria

194 3734 261 3786 et
295 3733 516 3795 cetum,
549 3727 812 3783 volucres
845 3727 1183 3798 bestiasque
1209 3731 1266 3782 et
1294 3742 1504 3798 pecora
1533 3725 1604 3780 ad
1633 3723 1867 3780 laudem

199 3816 449 3875 Domini
481 3820 754 3890 provocat
783 3820 840 3872 et
871 3815 1024 3872 ﬁlios
1071 3814 1400 3871 hominum.
1437 3815 1503 3869 Et
1535 3819 1666 3886 post
1696 3831 1868 3870 omne

199 3906 520 3964 hominum
551 3921 735 3978 genus
769 3905 1065 3970 Israelem,
1101 3909 1156 3960 et
1185 3904 1256 3960 de
1282 3904 1410 3976 ipso
1441 3903 1650 3960 Israele
1677 3920 1868 3960 sacer-

195 3998 378 4053 dotes
410 4001 466 4050 et
493 4010 690 4050 servos
731 3991 981 4062 Domini,
1011 3993 1256 4065 spiritus
1298 3991 1644 4064 animasque
1679 3992 1870 4063 justo-

197 4101 368 4150 rum,
383 4087 620 4139 sanctos
638 4087 694 4138 et
713 4081 968 4138 humiles
991 4081 1184 4152 corde,
1199 4085 1256 4136 et
1276 4081 1347 4136 ad
1372 4085 1698 4136 extremum
1723 4083 1872 4137 Ana-

199 4173 399 4238 niam,
423 4171 687 4226 Azariam
718 4175 775 4226 et
817 4169 1140 4236 Misaelem,
1175 4169 1270 4242 qui
1323 4169 1545 4241 potenti
1589 4170 1870 4227 beneﬁcio

197 4263 286 4319 ad
317 4260 554 4317 laudem
575 4260 804 4316 Domini
829 4262 1237 4332 provocantur.
1263 4258 1468 4314 Omnis
1488 4263 1686 4314 autem
1719 4275 1873 4316 crea-

199 4359 346 4408 tura
379 4367 498 4405 non
527 4365 683 4417 voce,
708 4349 809 4406 sed
831 4365 1002 4422 opere
1033 4346 1235 4402 laudat
1256 4347 1600 4416 Dominum;
1636 4347 1774 4420 quia
1805 4366 1874 4405 ex

197 4439 501 4497 creaturis
529 4439 761 4494 Creator
790 4439 1129 4512 frequenter
1157 4435 1506 4509 intelligitur
1535 4441 1591 4491 et
1621 4435 1873 4508 singulis

200 4529 496 4603 operibus
525 4532 698 4598 atque
726 4527 1030 4583 effectibus
1055 4525 1154 4580 Dei
1180 4525 1616 4598 magniﬁcentia
1635 4525 1874 4582 demon-
1909 4550 1950 4614 ο

200 4623 455 4676 stratur.
485 4617 762 4688 (Sequitur
804 4625 982 4673 textus
1027 4615 1386 4682 Bsusmm'rs,
1417 4615 1564 4670 nihil
1592 4632 1626 4670 a
1657 4615 1874 4684 vulgato

203 4708 466 4764 recedens
491 4714 694 4778 praeter
721 4721 859 4762 vers.
892 4705 964 4759 67
991 4704 1172 4776 frigus
1200 4707 1252 4759 et
1281 4707 1496 4771 wstas.)

645 4811 1016 4868 CANTICUM
1049 4811 1440 4866 ZACHARL’E.

766 4901 928 4939 LUC/E
965 4899 1165 4938 CAI’ITU
1175 4899 1241 4938 L0
1284 4900 1318 4938 ι.

249 4975 274 5028 l
361 4973 683 5030 Benedictus
710 4974 970 5029 Dominus
995 4974 1136 5027 Deus
1166 4971 1336 5027 Israel
1364 4989 1383 5026 .-

359 5064 510 5132 Quia
536 5063 776 5118 uisitauit
803 5065 857 5118 et
884 5062 1017 5133 fecit
1044 5059 1465 5132 redemptionem
1490 5059 1667 5132 plebis
1695 5075 1833 5117 sua}.

283 5150 640 5207 Benedictus
667 5167 679 5206 :
703 5150 818 5206 duo
840 5151 999 5206 enim
1030 5149 1188 5218 dicit,
1213 5149 1450 5205 visitare
1479 5153 1537 5205 et
1566 5149 1870 5206 redimere.

209 5240 474 5296 Visitare
501 5255 756 5311 namque
785 5239 1177 5306 inﬁrmorum,
1213 5237 1496 5294 redimere
1525 5255 1656 5294 vero
1688 5238 1874 5310 capti-

212 5345 426 5385 vorum
458 5331 550 5384 est
581 5345 594 5384 :
629 5345 756 5400 qua:
804 5329 921 5384 duo
965 5327 1228 5382 humana
1273 5327 1470 5400 generi
1519 5331 1872 5400 congruunt,

215 5419 501 5492 quoniam
531 5434 716 5491 genus
741 5417 1070 5474 humanum
1113 5416 1414 5472 infirmum
1446 5420 1572 5472 erat
1601 5417 1872 5490 peccatis,

218 5507 517 5582 captivum
549 5523 780 5581 quoque
815 5507 1018 5563 fraude
1047 5505 1334 5563 diabolica
1364 5505 1748 5564 detinebatur.
1772 5504 1878 5562 νο-
1929 5528 1937 5529 ί

221 5597 390 5657 niens
413 5613 546 5657 vero
579 5596 864 5654 Dominus
893 5595 1198 5654 inﬁrmum
1220 5595 1493 5668 visitavit,
1519 5596 1658 5673 quia
1687 5614 1721 5655 a
1750 5611 1878 5673 pec-

545 5727 806 5792 PA'I'ItOL.
855 5723 1082 5788 CXLII.

1344 280 1970 374 COMMENTARIUS
2014 293 2090 353 IN
2121 262 2501 354 -CANTICA.

3513 282 3645 350 551'

1896 426 1950 494 Α
1979 427 2126 482 catis
2157 417 2425 483 liberavit
2453 442 2465 482 :
2503 427 2561 481 et
2591 423 2882 497 captivum
2932 423 3197 492 redemit,
3233 419 3372 495 quia
3405 437 3438 478 a
3467 426 3636 496 pote-

1976 520 2126 573 state
2173 515 2464 572 diabolica
2514 513 2821 580 abstraxit,
2855 517 2911 569 et
2941 513 3282 568 redimendo
3312 511 3449 568 l‘ecit
3495 521 3631 568 eum

1977 624 2176 662 suum.
2204 612 2265 662 Β.
2297 605 2631 662 Notandum
2663 620 2798 660 vero
2845 603 2997 659 circa
3041 602 3224 658 istum
3258 599 3492 658 versum
3523 595 3632 671 est,

1976 695 2133 768 quod
2166 695 2375 750 beatus
2393 693 2700 750 Zacharias
2725 691 3062 766 prophetico
3084 708 3243 748 more
3265 693 3420 766 quod
3443 691 3636 748 adhuc

1977 783 2034 839 in
2061 783 2274 856 spiritu
2298 784 2561 839 futurum
2585 787 2641 838 et
2657 782 2920 856 proxime
2939 781 3271 838 faciendum
3297 781 3638 854 praeviderat

1977 875 2179 929 narrat
2209 889 2380 946 quasr
2438 872 2680 940 factum,
2718 872 2937 942 dicens,
2963 870 3102 944 quia
3135 869 3411 941 visitavit,
3444 869 3502 926 id
3547 874 3638 926 est

1976 960 2320 1017 incarnatus
2350 964 2458 1018 est.

2011 1054 2047 1105 2
2121 1053 2186 1106 Et
2213 1052 2392 1107 erexit
2421 1067 2589 1106 cornu
2613 1051 2810 1107 salutis
2833 1051 2990 1107 nobis
3018 1069 3035 1106 :

2123 1141 2183 1195 In
2215 1139 2370 1196 domo
2398 1141 2574 1195 David
2603 1141 2766 1212 pueri
2786 1142 2896 1196 sui.

2051 1227 2093 1282 B
2127 1229 2194 1284 Et
2226 1227 2407 1284 erexit
2436 1245 2616 1284 cornu
2664 1227 2872 1284 salutis
2905 1245 2918 1284 :
2953 1228 3184 1283 ﬁrmam
3223 1224 3634 1282 celsitudinem

1979 1315 2191 1372 salutis
2223 1316 2382 1373 dicit.
2407 1317 2618 1374 Omnia
2637 1317 2791 1373 enim
2816 1334 2970 1386 ossa,
2995 1333 3168 1372 carne
3193 1315 3454 1372 involuta
3475 1318 3632 1384 sunt,

1979 1421 2160 1462 cornu
2185 1410 2379 1462 autem
2413 1407 2638 1464 excedit
2659 1422 2893 1462 carnem
2919 1425 2931 1462 :
2956 1411 3013 1462 et
3055 1405 3184 1461 ideo
3213 1419 3394 1460 cornu
3427 1403 3636 1460 salutis

1980 1512 2232 1568 regnum
2273 1495 2590 1552 Salvatoris
2637 1496 2854 1553 Christi
2897 1499 3313 1566 vocaturzquo
3357 1493 3637 1550 vocabulo

1981 1584 2290 1658 spiritalis,
2323 1589 2382 1641 et
2429 1603 2554 1658 quae
2596 1584 2790 1642 carnis
2839 1585 3055 1659 gaudia
3102 1588 3356 1658 superet,
3391 1579 3644 1638 altitudo

1982 1673 2292 1730 nuntiatur
2319 1691 2330 1731 :
2355 1679 2412 1730 et
2437 1691 2553 1748 quo
2599 1691 2774 1749 regno
2821 1676 3082 1731 mundus
3112 1678 3169 1731 et
3201 1673 3394 1730 carnis
3424 1671 3640 1747 gaudia

1981 1767 2356 1836 superantur.

2015 1854 2048 1908 3
2123 1854 2278 1909 Sicut
2307 1855 2514 1910 locutus
2541 1862 2620 1910 est
2647 1871 2748 1926 per
2775 1870 2832 1910 os
2862 1861 3173 1910 sanctorum
3203 1871 3224 1908 :

2125 1943 2234 2011 Qui
2261 1960 2295 1998 (ι
2323 1944 2525 2001 saeculo
2554 1951 2684 2000 sunt
2711 1944 3102 2016 praphetarum
3131 1942 3264 2014 ejus.

2050 2031 2214 2088 Sicut
2271 2031 2502 2088 locutus
2559 2035 2666 2088 est.
2698 2033 2745 2087 A
2793 2030 3026 2100 smculo,
3069 2030 3282 2102 inquit,
3329 2031 3636 2102 propterea

1980 2121 2136 2192 quod
2170 2125 2292 2176 tota
2316 2121 2527 2178 veteris
2558 2121 2939 2177 instrumenti
2983 2119 3304 2193 Scriptura,
3328 2117 3636 2192 prophetia

1979 2208 2049 2264 de
2062 2209 2290 2266 Christo
2312 2210 2628 2283 praecessit,
2644 2228 2760 2267 non
2777 2211 2886 2266 soli
2903 2209 3058 2266 enim
3078 2209 3363 2265 Jeremias
3380 2210 3436 2286 et
3452 2207 3636 2262 Isaias

1978 2299 2287 2372 cmterique
2307 2299 2600 2372 propheta:
2617 2301 2688 2355 de
2706 2301 2834 2372 ejus
2853 2299 3104 2356 adventu
3128 2297 3437 2354 manifeste
3459 2293 3638 2352 locuti

1977 2393 2119 2444 sunt
2143 2406 2157 2446 :
2186 2403 2386 2444 verum
2417 2389 2543 2462 ipse
2574 2394 2739 2462 pater
2765 2389 2972 2457 Adam,
3006 2387 3148 2444 Abel
3175 2389 3233 2444 et
3260 2384 3481 2462 Enoch,
3507 2384 3639 2456 ejus

1979 2475 2402 2550 dispensationi
2436 2478 2843 2534 testimonium
2875 2479 3148 2534 reddunt.

2015 2567 2046 2620 4
2120 2568 2366 2624 Salutem
2389 2585 2460 2623 ex
2489 2569 2737 2624 inimicis
2766 2570 2969 2624 nostris
2999 2585 3018 2624 :

2119 2658 2184 2711 Et.
2213 2655 2278 2712 de
2305 2674 2475 2712 manu
2505 2659 2754 2712 omnium
2782 2659 2881 2730 qui
2904 2656 3136 2714 oderunt
3163 2671 3280 2712 nos.

2049 2746 2308 2802 Salutem
2339 2761 2352 2800 :
2380 2745 2713 2818 jugendum
2741 2752 2832 2803 est
2861 2745 3149 2819 superiori
3173 2741 3480 2800 versiculo.
3503 2742 3638 2798 Erc-

1977 2834 2059 2890 xit
2082 2833 2270 2901 nobis,
2290 2834 2512 2890 scilicet
2533 2833 2788 2891 salutem
2812 2851 2880 2890 ex
2902 2833 3158 2892 inimicis
3179 2831 3640 2888 nostris.0mnes

1977 2927 2172 2979 autem
2205 2923 2306 2994 qui
2337 2922 2586 2977 oderunt
2617 2939 2724 2978 nos
2751 2941 2764 2978 :
2788 2923 2874 2978 vel
2902 2922 3170 2980 homines
3200 2937 3526 2994 perversos,
3553 2917 3639 2976 vel

1975 3011 2315 3068 immundos
2347 3009 2591 3082 spiritus
2617 3010 2934 3084 signiﬁcat.

2010 3103 2045 3156 5
2117 3101 2195 3156 Ad
2235 3098 2550 3172 faciendam
2592 3101 3036 3158 misericordiam
3077 3117 3205 3157 cum
3249 3099 3502 3173 patribus
3531 3114 3638 3155 uo-

2191 3192 2338 3246 stris.
2591 3255 2600 3262 ι

2119 3280 2184 3335 Et
2212 3279 2510 3335 memorari
2538 3281 2850 3335 testamenti
2873 3281 2967 3336 sui
2991 3281 3189 3354 sancti.

2047 3369 2128 3424 Ad
2165 3367 2491 3424 faciendam
2526 3367 2988 3424 misericordiam
3019 3384 3032 3426 :
3065 3368 3288 3443 dixerat
3316 3367 3497 3436 enim,
3520 3363 3632 3424 D‘o-

1979 3459 2205 3514 minum
2236 3458 2408 3529 juxta
2435 3455 2668 3528 eloquia
2705 3458 3125 3530 prophetarum
3157 3457 3216 3513 in
3245 3458 3420 3514 domo
3450 3456 3628 3514 David

1979 3547 2344 3604 nasciturum
2371 3563 2383 3601 :
2411 3549 2467 3601 et
2496 3544 2578 3600 ita
2608 3545 3070 3603 misericordiam
3107 3548 3320 3604 factam
3352 3563 3486 3604 cum
3520 3547 3626 3616 eis,

1977 3653 2111 3692 cum
2147 3634 2452 3708 impletum
2485 3639 2642 3691 esset
2677 3635 3056 3708 promissum.

2009 3727 2046 3780 6
2116 3723 2512 3798 Jusjurandum
2540 3725 2682 3797 quod
2722 3725 2939 3798 juravit
2985 3727 3055 3782 ad
3103 3727 3380 3785 Abraham
3413 3731 3630 3800 patrem

2189 3821 2436 3870 nostrum
2464 3829 2478 3868 :

2121 3907 2394 3960 Daturum
2422 3918 2479 3956 se
2505 3903 2680 3958 uobis.

2049 3991 2508 4064 Jusjurandum:
2539 3991 2679 4047 dicit
2705 3993 2976 4048 eumdem
2995 3993 3632 4066 Christum,juxtajus-

1969 4081 2295 4153 jurandum
2319 4079 2473 4153 quod
2500 4079 2910 4152 Deusjuravit,
2935 4098 3041 4144 nos
3061 4099 3186 4138 esse
3201 4083 3628 4155 ‘libcraturum,

1979 4170 2052 4226 ad
2071 4169 2422 4244 explendum
2445 4172 2860 4225 testamentum
2879 4171 3034 4244 quod
3055 4171 3298 4227 Abrahae
3315 4173 3628 4244 disposuit.

1980 4259 2126 4326 Quia
2155 4257 2419 4315 videlicet
2447 4257 2540 4314 his
2591 4259 2878 4332 praecipue
2929 4259 3274 4332 patriarchis
3303 4261 3373 4316 de
3401 4279 3508 4317 suo
3537 4277 3628 4319 se-

1982 4349 2158 4418 mine,
2191 4346 2277 4404 vel
2325 4348 2697 4421 congregatio
2744 4347 3030 4422 gentium,
3059 4349 3146 4405 vel
3194 4350 3512 4406 incarnalio
3541 4355 3632 4408 est

1981 4437 2354 4510 repromissa.

2013 4529 2048 4581 7
2127 4526 2188 4584 Ut
2214 4527 2332 4584 sine
2361 4527 2554 4583 timore
2599 4526 2665 4583 de
2708 4544 2880 4586 manu
2920 4529 3272 4587 inimicorum
3315 4529 3630 4587 nostrorum

2196 4617 2417 4672 liberati
2442 4633 2462 4672 :

2121 4705 2433 4762 Serviamus
2462 4706 2570 4762 illi.

2051 4794 2124 4850 Ut
2157 4795 2282 4850 sine
2323 4795 2566 4851 timore:
2595 4812 2730 4851 nam
2759 4795 2858 4868 qui
2896 4796 2983 4852 vel
3014 4800 3146 4852 ante
3178 4799 3424 4852 mortem
3455 4813 3490 4852 a
3518 4799 3630 4854 Do-

1982 4883 2126 4939 mini
2152 4883 2386 4939 servitio
2409 4885 2674 4952 discedit,
2698 4884 2785 4940 vel
2817 4902 3013 4941 coram
3036 4885 3376 4942 hominibus
3401 4891 3631 4944 tantum

1980 4975 2037 5027 et
2067 4989 2183 5026 non
2225 4988 2421 5028 coram
2453 4976 2584 5028 'Deo
2636 4977 2876 5029 sanctus
2925 4974 3238 5047 perdurare
3286 4975 3629 5033 contendit:

1982 5061 2230 5117 necdum
2263 5060 2334 5116 de
2366 5077 2542 5115 manu
2584 5060 2939 5132 spiritalium
2981 5061 3355 5120 inimicorum
3386 5064 3643 5138 perfecte

1979 5150 2263 5206 liberatus
2293 5149 2541 5209 Domino
2573 5151 2750 5204 servit
2779 5151 2871 5218 (IV
2897 5153 3025 5220 Reg.
3054 5155 3212 5221 xvn),
3237 5153 3336 5208 sed
3369 5154 3636 5228 exemplo

1981 5237 2482 5295 Samaritanorum
2503 5237 2616 5294 diis
2647 5239 2909 5311 gentium
2933 5240 3151 5312 pariter
3175 5245 3231 5297 et
3251 5241 3499 5299 Domino
3521 5263 3637 5302 ser-

1981 5328 2030 5384 vi
2041 5345 2098 5384 rc
2129 5331 2396 5383 conatur.

2015 5419 2051 5472 8
2123 5421 2190 5473 In
2211 5419 2495 5473 sanctitate
2522 5425 2572 5472 et
2591 5418 2818 5490 justitia
2845 5435 3029 5476 coram
3058 5421 3172 5492 ipso
3201 5439 3224 5476 .·

2125 5506 2386 5562 Omnibus
2417 5505 2610 5561 diebus
2639 5509 2862 5563 nostris.

2052 5595 2116 5652 In
2149 5595 2496 5655 sanctitate:
2523 5597 2722 5672 aperte
2751 5597 2808 5654 et
2837 5597 3086 5656 breviter
3107 5600 3400 5675 quomodo
3425 5601 3502 5656 sit
3522 5599 3634 5656 Do-

3241 5729 3317 5796 18
