3986 6164
467 261 584 363 555
1657 290 2105 354 exposmo
2151 291 2660 354 PSALMOBUM.
2872 373 2879 375 _
3251 358 3260 365 ,
3679 305 3771 368 556

468 427 630 501 mino
657 426 1026 483 serviendum
1053 427 1338 499 designat,
1355 424 1620 480 videlicet
1642 425 1699 480 in
1724 425 2031 480 sanctitate
2061 428 2120 480 et
2148 430 2201 494 Α
2231 425 2385 480 enim
2420 428 2484 478 ut
2505 425 2657 480 sicut
2678 442 2780 496 per
2798 425 3135 497 superbiam
3167 427 3354 498 prima:
3373 434 3594 501 parentis
3612 442 3784 505 nostra;

455 517 714 588 justitia,
740 521 798 572 et
827 533 1024 572 coram
1054 515 1181 588 ipso
1211 518 1269 570 et
1297 513 1574 570 omnibus
1605 514 1812 570 diebus
1844 512 2084 569 nostris.
2233 514 2360 568 Eva:
2391 530 2549 568 mors
2578 513 2817 570 intravit
2845 515 2904 570 in
2934 515 3222 571 mundum
3256 532 3270 570 :
3301 517 3375 572 ita
3399 519 3564 576 denuo
3591 539 3672 596 per
3695 510 3785 584 hu:

499 606 537 660 9
607 605 678 661 Et
704 613 781 672 tu,
808 622 968 678 puer,
999 604 1264 678 propheta
1287 605 1558 660 Altissimi
1586 604 1882 659 vocaberis.
2235 601 2543 657 militatem
2573 603 2768 658 Maria:
2799 602 2930 658 vita:
2960 603 3234 661 introitus
3263 607 3594 678 panderetur.

609 694 850 753 Praeibis
885 697 1034 752 enim
1081 702 1208 750 ante
1253 695 1453 767 faciem
1503 693 1730 749 Domini
1775 707 1982 766 parare
2009 691 2126 746 vias
2270 693 2303 744 4
2378 691 2519 758 Quia
2544 693 2676 764 fecit
2696 693 2837 748 mihi
2861 710 3066 764 magna
3092 696 3190 766 qui
3211 703 3390 767 potens
3411 705 3499 754 est.

683 785 800 856 ejus
829 802 848 838 :
2373 780 2442 833 Et
2469 782 2719 834 sanctum
2748 795 2946 836 nomen
2975 780 3111 852 ejus.

539 873 610 929 Et
633 874 698 928 tu
727 889 891 946 puer.
926 871 1174 928 Pulchre
1205 887 1340 928 cum
1386 872 1457 927 de
1487 871 1736 927 Domino
1765 869 2122 941 loqueretur,
2307 866 2454 932 Quia
2482 867 2652 923 fecit:
2682 867 2808 924 sola
2837 869 3052 941 quippe
3081 868 3182 926 illa
3207 870 3426 926 anima:
3449 872 3533 928 cui
3565 873 3792 933 Dominus

469 961 541 1016 ad
572 960 917 1034 prophetam
949 965 1187 1035 repente
1217 979 1326 1018 sua
1348 962 1525 1016 verba
1569 959 1886 1016 convertit:
1920 963 1986 1014 ut
2017 958 2127 1013 hoc
2235 971 2452 1028 magna
2477 955 2665 1012 facere
2693 957 2990 1029 dignatur,
3025 957 3220 1031 dignis
3256 975 3383 1015 eum
3413 962 3674 1032 praeconiis
3699 981 3794 1020 ma-

468 1065 704 1123 quoque
731 1049 1095 1119 beneficium.
1123 1067 1254 1107 esse
1291 1049 1524 1106 Domini
1557 1049 1908 1122 designaret.
1941 1051 1984 1102 A
2015 1047 2126 1102 Sed
2235 1042 2512 1116 gnificare
2541 1049 2754 1116 potest.
2787 1047 3068 1102 Sanctum
3095 1051 3288 1102 autem
3318 1065 3512 1105 nomen
3539 1051 3648 1122 cjus
3670 1069 3796 1109 voca-

473 1139 767 1210 quomodo
798 1138 1017 1212 alloqui
1049 1155 1298 1210 puerum
1320 1142 1568 1210 poterat,
1592 1153 1726 1193 cum
1757 1152 1890 1192 eum
1914 1135 1999 1191 vel
2031 1151 2130 1190 au-
2235 1135 2350 1200 tur,
2373 1133 2527 1204 quod
2557 1133 2873 1207 singularis
2904 1135 3160 1192 culmine
3206 1138 3463 1209 potentiae
3507 1143 3800 1197 transcendit

473 1227 598 1284 dire
623 1227 713 1284 vel
744 1227 1068 1301 intelligere
1097 1245 1212 1284 non
1253 1226 1544 1300 potuerit?
1591 1225 1691 1282 sed
1740 1227 1966 1298 poterat
1993 1239 2128 1278 eum
2235 1237 2472 1277 omnem
2511 1227 2860 1294 creaturam,
2893 1229 3068 1296 atque
3115 1225 3191 1280 ab
3247 1226 3516 1283 universis
3545 1245 3652 1300 qua
3699 1230 3799 1286 fecit

469 1315 821 1391 intelligere,
841 1317 981 1390 quia
1001 1316 1223 1389 Spiritu
1245 1319 1451 1372 sancto
1473 1317 1684 1386 plenus
1705 1317 1868 1369 erat:
1892 1312 1940 1366 si
1971 1311 2128 1367 enim
2236 1307 2406 1382 longe
2437 1315 2796 1384 segregatur.

471 1405 666 1466 adhuc
698 1410 862 1462 utero
892 1405 1099 1462 matris
1141 1405 1380 1462 clausus
1425 1405 1740 1460 adventum
1771 1400 2002 1457 Domini
2034 1417 2128 1456 co-
2271 1399 2308 1453 5
2378 1400 2446 1454 Et
2472 1401 2853 1457 misericordia
2881 1404 2998 1474 ejus
3027 1421 3061 1458 a
3081 1407 3338 1476 progenie
3363 1407 3424 1460 in
3447 1408 3708 1477 progenies.

472 1495 694 1570 gnovit,
719 1495 846 1567 jam
878 1497 1056 1552 natus
1085 1493 1412 1568 intelligere
1441 1493 1692 1549 valebat.
2381 1489 2716 1546 Timentibus
2743 1507 2891 1547 eum.

473 1583 544 1639 10
619 1583 700 1640 Ad
727 1583 968 1640 dandam
990 1584 1276 1640 scientiam
1304 1581 1505 1638 salutis
1532 1582 1680 1653 plebi
1701 1582 1817 1654 ejus
1845 1599 1864 1634 :
2311 1577 2378 1632 Et
2406 1579 2846 1637 misericordia:
2873 1581 3043 1653 quasi
3075 1583 3295 1640 diceret
3313 1583 3460 1640 sicut
3485 1601 3640 1656 supra
3663 1601 3739 1648 me
3759 1584 3810 1639 ti-

616 1677 686 1728 In
713 1675 1089 1730 remissionem
1111 1679 1456 1744 peccatorum
1486 1687 1693 1727 eorum.
2241 1671 2496 1729 mentem
2518 1668 2676 1724 venit
2707 1669 3109 1727 misericordia
3128 1672 3278 1744 ejus,
3301 1671 3380 1728 ita
3401 1677 3455 1729 et
3480 1689 3638 1745 supra
3653 1689 3812 1730 omnes

547 1760 634 1817 Ad
651 1760 906 1817 dandam
932 1759 1235 1816 scientiam
1254 1775 1386 1815 cum
1407 1759 1662 1815 dandam
1687 1759 2128 1824 commemorat,
2159 1803 2208 1868 Β
2239 1755 2532 1868 timentes.
2557 1758 2593 1812 Α
2625 1759 2972 1868 specialibus
3001 1760 3158 1816 enim
3189 1777 3254 1818 se
3283 1761 3466 1831 donis,
3489 1763 3554 1818 ad
3583 1761 3815 1836 generalia

587 1847 863 1868 ---__A‘I-hn
910 1848 1405 1868 1-,AA,__,,-1_4__,,_
1453 1847 1707 1868 ______211_'
1748 1847 1986 1868 __'I__L_._.
2025 1863 2098 1868 _-_
2296 1843 2340 1868 ..Ξ
2364 1845 2422 1868 ἔ--
2473 1845 2573 1868 ΞΑΣ-
2602 1863 2802 1868 --μ---μ
2839 1865 2933 1868 ___
2974 1849 3239 1868 1-1!,,,1,,,
3274 1867 3279 1868 ,
3394 1849 3480 1868 '_,_
3542 1867 3549 1868 κ
3590 1851 3600 1861 ο
3652 1854 3807 1868 γιγιηκ,

478 1865 552 1906 ne
579 1847 873 1906 carnalem
900 1848 1410 1922 .temporalemque
1449 1847 1710 1921 promitti
1743 1847 1994 1903 salutem
2023 1863 2130 1917 pu-
2162 1833 2208 1868 υ
2241 1843 2582 1915 Deijudicia
2597 1833 3152 1917 converlens,totius
3167 1849 3410 1906 humani
3425 1833 3816 1924 generisstatum

475 1942 653 2006 teres,
676 1937 735 1994 in
766 1937 1176 2006 remissionem
1209 1936 1405 2010 inquit
1432 1942 1803 2009 peccatorum
1835 1950 2058 1991 corum.
2241 1933 2552 1991 describit:
2577 1941 2632 1991 et
2653 1937 2793 2008 quid
2821 1939 3079 2011 superbi,
3097 1941 3238 2012 quid
3263 1939 3506 1996 humiles
3527 1943 3815 2005 mereantur,

476 2028 534 2084 11
619 2033 724 2084 Per
747 2029 955 2084 viscera
987 2026 1385 2083 misericordia:
1417 2027 1514 2080 Ιὶεί
1541 2027 1718 2081 nostri
1732 2043 1767 2094 ,ε
2241 2021 2382 2094 quid
2417 2023 2520 2078 ﬁlii
2553 2025 2796 2080 Abrahae
2828 2043 2930 2098 pcr
2969 2027 3221 2108 liberum
3253 2027 3568 2100 arbitrium,
3595 2029 3713 2102 quid
3738 2026 3817 2082 ﬁlii

616 2119 681 2172 In
709 2118 909 2199 quibus
937 2117 1184 2172 visitavit
1212 2131 1310 2172 nos
1339 2117 1520 2171 oriens
1549 2131 1620 2170 ea:
1643 2115 1774 2169 alto.
2240 2110 2343 2167 Dei
2363 2111 2484 2168 sint
2514 2129 2618 2184 per
2635 2114 2884 2186 gratiam
2894 2115 3165 2182 ,alternis
3185 2117 3450 2173 versibus
3477 2117 3709 2190 explicat.
3726 2115 3820 2170 Non

549 2205 657 2262 Per
681 2205 907 2262 viscera
931 2223 945 2260 :
968 2205 1192 2261 viscera
1233 2221 1352 2260 non
1399 2203 1590 2260 solum
1624 2201 1828 2258 vitalia
1855 2200 2134 2255 dicuntur
2241 2216 2400 2274 ergo,
2427 2200 2638 2274 inquit,
2663 2201 2772 2259 soli
2805 2203 2949 2258 mihi
2983 2205 3121 2261 fecit
3150 2222 3368 2279 magna
3397 2207 3492 2279 qui
3521 2210 3703 2280 potens
3724 2208 3838 2278 est:

477 2292 775 2350 interioris
823 2293 1104 2366 corporis,
1130 2308 1332 2348 verum
1364 2291 1540 2347 etiam
1573 2307 1744 2347 omne
1775 2289 1930 2362 quod
1976 2287 2131 2344 corio
2241 2289 2343 2345 sed
2374 2293 2432 2346 et
2459 2289 2518 2345 in
2548 2291 2708 2348 omni
2740 2295 2910 2364 gente
2958 2298 3017 2349 et
3062 2295 3362 2368 progenie,
3388 2294 3484 2368 qui
3513 2295 3661 2350 timet
3681 2293 3822 2348 Deum

379 2446 392 2452 _
482 2386 541 2438 et
563 2380 714 2454 pelle
741 2380 996 2454 tegitur:
1021 2384 1078 2438 et
1108 2397 1211 2454 per
1225 2381 1470 2447 viscera,
1485 2379 1712 2436 occulta
1731 2380 1860 2451 ejus
1891 2377 2130 2434 misera.
2240 2381 2300 2433 et
2322 2383 2597 2450 operatur
2617 2380 2938 2451 justitiam,
2963 2387 3240 2456 acceptus
3267 2388 3356 2440 est
3382 2383 3461 2438 illi
3490 2384 3618 2454 (Aet.
3642 2381 3707 2452 χ).

481 2471 564 2527 tio
593 2469 956 2544 designatur.
981 2471 1046 2526 In
1078 2471 1315 2542 quibus,
1349 2469 1571 2526 scilicet
1607 2467 1852 2524 occultis
1890 2466 2135 2523 misera-
2274 2469 2310 2522 6
2381 2470 2528 2525 Fecit
2553 2472 2856 2540 potentiam
2882 2475 2942 2526 in
2975 2471 3196 2529 brachio
3226 2489 3342 2530 suo.

478 2559 742 2616 tionibus
770 2557 1027 2614 visitavit
1064 2575 1172 2615 nos
1202 2558 1396 2615 oriens
1425 2574 1494 2614 ex
1523 2557 1658 2612 alto.
1683 2557 1790 2623 Qui
1821 2556 1950 2612 ideo
1979 2558 2133 2610 recte
2383 2559 2657 2629 Dispersit
2679 2562 2938 2631 superbos
2965 2570 3144 2617 mente
3171 2563 3352 2618 cordis
3374 2563 3476 2617 sui.

479 2648 676 2705 oriens
702 2652 944 2704 vocatur
975 2664 990 2703 :
1024 2647 1179 2720 quod
1213 2647 1383 2703 nobis
1413 2652 1608 2703 ortum
1638 2663 1784 2702 veras
1823 2645 1973 2700 lucis
2003 2659 2134 2716 ape-
2312 2646 2469 2702 Fecit
2493 2647 2814 2718 potentium
2841 2666 2854 2704 :
2882 2665 3040 2704 nunc
3059 2650 3130 2706 de
3150 2651 3273 2706 Deo
3295 2655 3462 2706 Patre
3482 2649 3729 2722 loquitur,
3750 2644 3826 2717 qui

478 2737 659 2804 riens,
682 2735 835 2794 filios
863 2737 1054 2794 noctis
1078 2741 1136 2793 et
1163 2737 1558 2804 tenebrarum,
1586 2735 1735 2792 lucis
1762 2733 1953 2790 effecit
1980 2731 2132 2788 filios
2241 2735 2374 2791 fecit
2401 2736 2722 2807 potentiam
2767 2737 2828 2792 in
2860 2737 3098 2794 brachio
3129 2755 3264 2808 suo,
3296 2739 3355 2794 id
3385 2742 3472 2796 est
3521 2739 3575 2793 in
3619 2738 3726 2807 ipso
3745 2749 3827 2788 suo

479 2828 530 2898 (I
557 2827 729 2883 Thess.
760 2826 839 2898 v).
1463 2853 1466 2856 ~
2241 2823 2403 2892 Filio,
2428 2823 2580 2880 sicut
2607 2825 2763 2880 enim
2795 2832 2964 2882 tuum
2995 2827 3306 2886 brachium
3337 2833 3424 2886 est
3454 2844 3549 2902 per
3573 2824 3707 2900 quod
3725 2838 3828 2896 ope-

480 2917 550 2972 12
621 2916 947 2972 Illuminare
973 2917 1060 2972 his
1079 2917 1176 2988 qui
1202 2917 1264 2972 in
1293 2915 1527 2972 tenebris
1554 2922 1606 2970 et
1633 2915 1693 2969 in
1716 2913 1912 2970 umbra
1940 2912 2133 2968 mortis
2240 2913 2411 2983 raris,
2426 2913 2510 2970 sic
2529 2913 2962 2986 Dei_brachium
2984 2916 3211 2973 dictum
3232 2923 3324 2975 est
3344 2919 3470 2990 ejus
3485 2910 3830 2983 verbum,quia

689 3004 874 3062 sedent
895 3023 914 3060 :
1621 2993 1624 2996 ’
2239 3019 2343 3076 per
2367 3003 2606 3058 verbum
2635 3008 2907 3076 operatus
2931 3010 3025 3062 est
3046 3008 3364 3064 mundum.
3392 3008 3434 3064 B
3459 3005 3559 3063 Vel
3579 3000 3829 3060 brachium

616 3095 682 3150 At
707 3093 1019 3166 dirigendos
1041 3093 1206 3166 pedes
1231 3101 1447 3150 nostros
1477 3094 1538 3148 in
1566 3094 1717 3149 viam
1743 3092 1914 3164 pacis.
2238 3108 2436 3160 suum,
2467 3095 2724 3164 potestas
2755 3097 2814 3150 et
2841 3094 2983 3150 ditio
3023 3096 3153 3166 ejus
3197 3095 3438 3153 virtutis
3467 3095 3700 3150 dicitur:
3725 3087 3829 3161 quia

547 3181 888 3240 Illuminare
910 3201 923 3239 :
949 3182 1181 3240 Domini
1205 3181 1664 3248 illuminare,est
1684 3180 1776 3236 his
1797 3179 1898 3252 qui
1922 3178 1981 3233 in
2003 3194 2131 3250 pec-
2159 3171 2202 3238 C
2241 3197 2358 3236 non
2389 3179 2578 3238 alieno
2610 3181 2682 3237 ad
2713 3183 3075 3254 operandum
3107 3171 3329 3242 auxilio
3360 3184 3592 3256 indiget.

478 3271 624 3328 catis
641 3276 698 3328 et
716 3271 1062 3344 ignorantia:
1082 3272 1335 3328 caecitate
1353 3269 1618 3338 vixerint,
1635 3267 1950 3342 agnitionis
1976 3284 2130 3324 amo-
2272 3271 2306 3324 7
2379 3271 2638 3342 Deposuit
2657 3275 2901 3343 potentes
2929 3272 2994 3328 de
3017 3273 3162 3330 sede.

476 3360 676 3432 risque
706 3354 1034 3417 sui‘radios
1085 3360 1348 3433 inﬁgere.
1381 3359 1563 3415 Pedes
1615 3362 1812 3415 autem
1855 3356 2037 3414 nostri
2068 3355 2128 3411 in
2381 3363 2445 3416 Et
2473 3360 2740 3416 exultavit
2766 3361 3032 3418 humiles.-

475 3448 631 3516 viam
663 3447 824 3522 pacis
855 3447 1192 3520 diriguntur
1223 3465 1236 3504 :
1271 3465 1406 3505 cum
1449 3448 1746 3526 actionum
1793 3450 2128 3503 nostrarum
2309 3448 2629 3521 Deposuit:
2657 3453 2920 3521 potentes
2941 3451 3097 3507 enim
3139 3451 3517 3525 appellantur
3554 3447 3692 3512 elati,
3717 3443 3834 3500 sicut

474 3536 586 3594 iter
615 3554 719 3612 per
745 3537 946 3594 omnia
973 3553 1107 3592 cum
1155 3536 1558 3610 Redemptoris
1592 3535 2128 3608 illuminatorisque
2235 3536 2458 3594 Judaei:
2485 3537 2585 3608 qui
2618 3537 2868 3610 depositi
2901 3545 3044 3595 sunt
3073 3541 3144 3596 de
3178 3543 3320 3597 sede
3351 3539 3532 3614 regni,
3555 3554 3649 3594 seu
3673 3528 3836 3591 intelli-

477 3628 662 3683 nostri
691 3625 877 3700 gratia
903 3626 1236 3682 concordat.
2237 3627 2436 3700 gentia
2465 3630 2801 3684 sanctarum
2834 3629 3300 3701 Scripturarum.
3335 3631 3378 3686 B
3408 3629 3740 3696 Eosdemque
3765 3634 3836 3692 p0-

2237 3895 2340 3951 sed
2371 3893 2512 3966 quia
2556 3895 2916 3952 conﬁdentes
2945 3895 3004 3951 in
3033 3895 3250 3954 virtute
3297 3913 3428 3966 sua,
3457 3889 3744 3952 conditoris
3767 3883 3838 3942 sui

512 3969 539 4026 1
615 3967 926 4041 Magniﬁcat
951 3968 1140 4024 anima
1166 3965 1628 4039 mealDominum.

2263 3965 2523 4039 Luxilium
2573 3985 2829 4056 Quaerere
2873 3985 3220 4042 detrectant.
3259 3985 3350 4042 Illi
3397 3965 3588 4042 autem
3614 3995 3726 4037 vero
3763 3991 3837 4048 Ρο·

457 4086 466 4090 “
550 4075 888 4150 Magniﬁcat
909 4073 1112 4150 anim_a
1135 4089 1302 4130 mea:
1326 4076 1487 4128 tanto
1511 4072 1705 4144 inquit
1728 4087 1820 4128 me
1845 4070 2129 4128 Dominus
2237 4076 2426 4128 tentes
2458 4076 2620 4140 sunt,
2638 4073 2737 4144 qui
2765 4089 2898 4128 cum
2928 4073 3208 4146 Apostolo
3235 4075 3433 4132 dicere
3459 4074 3690 4148 possunt
3709 4085 3722 4121 2
3741 4064 3838 4120 0m-

477 4143 762 4238 tanquam
794 4143 1344 4220 inaudito‘munere
1391 4143 1750 4230 sublimavit,
1779 4161 1934 4233 quod
1968 4159 2128 4216 nullo
2238 4161 2337 4218 nia
2365 4178 2607 4234 possum
2649 4143 2708 4216 in
2750 4179 2815 4218 eo
2847 4163 2945 4235 qui
2976 4143 3100 4219 ime
3157 4143 3480 4221 confortat'
3503 4163 3634 4218 Jesu
3661 4156 3840 4214 Christo

477 4255 692 4329 linguae
723 4252 912 4310 ofﬁcio
937 4251 1234 4326 explicari,
1259 4252 1360 4307 sed
1393 4251 1600 4306 intimo
1637 4249 1888 4323 pectoris
1919 4250 2128 4305 affectu
2239 4251 2408 4325 (Phil.
2442 4251 2540 4323 ιν).

475 4347 573 4403 vix
599 4343 787 4402 valeat
815 4341 1270 4414 comprehendi:
1297 4341 1368 4396 Et
1399 4341 1524 4396 ideo
1558 4344 1710 4394 totas
1741 4338 1948 4394 animae
1977 4339 2130 4395 vires
2273 4342 2308 4395 8
2379 4341 2691 4396 Esurientes
2722 4340 2970 4412 implevit
2999 4341 3173 4398 bonis.

479 4435 540 4490 in
571 4431 816 4507 agendis
845 4430 1166 4504 gratiarum
1197 4428 1474 4486 laudibus
1504 4430 1700 4485 oﬂ'ero.
2381 4433 2449 4484 Et
2475 4429 2666 4485 divites
2693 4427 2908 4486 dimisit
2937 4431 3148 4486 inanes.

495 4527 552 4580 .2
622 4524 688 4577 Et
713 4521 1011 4577 exsultavit
1036 4521 1268 4591 spiritus
1295 4535 1468 4574 meus.
2160 4543 2208 4610 Β
2310 4519 2353 4574 Β
2383 4519 2718 4575 Esurientes
2763 4517 3039 4589 coelestia,
3073 4518 3408 4593 implentur
3450 4519 3544 4576 hic
3584 4510 3846 4610 virtutibus

627 4614 688 4666 In
717 4611 822 4665 Deo
849 4609 1089 4666 salutari
1117 4624 1252 4665 meo.
2160 4597 2205 4610 ”
2238 4607 2592 4674 οωΙθεῐίὺυε,
2615 4611 2671 4663 et
2699 4611 2832 4680 post
2873 4611 3121 4664 mortem
3153 4612 3381 4664 aeterna
3409 4603 3779 4664 beatitudine:
3803 4597 3847 4649 et

551 4701 622 4756 Et
641 4697 952 4756 exsultavit
974 4696 1216 4770 spiritus
1246 4713 1416 4752 meus
1439 4714 1452 4752 :
1478 4695 1618 4769 quia
1646 4701 1702 4752 et
1739 4696 2001 4768 ejusdem
2031 4697 2127 4753 Je-
2239 4697 2340 4770 qui
2361 4696 2606 4752 terrenis
2627 4695 2848 4752 divitiis
2861 4695 2951 4752 vel
2975 4695 3306 4754 honoribus
3325 4686 3849 4772 gloriantur,quibn9

477 4807 572 4859 su,
593 4789 650 4846 id
674 4792 766 4846 est
797 4786 1073 4845 salutaris
1109 4790 1326 4842 aeterna
1346 4773 1648 4842 divinitate
1686 4786 1930 4858 spiritus
1960 4803 2128 4844 meus
2237 4786 2478 4844 refertos
2509 4801 2570 4840 se
2614 4788 2849 4852 norunt,
2875 4785 3042 4842 vacui
3089 4785 3517 4858 relinquuntur
3559 4777 3846 4840 virtutibus,

475 4881 736 4938 laetatur:
759 4879 888 4952 ejus
909 4893 1042 4934 mea
1061 4892 1194 4934 caro
1215 4874 1518 4949 temporali
1540 4875 1918 4948 conceptione
1937 4875 2130 4932 fecun-
2235 4879 2294 4932 et
2321 4878 2455 4948 post
2483 4873 2636 4930 hanc
2663 4873 2841 4929 vitam
2870 4877 3085 4930 aeterna
3105 4874 3473 4932 laborabunt
3502 4871 3704 4946 inepia,

473 4971 665 5028 datur.
690 4969 794 5026 Cui
821 4966 1016 5024 simile
1045 4971 1135 5024 est
1162 4965 1510 5022 Psalmistae.
1531 4965 1741 5020 Anima
1771 4967 1967 5020 autem
1999 4982 2130 5022 mea
2269 4965 2305 5020 9
2377 4965 2623 5035 Suscepit
2652 4963 2823 5018 Israel
2847 4979 3084 5035 puerum
3107 4979 3300 5020 suum.

470 5058 788 5118 exsultabit
816 5057 876 5112 in
908 5057 1155 5113 Domino
1177 5059 1234 5112 et
1263 5054 1651 5110 delectabitur
1674 5070 1852 5126 super
1881 5053 2127 5112 salutari
2260 5084 2266 5091 -
2376 5052 2700 5110 Recordatus
2729 5053 3128 5110 misericordia:
3153 5068 3298 5111 suae.

477 5167 586 5208 suo
615 5147 789 5220 (Psal.
823 5147 1034 5217 xxxxv).
2305 5141 2573 5214 Suscepit
2605 5141 2780 5198 Israel
2813 5157 2826 5196 :
2860 5141 3058 5212 Israel,
3091 5141 3150 5198 id
3193 5147 3290 5199 est
3335 5141 3536 5198 omnis
3562 5139 3747 5196 videns
3773 5143 3851 5204 per

509 5240 545 5295 3
620 5219 760 5307 Quia
787 5237 1026 5306 respexit
1053 5235 1422 5292 humilitatem
1449 5234 1676 5290 anc-1’le
1702 5249 1838 5291 suae.
2234 5232 2411 5288 ﬁdem
2460 5231 2667 5302 Deum,
2698 5229 3020 5303 suscipitur
3064 5247 3100 5287 a
3143 5231 3295 5301 Deo;
3333 5231 3481 5288 dum
3529 5245 3686 5303 puer,
3711 5223 3762 5280 id
3785 5219 3854 5276 est

618 5326 750 5381 Ecce
775 5325 926 5381 enim
963 5340 1034 5380 ex
1068 5325 1166 5380 hoc
1195 5325 1410 5380 beatam
1438 5339 1524 5379 mc
1548 5323 1730 5378 dicent
1755 5339 1938 5379 omnes
1965 5339 2125 5393 gene-
2233 5321 2477 5378 humilis
2505 5325 2562 5377 et
2589 5319 2868 5377 obediens
2894 5319 3088 5377 fuerit.
3121 5321 3398 5394 Suscepit
3423 5320 3602 5394 igitur
3629 5322 3764 5372 Deus
3791 5310 3854 5363 Is-

687 5414 944 5470 rationrs.
2233 5410 2352 5468 rael
2384 5427 2630 5484 puerum
2672 5426 2870 5478 suum,
2905 5411 3138 5483 quando
3177 5427 3428 5468 carnem
3461 5427 3532 5467 ex
3559 5401 3724 5465 Israel
3750 5414 3854 5457 sur-

545 5502 692 5571 Quia
735 5501 1006 5576 respexit.
1037 5503 1216 5575 Cujus
1264 5501 1568 5558 humilitas
1616 5500 1948 5575 respicitur,
1971 5508 2125 5558 recte
2233 5519 2366 5560 sum
2397 5501 2570 5576 cepit,
2603 5505 2661 5558 et
2702 5500 2945 5558 elevavit
2990 5517 3175 5575 usque
3228 5501 3307 5556 ad
3357 5501 3637 5556 unionem
3666 5486 3852 5548 Verbi:

474 5594 646 5682 beata
671 5591 948 5652 omnibus
990 5589 1459 5669 cognominanda
1495 5590 1843 5670 gratulatur.
1877 5590 2126 5649 Decebat
2234 5591 2492 5666 suscepit
2523 5591 2662 5648 dum
2713 5590 2825 5647 sibi
2861 5591 2919 5648 in
2949 5593 3116 5652 utero
3164 5589 3365 5652 Maria:
3395 5587 3642 5666 virginis
3671 5583 3724 5642 in
3753 5591 3856 5656 per-
