3986 6164
234 328 318 395 35⁸1
416 398 425 405 ,
978 329 1379 392 COMMENT.
1429 334 1505 391 ΙΝ
1553 332 2012 395 ORATIONEM
2058 335 2740 431 DOMINICAM,‘ETC.
3441 341 3559 400 558

226 456 338 525 Iona
361 461 540 519 univit.
574 460 639 515 Et
668 452 775 516 hoc
804 477 920 516 non
956 462 1177 518 meritis
1208 461 1424 519 nostris
1466 440 1569 519 aut
1614 463 1801 535 ipsius
1834 466 1885 531 Α
1910 468 1944 519 2
2057 466 2197 534 Quia
2227 467 2479 525 viderunt
2505 472 2653 525 oculi
2680 472 2807 525 mei.

220 544 360 612 ISrael
404 549 545 623 pueri
595 548 707 616 sui,
741 550 841 604 sed
891 550 1289 607 misericordia
1337 568 1445 610 sua
1490 551 1797 621 indicibili,
2049 555 2305 611 Salutare
2330 565 2507 613 tuum.

216 646 350 715 cujus
371 639 684 696 recordatus
714 643 818 695 est.
1978 644 2125 710 Quia
2162 644 2433 702 viderunt
2465 664 2478 701 :
2513 647 2669 703 Beati
2720 649 2872 704 oculi
2925 650 3024 721 qui
3070 651 3270 706 vident
3316 654 3468 722 (Luc.
3502 656 3568 722 x)

214 734 266 788 10
323 731 455 787 Sicut
478 729 681 784 locutus
709 732 785 783 est
815 728 885 783 ad
911 735 1091 799 patres
1119 737 1349 785 nostros.
1906 750 2034 805 quae
2064 734 2297 789 Simeon
2327 735 2491 791 vidit.
2530 736 2685 793 Beati
2711 738 2811 810 qui
2843 755 2959 794 non
2990 739 3263 795 viderunt
3287 743 3346 796 et
3375 741 3563 797 credi-

320 818 562 874 Abraham
588 823 639 872 et
666 817 867 872 semini
889 818 1008 889 ejus
1038 818 1095 872 in
1121 818 1349 874 saecula.
1906 821 2115 877 derunt
2147 823 2332 895 (Joan.
2363 825 2480 895 xx).
3536 844 3566 877 ι,

220 912 225 917 ‘
259 908 395 964 Sicut
422 907 639 962 locutus
669 909 758 961 est
802 906 873 959 ad
922 909 1117 977 patres
1166 910 1398 961 nostros
1431 924 1444 961 :
1478 905 1587 962 hoc
1635 906 1794 962 enim
1901 911 1936 966 3
2072 912 2231 984 Quod
2254 915 2488 984 parasti.
2522 915 2656 971 Ante
2681 918 2884 987 [aciem
2921 918 3167 972 omnium
3209 918 3566 989 populorum.

205 999 259 1053 ad
282 1001 447 1068 patres
472 998 525 1050 et
561 993 876 1066 prophetas
928 994 1293 1066 loquebatur,
1328 994 1482 1067 quod
1532 995 1793 1051 facturus
1973 1003 2133 1067 Quod
2169 1003 2407 1074 parasti.
2444 1003 2591 1059 lllud
2625 1004 2821 1077 inquit
2853 1005 3048 1077 ipsum
3098 1006 3254 1078 quod
3298 1011 3560 1079 postmo-

203 1089 322 1143 esset
348 1085 481 1139 hanc
522 1082 986 1138 misericordiam
1035 1084 1278 1138 Abrahae
1310 1089 1367 1139 et
1396 1084 1604 1139 semini
1640 1085 1789 1155 ejus,
1901 1090 2041 1146 dum
2075 1091 2352 1147 omnibus
2381 1091 2656 1164 gentibus
2687 1098 2745 1148 et
2777 1093 3011 1166 populis
3041 1099 3100 1150 et
3127 1094 3349 1169 linguis
3369 1099 3563 1151 mente

201 1175 247 1230 id
267 1178 341 1229 est
363 1171 507 1227 omni
539 1172 714 1226 fidem
745 1188 912 1227 suam
944 1171 1218 1227 imitanti.
1899 1196 1965 1235 ac
1996 1180 2109 1235 fide
2141 1181 2618 1253 conspiciendum
2651 1182 2896 1254 parasti,
2929 1188 2985 1239 et
3017 1200 3120 1257 spe
3152 1201 3218 1241 ac
3248 1184 3561 1241 dilectione

587 1277 949 1333 C\NTICUM
990 1278 1343 1334 SIMEOle,
1897 1269 2275 1341 quaerendum
2310 1270 2660 1342 praevidisti,
2697 1270 2823 1343 ipse
2848 1271 2946 1327 diu
2982 1272 3561 1340 desideratum,nunc

704 1366 851 1404 Luca:
888 1365 1161 1406 CAPITULO
1192 1367 1232 1405 ῐ.
1897 1361 1955 1412 et
1985 1358 2177 1413 carnis
2208 1362 2267 1413 et
2286 1359 2479 1416 cordis
2504 1358 2701 1415 oculis
2722 1364 2889 1415 tuum
2907 1360 3162 1418 salutare
3177 1363 3554 1436 contemplor.

196 1449 214 1503 1
302 1448 438 1503 Num:
462 1445 699 1502 dimittis
725 1463 943 1502 servum
970 1454 1143 1514 tuum,
1178 1449 1422 1503 Domine.
1896 1447 1929 1501 4
2038 1449 2245 1503 Lumen
2275 1448 2344 1504 ad
2368 1449 2759 1505 reuelationem
2794 1452 3057 1518 gentium.

298 1535 586 1592 Secundum
617 1536 840 1592 verbum
871 1544 1027 1592 tuum.
1059 1538 1119 1591 in
1144 1553 1297 1608 pace.
2037 1537 2104 1591 Et
2130 1537 2366 1605 gloriam
2393 1538 2566 1608 plebis
2596 1544 2714 1595 tua:
2744 1539 2932 1595 Israel.

240 1624 379 1680 Nunc
408 1623 657 1681 dimittis
690 1641 703 1679 :
735 1624 898 1680 vides
929 1641 1042 1680 non
1077 1624 1269 1681 solum
1300 1624 1567 1690 Novi,sed
1601 1628 1658 1679 et
1683 1625 1789 1681 Ve-
1967 1624 2211 1691 Lumen,
2246 1624 2442 1681 lumen
2475 1626 2714 1699 quidem
2746 1627 2978 1700 utrique
3023 1628 3258 1701 populo,
3294 1629 3549 1687 salutare

186 1716 293 1771 teris
317 1714 665 1770 Testamenti
686 1715 1015 1793 justos,§pe
1048 1714 1252 1770 futurae
1277 1713 1405 1769 vitae
1428 1714 1783 1770 desiderium
1895 1713 2017 1775 Dei,
2044 1714 2101 1768 id
2135 1717 2223 1769 est
2250 1715 2515 1770 Christus
2547 1734 2580 1771 a
2612 1716 2726 1771 Deo
2771 1720 3012 1789 paratus
3059 1723 3167 1774 est.
3198 1718 3306 1785 Qui
3350 1723 3549 1777 tamen

185 1803 414 1859 habuisse
467 1802 825 1859 dissolvendi
862 1820 893 1858 a
918 1818 1158 1875 corpore
1190 1818 1203 1855 :
1238 1802 1356 1858 imo
1416 1803 1574 1874 pacis
1629 1803 1782 1858 viam
1824 1842 1865 1880 η
1898 1800 2084 1873 gloria
2113 1802 2303 1875 magis
2332 1803 2549 1859 dicitur
2578 1804 2774 1875 Israel,
2798 1805 2893 1860 cui
2924 1806 3025 1861 diu
3076 1811 3347 1879 speratur
3376 1811 3552 1880 (Rom.

183 1892 468 1965 deputasse,
504 1892 801 1951 sarcinam
849 1893 1137 1964 deponere
1185 1895 1540 1958 terrestrem,
1583 1896 1793 1964 utputa
1820 1891 1867 1907 "
1900 1891 2001 1963 1x),
2034 1895 2090 1947 et
2120 1908 2186 1946 cx
2219 1908 2333 1963 quo
2365 1894 2778 1964 pronuntiatus
2825 1895 3078 1950 advenit.
3112 1896 3387 1954 Gentium
3419 1914 3555 1955 vero

184 1981 258 2052 qui
285 1998 337 2037 se
366 1981 417 2036 in
448 1982 584 2038 sinu
618 1981 862 2038 Abrahae
894 1981 1150 2054 requiem
1188 1998 1302 2035 non
1327 1981 1664 2037 dubitarent
1693 1980 1792 2036 ha-
1901 1980 2191 2051 revelatio,
2225 1997 2370 2054 quas
2399 1981 2634 2038 visitare
2664 1986 2721 2037 et
2753 1982 3047 2041 illustrare
3086 1986 3302 2058 pariter
3345 1987 3553 2059 digna-

182 2068 363 2126 bituros
392 2088 516 2127 esse
549 2076 921 2145 perpetuum.
1899 2073 1998 2125 tus
2024 2074 2130 2125 est.

1845 2250 3548 2282 mu

1046 2429 1656 2533 SANGTI
1749 2425 2637 2535 BRUN‘NOIS

1384 2653 1701 2710 EPISCOPI
1742 2654 2305 2712 HERBIPOLENSIS

1317 2969 2379 3059 COMMENTARIUS

456 3185 557 3273 IN
623 3162 1200 3273 ORATIO‘NEM
1264 3182 1857 3291 DOMINIGAM,
1902 3182 2440 3272 SYMBOLUM
2501 3181 3227 3273 APOSTOLORUM

1818 3373 1876 3409 ΕΤ

1382 3505 1689 3578 FIDEM
1758 3504 2328 3576 ATHANASH.

1634 3680 2061 3692 -—-—

630 3807 893 3864 ORATIO
931 3808 1300 3864 DOMINICA.
1818 3810 1861 3876 α
1900 3806 2152 3874 enim,ut
2181 3805 2447 3861 Christus
2481 3810 2683 3877 regnet
2714 3805 2774 3861 in
2807 3806 3062 3875 nobis,et
3092 3825 3208 3863 non
3239 3806 3538 3865 diabolum

402 3886 682 3954 MAN-inm
721 3914 995 3954 CAPITULO
1032 3914 1088 3953 Vi
1128 3915 1195 3952 ενι·
1234 3914 1395 3952 ιυωε
1432 3915 1507 3952 x1.
1900 3897 1958 3952 id
1988 3900 2078 3952 est
2106 3894 2363 3951 Ecclesia
2407 3893 2619 3951 Christi
2668 3911 2901 3968 semper
2945 3902 3183 3964 crescat,
3216 3897 3275 3953 in
3311 3915 3427 3971 qua
3456 3916 3542 3955 re-

165 4003 185 4054 1
275 4007 435 4062 Pater
452 4009 657 4062 ποειαν
684 4006 781 4077 qui
806 4021 860 4059 εδ
891 4007 949 4059 in
981 4005 1148 4060 603153,
1448 3996 1453 3999 “
1900 3988 2041 4077 gnat
2068 3990 2220 4040 Deus
2251 4001 2265 4038 :
2293 3987 2349 4038 et
2379 3983 2504 4077 dies
2526 3984 2737 4077 judicii
2760 3984 3057 4077 adveniat,
3078 3987 3385 4077 qu-ia‘tunc
3415 3989 3541 4043 dia-

219 4091 564 4167 Discipulus.
601 4093 663 4148 In
692 4072 955 4148 oratione
985 4092 1290 4147 Dominica
1315 4096 1457 4164 quot
1485 4092 1792 4164 petitiones

1987 4074 2077 4129 lus
2108 4090 2351 4144 regnare
2378 4074 2435 4126 in
2471 4074 2691 4128 mundo
2742 4073 2983 4141 desistit,
3018 4076 3075 4127 et
3103 4072 3374 4130 Christus
3427 4093 3561 4132 cum

162 4161 462 4238 habentur?
495 4182 804 4254 Magister.
849 4182 1103 4253 Septem.
1146 4181 1210 4237 D.
1246 4161 1379 4247 Quae
1428 4161 1519 4236 est
1565 4180 1736 4253 prim:

1775 4182 1797 4238 τ
1908 4162 2130 4219 sanctis
2157 4161 2281 4217 suis
2312 4162 2369 4215 in
2396 4166 2676 4216 mternum
2710 4161 2979 4233 regnabit
3007 4163 3059 4231 (I
3083 4161 3203 4217 Cor.
3235 4163 3349 4233 xv).

164 4265 225 4322 Μ.
253 4270 666 4327 Sanctificatur
714 4286 929 4325 nomen
986 4275 1176 4325 tuum.
1243 4272 1303 4325 Ι).
1360 4272 1472 4325 Hoc
1523 4271 1678 4341 quod
1735 4270 1795 4325 in
1909 4271 1942 4324 4
2051 4270 2171 4324 Fiat
2198 4268 2448 4322 voluntas
2478 4275 2571 4323 tua
2601 4268 2743 4325 sicut
2768 4269 2829 4322 in
2857 4268 2988 4323 ewlo
3017 4276 3067 4323 et
3094 4269 3347 4324 interra.

161 4359 319 4429 capite
347 4365 459 4427 est,
488 4360 670 4416 Pater
700 4363 897 4415 noster
925 4359 1023 4430 qui
1070 4376 1133 4415 es
1182 4358 1240 4413 in
1290 4358 1470 4427 caelis,
1505 4359 1798 4429 quomodo
1982 4358 2027 4413 D
2052 4359 2186 4423 Quae
2216 4360 2305 4411 est
2332 4356 2545 4412 tertia?
2575 4356 2652 4411 M.
2688 4355 2812 4411 Fiat
2852 4355 3124 4412 voluntas
3171 4360 3274 4413 tua
3318 4358 3472 4414 sicut
3504 4358 3564 4415 in

162 4443 527 4521 intelligitur?
560 4449 640 4504 M.
678 4448 762 4503 Ibi
794 4448 951 4503 enim
1001 4447 1289 4503 invocatio
1337 4446 1660 4503 divinitatis
1690 4452 1798 4516 est,
1912 4446 2054 4503 coelo
2085 4445 2225 4502 etin
2256 4449 2429 4501 terra.
2461 4445 2527 4500 D.
2562 4445 2863 4510 Quomodo
2902 4450 2992 4501 est
3038 4445 3460 4520 intelligenda?
3484 4447 3563 4503 M.

159 4533 279 4591 dum
302 4538 540 4594 Patrem
584 4554 695 4593 nos
745 4536 959 4592 habere
1008 4537 1352 4608 profitemur
1398 4537 1583 4591 Deum
1617 4552 1630 4590 :
1667 4536 1805 4608 quia
1914 4535 2077 4591 Sicut
2106 4532 2297 4607 angeli
2329 4534 2387 4588 in
2421 4532 2564 4589 ccelo
2592 4537 2707 4589 tua:
2740 4533 3021 4591 obediunt
3068 4534 3377 4604 voluntati,
3407 4536 3491 4593 ita
3512 4541 3571 4593 et

160 4638 339 4682 omnes
369 4628 593 4683 fratres
623 4642 855 4692 sumus,
883 4629 941 4681 et
970 4626 1153 4681 Deum
1184 4626 1411 4681 Patrem
1436 4612 1723 4681 habemus
1742 4625 1802 4681 in
1906 4623 2055 4695 justi
2084 4622 2144 4678 in
2176 4627 2332 4678 terra
2362 4623 2577 4678 faciant
2609 4639 2622 4678 :
2657 4627 2714 4679 et
2745 4622 2898 4679 sicut
2930 4624 2990 4679 in
3043 4626 3283 4695 sanctis,
3316 4626 3400 4682 ita
3426 4625 3569 4682 etin

158 4713 298 4770 caelis
321 4718 556 4783 (Matth.
588 4717 753 4783 xxm)
1914 4711 2316 4785 peccatoribus
2347 4716 2448 4767 tua
2473 4711 2742 4768 voluntas
2770 4711 3103 4784 impleatur.

158 4818 189 4870 2
281 4821 686 4894 Sanctiﬁdetur
711 4837 910 4878 nomen
943 4824 1118 4876 tuum.
1915 4820 1952 4873 5
2058 4820 2265 4873 Panem
2292 4826 2542 4874 nostrum
2568 4817 2953 4890 quotidianum
2981 4819 3051 4875 da
3079 4821 3238 4875 nobis
3264 4819 3423 4876 hodie
3441 4839 3462 4875 :

222 4913 278 4964 D.
309 4913 372 4966 ln
406 4912 614 4983 prima
642 4909 923 4983 petitione
953 4926 1131 4981 quam
1164 4908 1382 4977 dixisti,
1417 4907 1554 4981 quid
1590 4907 1808 4964 intelli-
1990 4908 2035 4962 D
2067 4909 2203 4972 Quae
2227 4911 2317 4961 est
2349 4906 2704 4983 quarta?_M.
2744 4906 2955 4963 Panem
2987 4912 3254 4963 nostrum
3287 4908 3573 4980 quotidia-

163 4981 965 5065 gendum_est?M‘.AChristo
995 4997 1151 5054 enim
1193 4996 1563 5053 Christianus
1593 4997 1812 5052 deriva-
1921 5012 2063 5052 num
2105 4996 2179 5051 da
2225 4996 2395 5050 nobis
2444 4981 2633 5050 hodie.
2663 4994 2729 5050 D.
2764 4995 2911 5060 Quid
2960 4994 3020 5049 in
3069 5012 3138 5052 ea
3184 4995 3574 5070 intelligitur?

160 5086 260 5151 tur,
283 5093 338 5143 et
355 5088 495 5145 ideo
528 5088 674 5143 dum
705 5086 1023 5144 Christiani
1053 5085 1571 5150 vocamur,Christi
1596 5102 1810 5141 nomen
1920 5087 1998 5142 M.
2032 5084 2149 5140 Hoc
2174 5084 2300 5139 loco
2324 5083 2491 5156 panis
2524 5100 2625 5155 pro
2656 5082 2932 5139 omnibus
2979 5083 3124 5139 cibis
3167 5085 3470 5158 accipitur,
3501 5088 3574 5145 de

162 5173 434 5248 tenemus,
465 5181 528 5233 et
560 5175 985 5249 supplicamus,
1015 5180 1082 5230 ut
1128 5191 1303 5248 opera
1351 5174 1564 5231 Christi
1617 5174 1803 5229 facere
1834 5180 1880 5245 D
1913 5174 2129 5247 quibus
2157 5172 2349 5228 vivere
2381 5172 2730 5227 debeamus:
2771 5187 3080 5243 precamur
3118 5173 3295 5228 etiam
3337 5192 3441 5246 pro
3480 5192 3572 5232 as-

159 5260 469 5334 valeamus,
484 5270 551 5322 et
578 5281 787 5321 nomen
811 5281 984 5321 suum
1014 5279 1117 5337 per
1136 5280 1312 5336 opera
1341 5264 1491 5319 bona
1523 5268 1723 5319 nostra
1750 5265 1809 5319 in
1920 5262 2257 5336 sumptione
2306 5260 2566 5333 corporis
2601 5259 2815 5316 Christi
2852 5277 2864 5315 :
2900 5260 3158 5332 petimus
3189 5262 3457 5336 denique
3510 5260 3578 5320 ut

161 5352 299 5407 nobis
326 5353 757 5410 sanctiﬁcatum
1922 5351 2092 5407 nobis
2114 5350 2374 5423 seipsum
2398 5350 2618 5406 tribuat
2645 5348 2745 5420 qui
2775 5353 2864 5404 est
2882 5342 3065 5421 'panis
3097 5351 3289 5423 vivus(
3302 5355 3577 5426 Joarmn).

158 5446 188 5500 3
281 5452 562 5508 Adveniat
590 5467 817 5524 regnum
848 5455 1024 5507 tuum.
1919 5452 1955 5505 6
2063 5450 2129 5504 Et
2154 5449 2372 5505 dimitte
2400 5448 2557 5504 nobis
2585 5447 2767 5503 debita
2792 5453 2979 5503 nostra
3006 5466 3028 5503 .·

221 5534 282 5590 Ι).
312 5540 454 5606 Quae
518 5539 783 5595 secunda
839 5537 1084 5611 petitio?
1116 5538 1193 5593 M.
1226 5537 1509 5594 Adveniet
1563 5553 1810 5612 regnum
2062 5537 2215 5595 Sicut
2238 5541 2291 5595 et
2316 5553 2416 5594 nos
2445 5536 2775 5593 dimittimus
2794 5535 3131 5595 debitoribus
3161 5542 3382 5598 nostris.

158 5624 333 5685 tuum.
367 5626 438 5689 D.
474 5625 633 5699 Quid
662 5626 743 5686 ibi
791 5627 1237 5705 intelligendum
1285 5627 1421 5685 est?
1451 5627 1528 5684 M.
1563 5626 1811 5688 Oramus
1993 5627 2059 5686 D.
2093 5628 2228 5698 Quae
2259 5631 2347 5685 est
2377 5624 2628 5704 quinta?
2660 5624 2737 5684 M.
2770 5625 2837 5688 Et
2884 5625 3116 5689 dimitte
3171 5627 3340 5687 nobis
3387 5624 3582 5689 debita
