3986 6164
470 311 588 375 559
1384 315 1450 371 S.
1498 311 1888 374 BRUNONIS
1934 310 2550 375 HEHBIPOLENSIS
2596 310 2972 373 EPISCOPI.
3714 321 3812 380 569

469 445 846 518 nostra,sicut
868 449 926 502 et
955 462 1061 501 nos
1089 443 1441 500 dimittimus
1471 443 1832 500 debitoribus
1872 443 2106 500 nostris.
2139 445 2193 512 Α
2237 442 2408 516 cepit.
2444 444 2507 499 D.
2540 443 2686 508 Quid
2722 448 2854 516 post
2882 444 3052 501 hinc?
3084 445 3160 502 M.
3195 445 3302 502 sub
3343 447 3436 504 illo
3479 450 3616 505 enim
3660 455 3818 524 cruci;

470 535 538 592 D.
572 535 720 603 Quid
751 535 812 591 in
841 533 942 591 illa
961 533 1332 590 sentiendum
1355 533 1486 589 est?
1511 534 1585 588 M.
1607 535 1920 590 Precamnr
1939 534 2114 590 etiam
2227 533 2376 588 ﬁxus
2409 537 2582 602 est,et
2612 534 2670 589 in
2705 535 2908 591 eadem
2941 552 3112 592 cruce
3143 538 3624 607 mortuus,deinde
3643 542 3817 614 sepul.

471 631 539 684 ut
567 625 652 683 sic
681 625 938 682 dimittat
982 623 1151 681 nobis
1197 629 1434 696 peccata
1475 628 1694 693 nostra,
1729 625 1882 680 sicut
1925 627 1982 680 et
2010 640 2118 680 nos
2226 626 2324 678 tus
2355 625 2465 678 est.

471 715 828 772 dimittimus
857 711 1218 771 debitoribus
1247 713 1489 769 nostris.
2227 713 2264 766 5
2373 713 2664 770 Descendit
2693 713 2762 769 ad
2788 715 3014 785 inferna
3047 732 3060 769 :

471 808 502 858 7
611 806 676 860 Et
701 820 771 860 ne
795 819 890 860 nos
921 803 1148 859 inducas
1177 805 1238 858 in
1269 805 1638 860 tentationcm.

539 893 606 950 D.
638 895 773 960 Quis
803 897 894 950 est
921 892 1126 950 sexta?
1155 893 1231 949 M.
1256 893 1325 947 Et
1355 910 1426 948 ne
1457 909 1564 948 nos
1613 893 1860 948 inducas
1907 893 1962 947 iu
1996 896 2122 950 ten-

471 983 772 1040 tationem.
805 983 872 1040 D.
899 983 1201 1048 Quomodo
1231 983 1342 1039 hoc
1363 981 1750 1056 intelligitur?
1773 983 1847 1037 M.
1874 983 1998 1037 Non
2025 997 2124 1054 pe-

471 1071 654 1129 timus
682 1075 746 1128 ut
777 1089 894 1128 non
925 1075 1238 1142 tentemur,
1267 1071 1406 1143 quia
1437 1071 1537 1142 qui
1568 1088 1684 1126 non
1716 1076 1805 1126 est
1843 1075 2123 1138 tentatus,

473 1177 590 1218 non
616 1164 708 1218 est
735 1161 1015 1234 probatus
1047 1161 1218 1233 (Rom.
1237 1161 1434 1233 v),sed
1465 1177 1776 1232 precamur
1807 1177 1878 1216 ne
1910 1177 2015 1214 nos
2036 1159 2128 1216 in-

2378 803 2552 856 Tertia
2584 801 2671 857 die
2701 804 3008 858 resurrexit
3039 820 3070 856 a
3098 805 3347 859 mortuis.

2304 891 2372 945 Et
2403 895 2676 947 manente
2711 907 2950 964 corpore
2981 891 3039 946 in
3077 891 3360 964 sepulcro,
3395 893 3577 948 anima
3618 896 3728 967 ejus
3761 898 3820 952 ad

2233 979 2464 1036 inferna
2493 981 2816 1036 descendit.
2850 981 2929 1036 De
2961 995 3077 1052 quo
3108 981 3336 1037 inferno
3367 986 3586 1038 sanctos
3619 985 3826 1056 patriar-

2235 1068 2398 1136 chas,
2433 1068 2675 1138 scilicet,
2710 1069 3028 1136 Abraham,
3063 1071 3224 1126 Isaac
3271 1075 3329 1126 et
3354 1070 3525 1126 Jacob
3556 1076 3608 1126 et
3632 1077 3825 1128 sanctos

2237 1157 2552 1230 prophetas
2579 1158 3157 1226 Isaiam,Jeremiam,
3175 1163 3233 1215 et
3262 1158 3530 1232 reliquos,
3560 1167 3611 1216 et
3635 1166 3827 1218 caeteros

2238 1263 2442 1302 omnes
2475 1264 2622 1319 quos
2653 1247 3314 1320 elegitgnisericorditer
3337 1249 3668 1305 liberavit.Et
3691 1251 3826 1306 tertia

2239 1336 2332 1391 die
2363 1335 2544 1391 victor
2574 1337 2910 1392 resurrexit.
2946 1337 3013 1392 D.
3050 1337 3368 1410 Postquam
3399 1339 3687 1394 resurrexit
3713 1340 3824 1411 quid

2240 1424 2425 1480 fecit?
2451 1425 2526 1480 M.
2557 1425 2692 1480 Post
2720 1425 3152 1482 nobilissimam
3195 1433 3252 1483 et
3300 1427 3700 1484 sanctissimam
3725 1430 3825 1500 ejus

2242 1513 3138 1586 resurrectionem,conversatus
3166 1521 3258 1572 est
3279 1516 3646 1589 quadraginta
3662 1517 3826 1572 diebus

2242 1611 2292 1658 et
2344 1602 2714 1676 quadraginta
2772 1605 3043 1662 noctibus
3093 1623 3228 1678 cum
3280 1605 3574 1678 discipulis
3617 1605 3828 1662 suiszet

549 1694 618 1752 D.
647 1695 782 1762 Quae
807 1698 897 1752 est
935 1695 1228 1768 septima?
1255 1699 1329 1750 Μ.
1362 1697 1472 1752 Sed
1519 1695 1706 1752 libera
1753 1713 1860 1752 nos
1892 1714 1925 1751 a
1955 1694 2130 1752 male.
2244 1693 2620 1748 manducavit
2646 1709 2781 1748 cum
2828 1693 2966 1762 illis,
3003 1695 3188 1751 multa
3217 1695 3432 1754 docens
3461 1700 3513 1752 et
3541 1693 3752 1768 loquens
3775 1695 3830 1750 de

478 1783 547 1841 D.
578 1783 880 1849 Quomodo
909 1788 998 1841 est
1028 1783 1522 1859 intelligendum?
1557 1785 1632 1841 M.
1661 1785 1722 1841 Id
1753 1789 1842 1842 est
1874 1803 1907 1840 a
1935 1785 2132 1841 diabo-
2161 1821 2208 1859 η
2246 1796 2421 1853 regno
2453 1780 2553 1836 Dei
2588 1781 2726 1854 (Act.
2761 1785 2821 1850 1).
3617 1789 3626 1795 ”

478 1869 952 1944 lo,apeocato,et
980 1873 1053 1929 ab
1085 1871 1246 1929 omni
1277 1872 1432 1928 malo
1464 1873 2128 1930 tentamento.D.Amen
2161 1869 2208 1887 "
2239 1871 2276 1924 6
2381 1869 2634 1926 Ascendit
2659 1871 2728 1926 ad
2757 1872 2916 1928 cretes
2947 1890 2965 1928 :

478 1961 634 2033 quod
665 1961 725 2018 in
753 1961 870 2020 fine
899 1966 1010 2032 est,
1025 1962 1317 2034 quomodo
1342 1961 1692 2036 intelligitur
1719 1961 1808 2018 vel
1835 1963 2004 2034 cujus
2028 1961 2134 2016 lin-
2381 1959 2537 2016 Sedet
2565 1959 2635 2015 ad
2663 1961 2951 2018 dexteram
2978 1963 3078 2018 Dei
3103 1964 3293 2019 Patris
3324 1964 3699 2036 omnipotentis.

479 2066 604 2124 gues
655 2050 912 2108 dicitur?
942 2051 1020 2108 M.
1053 2053 1238 2108 Amen
1282 2051 1560 2107 llebraice
1603 2051 1835 2119 dicitur,
1867 2052 2022 2124 quod
2073 2051 2132 2106 in
2314 2052 2380 2102 D.
2403 2048 2552 2112 Quid
2573 2051 2820 2122 postea?
2841 2051 2916 2106 M.
2945 2050 3081 2106 Post
3101 2051 3222 2107 haec
3247 2068 3380 2108 vero
3405 2051 3705 2108 videntibus
3721 2048 3829 2118 illis,

483 2139 757 2196 Latinum
784 2157 1042 2208 versum,
1073 2156 1196 2198 vere
1224 2143 1282 2198 et
1308 2141 1544 2211 ﬁdeliter
1573 2141 1937 2214 intelligitur.
2241 2137 2519 2193 Ascendit
2548 2137 2607 2193 in
2640 2137 2870 2206 coelum,
2905 2140 3006 2196 ubi
3057 2141 3353 2213 quomodo
3398 2141 3519 2197 vult
3557 2147 3608 2196 et
3633 2139 3832 2212 qualiter

813 2282 1214 2340 SYMBOLUM
1252 2282 1803 2340 APOSTOLORUM.
2236 2224 2580 2340 vultasevdet
2608 2228 2679 2283 ad
2712 2229 3011 2285 dexteram
3039 2230 3229 2340 Patris
3274 2229 3691 2303 omnipotentis.

2241 2326 2276 2378 7
2385 2325 2514 2380 Inde
2544 2334 2804 2382 venturus
2833 2335 2909 2384 est
2943 2345 2956 2383 :
2987 2327 3242 2384 Judicare
3279 2331 3424 2384 vivos
3453 2337 3500 2384 ct
3528 2336 3750 2384 mortuos.

488 2409 514 2463 1
631 2406 798 2468 Credo
828 2409 890 2464 in
921 2411 1100 2464 Deum
1126 2410 1344 2465 Patrem
1369 2409 1789 2482 omnipotentem
1817 2426 1829 2464 :

2315 2421 2380 2477 D.
2414 2423 2563 2488 Quid
2595 2429 2726 2496 post
2755 2423 2876 2481 haec
2907 2425 3170 2482 facturus
3203 2427 3360 2483 erit?
3382 2427 3456 2482 M.
3481 2425 3650 2482 Finito
3672 2420 3832 2480 mundi

631 2497 939 2554 Creatorem
964 2497 1088 2554 caeli
1108 2505 1160 2554 et
1189 2503 1375 2556 terra).

2245 2512 2516 2580 termino,
2551 2529 2687 2568 cum
2719 2513 2846 2586 ipso
2887 2532 3144 2588 corpore,
3177 2533 3320 2572 cum
3370 2533 3483 2589 quo
3531 2513 3755 2571 ascendit
3789 2512 3831 2566 in

2247 2599 2479 2669 caelum,
2508 2607 2788 2658 venturus
2821 2608 2909 2660 est
2930 2605 3200 2676 judicare
3235 2606 3401 2662 vivos
3432 2609 3486 2662 et
3517 2609 3757 2661 mortuos.
3781 2600 3831 2656 D.

2247 2689 2394 2756 Quid
2421 2696 2560 2746 sunt
2589 2691 2702 2748 vivi
2734 2698 2790 2748 et
2819 2693 2959 2765 quid
2991 2700 3132 2751 sunt
3160 2695 3425 2751 mortui?
3456 2695 3528 2751 Μ.
3549 2693 3668 2760 vivi,
3690 2689 3830 2764 justi;

2248 2779 2484 2849 mortui,
2520 2785 2872 2852 peccatores.

2247 2877 2280 2930 8
2391 2877 2558 2939 Credo
2589 2879 2648 2932 in
2679 2878 2951 2950 Spiritum
2979 2888 3251 2936 sanctum.

2388 2965 2648 3021 Sanctam
2675 2968 2981 3023 Ecclesium
3009 2969 3364 3026 catholicam.

2318 3062 2384 3117 D.
2414 3063 2612 3118 Credis
2643 3063 2700 3119 in
2755 3065 3039 3136 Spiritum
3087 3069 3408 3124 sanctum?
3438 3066 3700 3124 M.-Credo
3739 3062 3833 3117 sine

2249 3151 2428 3208 dubio
2461 3152 2520 3207 in
2551 3153 2838 3224 Spiritum
2871 3159 3164 3213 sanctum.
3193 3157 3267 3213 D.
3302 3156 3448 3226 Quid
3479 3155 3600 3213 est?
3626 3155 3691 3211 M.
3717 3153 3834 3208 Dens

2250 3244 2340 3296 est
2368 3246 2426 3296 et
2454 3240 2514 3296 in
2546 3240 2829 3298 Trinitate
2853 3243 3025 3300 tertia
3052 3246 3480 3319 persona,quia
3508 3244 3615 3300 alia
3639 3247 3714 3299 est
3735 3256 3831 3313 pcr-

2250 3347 2393 3386 sona
2439 3330 2647 3398 Patris,
2681 3331 2796 3387 alia
2825 3331 2975 3401 Filii,
3009 3333 3126 3389 alia
3153 3334 3414 3407 Spiritus
3455 3334 3644 3390 sancti.
3674 3332 3725 3388 In
3745 3343 3832 3401 qua

2247 3419 2528 3475 Trinitate
2560 3438 2743 3476 unum
2774 3421 2956 3478 Deum
2983 3423 3223 3480 omnino
3260 3441 3389 3481 esse
3434 3425 3594 3480 credo
3621 3417 3830 3478 et‘oonﬁ-

2248 3513 2390 3565 teor.
2415 3515 2478 3566 D.
2511 3509 2715 3566 Credis
2745 3510 2805 3566 in
2839 3517 3102 3568 sanctam
3123 3512 3450 3570 Ecclesiam
3471 3509 3829 3572 catholicam,el

475 1250 653 1307 ducat
678 1249 738 1305 in
769 1250 1173 1316 tentationem,
1203 1266 1383 1321 quam
1411 1250 1652 1305 suiferre
1682 1267 1798 1304 non
1830 1248 2128 1321 possimus

473 1339 521 1408 (1
553 1338 675 1395 Cor.
706 1339 786 1410 χ),
820 1339 879 1396 id
909 1343 996 1396 est
1029 1356 1142 1396 non
1177 1338 1334 1394 sinat
1385 1355 1494 1394 nos
1541 1338 1598 1394 in
1649 1341 1967 1394 tentatione
1997 1355 2128 1410 pec-

477 1443 626 1484 care.
659 1427 941 1484 Inducere
987 1428 1144 1484 enim
1193 1427 1408 1483 dicitur
1451 1427 1624 1496 Deus,
1654 1445 1788 1483 cum
1840 1426 2130 1483 auxilium

478 1516 792 1573 subtrahit.

478 1606 515 1660 8
619 1604 724 1662 Sed
755 1605 928 1662 libera
955 1622 1052 1661 nos
1081 1623 1115 1662 a
1140 1606 1305 1662 malo.
1339 1608 1528 1662 Amen.

557 2585 625 2641 D.
658 2585 778 2642 Ista
801 2586 1080 2659 suscipio,
1104 2587 1206 2643 sed
1239 2587 1542 2660 qudniam,
1571 2586 1724 2643 sicut
1754 2588 2138 2654 nosti,omnes

485 2693 594 2733 nos
625 2692 729 2750 per
757 2676 931 2732 fidem
963 2675 1176 2732 salvari
1208 2676 1670 2749 credimus,rogo
1693 2681 1756 2732 ut
1777 2676 1938 2732 dicas
1969 2676 2134 2746 mihi,

485 2765 778 2839 quomodo
809 2765 986 2822 ﬁdem
1016 2769 1178 2821 tuam
1207 2765 1522 2837 intelligas,
1541 2765 1629 2821 vel
1659 2765 1838 2822 etiam
1869 2766 1928 2822 in
1961 2783 2137 2838 quem

485 2855 708 2911 credas.
743 2853 820 2910 M.
851 2855 970 2927 Ego
1001 2855 1172 2911 credo
1205 2854 1264 2910 in
1291 2855 1734 2921 Deum,Patrem
1766 2856 2137 2928 omnipoten~

484 2946 955 3014 tem,creatorem
987 2943 1114 3000 σα)Ιί
1147 2948 1204 3000 et
1234 2948 1420 3000 terrae.
1454 2945 1520 3000 D.
1553 2944 1739 3008 Quare
1769 2945 1984 3001 dicitur
2013 2963 2138 3001 om-

485 3033 842 3106 nipotens,et
871 3049 1050 3106 quare
1081 3033 1349 3089 creator?
1379 3034 1456 3089 Μ.
1492 3033 1872 3106 Omnipotens
1903 3033 2135 3102 dicitur,

486 3121 626 3195 quia
671 3121 871 3179 omnia
918 3125 1108 3195 potest
1157 3139 1518 3195 quaecunque
1567 3121 1724 3191 vult;
1774 3128 2020 3191 creator,
2071 3140 2138 3180 eo

487 3211 645 3283 quod
697 3210 896 3266 omnia
950 3211 1183 3279 creavit,
1218 3211 1428 3268 coelum
1487 3217 1544 3267 et
1603 3217 1836 3278 terram,
1867 3229 2026 3268 mare
2083 3218 2139 3269 et
2169 3195 2212 3261 Ο

490 3316 710 3356 ononla.

490 3389 527 3441 2
635 3387 700 3442 Et
729 3387 788 3441 in
816 3391 1006 3444 Iesum
1035 3389 1310 3446 Christum
1342 3391 1545 3446 Filium
1571 3392 1689 3462 ejus
1717 3393 1944 3447 unicum
1980 3409 1994 3447 :

634 3477 932 3532 Dominum
958 3485 1221 3534 nostrum.

562 3563 630 3619 D.
662 3563 863 3622 Credis
894 3565 952 3620 in
981 3566 1186 3623 Jesum
1217 3565 1559 3624 Christum?
1583 3567 1658 3624 M.
1693 3569 1944 3625 Omnino
1968 3570 2138 3626 credo

487 3653 550 3709 in
578 3645 783 3710 Jesum
813 3653 1109 3711 Christum
1142 3654 1350 3712 Filium
1381 3657 1511 3728 ejus
1542 3657 2136 3724 unicum,Dominum

486 3746 778 3810 nostrum,
809 3742 910 3816 qui
941 3748 1031 3800 est
1074 3761 1247 3800 verus
1296 3745 1452 3802 Deus
1503 3751 1560 3802 et
1609 3764 1780 3802 verus
1837 3747 2034 3804 homo.
2067 3748 2134 3803 D.

483 3831 784 3898 Quomodo
815 3831 988 3901 Deus,
1021 3837 1078 3889 et
1109 3834 1402 3906 quomodo
1433 3851 1602 3892 verus
1629 3834 1846 3892 homo?
1875 3837 1951 3890 M.
1983 3836 2136 3894 Deus

411 3974 422 3982 ,
480 3936 654 3978 verus
680 3925 790 3992 est,
825 3921 964 3996 quia
1009 3923 1102 3979 de‘
1129 3922 1350 3995 Spiritu
1406 3930 1608 3980 sancto
1658 3929 1973 3998 conceptus
2023 3930 2130 3996 est,

479 4005 656 4066 homo
685 4027 877 4078 verus,
911 4009 1049 4085 quia
1076 4028 1146 4068 ex
1177 4012 1360 4068 Maria
1386 4011 1610 4084 virgine
1641 4018 1815 4070 natus
1845 4019 1951 4070 cst.

477 4097 513 4154 3
620 4100 734 4171 Qui
765 4108 1048 4172 conceptus
1076 4107 1156 4157 est
1185 4099 1252 4156 de
1277 4103 1492 4174 Spiritu.
1523 4111 1709 4159 sancto
1743 4119 1756 4157 :

617 4191 798 4246 Natus
827 4205 897 4246 ex
927 4191 1110 4248 Maria
1137 4192 1372 4264 virgine.

547 4277 614 4334 D.
649 4278 792 4335 Ecce
823 4278 994 4335 illum
1026 4283 1252 4336 natum.
1288 4279 1436 4347 Quid
1485 4285 1685 4354 postea
1732 4281 1952 4338 factum
2002 4282 2130 4338 est?

475 4365 552 4422 M.
573 4366 713 4423 Post
742 4372 1008 4424 sanctam
1040 4368 1197 4425 enim
1227 4370 1355 4441 ejus
1387 4370 1750 4427 nativitatem
1775 4375 1944 4427 aetate
1965 4375 2022 4427 et
2041 4388 2130 4426 sa-

473 4453 696 4526 pientia
725 4473 1014 4527 crescens,
1046 4457 1290 4532 triginta
1318 4476 1506 4514 annos
1539 4459 1802 4531 implevit
1831 4461 1982 4533 (Luc.
2017 4460 2122 4533 ιιι).

477 4541 542 4600 In
573 4560 692 4617 qua
719 4545 896 4602 etiam
927 4550 1095 4603 aetate
1125 4565 1160 4604 a
1187 4547 1412 4604 Joanne
1443 4548 1702 4620 Baptista
1731 4549 2009 4621 dignatus
2039 4554 2128 4606 est
2155 4565 2202 4630 D

474 4631 778 4706 baptizari,
813 4638 870 4691 et
898 4640 1032 4708 post
1055 4637 1415 4709 baptismum
1449 4637 1636 4694 tribus
1666 4638 1838 4694 annis
1867 4642 1922 4694 et
1951 4639 2124 4694 dimi-

473 4721 570 4779 dio
600 4722 897 4781 docuit.Et
923 4725 1254 4799 praedicavit
1282 4727 1480 4786 omnia
1509 4744 1636 4800 quae
1667 4727 1739 4783 ad
1760 4727 1939 4784 vitam
1967 4733 2125 4784 aeter-

471 4826 609 4868 nam
636 4812 949 4886 pertinent.

469 4901 503 4956 4
614 4903 816 4960 Passus
843 4904 943 4962 sub
971 4906 1165 4962 Pontio
1188 4907 1372 4962 Pilato
1405 4923 1418 4962 :

613 4991 942 5065 Cruciﬁxus,
973 5004 1222 5052 mortuus
1251 5001 1304 5052 et
1333 4997 1594 5068 sepultus.

541 5077 627 5133 D."
641 5079 779 5136 Post
801 5081 952 5139 hanc
981 5085 1454 5156 przedicationem
1486 5084 1625 5158 quid
1649 5085 1867 5141 factum
1890 5084 2020 5140 est?
2043 5083 2117 5140 M.

470 5165 535 5223 In
579 5165 711 5240 ipsa
757 5171 1165 5242 praedicatione
1213 5175 1673 5248 comprehensus
1720 5178 1810 5230 est
1838 5190 1873 5230 a
1900 5173 2120 5231 Judazis

469 5254 694 5328 iniquis
721 5261 780 5313 et
805 5261 1067 5331 perfidis,
1100 5280 1134 5318 a
1164 5264 1380 5336 quibus
1411 5270 1649 5337 propter
1679 5263 1959 5320 invidiam
1989 5263 2117 5320 illo-

469 5359 603 5401 rum
632 5348 690 5401 et
717 5352 960 5420 propter
1005 5357 1239 5422 peccata
1282 5361 1504 5421 nostra,
1539 5353 1726 5410 multa
1772 5351 2120 5424 blasphema

469 5432 806 5508 multasque
836 5437 1139 5509 passiones
1169 5444 1276 5498 sub
1323 5443 1526 5499 Pontio
1572 5442 1779 5512 Pilato,
1811 5440 1913 5513 qui
1934 5441 2118 5512 judex

467 5525 594 5579 erat
613 5521 714 5582 illo
735 5527 997 5601 tempore
1023 5528 1082 5586 in
1110 5530 1882 5600 Judaea,sustinuit.D.Unde
1902 5527 2118 5586 dicitur

439 5610 755 5676 Pontius?
783 5614 861 5677 M.
891 5618 940 5676 A
967 5617 1094 5680 loco
1123 5619 1225 5678 ubi
1251 5624 1424 5679 natus
1454 5622 1584 5692 fuit,
1619 5621 1726 5680 hoc
1774 5634 1986 5678 nomen
2018 5635 2116 5678 ac-

2247 3603 2584 3654 sanctorum
2603 3601 3078 3658 communionem
3095 3601 3122 3656 ?
3140 3603 3413 3660 M.Credo
3431 3607 3668 3659 sanctam
3687 3594 3828 3654 Eccle-

2246 3687 2417 3756 siam,
2451 3689 2553 3744 sed
2585 3706 2700 3744 non
2730 3689 2792 3745 in
2822 3689 2982 3746 illam
3016 3691 3208 3758 credo,
3248 3693 3391 3765 quia
3437 3711 3546 3748 non
3591 3682 3827 3754 Deus,sed

2245 3778 2579 3834 convocatio
2597 3779 2683 3834 vel
2702 3781 3075 3853 congregatio
3104 3780 3570 3839 Christianorum
3598 3785 3648 3834 et
3668 3777 3828 3832 domus

2245 3866 2348 3922 Dei
2381 3873 2488 3922 est.
2526 3871 2589 3922 D.
2622 3868 2881 3924 Ecclesia
2912 3887 3029 3942 qua
3049 3869 3258 3943 lingua
3287 3871 3542 3928 dicitur?
3565 3870 3632 3925 M.
3661 3866 3826 3921 Greca.

2245 3955 2310 4011 D.
2345 3955 2492 4022 Quid
2526 3956 2944 4030 interpretatur
2975 3959 3590 4017 Latine.M.convocatio
3625 3971 3711 4012 seu
3739 3967 3830 4006 con-

2241 4048 2483 4118 gregatio
2513 4045 2997 4119 Christianorum,
3013 4048 3166 4104 sicut
3195 4051 3470 4123 superius
3495 4047 3622 4105 dixi.
3643 4045 3697 4100 Ι).
3717 4037 3824 4104 Quid

2239 4139 2328 4192 est
2358 4134 2687 4192 catholica?
2717 4135 2792 4191 Μ.
2825 4135 3206 4205 Universalis,
3241 4139 3302 4194 id
3335 4144 3424 4195 est
3454 4156 3552 4211 per
3579 4141 3736 4190 totum
3760 4143 3826 4183 or-

2240 4224 2372 4280 bem
2405 4223 2638 4281 diﬂ'usa.

2379 4323 2702 4380 Sanctorum
2730 4327 3185 4381 communionem.

2307 4421 2652 4476 Sanctorum
2701 4438 2932 4494 quoque
2981 4423 3484 4489 communionem,
3514 4421 3568 4476 id
3609 4422 3684 4474 est
3721 4425 3822 4469 cum

2234 4599 2424 4668 credo,
2457 4599 2506 4655 si
2541 4599 2716 4655 fidem
2750 4599 2998 4657 firmiter
3026 4606 3272 4658 tenuero
3302 4607 3361 4659 et
3391 4599 3649 4674 operibus
3675 4605 3825 4650 serva-

2232 4705 2388 4745 VCPO.

2231 4786 2266 4839 9
2375 4786 2764 4842 Remissionem
2784 4797 3151 4859 peccatorum.

2229 4971 2333 5028 sed
2365 4989 2493 5029 esse
2523 4973 2928 5030 remissionem
2961 4980 3335 5046 peccatorum
3368 4974 3552 5040 credo,
3583 4967 3704 5043 quia
3718 4976 3818 5037 pro-

2231 5065 2358 5134 pter
2383 5061 2492 5117 hoc
2522 5062 2800 5135 dignatus
2830 5067 2921 5119 est
2953 5063 3049 5120 Dei
3078 5063 3260 5120 Filius
3291 5081 3524 5120 carnem
3552 5065 3817 5116 assumere,

2229 5156 2294 5207 ut
2323 5169 2428 5207 nos
2457 5152 2555 5224 qui
2602 5157 2838 5225 propter
2885 5159 3126 5225 peccata
3173 5158 3376 5210 nostra
3423 5150 3558 5208 salvi
3595 5160 3708 5204 esse
3730 5153 3817 5196 n01l

2227 5245 2585 5314 poteramus,
2617 5242 2745 5313 ejus
2776 5243 3179 5301 misericordia
3206 5243 3584 5300 salvaremur.

2231 5339 2298 5394 10
2373 5340 2566 5395 Carnis
2585 5343 3057 5398 resurrectionem.

2296 5436 2362 5492 D.
2396 5437 2597 5494 Credis
2628 5437 2688 5492 in
2721 5439 2914 5494 carnis
2932 5439 3419 5496 resurrectionem
3441 5432 3666 5492 ?M.Non
3681 5420 3814 5516 cred?

2225 5526 2286 5582 in
2317 5524 2480 5581 illam
2505 5543 2518 5582 :
2544 5526 2646 5582 sed
2679 5543 2917 5584 carnem
2949 5545 3127 5601 quam
3148 5529 3208 5585 in
3229 5527 3341 5584 hac
3361 5527 3481 5582 vita
3505 5522 3609 5579 sub
3629 5506 3814 5573 mortin

2225 5615 2557 5678 conditione
2583 5621 2911 5692 portamus,
2936 5622 3399 5679 resurrecturum
3421 5630 3544 5676 esse
3571 5603 3816 5668 immorta-

2235 4510 2456 4566 sanctis
2513 4510 2848 4566 societatem
2899 4516 2956 4566 et
3001 4513 3480 4582 communionem
3529 4526 3614 4566 me
3658 4503 3824 4560 habere
3908 4529 3909 4535 η

2302 4882 2370 4938 D.
2403 4883 2601 4939 Credis
2632 4884 2694 4938 in
2727 4884 3136 4941 remissionem
3170 4883 3581 4959 peccatorum?
3606 4881 3674 4937 M.
3708 4875 3819 4934 Non.
3901 4891 3903 4975 χ
