  <div class='ocr_page' id='page_1' title='image "/cluster/home/n/w/nwhite01/storage/ocr_20150623/142/hvd.32044054760020/287.png"; bbox 0 0 3986 6164; ppageno 0'>
   <div class='ocr_carea' id='block_1_1' title="bbox 479 241 2053 381">
    <p class='ocr_par' dir='ltr' id='par_1_1' title="bbox 479 269 2053 348">
     <span class='ocr_line' id='line_1_1' title="bbox 479 269 2053 348; baseline 0.007 -10"><span class='ocrx_word' id='word_1_1' title='bbox 479 269 610 338; x_wconf 79' lang='grc'>563·</span> <span class='ocrx_word' id='word_1_2' title='bbox 1411 283 1470 344; x_wconf 94' lang='lat' dir='ltr'>S.</span> <span class='ocrx_word' id='word_1_3' title='bbox 1522 283 1919 348; x_wconf 76' lang='lat' dir='ltr'>BRUNONIS</span> <span class='ocrx_word' id='word_1_4' title='bbox 1967 287 2053 348; x_wconf 74' lang='grc' dir='ltr'>ΗΕ</span> 
     </span>
    </p>
   </div>
   <div class='ocr_carea' id='block_1_2' title="bbox 2245 241 3819 381">
    <p class='ocr_par' dir='ltr' id='par_1_2' title="bbox 2245 241 3819 381">
     <span class='ocr_line' id='line_1_2' title="bbox 2245 241 3819 381; baseline 0.006 -31"><span class='ocrx_word' id='word_1_5' title='bbox 2245 289 2583 361; x_wconf 65' lang='grc' dir='ltr'>»οιΕξςδῐε</span> <span class='ocrx_word' id='word_1_6' title='bbox 2630 247 3005 357; x_wconf 59' lang='lat' dir='ltr'>suscepi.</span> <span class='ocrx_word' id='word_1_7' title='bbox 3179 241 3200 264; x_wconf 52' lang='grc'><em>”</em></span> <span class='ocrx_word' id='word_1_8' title='bbox 3549 357 3558 369; x_wconf 78' lang='grc'><em>,</em></span> <span class='ocrx_word' id='word_1_9' title='bbox 3732 298 3819 381; x_wconf 64' lang='grc' dir='ltr'>θοι</span> 
     </span>
    </p>
   </div>
   <div class='ocr_carea' id='block_1_3' title="bbox 483 408 3816 508">
    <p class='ocr_par' dir='ltr' id='par_1_3' title="bbox 483 408 3816 508">
     <span class='ocr_line' id='line_1_3' title="bbox 483 408 3816 508; baseline 0.007 -41"><span class='ocrx_word' id='word_1_10' title='bbox 635 411 727 508; x_wconf 67' lang='lat' dir='ltr'>est</span> <span class='ocrx_word' id='word_1_11' title='bbox 753 408 1019 508; x_wconf 84' lang='lat' dir='ltr'>omnium</span> <span class='ocrx_word' id='word_1_12' title='bbox 1049 411 1242 508; x_wconf 64' lang='lat' dir='ltr'>frptor,</span> <span class='ocrx_word' id='word_1_13' title='bbox 1267 417 1322 472; x_wconf 89' lang='lat' dir='ltr'>et</span> <span class='ocrx_word' id='word_1_14' title='bbox 1351 434 1384 472; x_wconf 88' lang='lat' dir='ltr'>a</span> <span class='ocrx_word' id='word_1_15' title='bbox 1415 417 1574 474; x_wconf 89' lang='lat' dir='ltr'>nullo</span> <span class='ocrx_word' id='word_1_16' title='bbox 1596 418 1803 477; x_wconf 82' lang='lat' dir='ltr'>factus.</span> <span class='ocrx_word' id='word_1_17' title='bbox 1829 419 2128 480; x_wconf 90' lang='lat' dir='ltr'>Increatus</span> <span class='ocrx_word' id='word_1_18' title='bbox 2155 421 2465 498; x_wconf 47' lang='lat' dir='ltr'>Abuisset</span> <span class='ocrx_word' id='word_1_19' title='bbox 2490 423 2726 496; x_wconf 90' lang='lat' dir='ltr'>Filium,</span> <span class='ocrx_word' id='word_1_20' title='bbox 2761 443 3064 502; x_wconf 84' lang='lat' dir='ltr'>nunquam</span> <span class='ocrx_word' id='word_1_21' title='bbox 3097 426 3406 488; x_wconf 75' lang='lat' dir='ltr'>habuisset</span> <span class='ocrx_word' id='word_1_22' title='bbox 3435 446 3638 488; x_wconf 86' lang='lat' dir='ltr'>nomen</span> <span class='ocrx_word' id='word_1_23' title='bbox 3662 430 3816 508; x_wconf 70' lang='lat' dir='ltr'>Patris,</span> 
     </span>
    </p>
   </div>
   <div class='ocr_carea' id='block_1_4' title="bbox 485 498 3820 594">
    <p class='ocr_par' dir='ltr' id='par_1_4' title="bbox 485 498 3820 594">
     <span class='ocr_line' id='line_1_4' title="bbox 485 498 3820 594; baseline 0.007 -36"><span class='ocrx_word' id='word_1_24' title='bbox 485 498 998 572; x_wconf 86' lang='lat' dir='ltr'>Filius,increatus</span> <span class='ocrx_word' id='word_1_25' title='bbox 1015 502 1334 576; x_wconf 89' lang='lat' dir='ltr'>etSpiritus</span> <span class='ocrx_word' id='word_1_26' title='bbox 1349 510 1912 568; x_wconf 89' lang='lat' dir='ltr'>sanetus.lncreatus</span> <span class='ocrx_word' id='word_1_27' title='bbox 1927 511 2129 582; x_wconf 90' lang='lat' dir='ltr'>Filius,</span> <span class='ocrx_word' id='word_1_28' title='bbox 2241 511 2512 570; x_wconf 79' lang='lat' dir='ltr'>similiter</span> <span class='ocrx_word' id='word_1_29' title='bbox 2537 518 2592 572; x_wconf 87' lang='lat' dir='ltr'>et</span> <span class='ocrx_word' id='word_1_30' title='bbox 2623 515 2878 589; x_wconf 80' lang='lat' dir='ltr'>Spiritus</span> <span class='ocrx_word' id='word_1_31' title='bbox 2907 498 3150 575; x_wconf 78' lang='lat' dir='ltr'>sanctus</span> <span class='ocrx_word' id='word_1_32' title='bbox 3179 536 3297 575; x_wconf 88' lang='lat' dir='ltr'>non</span> <span class='ocrx_word' id='word_1_33' title='bbox 3327 537 3362 575; x_wconf 90' lang='lat' dir='ltr'><strong>a</strong></span> <span class='ocrx_word' id='word_1_34' title='bbox 3400 537 3482 588; x_wconf 90' lang='lat' dir='ltr'>se,</span> <span class='ocrx_word' id='word_1_35' title='bbox 3508 520 3606 577; x_wconf 90' lang='lat' dir='ltr'>sed</span> <span class='ocrx_word' id='word_1_36' title='bbox 3634 498 3820 594; x_wconf 60' lang='lat' dir='ltr'>alicujus</span> 
     </span>
    </p>
   </div>
   <div class='ocr_carea' id='block_1_5' title="bbox 485 593 3824 688">
    <p class='ocr_par' dir='ltr' id='par_1_5' title="bbox 485 593 3824 688">
     <span class='ocr_line' id='line_1_5' title="bbox 485 593 3824 688; baseline 0.007 -42"><span class='ocrx_word' id='word_1_37' title='bbox 485 607 604 647; x_wconf 87' lang='lat' dir='ltr'>non</span> <span class='ocrx_word' id='word_1_38' title='bbox 629 594 934 688; x_wconf 37' lang='lat' dir='ltr'>creatura,“</span> <span class='ocrx_word' id='word_1_39' title='bbox 937 593 1088 688; x_wconf 86' lang='lat' dir='ltr'>sicut</span> <span class='ocrx_word' id='word_1_40' title='bbox 1109 595 1283 688; x_wconf 44' lang='lat' dir='ltr'>Arius</span> <span class='ocrx_word' id='word_1_41' title='bbox 1302 596 1548 688; x_wconf 86' lang='lat' dir='ltr'>dicebat,</span> <span class='ocrx_word' id='word_1_42' title='bbox 1573 599 1712 688; x_wconf 90' lang='lat' dir='ltr'>quia</span> <span class='ocrx_word' id='word_1_43' title='bbox 1732 601 1930 657; x_wconf 85' lang='lat' dir='ltr'>omnia</span> <span class='ocrx_word' id='word_1_44' title='bbox 1954 603 2132 659; x_wconf 87' lang='lat' dir='ltr'>simul</span> <span class='ocrx_word' id='word_1_45' title='bbox 2243 602 2496 675; x_wconf 76' lang='lat' dir='ltr'>Spiritus</span> <span class='ocrx_word' id='word_1_46' title='bbox 2528 607 2636 660; x_wconf 89' lang='lat' dir='ltr'>est.</span> <span class='ocrx_word' id='word_1_47' title='bbox 2675 605 2780 662; x_wconf 87' lang='lat' dir='ltr'>Est</span> <span class='ocrx_word' id='word_1_48' title='bbox 2821 610 2880 663; x_wconf 89' lang='lat' dir='ltr'>ot</span> <span class='ocrx_word' id='word_1_49' title='bbox 2919 606 3079 664; x_wconf 87' lang='lat' dir='ltr'>aliud</span> <span class='ocrx_word' id='word_1_50' title='bbox 3109 607 3478 688; x_wconf 82' lang='lat' dir='ltr'>vocabulum,</span> <span class='ocrx_word' id='word_1_51' title='bbox 3505 609 3602 666; x_wconf 89' lang='lat' dir='ltr'>ubi</span> <span class='ocrx_word' id='word_1_52' title='bbox 3637 593 3824 683; x_wconf 76' lang='lat' dir='ltr'>Spiritus</span> 
     </span>
    </p>
   </div>
   <div class='ocr_carea' id='block_1_6' title="bbox 485 679 3824 764">
    <p class='ocr_par' dir='ltr' id='par_1_6' title="bbox 485 679 3824 764">
     <span class='ocr_line' id='line_1_6' title="bbox 485 679 3824 764; baseline 0.007 -28"><span class='ocrx_word' id='word_1_53' title='bbox 485 679 701 736; x_wconf 89' lang='lat' dir='ltr'>creavit</span> <span class='ocrx_word' id='word_1_54' title='bbox 729 696 864 736; x_wconf 90' lang='lat' dir='ltr'>eum</span> <span class='ocrx_word' id='word_1_55' title='bbox 897 680 1084 751; x_wconf 87' lang='lat' dir='ltr'>Patre,</span> <span class='ocrx_word' id='word_1_56' title='bbox 1099 682 1379 742; x_wconf 88' lang='lat' dir='ltr'>similiter</span> <span class='ocrx_word' id='word_1_57' title='bbox 1407 689 1462 742; x_wconf 92' lang='lat' dir='ltr'>et</span> <span class='ocrx_word' id='word_1_58' title='bbox 1493 687 1746 758; x_wconf 83' lang='lat' dir='ltr'>Spiritus</span> <span class='ocrx_word' id='word_1_59' title='bbox 1776 695 2036 748; x_wconf 87' lang='lat' dir='ltr'>sanctus.</span> <span class='ocrx_word' id='word_1_60' title='bbox 2099 745 2108 752; x_wconf 88' lang='lat'><em>_</em></span> <span class='ocrx_word' id='word_1_61' title='bbox 2241 691 2484 748; x_wconf 85' lang='lat' dir='ltr'>sanctus</span> <span class='ocrx_word' id='word_1_62' title='bbox 2507 691 2741 750; x_wconf 83' lang='lat' dir='ltr'>relative</span> <span class='ocrx_word' id='word_1_63' title='bbox 2759 693 3232 764; x_wconf 89' lang='lat' dir='ltr'>dicitur,scilicet</span> <span class='ocrx_word' id='word_1_64' title='bbox 3247 679 3702 764; x_wconf 77' lang='lat' dir='ltr'>donum,dicitur</span> <span class='ocrx_word' id='word_1_65' title='bbox 3718 701 3824 758; x_wconf 87' lang='lat' dir='ltr'>enim</span> 
     </span>
    </p>
   </div>
   <div class='ocr_carea' id='block_1_7' title="bbox 518 767 3828 854">
    <p class='ocr_par' dir='ltr' id='par_1_7' title="bbox 518 767 3828 854">
     <span class='ocr_line' id='line_1_7' title="bbox 518 767 3828 854; baseline 0.007 -32"><span class='ocrx_word' id='word_1_66' title='bbox 518 767 556 821; x_wconf 87' lang='lat'>9</span> <span class='ocrx_word' id='word_1_67' title='bbox 623 769 922 826; x_wconf 87' lang='lat' dir='ltr'>Immensus</span> <span class='ocrx_word' id='word_1_68' title='bbox 946 771 1130 838; x_wconf 88' lang='lat' dir='ltr'>Pater,</span> <span class='ocrx_word' id='word_1_69' title='bbox 1157 773 1452 830; x_wconf 82' lang='lat' dir='ltr'>immensus</span> <span class='ocrx_word' id='word_1_70' title='bbox 1480 777 1664 832; x_wconf 80' lang='lat' dir='ltr'>Filius</span> <span class='ocrx_word' id='word_1_71' title='bbox 2243 780 2464 836; x_wconf 89' lang='lat' dir='ltr'>donum</span> <span class='ocrx_word' id='word_1_72' title='bbox 2496 781 2816 852; x_wconf 89' lang='lat' dir='ltr'>donatoris,</span> <span class='ocrx_word' id='word_1_73' title='bbox 2850 789 2909 840; x_wconf 89' lang='lat' dir='ltr'>et</span> <span class='ocrx_word' id='word_1_74' title='bbox 2937 785 3184 842; x_wconf 82' lang='lat' dir='ltr'>donator</span> <span class='ocrx_word' id='word_1_75' title='bbox 3211 785 3368 842; x_wconf 92' lang='lat' dir='ltr'>doni.</span> <span class='ocrx_word' id='word_1_76' title='bbox 3395 791 3723 845; x_wconf 88' lang='lat' dir='ltr'>Donatorcm</span> <span class='ocrx_word' id='word_1_77' title='bbox 3743 789 3828 848; x_wconf 86' lang='lat' dir='ltr'>dico</span> 
     </span>
    </p>
   </div>
   <div class='ocr_carea' id='block_1_8' title="bbox 625 857 3830 948">
    <p class='ocr_par' dir='ltr' id='par_1_8' title="bbox 625 857 3830 948">
     <span class='ocr_line' id='line_1_8' title="bbox 625 857 3830 948; baseline 0.007 -36"><span class='ocrx_word' id='word_1_78' title='bbox 625 857 924 915; x_wconf 87' lang='lat' dir='ltr'>Immensus</span> <span class='ocrx_word' id='word_1_79' title='bbox 948 861 1192 932; x_wconf 77' lang='lat' dir='ltr'>Spiritus</span> <span class='ocrx_word' id='word_1_80' title='bbox 1219 871 1457 920; x_wconf 86' lang='lat' dir='ltr'>sanctus.</span> <span class='ocrx_word' id='word_1_81' title='bbox 2241 885 2370 925; x_wconf 87' lang='lat' dir='ltr'>esse</span> <span class='ocrx_word' id='word_1_82' title='bbox 2397 869 2626 926; x_wconf 82' lang='lat' dir='ltr'>Patrem</span> <span class='ocrx_word' id='word_1_83' title='bbox 2648 871 2870 929; x_wconf 86' lang='lat' dir='ltr'>donum</span> <span class='ocrx_word' id='word_1_84' title='bbox 2890 889 3023 930; x_wconf 91' lang='lat' dir='ltr'>vero</span> <span class='ocrx_word' id='word_1_85' title='bbox 3045 873 3332 948; x_wconf 87' lang='lat' dir='ltr'>Spiritum</span> <span class='ocrx_word' id='word_1_86' title='bbox 3360 879 3645 946; x_wconf 88' lang='lat' dir='ltr'>sanctum,</span> <span class='ocrx_word' id='word_1_87' title='bbox 3665 878 3830 936; x_wconf 87' lang='lat' dir='ltr'>donum</span> 
     </span>
    </p>
   </div>
   <div class='ocr_carea' id='block_1_9' title="bbox 489 945 3830 1028">
    <p class='ocr_par' dir='ltr' id='par_1_9' title="bbox 489 945 3830 1028">
     <span class='ocr_line' id='line_1_9' title="bbox 489 945 3830 1028; baseline 0.007 -28"><span class='ocrx_word' id='word_1_88' title='bbox 489 1003 494 1008; x_wconf 59' lang='grc'>,</span> <span class='ocrx_word' id='word_1_89' title='bbox 557 945 886 1004; x_wconf 89' lang='lat' dir='ltr'>Immensus</span> <span class='ocrx_word' id='word_1_90' title='bbox 936 949 1130 1019; x_wconf 88' lang='lat' dir='ltr'>Pater,</span> <span class='ocrx_word' id='word_1_91' title='bbox 1164 951 1304 1024; x_wconf 84' lang='lat' dir='ltr'>quia</span> <span class='ocrx_word' id='word_1_92' title='bbox 1350 954 1479 1026; x_wconf 86' lang='lat' dir='ltr'>ejus</span> <span class='ocrx_word' id='word_1_93' title='bbox 1529 955 1994 1028; x_wconf 83' lang='lat' dir='ltr'>magnitudinem</span> <span class='ocrx_word' id='word_1_94' title='bbox 2045 958 2135 1016; x_wconf 91' lang='lat' dir='ltr'>vel</span> <span class='ocrx_word' id='word_1_95' title='bbox 2243 975 2374 1013; x_wconf 89' lang='lat' dir='ltr'>vero</span> <span class='ocrx_word' id='word_1_96' title='bbox 2408 958 2657 1015; x_wconf 84' lang='lat' dir='ltr'>refertur</span> <span class='ocrx_word' id='word_1_97' title='bbox 2685 961 2758 1016; x_wconf 87' lang='lat' dir='ltr'>ad</span> <span class='ocrx_word' id='word_1_98' title='bbox 2789 945 3132 1020; x_wconf 79' lang='lat' dir='ltr'>donatorem</span> <span class='ocrx_word' id='word_1_99' title='bbox 3175 966 3234 1020; x_wconf 93' lang='lat' dir='ltr'>et</span> <span class='ocrx_word' id='word_1_100' title='bbox 3273 965 3520 1022; x_wconf 84' lang='lat' dir='ltr'>donator</span> <span class='ocrx_word' id='word_1_101' title='bbox 3549 945 3830 1024; x_wconf 87' lang='lat' dir='ltr'>addonum.</span> 
     </span>
    </p>
   </div>
   <div class='ocr_carea' id='block_1_10' title="bbox 415 1035 3832 1122">
    <p class='ocr_par' dir='ltr' id='par_1_10' title="bbox 415 1035 3832 1122">
     <span class='ocr_line' id='line_1_10' title="bbox 415 1035 3832 1122; baseline 0.008 -35"><span class='ocrx_word' id='word_1_102' title='bbox 415 1112 418 1116; x_wconf 20' lang='grc' dir='ltr'><em>η</em></span> <span class='ocrx_word' id='word_1_103' title='bbox 484 1035 875 1122; x_wconf 84' lang='lat' dir='ltr'>quantitatem</span> <span class='ocrx_word' id='word_1_104' title='bbox 895 1036 1098 1096; x_wconf 88' lang='lat' dir='ltr'>nullus</span> <span class='ocrx_word' id='word_1_105' title='bbox 1119 1055 1461 1099; x_wconf 88' lang='lat' dir='ltr'>mensurare</span> <span class='ocrx_word' id='word_1_106' title='bbox 1493 1048 1704 1116; x_wconf 84' lang='lat' dir='ltr'>potest,</span> <span class='ocrx_word' id='word_1_107' title='bbox 1732 1063 1859 1118; x_wconf 71' lang='lat' dir='ltr'>qua:</span> <span class='ocrx_word' id='word_1_108' title='bbox 1885 1046 2026 1104; x_wconf 73' lang='lat' dir='ltr'>oculo</span> <span class='ocrx_word' id='word_1_109' title='bbox 2047 1053 2138 1105; x_wconf 89' lang='lat' dir='ltr'>est</span> <span class='ocrx_word' id='word_1_110' title='bbox 2244 1045 2385 1102; x_wconf 89' lang='lat' dir='ltr'>Ecce</span> <span class='ocrx_word' id='word_1_111' title='bbox 2414 1063 2531 1118; x_wconf 90' lang='lat' dir='ltr'>qua</span> <span class='ocrx_word' id='word_1_112' title='bbox 2560 1047 2783 1104; x_wconf 85' lang='lat' dir='ltr'>ratione</span> <span class='ocrx_word' id='word_1_113' title='bbox 2814 1049 3068 1122; x_wconf 91' lang='lat' dir='ltr'>Spiritus</span> <span class='ocrx_word' id='word_1_114' title='bbox 3109 1057 3350 1110; x_wconf 89' lang='lat' dir='ltr'>sanctus</span> <span class='ocrx_word' id='word_1_115' title='bbox 3390 1053 3624 1112; x_wconf 85' lang='lat' dir='ltr'>relative</span> <span class='ocrx_word' id='word_1_116' title='bbox 3652 1055 3832 1114; x_wconf 83' lang='lat' dir='ltr'>dicitur.</span> 
     </span>
    </p>
   </div>
   <div class='ocr_carea' id='block_1_11' title="bbox 483 1121 3302 1208">
    <p class='ocr_par' dir='ltr' id='par_1_11' title="bbox 483 1121 3302 1208">
     <span class='ocr_line' id='line_1_11' title="bbox 483 1121 3302 1208; baseline 0.007 -31"><span class='ocrx_word' id='word_1_117' title='bbox 483 1121 782 1194; x_wconf 85' lang='lat' dir='ltr'>excelsior,</span> <span class='ocrx_word' id='word_1_118' title='bbox 807 1129 966 1182; x_wconf 91' lang='lat' dir='ltr'>terra</span> <span class='ocrx_word' id='word_1_119' title='bbox 994 1129 1338 1200; x_wconf 84' lang='lat' dir='ltr'>profundior</span> <span class='ocrx_word' id='word_1_120' title='bbox 1367 1135 1426 1188; x_wconf 89' lang='lat' dir='ltr'>et</span> <span class='ocrx_word' id='word_1_121' title='bbox 1465 1132 1638 1190; x_wconf 86' lang='lat' dir='ltr'>latior</span> <span class='ocrx_word' id='word_1_122' title='bbox 1677 1133 1824 1192; x_wconf 89' lang='lat' dir='ltr'>mari</span> <span class='ocrx_word' id='word_1_123' title='bbox 1855 1137 1992 1206; x_wconf 87' lang='lat' dir='ltr'>(Job.</span> <span class='ocrx_word' id='word_1_124' title='bbox 2013 1137 2092 1208; x_wconf 68' lang='lat' dir='ltr'>xu)</span> <span class='ocrx_word' id='word_1_125' title='bbox 2119 1153 2132 1192; x_wconf 91' lang='lat'><strong>:</strong></span> <span class='ocrx_word' id='word_1_126' title='bbox 2247 1136 2315 1190; x_wconf 90' lang='grc'><strong>15</strong></span> <span class='ocrx_word' id='word_1_127' title='bbox 2386 1137 2467 1192; x_wconf 85' lang='grc' dir='ltr'>Ιια</span> <span class='ocrx_word' id='word_1_128' title='bbox 2492 1136 2632 1192; x_wconf 83' lang='lat' dir='ltr'>Deus</span> <span class='ocrx_word' id='word_1_129' title='bbox 2655 1139 2824 1193; x_wconf 86' lang='lat' dir='ltr'>Pater</span> <span class='ocrx_word' id='word_1_130' title='bbox 2856 1121 2876 1193; x_wconf 65' lang='grc' dir='ltr'><strong><em>ἶ</em></strong></span> <span class='ocrx_word' id='word_1_131' title='bbox 2903 1140 3041 1196; x_wconf 83' lang='lat' dir='ltr'>Deus</span> <span class='ocrx_word' id='word_1_132' title='bbox 3071 1141 3255 1196; x_wconf 84' lang='lat' dir='ltr'>Filius</span> <span class='ocrx_word' id='word_1_133' title='bbox 3288 1159 3302 1197; x_wconf 91' lang='lat'>:</span> 
     </span>
    </p>
   </div>
   <div class='ocr_carea' id='block_1_12' title="bbox 482 1213 3146 1298">
    <p class='ocr_par' dir='ltr' id='par_1_12' title="bbox 482 1213 3146 1298">
     <span class='ocr_line' id='line_1_12' title="bbox 482 1213 3146 1298; baseline 0.008 -32"><span class='ocrx_word' id='word_1_134' title='bbox 482 1215 540 1276; x_wconf 85' lang='lat' dir='ltr'>et</span> <span class='ocrx_word' id='word_1_135' title='bbox 590 1215 678 1268; x_wconf 90' lang='lat' dir='ltr'>est</span> <span class='ocrx_word' id='word_1_136' title='bbox 734 1213 1300 1290; x_wconf 86' lang='lat' dir='ltr'>incircumscriptus,</span> <span class='ocrx_word' id='word_1_137' title='bbox 1342 1220 1746 1294; x_wconf 89' lang='lat' dir='ltr'>incorporeus,</span> <span class='ocrx_word' id='word_1_138' title='bbox 1787 1223 2136 1295; x_wconf 89' lang='lat' dir='ltr'>inlocabilis,</span> <span class='ocrx_word' id='word_1_139' title='bbox 2385 1228 2530 1281; x_wconf 88' lang='lat' dir='ltr'>Deus</span> <span class='ocrx_word' id='word_1_140' title='bbox 2559 1233 2610 1280; x_wconf 86' lang='lat' dir='ltr'>et</span> <span class='ocrx_word' id='word_1_141' title='bbox 2641 1225 2879 1298; x_wconf 73' lang='lat' dir='ltr'>Spiritus</span> <span class='ocrx_word' id='word_1_142' title='bbox 2907 1236 3146 1286; x_wconf 83' lang='lat' dir='ltr'>sanctus.</span> 
     </span>
    </p>
   </div>
   <div class='ocr_carea' id='block_1_13' title="bbox 480 1300 3838 1394">
    <p class='ocr_par' dir='ltr' id='par_1_13' title="bbox 480 1300 3838 1394">
     <span class='ocr_line' id='line_1_13' title="bbox 480 1300 3838 1394; baseline 0.007 -39"><span class='ocrx_word' id='word_1_143' title='bbox 480 1300 701 1394; x_wconf 78' lang='lat' dir='ltr'>ubique</span> <span class='ocrx_word' id='word_1_144' title='bbox 729 1306 916 1394; x_wconf 83' lang='lat' dir='ltr'>totus:</span> <span class='ocrx_word' id='word_1_145' title='bbox 937 1309 994 1361; x_wconf 93' lang='lat' dir='ltr'>et</span> <span class='ocrx_word' id='word_1_146' title='bbox 1016 1323 1130 1362; x_wconf 92' lang='lat' dir='ltr'>non</span> <span class='ocrx_word' id='word_1_147' title='bbox 1153 1313 1242 1364; x_wconf 89' lang='lat' dir='ltr'>est</span> <span class='ocrx_word' id='word_1_148' title='bbox 1265 1307 1430 1366; x_wconf 88' lang='lat' dir='ltr'>locus</span> <span class='ocrx_word' id='word_1_149' title='bbox 1447 1311 1548 1366; x_wconf 89' lang='lat' dir='ltr'>ubi</span> <span class='ocrx_word' id='word_1_150' title='bbox 1571 1328 1687 1367; x_wconf 90' lang='lat' dir='ltr'>non</span> <span class='ocrx_word' id='word_1_151' title='bbox 1709 1312 1802 1380; x_wconf 88' lang='lat' dir='ltr'>sit,</span> <span class='ocrx_word' id='word_1_152' title='bbox 1819 1312 2140 1394; x_wconf 77' lang='lat' dir='ltr'>sicutldicit</span> <span class='ocrx_word' id='word_1_153' title='bbox 2315 1313 2470 1370; x_wconf 90' lang='lat' dir='ltr'>Deus</span> <span class='ocrx_word' id='word_1_154' title='bbox 2489 1315 2792 1387; x_wconf 91' lang='lat' dir='ltr'>proprium</span> <span class='ocrx_word' id='word_1_155' title='bbox 2819 1333 3033 1374; x_wconf 88' lang='lat' dir='ltr'>nomen</span> <span class='ocrx_word' id='word_1_156' title='bbox 3056 1323 3146 1375; x_wconf 89' lang='lat' dir='ltr'>est</span> <span class='ocrx_word' id='word_1_157' title='bbox 3165 1317 3486 1390; x_wconf 87' lang='lat' dir='ltr'>Trinitatis,</span> <span class='ocrx_word' id='word_1_158' title='bbox 3503 1322 3776 1394; x_wconf 86' lang='lat' dir='ltr'>pertinens</span> <span class='ocrx_word' id='word_1_159' title='bbox 3789 1325 3838 1380; x_wconf 83' lang='lat' dir='ltr'>ad</span> 
     </span>
    </p>
   </div>
   <div class='ocr_carea' id='block_1_14' title="bbox 480 1387 3839 1478">
    <p class='ocr_par' dir='ltr' id='par_1_14' title="bbox 480 1387 3839 1478">
     <span class='ocr_line' id='line_1_14' title="bbox 480 1387 3839 1478; baseline 0.007 -34"><span class='ocrx_word' id='word_1_160' title='bbox 480 1389 540 1467; x_wconf 82' lang='lat' dir='ltr'>in</span> <span class='ocrx_word' id='word_1_161' title='bbox 572 1390 824 1462; x_wconf 88' lang='lat' dir='ltr'>psalmo.</span> <span class='ocrx_word' id='word_1_162' title='bbox 856 1393 916 1448; x_wconf 90' lang='lat' dir='ltr'>Si</span> <span class='ocrx_word' id='word_1_163' title='bbox 954 1397 1270 1453; x_wconf 82' lang='lat' dir='ltr'>escendero</span> <span class='ocrx_word' id='word_1_164' title='bbox 1320 1398 1381 1454; x_wconf 91' lang='lat' dir='ltr'>in</span> <span class='ocrx_word' id='word_1_165' title='bbox 1429 1399 1664 1470; x_wconf 83' lang='lat' dir='ltr'>coelum,</span> <span class='ocrx_word' id='word_1_166' title='bbox 1697 1405 1760 1456; x_wconf 94' lang='lat' dir='ltr'>tu</span> <span class='ocrx_word' id='word_1_167' title='bbox 1811 1400 1928 1458; x_wconf 90' lang='lat' dir='ltr'>illic</span> <span class='ocrx_word' id='word_1_168' title='bbox 1959 1419 2050 1472; x_wconf 89' lang='lat' dir='ltr'>es;</span> <span class='ocrx_word' id='word_1_169' title='bbox 2084 1387 2138 1460; x_wconf 72' lang='grc' dir='ltr'>εί</span> <span class='ocrx_word' id='word_1_170' title='bbox 2245 1401 2474 1458; x_wconf 86' lang='lat' dir='ltr'>Patrem</span> <span class='ocrx_word' id='word_1_171' title='bbox 2507 1407 2564 1458; x_wconf 91' lang='lat' dir='ltr'>et</span> <span class='ocrx_word' id='word_1_172' title='bbox 2591 1403 2803 1460; x_wconf 90' lang='lat' dir='ltr'>Filium</span> <span class='ocrx_word' id='word_1_173' title='bbox 2833 1409 2890 1461; x_wconf 90' lang='lat' dir='ltr'>et</span> <span class='ocrx_word' id='word_1_174' title='bbox 2915 1405 3198 1478; x_wconf 89' lang='lat' dir='ltr'>Spiritum</span> <span class='ocrx_word' id='word_1_175' title='bbox 3220 1387 3525 1478; x_wconf 58' lang='lat' dir='ltr'>sanetum,</span> <span class='ocrx_word' id='word_1_176' title='bbox 3539 1411 3839 1470; x_wconf 81' lang='lat' dir='ltr'>translatum</span> 
     </span>
    </p>
   </div>
   <div class='ocr_carea' id='block_1_15' title="bbox 480 1478 3839 1566">
    <p class='ocr_par' dir='ltr' id='par_1_15' title="bbox 480 1478 3839 1566">
     <span class='ocr_line' id='line_1_15' title="bbox 480 1478 3839 1566; baseline 0.005 -26"><span class='ocrx_word' id='word_1_177' title='bbox 480 1478 836 1540; x_wconf 80' lang='lat' dir='ltr'>descendero</span> <span class='ocrx_word' id='word_1_178' title='bbox 858 1483 928 1538; x_wconf 88' lang='lat' dir='ltr'>ad</span> <span class='ocrx_word' id='word_1_179' title='bbox 953 1485 1271 1553; x_wconf 83' lang='lat' dir='ltr'>infernum,</span> <span class='ocrx_word' id='word_1_180' title='bbox 1295 1488 1462 1556; x_wconf 89' lang='lat' dir='ltr'>ades;</span> <span class='ocrx_word' id='word_1_181' title='bbox 1485 1493 1540 1545; x_wconf 92' lang='lat' dir='ltr'>et</span> <span class='ocrx_word' id='word_1_182' title='bbox 1571 1489 1620 1546; x_wconf 88' lang='lat' dir='ltr'>si</span> <span class='ocrx_word' id='word_1_183' title='bbox 1644 1491 1761 1546; x_wconf 86' lang='lat' dir='ltr'>iero</span> <span class='ocrx_word' id='word_1_184' title='bbox 1786 1491 1859 1547; x_wconf 89' lang='lat' dir='ltr'>ad</span> <span class='ocrx_word' id='word_1_185' title='bbox 1881 1496 2140 1549; x_wconf 82' lang='lat' dir='ltr'>extrema</span> <span class='ocrx_word' id='word_1_186' title='bbox 2245 1506 2314 1546; x_wconf 81' lang='lat' dir='ltr'>ex</span> <span class='ocrx_word' id='word_1_187' title='bbox 2342 1493 2538 1548; x_wconf 64' lang='lat' dir='ltr'>Graeca</span> <span class='ocrx_word' id='word_1_188' title='bbox 2581 1491 2990 1566; x_wconf 86' lang='lat' dir='ltr'>appellatione.</span> <span class='ocrx_word' id='word_1_189' title='bbox 3021 1495 3168 1552; x_wconf 90' lang='lat' dir='ltr'>Nam</span> <span class='ocrx_word' id='word_1_190' title='bbox 3211 1497 3366 1554; x_wconf 88' lang='lat' dir='ltr'>Deus</span> <span class='ocrx_word' id='word_1_191' title='bbox 3393 1500 3584 1554; x_wconf 58' lang='lat' dir='ltr'>Graece</span> <span class='ocrx_word' id='word_1_192' title='bbox 3627 1501 3763 1558; x_wconf 82' lang='lat' dir='ltr'>theos</span> <span class='ocrx_word' id='word_1_193' title='bbox 3783 1501 3839 1556; x_wconf 60' lang='lat' dir='ltr'>di.</span> 
     </span>
    </p>
   </div>
   <div class='ocr_carea' id='block_1_16' title="bbox 481 1567 3844 1663">
    <p class='ocr_par' dir='ltr' id='par_1_16' title="bbox 481 1567 3844 1663">
     <span class='ocr_line' id='line_1_16' title="bbox 481 1567 3844 1663; baseline 0.007 -42"><span class='ocrx_word' id='word_1_194' title='bbox 481 1567 684 1663; x_wconf 74' lang='lat' dir='ltr'>maris,</span> <span class='ocrx_word' id='word_1_195' title='bbox 705 1569 785 1626; x_wconf 91' lang='lat' dir='ltr'>ibi</span> <span class='ocrx_word' id='word_1_196' title='bbox 813 1587 905 1627; x_wconf 90' lang='lat' dir='ltr'>me</span> <span class='ocrx_word' id='word_1_197' title='bbox 926 1573 1160 1663; x_wconf 79' lang='lat' dir='ltr'>dextera</span> <span class='ocrx_word' id='word_1_198' title='bbox 1177 1579 1277 1632; x_wconf 89' lang='lat' dir='ltr'>tua</span> <span class='ocrx_word' id='word_1_199' title='bbox 1299 1577 1711 1649; x_wconf 85' lang='lat' dir='ltr'>tenebit(Psal.</span> <span class='ocrx_word' id='word_1_200' title='bbox 1731 1581 2140 1654; x_wconf 82' lang='lat' dir='ltr'>xxxvm).lpse</span> <span class='ocrx_word' id='word_1_201' title='bbox 2245 1579 2416 1647; x_wconf 87' lang='lat' dir='ltr'>citur,</span> <span class='ocrx_word' id='word_1_202' title='bbox 2446 1579 2504 1636; x_wconf 93' lang='lat' dir='ltr'>id</span> <span class='ocrx_word' id='word_1_203' title='bbox 2548 1586 2638 1638; x_wconf 85' lang='lat' dir='ltr'>est</span> <span class='ocrx_word' id='word_1_204' title='bbox 2686 1582 2881 1639; x_wconf 89' lang='lat' dir='ltr'>timor.</span> <span class='ocrx_word' id='word_1_205' title='bbox 2915 1583 3081 1640; x_wconf 87' lang='lat' dir='ltr'>Unde</span> <span class='ocrx_word' id='word_1_206' title='bbox 3126 1589 3350 1643; x_wconf 88' lang='lat' dir='ltr'>tractus</span> <span class='ocrx_word' id='word_1_207' title='bbox 3397 1590 3488 1644; x_wconf 88' lang='lat' dir='ltr'>est</span> <span class='ocrx_word' id='word_1_208' title='bbox 3538 1593 3699 1656; x_wconf 81' lang='lat' dir='ltr'>Deus,</span> <span class='ocrx_word' id='word_1_209' title='bbox 3729 1591 3844 1663; x_wconf 88' lang='lat' dir='ltr'>quod</span> 
     </span>
    </p>
   </div>
   <div class='ocr_carea' id='block_1_17' title="bbox 477 1657 3848 1748">
    <p class='ocr_par' dir='ltr' id='par_1_17' title="bbox 477 1657 3848 1748">
     <span class='ocr_line' id='line_1_17' title="bbox 477 1657 3848 1748; baseline 0.007 -36"><span class='ocrx_word' id='word_1_210' title='bbox 477 1660 569 1712; x_wconf 84' lang='lat' dir='ltr'>est</span> <span class='ocrx_word' id='word_1_211' title='bbox 597 1657 753 1716; x_wconf 87' lang='lat' dir='ltr'>intra</span> <span class='ocrx_word' id='word_1_212' title='bbox 779 1661 996 1732; x_wconf 87' lang='lat' dir='ltr'>omnia,</span> <span class='ocrx_word' id='word_1_213' title='bbox 1021 1667 1080 1719; x_wconf 87' lang='lat' dir='ltr'>et</span> <span class='ocrx_word' id='word_1_214' title='bbox 1135 1682 1250 1720; x_wconf 91' lang='lat' dir='ltr'>non</span> <span class='ocrx_word' id='word_1_215' title='bbox 1309 1667 1658 1738; x_wconf 88' lang='lat' dir='ltr'>conclusus;</span> <span class='ocrx_word' id='word_1_216' title='bbox 1690 1673 1854 1725; x_wconf 80' lang='lat' dir='ltr'>extra</span> <span class='ocrx_word' id='word_1_217' title='bbox 1915 1670 2135 1738; x_wconf 87' lang='lat' dir='ltr'>omnia,</span> <span class='ocrx_word' id='word_1_218' title='bbox 2245 1683 2380 1724; x_wconf 88' lang='lat' dir='ltr'>eum</span> <span class='ocrx_word' id='word_1_219' title='bbox 2411 1667 2738 1726; x_wconf 89' lang='lat' dir='ltr'>colentibus</span> <span class='ocrx_word' id='word_1_220' title='bbox 2769 1670 2846 1726; x_wconf 90' lang='lat' dir='ltr'>sit</span> <span class='ocrx_word' id='word_1_221' title='bbox 2871 1672 3065 1728; x_wconf 89' lang='lat' dir='ltr'>timor.</span> <span class='ocrx_word' id='word_1_222' title='bbox 3095 1673 3402 1748; x_wconf 89' lang='lat' dir='ltr'>Proprium</span> <span class='ocrx_word' id='word_1_223' title='bbox 3423 1693 3558 1732; x_wconf 89' lang='lat' dir='ltr'>vero</span> <span class='ocrx_word' id='word_1_224' title='bbox 3577 1657 3775 1735; x_wconf 74' lang='lat' dir='ltr'>nomen</span> <span class='ocrx_word' id='word_1_225' title='bbox 3789 1683 3848 1736; x_wconf 80' lang='lat' dir='ltr'>est</span> 
     </span>
    </p>
   </div>
   <div class='ocr_carea' id='block_1_18' title="bbox 477 1749 3849 1860">
    <p class='ocr_par' dir='ltr' id='par_1_18' title="bbox 477 1749 3849 1860">
     <span class='ocr_line' id='line_1_18' title="bbox 477 1749 3849 1860; baseline 0.007 -58"><span class='ocrx_word' id='word_1_226' title='bbox 477 1749 534 1860; x_wconf 53' lang='lat' dir='ltr'>ﬁt</span> <span class='ocrx_word' id='word_1_227' title='bbox 563 1763 678 1804; x_wconf 92' lang='lat' dir='ltr'>non</span> <span class='ocrx_word' id='word_1_228' title='bbox 722 1749 1004 1860; x_wconf 52' lang='lat' dir='ltr'>excelsus.</span> <span class='ocrx_word' id='word_1_229' title='bbox 1032 1751 1312 1860; x_wconf 60' lang='lat' dir='ltr'>Similiter</span> <span class='ocrx_word' id='word_1_230' title='bbox 1458 1755 1658 1824; x_wconf 86' lang='lat' dir='ltr'>Filius,</span> <span class='ocrx_word' id='word_1_231' title='bbox 1683 1757 1783 1830; x_wconf 89' lang='lat' dir='ltr'>qui</span> <span class='ocrx_word' id='word_1_232' title='bbox 1829 1758 2064 1832; x_wconf 88' lang='lat' dir='ltr'>attingit</span> <span class='ocrx_word' id='word_1_233' title='bbox 2092 1777 2127 1815; x_wconf 89' lang='lat' dir='ltr'>a</span> <span class='ocrx_word' id='word_1_234' title='bbox 2157 1795 2201 1860; x_wconf 77' lang='grc' dir='ltr'>Β</span> <span class='ocrx_word' id='word_1_235' title='bbox 2244 1755 2808 1860; x_wconf 45' lang='lat' dir='ltr'>Patr‘is,.quia.solu‘s</span> <span class='ocrx_word' id='word_1_236' title='bbox 2857 1764 2946 1816; x_wconf 93' lang='lat' dir='ltr'>est</span> <span class='ocrx_word' id='word_1_237' title='bbox 2986 1761 3182 1860; x_wconf 68' lang='lat' dir='ltr'>Pater;</span> <span class='ocrx_word' id='word_1_238' title='bbox 3235 1768 3293 1820; x_wconf 92' lang='lat' dir='ltr'>et</span> <span class='ocrx_word' id='word_1_239' title='bbox 3335 1765 3634 1838; x_wconf 88' lang='lat' dir='ltr'>proprium</span> <span class='ocrx_word' id='word_1_240' title='bbox 3677 1784 3849 1824; x_wconf 88' lang='lat' dir='ltr'>nomen</span> 
     </span>
    </p>
   </div>
   <div class='ocr_carea' id='block_1_19' title="bbox 476 1835 3849 1929">
    <p class='ocr_par' dir='ltr' id='par_1_19' title="bbox 476 1835 3849 1929">
     <span class='ocr_line' id='line_1_19' title="bbox 476 1835 3849 1929; baseline 0.007 -38"><span class='ocrx_word' id='word_1_241' title='bbox 476 1835 590 1929; x_wconf 69' lang='lat' dir='ltr'>iine</span> <span class='ocrx_word' id='word_1_242' title='bbox 624 1853 809 1909; x_wconf 51' lang='lat' dir='ltr'>usque</span> <span class='ocrx_word' id='word_1_243' title='bbox 835 1839 906 1929; x_wconf 83' lang='lat' dir='ltr'>ad</span> <span class='ocrx_word' id='word_1_244' title='bbox 929 1840 1105 1896; x_wconf 86' lang='lat' dir='ltr'>ﬁnem</span> <span class='ocrx_word' id='word_1_245' title='bbox 1129 1843 1352 1900; x_wconf 86' lang='lat' dir='ltr'>fortiter</span> <span class='ocrx_word' id='word_1_246' title='bbox 1373 1845 1524 1918; x_wconf 82' lang='lat' dir='ltr'>(Sap.</span> <span class='ocrx_word' id='word_1_247' title='bbox 1547 1849 1690 1916; x_wconf 79' lang='lat' dir='ltr'><strong>VIII),</strong></span> <span class='ocrx_word' id='word_1_248' title='bbox 1715 1847 1786 1902; x_wconf 89' lang='lat' dir='ltr'>de</span> <span class='ocrx_word' id='word_1_249' title='bbox 1809 1865 1921 1920; x_wconf 91' lang='lat' dir='ltr'>quo</span> <span class='ocrx_word' id='word_1_250' title='bbox 1944 1849 2125 1922; x_wconf 83' lang='lat' dir='ltr'>scrip-</span> <span class='ocrx_word' id='word_1_251' title='bbox 2157 1835 2201 1860; x_wconf 74' lang='grc'><strong><em>⁸³</em></strong></span> <span class='ocrx_word' id='word_1_252' title='bbox 2230 1848 2318 1900; x_wconf 84' lang='lat' dir='ltr'>est</span> <span class='ocrx_word' id='word_1_253' title='bbox 2350 1845 2503 1913; x_wconf 84' lang='lat' dir='ltr'>Filii,</span> <span class='ocrx_word' id='word_1_254' title='bbox 2536 1845 2676 1918; x_wconf 89' lang='lat' dir='ltr'>quia</span> <span class='ocrx_word' id='word_1_255' title='bbox 2715 1847 2877 1905; x_wconf 89' lang='lat' dir='ltr'>solus</span> <span class='ocrx_word' id='word_1_256' title='bbox 2920 1848 3100 1921; x_wconf 82' lang='lat' dir='ltr'>Filius</span> <span class='ocrx_word' id='word_1_257' title='bbox 3123 1854 3211 1908; x_wconf 88' lang='lat' dir='ltr'>est</span> <span class='ocrx_word' id='word_1_258' title='bbox 3241 1869 3276 1908; x_wconf 89' lang='lat' dir='ltr'>a</span> <span class='ocrx_word' id='word_1_259' title='bbox 3303 1835 3426 1909; x_wconf 83' lang='lat' dir='ltr'>solo</span> <span class='ocrx_word' id='word_1_260' title='bbox 3444 1835 3645 1924; x_wconf 80' lang='lat' dir='ltr'>Patre;</span> <span class='ocrx_word' id='word_1_261' title='bbox 3667 1859 3726 1911; x_wconf 89' lang='lat' dir='ltr'>et</span> <span class='ocrx_word' id='word_1_262' title='bbox 3755 1873 3849 1929; x_wconf 83' lang='lat' dir='ltr'>pro-</span> 
     </span>
    </p>
   </div>
   <div class='ocr_carea' id='block_1_20' title="bbox 451 1927 3847 2017">
    <p class='ocr_par' dir='ltr' id='par_1_20' title="bbox 451 1927 3847 2017">
     <span class='ocr_line' id='line_1_20' title="bbox 451 1927 3847 2017; baseline 0.007 -38"><span class='ocrx_word' id='word_1_263' title='bbox 451 1927 1299 2017; x_wconf 49' lang='lat' dir='ltr'>tumestﬂerboDominicoeli</span> <span class='ocrx_word' id='word_1_264' title='bbox 1322 1934 1537 1990; x_wconf 83' lang='lat' dir='ltr'>ﬁrmati</span> <span class='ocrx_word' id='word_1_265' title='bbox 1561 1937 2116 2005; x_wconf 85' lang='lat' dir='ltr'>sunt(Psal.xxxm).</span> <span class='ocrx_word' id='word_1_266' title='bbox 2227 1932 2422 2005; x_wconf 86' lang='lat' dir='ltr'>prium</span> <span class='ocrx_word' id='word_1_267' title='bbox 2456 1952 2666 1992; x_wconf 85' lang='lat' dir='ltr'>nomen</span> <span class='ocrx_word' id='word_1_268' title='bbox 2707 1941 2794 1992; x_wconf 87' lang='lat' dir='ltr'>est</span> <span class='ocrx_word' id='word_1_269' title='bbox 2835 1937 3090 2010; x_wconf 84' lang='lat' dir='ltr'>Spiritus</span> <span class='ocrx_word' id='word_1_270' title='bbox 3133 1939 3344 2006; x_wconf 86' lang='lat' dir='ltr'>sancti,</span> <span class='ocrx_word' id='word_1_271' title='bbox 3367 1941 3506 2014; x_wconf 85' lang='lat' dir='ltr'>quia</span> <span class='ocrx_word' id='word_1_272' title='bbox 3535 1943 3608 1998; x_wconf 83' lang='lat' dir='ltr'>ab</span> <span class='ocrx_word' id='word_1_273' title='bbox 3638 1927 3847 2017; x_wconf 74' lang='lat' dir='ltr'>utroque</span> 
     </span>
    </p>
   </div>
   <div class='ocr_carea' id='block_1_21' title="bbox 473 2013 3850 2106">
    <p class='ocr_par' dir='ltr' id='par_1_21' title="bbox 473 2013 3850 2106">
     <span class='ocr_line' id='line_1_21' title="bbox 473 2013 3850 2106; baseline 0.006 -38"><span class='ocrx_word' id='word_1_274' title='bbox 473 2013 896 2106; x_wconf 9' lang='lat' dir='ltr'>Pari_modoget</span> <span class='ocrx_word' id='word_1_275' title='bbox 922 2018 1175 2092; x_wconf 85' lang='lat' dir='ltr'>Spiritus</span> <span class='ocrx_word' id='word_1_276' title='bbox 1205 2025 1465 2079; x_wconf 88' lang='lat' dir='ltr'>sanctus.</span> <span class='ocrx_word' id='word_1_277' title='bbox 1498 2023 1661 2080; x_wconf 89' lang='lat' dir='ltr'>Unde</span> <span class='ocrx_word' id='word_1_278' title='bbox 1698 2023 1913 2080; x_wconf 90' lang='lat' dir='ltr'>dicitur</span> <span class='ocrx_word' id='word_1_279' title='bbox 1943 2043 1956 2082; x_wconf 90' lang='lat'>:</span> <span class='ocrx_word' id='word_1_280' title='bbox 1991 2025 2120 2099; x_wconf 88' lang='lat' dir='ltr'>Spi-</span> <span class='ocrx_word' id='word_1_281' title='bbox 2231 2023 2508 2092; x_wconf 89' lang='lat' dir='ltr'>procedit.</span> <span class='ocrx_word' id='word_1_282' title='bbox 2539 2025 2686 2080; x_wconf 89' lang='lat' dir='ltr'>Deus</span> <span class='ocrx_word' id='word_1_283' title='bbox 2707 2019 2796 2081; x_wconf 84' lang='lat' dir='ltr'>est</span> <span class='ocrx_word' id='word_1_284' title='bbox 2815 2025 3010 2094; x_wconf 87' lang='lat' dir='ltr'>Pater,</span> <span class='ocrx_word' id='word_1_285' title='bbox 3037 2026 3178 2099; x_wconf 91' lang='lat' dir='ltr'>quia</span> <span class='ocrx_word' id='word_1_286' title='bbox 3208 2027 3338 2100; x_wconf 88' lang='lat' dir='ltr'>ipse</span> <span class='ocrx_word' id='word_1_287' title='bbox 3367 2013 3456 2085; x_wconf 82' lang='lat' dir='ltr'>est</span> <span class='ocrx_word' id='word_1_288' title='bbox 3486 2029 3614 2087; x_wconf 81' lang='lat' dir='ltr'>fons</span> <span class='ocrx_word' id='word_1_289' title='bbox 3641 2035 3699 2088; x_wconf 87' lang='lat' dir='ltr'>et</span> <span class='ocrx_word' id='word_1_290' title='bbox 3727 2013 3850 2106; x_wconf 82' lang='lat' dir='ltr'>origo</span> 
     </span>
    </p>
   </div>
   <div class='ocr_carea' id='block_1_22' title="bbox 472 2103 3852 2188">
    <p class='ocr_par' dir='ltr' id='par_1_22' title="bbox 472 2103 3852 2188">
     <span class='ocr_line' id='line_1_22' title="bbox 472 2103 3852 2188; baseline 0.007 -34"><span class='ocrx_word' id='word_1_291' title='bbox 472 2105 568 2158; x_wconf 89' lang='lat' dir='ltr'>tus</span> <span class='ocrx_word' id='word_1_292' title='bbox 599 2103 832 2160; x_wconf 87' lang='lat' dir='ltr'>Domini</span> <span class='ocrx_word' id='word_1_293' title='bbox 861 2106 1102 2179; x_wconf 80' lang='lat' dir='ltr'>replevit</span> <span class='ocrx_word' id='word_1_294' title='bbox 1129 2110 1331 2167; x_wconf 74' lang='lat' dir='ltr'>orbem</span> <span class='ocrx_word' id='word_1_295' title='bbox 1364 2115 1653 2168; x_wconf 72' lang='lat' dir='ltr'>terrarum</span> <span class='ocrx_word' id='word_1_296' title='bbox 1684 2114 1832 2186; x_wconf 79' lang='lat' dir='ltr'>(sap,</span> <span class='ocrx_word' id='word_1_297' title='bbox 1867 2115 1926 2188; x_wconf 81' lang='grc' dir='ltr'>ι),</span> <span class='ocrx_word' id='word_1_298' title='bbox 2229 2107 2487 2179; x_wconf 88' lang='lat' dir='ltr'>deitatis;</span> <span class='ocrx_word' id='word_1_299' title='bbox 2522 2111 2797 2168; x_wconf 84' lang='lat' dir='ltr'>similiter</span> <span class='ocrx_word' id='word_1_300' title='bbox 2837 2117 2893 2170; x_wconf 90' lang='lat' dir='ltr'>et</span> <span class='ocrx_word' id='word_1_301' title='bbox 2938 2113 3120 2172; x_wconf 89' lang='lat' dir='ltr'>Filius</span> <span class='ocrx_word' id='word_1_302' title='bbox 3150 2115 3305 2173; x_wconf 87' lang='lat' dir='ltr'>Deus</span> <span class='ocrx_word' id='word_1_303' title='bbox 3335 2121 3443 2186; x_wconf 85' lang='lat' dir='ltr'>est,</span> <span class='ocrx_word' id='word_1_304' title='bbox 3477 2123 3536 2176; x_wconf 86' lang='lat' dir='ltr'>et</span> <span class='ocrx_word' id='word_1_305' title='bbox 3562 2119 3666 2176; x_wconf 89' lang='lat' dir='ltr'>hoc</span> <span class='ocrx_word' id='word_1_306' title='bbox 3698 2103 3852 2177; x_wconf 28' lang='lat' dir='ltr'>nonva</span> 
     </span>
    </p>
   </div>
   <div class='ocr_carea' id='block_1_23' title="bbox 475 2193 3852 2274">
    <p class='ocr_par' dir='ltr' id='par_1_23' title="bbox 475 2193 3852 2274">
     <span class='ocr_line' id='line_1_23' title="bbox 475 2193 3852 2274; baseline 0.007 -30"><span class='ocrx_word' id='word_1_307' title='bbox 475 2193 544 2248; x_wconf 90' lang='grc'>10</span> <span class='ocrx_word' id='word_1_308' title='bbox 615 2195 870 2250; x_wconf 66' lang='grc' dir='ltr'>[Ειενηιιδ</span> <span class='ocrx_word' id='word_1_309' title='bbox 894 2197 1080 2265; x_wconf 81' lang='lat' dir='ltr'>Pater,</span> <span class='ocrx_word' id='word_1_310' title='bbox 1111 2207 1352 2256; x_wconf 60' lang='lat' dir='ltr'>aeternus</span> <span class='ocrx_word' id='word_1_311' title='bbox 1381 2201 1576 2257; x_wconf 71' lang='lat' dir='ltr'>Films,</span> <span class='ocrx_word' id='word_1_312' title='bbox 2227 2199 2562 2272; x_wconf 89' lang='lat' dir='ltr'>semetipso,</span> <span class='ocrx_word' id='word_1_313' title='bbox 2587 2202 2723 2272; x_wconf 89' lang='lat' dir='ltr'>quia</span> <span class='ocrx_word' id='word_1_314' title='bbox 2767 2218 2876 2258; x_wconf 86' lang='lat' dir='ltr'>non</span> <span class='ocrx_word' id='word_1_315' title='bbox 2919 2206 3008 2260; x_wconf 88' lang='lat' dir='ltr'>est</span> <span class='ocrx_word' id='word_1_316' title='bbox 3036 2221 3070 2260; x_wconf 89' lang='lat' dir='ltr'>a</span> <span class='ocrx_word' id='word_1_317' title='bbox 3099 2220 3182 2274; x_wconf 90' lang='lat' dir='ltr'>se,</span> <span class='ocrx_word' id='word_1_318' title='bbox 3215 2205 3319 2262; x_wconf 90' lang='lat' dir='ltr'>sed</span> <span class='ocrx_word' id='word_1_319' title='bbox 3349 2223 3384 2262; x_wconf 88' lang='lat' dir='ltr'>a</span> <span class='ocrx_word' id='word_1_320' title='bbox 3411 2206 3536 2264; x_wconf 88' lang='lat' dir='ltr'>solo</span> <span class='ocrx_word' id='word_1_321' title='bbox 3581 2209 3744 2266; x_wconf 86' lang='lat' dir='ltr'>Patre</span> <span class='ocrx_word' id='word_1_322' title='bbox 3791 2213 3852 2269; x_wconf 78' lang='lat' dir='ltr'>est</span> 
     </span>
    </p>
   </div>
   <div class='ocr_carea' id='block_1_24' title="bbox 613 2286 3850 2365">
    <p class='ocr_par' dir='ltr' id='par_1_24' title="bbox 613 2286 3850 2365">
     <span class='ocr_line' id='line_1_24' title="bbox 613 2286 3850 2365; baseline 0.004 -25"><span class='ocrx_word' id='word_1_323' title='bbox 613 2290 872 2341; x_wconf 58' lang='lat' dir='ltr'>litemus</span> <span class='ocrx_word' id='word_1_324' title='bbox 899 2286 1137 2358; x_wconf 78' lang='lat' dir='ltr'>Spiritus</span> <span class='ocrx_word' id='word_1_325' title='bbox 1157 2296 1394 2345; x_wconf 74' lang='lat' dir='ltr'>sanctus.</span> <span class='ocrx_word' id='word_1_326' title='bbox 2225 2286 2486 2359; x_wconf 87' lang='lat' dir='ltr'>genitus;</span> <span class='ocrx_word' id='word_1_327' title='bbox 2523 2289 2648 2361; x_wconf 89' lang='lat' dir='ltr'>pari</span> <span class='ocrx_word' id='word_1_328' title='bbox 2679 2291 2851 2347; x_wconf 90' lang='lat' dir='ltr'>modo</span> <span class='ocrx_word' id='word_1_329' title='bbox 2872 2294 2928 2347; x_wconf 88' lang='lat' dir='ltr'>et</span> <span class='ocrx_word' id='word_1_330' title='bbox 2950 2291 3203 2365; x_wconf 90' lang='lat' dir='ltr'>Spiritus</span> <span class='ocrx_word' id='word_1_331' title='bbox 3231 2299 3492 2364; x_wconf 89' lang='lat' dir='ltr'>sanctus,</span> <span class='ocrx_word' id='word_1_332' title='bbox 3515 2314 3628 2355; x_wconf 90' lang='lat' dir='ltr'>non</span> <span class='ocrx_word' id='word_1_333' title='bbox 3650 2315 3684 2355; x_wconf 88' lang='lat' dir='ltr'>a</span> <span class='ocrx_word' id='word_1_334' title='bbox 3705 2316 3766 2355; x_wconf 89' lang='lat' dir='ltr'>se</span> <span class='ocrx_word' id='word_1_335' title='bbox 3785 2304 3850 2356; x_wconf 78' lang='lat' dir='ltr'>est</span> 
     </span>
    </p>
   </div>
   <div class='ocr_carea' id='block_1_25' title="bbox 542 2373 3516 2455">
    <p class='ocr_par' dir='ltr' id='par_1_25' title="bbox 542 2373 3516 2455">
     <span class='ocr_line' id='line_1_25' title="bbox 542 2373 3516 2455; baseline 0.005 -26"><span class='ocrx_word' id='word_1_336' title='bbox 542 2373 646 2430; x_wconf 91' lang='lat' dir='ltr'>Hie</span> <span class='ocrx_word' id='word_1_337' title='bbox 665 2377 938 2446; x_wconf 70' lang='lat' dir='ltr'>aeternus,</span> <span class='ocrx_word' id='word_1_338' title='bbox 959 2392 1062 2448; x_wconf 93' lang='lat' dir='ltr'>pro</span> <span class='ocrx_word' id='word_1_339' title='bbox 1083 2377 1438 2449; x_wconf 87' lang='lat' dir='ltr'>sempiterno</span> <span class='ocrx_word' id='word_1_340' title='bbox 1460 2377 1743 2434; x_wconf 89' lang='lat' dir='ltr'>debemus</span> <span class='ocrx_word' id='word_1_341' title='bbox 1773 2378 2113 2454; x_wconf 85' lang='lat' dir='ltr'>intelligere.</span> <span class='ocrx_word' id='word_1_342' title='bbox 2225 2374 2400 2443; x_wconf 77' lang='lat' dir='ltr'>Deus,</span> <span class='ocrx_word' id='word_1_343' title='bbox 2417 2378 2518 2434; x_wconf 82' lang='lat' dir='ltr'>Sed</span> <span class='ocrx_word' id='word_1_344' title='bbox 2543 2394 2577 2434; x_wconf 90' lang='lat' dir='ltr'>a</span> <span class='ocrx_word' id='word_1_345' title='bbox 2606 2379 2776 2436; x_wconf 74' lang='lat' dir='ltr'>Patre</span> <span class='ocrx_word' id='word_1_346' title='bbox 2801 2384 2857 2436; x_wconf 81' lang='lat' dir='ltr'>et</span> <span class='ocrx_word' id='word_1_347' title='bbox 2887 2379 3032 2436; x_wconf 84' lang='lat' dir='ltr'>Filio</span> <span class='ocrx_word' id='word_1_348' title='bbox 3063 2383 3382 2455; x_wconf 82' lang='lat' dir='ltr'>procedens</span> <span class='ocrx_word' id='word_1_349' title='bbox 3408 2389 3516 2442; x_wconf 87' lang='lat' dir='ltr'>est.</span> 
     </span>
    </p>
   </div>
   <div class='ocr_carea' id='block_1_26' title="bbox 469 2463 3081 2538">
    <p class='ocr_par' dir='ltr' id='par_1_26' title="bbox 469 2463 3081 2538">
     <span class='ocr_line' id='line_1_26' title="bbox 469 2463 3081 2538; baseline 0.003 -16"><span class='ocrx_word' id='word_1_350' title='bbox 469 2465 728 2524; x_wconf 63' lang='lat' dir='ltr'>xEternus</span> <span class='ocrx_word' id='word_1_351' title='bbox 757 2465 970 2522; x_wconf 90' lang='lat' dir='ltr'>dicitur</span> <span class='ocrx_word' id='word_1_352' title='bbox 995 2466 1150 2522; x_wconf 90' lang='lat' dir='ltr'>Deus</span> <span class='ocrx_word' id='word_1_353' title='bbox 1180 2467 1366 2535; x_wconf 86' lang='lat' dir='ltr'>Pater,</span> <span class='ocrx_word' id='word_1_354' title='bbox 1382 2466 1522 2538; x_wconf 91' lang='lat' dir='ltr'>quia</span> <span class='ocrx_word' id='word_1_355' title='bbox 1551 2465 1677 2523; x_wconf 87' lang='lat' dir='ltr'>sine</span> <span class='ocrx_word' id='word_1_356' title='bbox 1708 2467 1872 2524; x_wconf 90' lang='lat' dir='ltr'>initio</span> <span class='ocrx_word' id='word_1_357' title='bbox 1901 2473 1960 2526; x_wconf 90' lang='lat' dir='ltr'>et</span> <span class='ocrx_word' id='word_1_358' title='bbox 1987 2470 2116 2528; x_wconf 90' lang='lat' dir='ltr'>sine</span> <span class='ocrx_word' id='word_1_359' title='bbox 2226 2463 2294 2519; x_wconf 87' lang='grc'>16</span> <span class='ocrx_word' id='word_1_360' title='bbox 2366 2467 2432 2522; x_wconf 76' lang='grc' dir='ltr'><strong><em>Εἰ</em></strong></span> <span class='ocrx_word' id='word_1_361' title='bbox 2461 2471 2643 2523; x_wconf 73' lang='lat' dir='ltr'>tamen</span> <span class='ocrx_word' id='word_1_362' title='bbox 2673 2485 2784 2524; x_wconf 75' lang='lat' dir='ltr'>non</span> <span class='ocrx_word' id='word_1_363' title='bbox 2813 2477 2922 2525; x_wconf 76' lang='lat' dir='ltr'>tres</span> <span class='ocrx_word' id='word_1_364' title='bbox 2950 2470 3036 2526; x_wconf 77' lang='lat' dir='ltr'>dii</span> <span class='ocrx_word' id='word_1_365' title='bbox 3069 2489 3081 2528; x_wconf 90' lang='lat'><strong>:</strong></span> 
     </span>
    </p>
   </div>
   <div class='ocr_carea' id='block_1_27' title="bbox 472 2553 2938 2628">
    <p class='ocr_par' dir='ltr' id='par_1_27' title="bbox 472 2553 2938 2628">
     <span class='ocr_line' id='line_1_27' title="bbox 472 2553 2938 2628; baseline 0.004 -18"><span class='ocrx_word' id='word_1_366' title='bbox 472 2555 588 2611; x_wconf 80' lang='lat' dir='ltr'>fine</span> <span class='ocrx_word' id='word_1_367' title='bbox 616 2557 865 2623; x_wconf 88' lang='lat' dir='ltr'>constat,</span> <span class='ocrx_word' id='word_1_368' title='bbox 895 2553 1166 2612; x_wconf 87' lang='lat' dir='ltr'>similiter</span> <span class='ocrx_word' id='word_1_369' title='bbox 1193 2559 1250 2611; x_wconf 88' lang='lat' dir='ltr'>et</span> <span class='ocrx_word' id='word_1_370' title='bbox 1279 2554 1460 2612; x_wconf 89' lang='lat' dir='ltr'>Filius</span> <span class='ocrx_word' id='word_1_371' title='bbox 1481 2559 1539 2611; x_wconf 90' lang='lat' dir='ltr'>et</span> <span class='ocrx_word' id='word_1_372' title='bbox 1567 2555 1820 2628; x_wconf 88' lang='lat' dir='ltr'>Spiritus</span> <span class='ocrx_word' id='word_1_373' title='bbox 1851 2563 2111 2628; x_wconf 88' lang='lat' dir='ltr'>sanctus,</span> <span class='ocrx_word' id='word_1_374' title='bbox 2365 2555 2468 2610; x_wconf 88' lang='lat' dir='ltr'>Sed</span> <span class='ocrx_word' id='word_1_375' title='bbox 2495 2573 2640 2612; x_wconf 86' lang='lat' dir='ltr'>unus</span> <span class='ocrx_word' id='word_1_376' title='bbox 2669 2566 2746 2614; x_wconf 86' lang='lat' dir='ltr'>est</span> <span class='ocrx_word' id='word_1_377' title='bbox 2778 2558 2938 2619; x_wconf 73' lang='lat' dir='ltr'>Deus.</span> 
     </span>
    </p>
   </div>
   <div class='ocr_carea' id='block_1_28' title="bbox 469 2643 3500 2722">
    <p class='ocr_par' dir='ltr' id='par_1_28' title="bbox 469 2643 3500 2722">
     <span class='ocr_line' id='line_1_28' title="bbox 469 2643 3500 2722; baseline 0.004 -22"><span class='ocrx_word' id='word_1_378' title='bbox 469 2645 611 2718; x_wconf 88' lang='lat' dir='ltr'><strong>quia</strong></span> <span class='ocrx_word' id='word_1_379' title='bbox 639 2643 792 2702; x_wconf 88' lang='lat' dir='ltr'>sicut</span> <span class='ocrx_word' id='word_1_380' title='bbox 819 2661 1123 2718; x_wconf 85' lang='lat' dir='ltr'>nunquam</span> <span class='ocrx_word' id='word_1_381' title='bbox 1166 2662 1282 2702; x_wconf 91' lang='lat' dir='ltr'>non</span> <span class='ocrx_word' id='word_1_382' title='bbox 1327 2649 1516 2712; x_wconf 87' lang='lat' dir='ltr'>Pater,</span> <span class='ocrx_word' id='word_1_383' title='bbox 1547 2645 1630 2702; x_wconf 88' lang='lat' dir='ltr'>ita</span> <span class='ocrx_word' id='word_1_384' title='bbox 1659 2663 1962 2722; x_wconf 88' lang='lat' dir='ltr'>nunquam</span> <span class='ocrx_word' id='word_1_385' title='bbox 1996 2667 2112 2707; x_wconf 91' lang='lat' dir='ltr'>non</span> <span class='ocrx_word' id='word_1_386' title='bbox 2362 2645 2447 2700; x_wconf 78' lang='grc' dir='ltr'>Ιία</span> <span class='ocrx_word' id='word_1_387' title='bbox 2473 2645 2737 2702; x_wconf 77' lang='lat' dir='ltr'>Dominus</span> <span class='ocrx_word' id='word_1_388' title='bbox 2767 2648 2948 2716; x_wconf 74' lang='lat' dir='ltr'>Pater,</span> <span class='ocrx_word' id='word_1_389' title='bbox 2983 2649 3244 2706; x_wconf 78' lang='lat' dir='ltr'>Dominus</span> <span class='ocrx_word' id='word_1_390' title='bbox 3271 2652 3452 2709; x_wconf 82' lang='lat' dir='ltr'>Filius</span> <span class='ocrx_word' id='word_1_391' title='bbox 3485 2670 3500 2708; x_wconf 89' lang='lat'><strong>:</strong></span> 
     </span>
    </p>
   </div>
   <div class='ocr_carea' id='block_1_29' title="bbox 469 2733 3168 2808">
    <p class='ocr_par' dir='ltr' id='par_1_29' title="bbox 469 2733 3168 2808">
     <span class='ocr_line' id='line_1_29' title="bbox 469 2733 3168 2808; baseline 0.001 -18"><span class='ocrx_word' id='word_1_392' title='bbox 469 2733 650 2792; x_wconf 88' lang='lat' dir='ltr'>Filius</span> <span class='ocrx_word' id='word_1_393' title='bbox 681 2751 748 2791; x_wconf 91' lang='lat' dir='ltr'>ac</span> <span class='ocrx_word' id='word_1_394' title='bbox 776 2733 1032 2808; x_wconf 88' lang='lat' dir='ltr'>Spiritus</span> <span class='ocrx_word' id='word_1_395' title='bbox 1060 2739 1320 2792; x_wconf 86' lang='lat' dir='ltr'>sanctus.</span> <span class='ocrx_word' id='word_1_396' title='bbox 2365 2733 2632 2791; x_wconf 85' lang='lat' dir='ltr'>Dominus</span> <span class='ocrx_word' id='word_1_397' title='bbox 2655 2737 2898 2808; x_wconf 82' lang='lat' dir='ltr'>Spiritus</span> <span class='ocrx_word' id='word_1_398' title='bbox 2926 2745 3168 2794; x_wconf 85' lang='lat' dir='ltr'>sanctus.</span> 
     </span>
    </p>
   </div>
   <div class='ocr_carea' id='block_1_30' title="bbox 469 2823 3220 2884">
    <p class='ocr_par' dir='ltr' id='par_1_30' title="bbox 469 2823 3220 2884">
     <span class='ocr_line' id='line_1_30' title="bbox 469 2823 3220 2884; baseline 0.001 -4"><span class='ocrx_word' id='word_1_399' title='bbox 469 2823 532 2880; x_wconf 84' lang='lat'>11</span> <span class='ocrx_word' id='word_1_400' title='bbox 607 2827 678 2882; x_wconf 85' lang='lat' dir='ltr'>Et</span> <span class='ocrx_word' id='word_1_401' title='bbox 706 2831 890 2880; x_wconf 87' lang='lat' dir='ltr'>tamen</span> <span class='ocrx_word' id='word_1_402' title='bbox 916 2840 1027 2881; x_wconf 86' lang='lat' dir='ltr'>non</span> <span class='ocrx_word' id='word_1_403' title='bbox 1053 2832 1160 2882; x_wconf 84' lang='lat' dir='ltr'>tres</span> <span class='ocrx_word' id='word_1_404' title='bbox 1185 2825 1389 2882; x_wconf 75' lang='lat' dir='ltr'>aeterni</span> <span class='ocrx_word' id='word_1_405' title='bbox 1419 2841 1433 2880; x_wconf 86' lang='lat'>:</span> <span class='ocrx_word' id='word_1_406' title='bbox 2363 2827 2431 2879; x_wconf 88' lang='lat' dir='ltr'>Et</span> <span class='ocrx_word' id='word_1_407' title='bbox 2459 2829 2642 2880; x_wconf 88' lang='lat' dir='ltr'>tamen</span> <span class='ocrx_word' id='word_1_408' title='bbox 2672 2841 2784 2881; x_wconf 85' lang='lat' dir='ltr'>non</span> <span class='ocrx_word' id='word_1_409' title='bbox 2808 2833 2917 2882; x_wconf 89' lang='lat' dir='ltr'>tres</span> <span class='ocrx_word' id='word_1_410' title='bbox 2946 2827 3175 2884; x_wconf 84' lang='lat' dir='ltr'>Domini</span> <span class='ocrx_word' id='word_1_411' title='bbox 3206 2845 3220 2884; x_wconf 90' lang='lat'><strong>:</strong></span> 
     </span>
    </p>
   </div>
   <div class='ocr_carea' id='block_1_31' title="bbox 465 2912 3054 2972">
    <p class='ocr_par' dir='ltr' id='par_1_31' title="bbox 465 2912 3054 2972">
     <span class='ocr_line' id='line_1_31' title="bbox 465 2912 3054 2972; baseline 0 0"><span class='ocrx_word' id='word_1_412' title='bbox 465 2967 470 2972; x_wconf 80' lang='lat'>.</span> <span class='ocrx_word' id='word_1_413' title='bbox 606 2912 711 2969; x_wconf 89' lang='lat' dir='ltr'>Sed</span> <span class='ocrx_word' id='word_1_414' title='bbox 738 2929 882 2969; x_wconf 80' lang='lat' dir='ltr'>unus</span> <span class='ocrx_word' id='word_1_415' title='bbox 906 2920 1163 2971; x_wconf 60' lang='lat' dir='ltr'>aeternus.</span> <span class='ocrx_word' id='word_1_416' title='bbox 2359 2913 2468 2968; x_wconf 78' lang='lat' dir='ltr'>Sed</span> <span class='ocrx_word' id='word_1_417' title='bbox 2493 2930 2640 2970; x_wconf 82' lang='lat' dir='ltr'>unus</span> <span class='ocrx_word' id='word_1_418' title='bbox 2669 2921 2751 2971; x_wconf 84' lang='lat' dir='ltr'>est</span> <span class='ocrx_word' id='word_1_419' title='bbox 2769 2914 3054 2972; x_wconf 76' lang='lat' dir='ltr'>dominus.</span> 
     </span>
    </p>
   </div>
   <div class='ocr_carea' id='block_1_32' title="bbox 467 3001 3852 3075">
    <p class='ocr_par' dir='ltr' id='par_1_32' title="bbox 467 3001 3852 3075">
     <span class='ocr_line' id='line_1_32' title="bbox 467 3001 3852 3075; baseline 0.006 -27"><span class='ocrx_word' id='word_1_420' title='bbox 467 3043 472 3048; x_wconf 85' lang='lat'>.</span> <span class='ocrx_word' id='word_1_421' title='bbox 535 3005 606 3062; x_wconf 78' lang='lat' dir='ltr'>Et</span> <span class='ocrx_word' id='word_1_422' title='bbox 633 3007 830 3061; x_wconf 69' lang='lat' dir='ltr'>tamen</span> <span class='ocrx_word' id='word_1_423' title='bbox 861 3020 976 3060; x_wconf 81' lang='lat' dir='ltr'>non</span> <span class='ocrx_word' id='word_1_424' title='bbox 1008 3007 1128 3060; x_wconf 78' lang='lat' dir='ltr'>tres</span> <span class='ocrx_word' id='word_1_425' title='bbox 1157 3003 1378 3072; x_wconf 63' lang='lat' dir='ltr'>mterni,</span> <span class='ocrx_word' id='word_1_426' title='bbox 1399 3003 1501 3060; x_wconf 80' lang='lat' dir='ltr'>sed</span> <span class='ocrx_word' id='word_1_427' title='bbox 1533 3021 1688 3061; x_wconf 86' lang='lat' dir='ltr'>unus</span> <span class='ocrx_word' id='word_1_428' title='bbox 1707 3008 1980 3075; x_wconf 65' lang='lat' dir='ltr'>mternus,</span> <span class='ocrx_word' id='word_1_429' title='bbox 2005 3010 2113 3067; x_wconf 72' lang='lat' dir='ltr'>sci-</span> <span class='ocrx_word' id='word_1_430' title='bbox 2289 3001 2454 3057; x_wconf 88' lang='lat' dir='ltr'>Sicut</span> <span class='ocrx_word' id='word_1_431' title='bbox 2483 3001 2768 3075; x_wconf 88' lang='lat' dir='ltr'>scriptum</span> <span class='ocrx_word' id='word_1_432' title='bbox 2808 3009 2898 3060; x_wconf 89' lang='lat' dir='ltr'>est</span> <span class='ocrx_word' id='word_1_433' title='bbox 2930 3021 2943 3058; x_wconf 75' lang='grc' dir='ltr'><strong>ἶ</strong></span> <span class='ocrx_word' id='word_1_434' title='bbox 2978 3004 3128 3060; x_wconf 89' lang='lat' dir='ltr'><strong>Audi</strong></span> <span class='ocrx_word' id='word_1_435' title='bbox 3177 3004 3373 3075; x_wconf 78' lang='lat' dir='ltr'>Israel,</span> <span class='ocrx_word' id='word_1_436' title='bbox 3411 3006 3689 3066; x_wconf 79' lang='lat' dir='ltr'>Dominus</span> <span class='ocrx_word' id='word_1_437' title='bbox 3717 3009 3852 3067; x_wconf 76' lang='lat' dir='ltr'>Deus</span> 
     </span>
    </p>
   </div>
   <div class='ocr_carea' id='block_1_33' title="bbox 460 3090 3851 3165">
    <p class='ocr_par' dir='ltr' id='par_1_33' title="bbox 460 3090 3851 3165">
     <span class='ocr_line' id='line_1_33' title="bbox 460 3090 3851 3165; baseline 0.002 -17"><span class='ocrx_word' id='word_1_438' title='bbox 460 3090 596 3149; x_wconf 88' lang='lat' dir='ltr'>licet</span> <span class='ocrx_word' id='word_1_439' title='bbox 623 3093 684 3149; x_wconf 89' lang='lat' dir='ltr'>in</span> <span class='ocrx_word' id='word_1_440' title='bbox 715 3091 1098 3154; x_wconf 61' lang='lat' dir='ltr'>substantia,</span> <span class='ocrx_word' id='word_1_441' title='bbox 2152 3161 2180 3165; x_wconf 80' lang='lat'><em>_</em></span> <span class='ocrx_word' id='word_1_442' title='bbox 2216 3092 2355 3146; x_wconf 90' lang='lat' dir='ltr'>tuus</span> <span class='ocrx_word' id='word_1_443' title='bbox 2403 3107 2556 3146; x_wconf 88' lang='lat' dir='ltr'>unus</span> <span class='ocrx_word' id='word_1_444' title='bbox 2594 3092 2878 3165; x_wconf 75' lang='lat' dir='ltr'>est(0eut.</span> <span class='ocrx_word' id='word_1_445' title='bbox 2914 3095 3012 3161; x_wconf 82' lang='lat' dir='ltr'>v1).</span> <span class='ocrx_word' id='word_1_446' title='bbox 3047 3091 3326 3150; x_wconf 89' lang='lat' dir='ltr'>Dominus</span> <span class='ocrx_word' id='word_1_447' title='bbox 3373 3093 3591 3151; x_wconf 90' lang='lat' dir='ltr'>dicitur</span> <span class='ocrx_word' id='word_1_448' title='bbox 3639 3096 3802 3154; x_wconf 87' lang='lat' dir='ltr'>Pater</span> <span class='ocrx_word' id='word_1_449' title='bbox 3828 3116 3851 3154; x_wconf 74' lang='grc' dir='ltr'>α</span> 
     </span>
    </p>
   </div>
   <div class='ocr_carea' id='block_1_34' title="bbox 463 3161 3850 3259">
    <p class='ocr_par' dir='ltr' id='par_1_34' title="bbox 463 3161 3850 3259">
     <span class='ocr_line' id='line_1_34' title="bbox 463 3161 3850 3259; baseline 0.001 -21"><span class='ocrx_word' id='word_1_450' title='bbox 463 3183 532 3239; x_wconf 73' lang='grc'><strong>12</strong></span> <span class='ocrx_word' id='word_1_451' title='bbox 603 3183 758 3240; x_wconf 85' lang='lat' dir='ltr'>Sicut</span> <span class='ocrx_word' id='word_1_452' title='bbox 782 3199 894 3240; x_wconf 86' lang='lat' dir='ltr'>non</span> <span class='ocrx_word' id='word_1_453' title='bbox 921 3191 1028 3240; x_wconf 86' lang='lat' dir='ltr'>tres</span> <span class='ocrx_word' id='word_1_454' title='bbox 1059 3184 1297 3239; x_wconf 87' lang='lat' dir='ltr'>increati</span> <span class='ocrx_word' id='word_1_455' title='bbox 1322 3198 1420 3238; x_wconf 89' lang='lat' dir='ltr'>nec</span> <span class='ocrx_word' id='word_1_456' title='bbox 1450 3187 1560 3240; x_wconf 83' lang='lat' dir='ltr'>tres</span> <span class='ocrx_word' id='word_1_457' title='bbox 1589 3185 1846 3240; x_wconf 80' lang='lat' dir='ltr'>immensi</span> <span class='ocrx_word' id='word_1_458' title='bbox 1877 3203 1890 3240; x_wconf 90' lang='lat'><strong>:</strong></span> <span class='ocrx_word' id='word_1_459' title='bbox 2137 3161 2180 3228; x_wconf 80' lang='lat' dir='ltr'><strong><em>C</em></strong></span> <span class='ocrx_word' id='word_1_460' title='bbox 2219 3177 2720 3256; x_wconf 75' lang='lat' dir='ltr'>dominatione;eo</span> <span class='ocrx_word' id='word_1_461' title='bbox 2746 3181 2901 3253; x_wconf 90' lang='lat' dir='ltr'>quod</span> <span class='ocrx_word' id='word_1_462' title='bbox 2925 3185 3250 3238; x_wconf 88' lang='lat' dir='ltr'>creaturam</span> <span class='ocrx_word' id='word_1_463' title='bbox 3272 3193 3440 3239; x_wconf 88' lang='lat' dir='ltr'>suam</span> <span class='ocrx_word' id='word_1_464' title='bbox 3465 3189 3670 3258; x_wconf 87' lang='lat' dir='ltr'>regnat</span> <span class='ocrx_word' id='word_1_465' title='bbox 3689 3191 3850 3259; x_wconf 81' lang='lat' dir='ltr'>atque</span> 
     </span>
    </p>
   </div>
   <div class='ocr_carea' id='block_1_35' title="bbox 600 3267 3768 3344">
    <p class='ocr_par' dir='ltr' id='par_1_35' title="bbox 600 3267 3768 3344">
     <span class='ocr_line' id='line_1_35' title="bbox 600 3267 3768 3344; baseline 0 -14"><span class='ocrx_word' id='word_1_466' title='bbox 600 3272 703 3330; x_wconf 88' lang='lat' dir='ltr'>Sed</span> <span class='ocrx_word' id='word_1_467' title='bbox 729 3289 874 3328; x_wconf 84' lang='lat' dir='ltr'>unus</span> <span class='ocrx_word' id='word_1_468' title='bbox 896 3273 1176 3328; x_wconf 83' lang='lat' dir='ltr'>increatus</span> <span class='ocrx_word' id='word_1_469' title='bbox 1201 3279 1254 3328; x_wconf 87' lang='lat' dir='ltr'>et</span> <span class='ocrx_word' id='word_1_470' title='bbox 1281 3287 1424 3328; x_wconf 86' lang='lat' dir='ltr'>unus</span> <span class='ocrx_word' id='word_1_471' title='bbox 1455 3274 1767 3328; x_wconf 80' lang='lat' dir='ltr'>immensus.</span> <span class='ocrx_word' id='word_1_472' title='bbox 2215 3267 2514 3340; x_wconf 83' lang='lat' dir='ltr'>gubernet,</span> <span class='ocrx_word' id='word_1_473' title='bbox 2546 3267 2812 3325; x_wconf 86' lang='lat' dir='ltr'>similiter</span> <span class='ocrx_word' id='word_1_474' title='bbox 2841 3273 2898 3325; x_wconf 91' lang='lat' dir='ltr'>et</span> <span class='ocrx_word' id='word_1_475' title='bbox 2928 3269 3112 3326; x_wconf 88' lang='lat' dir='ltr'>Filius</span> <span class='ocrx_word' id='word_1_476' title='bbox 3140 3273 3199 3326; x_wconf 92' lang='lat' dir='ltr'>et</span> <span class='ocrx_word' id='word_1_477' title='bbox 3227 3271 3482 3344; x_wconf 84' lang='lat' dir='ltr'>Spiritus</span> <span class='ocrx_word' id='word_1_478' title='bbox 3514 3279 3768 3330; x_wconf 86' lang='lat' dir='ltr'>sanctus.</span> 
     </span>
    </p>
   </div>
   <div class='ocr_carea' id='block_1_36' title="bbox 353 3357 3849 3441">
    <p class='ocr_par' dir='ltr' id='par_1_36' title="bbox 353 3357 3849 3441">
     <span class='ocr_line' id='line_1_36' title="bbox 353 3357 3849 3441; baseline 0.004 -35"><span class='ocrx_word' id='word_1_479' title='bbox 353 3431 374 3441; x_wconf 33' lang='grc' dir='ltr'>θ</span> <span class='ocrx_word' id='word_1_480' title='bbox 529 3361 676 3426; x_wconf 67' lang='lat' dir='ltr'>Quia</span> <span class='ocrx_word' id='word_1_481' title='bbox 705 3377 859 3417; x_wconf 79' lang='lat' dir='ltr'>unus</span> <span class='ocrx_word' id='word_1_482' title='bbox 888 3364 980 3416; x_wconf 73' lang='lat' dir='ltr'>est,</span> <span class='ocrx_word' id='word_1_483' title='bbox 1004 3360 1248 3418; x_wconf 9' lang='lat' dir='ltr'>Deugqin</span> <span class='ocrx_word' id='word_1_484' title='bbox 1279 3378 1390 3416; x_wconf 73' lang='lat' dir='ltr'>sua</span> <span class='ocrx_word' id='word_1_485' title='bbox 1417 3361 1768 3418; x_wconf 67' lang='lat' dir='ltr'>substantia,</span> <span class='ocrx_word' id='word_1_486' title='bbox 2219 3357 2283 3410; x_wconf 91' lang='grc'>17</span> <span class='ocrx_word' id='word_1_487' title='bbox 2358 3357 2508 3428; x_wconf 79' lang='lat' dir='ltr'>Quid</span> <span class='ocrx_word' id='word_1_488' title='bbox 2535 3359 2676 3413; x_wconf 84' lang='lat' dir='ltr'>sicut</span> <span class='ocrx_word' id='word_1_489' title='bbox 2703 3359 3036 3430; x_wconf 75' lang='lat' dir='ltr'>singillatim</span> <span class='ocrx_word' id='word_1_490' title='bbox 3064 3375 3510 3433; x_wconf 84' lang='lat' dir='ltr'>unamquamque</span> <span class='ocrx_word' id='word_1_491' title='bbox 3534 3378 3812 3435; x_wconf 78' lang='lat' dir='ltr'>personam</span> <span class='ocrx_word' id='word_1_492' title='bbox 3839 3383 3849 3420; x_wconf 91' lang='lat'>:</span> 
     </span>
    </p>
   </div>
   <div class='ocr_carea' id='block_1_37' title="bbox 458 3447 3854 3522">
    <p class='ocr_par' dir='ltr' id='par_1_37' title="bbox 458 3447 3854 3522">
     <span class='ocr_line' id='line_1_37' title="bbox 458 3447 3854 3522; baseline 0.001 -16"><span class='ocrx_word' id='word_1_493' title='bbox 458 3451 526 3506; x_wconf 87' lang='grc'>13</span> <span class='ocrx_word' id='word_1_494' title='bbox 597 3451 868 3507; x_wconf 80' lang='lat' dir='ltr'>Similiter</span> <span class='ocrx_word' id='word_1_495' title='bbox 895 3451 1232 3520; x_wconf 85' lang='lat' dir='ltr'>omnipotens</span> <span class='ocrx_word' id='word_1_496' title='bbox 1259 3451 1445 3514; x_wconf 85' lang='lat' dir='ltr'>Pater,</span> <span class='ocrx_word' id='word_1_497' title='bbox 1473 3452 1812 3522; x_wconf 81' lang='lat' dir='ltr'>omnipotens</span> <span class='ocrx_word' id='word_1_498' title='bbox 1840 3453 2024 3508; x_wconf 86' lang='lat' dir='ltr'>Filius</span> <span class='ocrx_word' id='word_1_499' title='bbox 2050 3471 2064 3508; x_wconf 91' lang='lat'><strong>:</strong></span> <span class='ocrx_word' id='word_1_500' title='bbox 2357 3447 2526 3501; x_wconf 74' lang='lat' dir='ltr'>Deum</span> <span class='ocrx_word' id='word_1_501' title='bbox 2562 3450 2617 3502; x_wconf 74' lang='grc' dir='ltr'>εἰ</span> <span class='ocrx_word' id='word_1_502' title='bbox 2666 3448 2960 3503; x_wconf 75' lang='grc' dir='ltr'>Βοηιὶηωη</span> <span class='ocrx_word' id='word_1_503' title='bbox 3001 3448 3250 3519; x_wconf 68' lang='grc' dir='ltr'>σοηβιϐνὶ</span> <span class='ocrx_word' id='word_1_504' title='bbox 3279 3448 3598 3506; x_wconf 76' lang='lat' dir='ltr'>Christiana</span> <span class='ocrx_word' id='word_1_505' title='bbox 3637 3454 3854 3509; x_wconf 69' lang='lat' dir='ltr'>veritate</span> 
     </span>
    </p>
   </div>
   <div class='ocr_carea' id='block_1_38' title="bbox 433 3536 2827 3614">
    <p class='ocr_par' dir='ltr' id='par_1_38' title="bbox 433 3536 2827 3614">
     <span class='ocr_line' id='line_1_38' title="bbox 433 3536 2827 3614; baseline -0.002 -18"><span class='ocrx_word' id='word_1_506' title='bbox 433 3538 435 3540; x_wconf 72' lang='grc'><em>’</em></span> <span class='ocrx_word' id='word_1_507' title='bbox 597 3539 952 3614; x_wconf 76' lang='lat' dir='ltr'>Omnipotens</span> <span class='ocrx_word' id='word_1_508' title='bbox 980 3546 1032 3594; x_wconf 89' lang='lat' dir='ltr'>et</span> <span class='ocrx_word' id='word_1_509' title='bbox 1061 3538 1300 3610; x_wconf 85' lang='lat' dir='ltr'>Spiritus</span> <span class='ocrx_word' id='word_1_510' title='bbox 1327 3542 1568 3594; x_wconf 84' lang='lat' dir='ltr'>sanctus.</span> <span class='ocrx_word' id='word_1_511' title='bbox 2425 3536 2827 3607; x_wconf 75' lang='lat' dir='ltr'>compelli-mur.</span> 
     </span>
    </p>
   </div>
   <div class='ocr_carea' id='block_1_39' title="bbox 526 3621 2100 3700">
    <p class='ocr_par' dir='ltr' id='par_1_39' title="bbox 526 3624 2100 3700">
     <span class='ocr_line' id='line_1_39' title="bbox 526 3624 2100 3700; baseline 0.002 -16"><span class='ocrx_word' id='word_1_512' title='bbox 526 3627 908 3699; x_wconf 87' lang='lat' dir='ltr'>Omnipotens</span> <span class='ocrx_word' id='word_1_513' title='bbox 927 3624 1145 3682; x_wconf 89' lang='lat' dir='ltr'>dicitur</span> <span class='ocrx_word' id='word_1_514' title='bbox 1163 3625 1503 3698; x_wconf 86' lang='lat' dir='ltr'>Pater,quia</span> <span class='ocrx_word' id='word_1_515' title='bbox 1526 3627 1725 3682; x_wconf 87' lang='lat' dir='ltr'>omnia</span> <span class='ocrx_word' id='word_1_516' title='bbox 1744 3632 1960 3700; x_wconf 88' lang='lat' dir='ltr'>potest;</span> <span class='ocrx_word' id='word_1_517' title='bbox 1988 3647 2100 3687; x_wconf 83' lang='lat' dir='ltr'>non</span> 
     </span>
    </p>
   </div>
   <div class='ocr_carea' id='block_1_40' title="bbox 2275 3621 3849 3700">
    <p class='ocr_par' dir='ltr' id='par_1_40' title="bbox 2283 3621 3849 3698">
     <span class='ocr_line' id='line_1_40' title="bbox 2283 3621 3849 3698; baseline 0.004 -20"><span class='ocrx_word' id='word_1_518' title='bbox 2283 3621 2428 3688; x_wconf 88' lang='lat' dir='ltr'>Quia</span> <span class='ocrx_word' id='word_1_519' title='bbox 2458 3623 2612 3680; x_wconf 88' lang='lat' dir='ltr'>sicut</span> <span class='ocrx_word' id='word_1_520' title='bbox 2639 3623 3003 3698; x_wconf 84' lang='lat' dir='ltr'>singillatim,</span> <span class='ocrx_word' id='word_1_521' title='bbox 3034 3624 3092 3681; x_wconf 90' lang='lat' dir='ltr'>id</span> <span class='ocrx_word' id='word_1_522' title='bbox 3137 3629 3228 3682; x_wconf 90' lang='lat' dir='ltr'>est</span> <span class='ocrx_word' id='word_1_523' title='bbox 3273 3625 3428 3682; x_wconf 89' lang='lat' dir='ltr'>sicut</span> <span class='ocrx_word' id='word_1_524' title='bbox 3473 3627 3742 3684; x_wconf 85' lang='lat' dir='ltr'>distincte</span> <span class='ocrx_word' id='word_1_525' title='bbox 3768 3628 3849 3684; x_wconf 84' lang='lat' dir='ltr'>vel</span> 
     </span>
    </p>
   </div>
   <div class='ocr_carea' id='block_1_41' title="bbox 455 3711 3850 3790">
    <p class='ocr_par' dir='ltr' id='par_1_41' title="bbox 455 3711 3850 3790">
     <span class='ocr_line' id='line_1_41' title="bbox 455 3711 3850 3790; baseline 0.001 -16"><span class='ocrx_word' id='word_1_526' title='bbox 455 3735 490 3774; x_wconf 89' lang='lat' dir='ltr'>a</span> <span class='ocrx_word' id='word_1_527' title='bbox 520 3715 814 3790; x_wconf 89' lang='lat' dir='ltr'>patiendo,</span> <span class='ocrx_word' id='word_1_528' title='bbox 838 3715 994 3788; x_wconf 92' lang='lat' dir='ltr'>quod</span> <span class='ocrx_word' id='word_1_529' title='bbox 1046 3731 1163 3770; x_wconf 92' lang='lat' dir='ltr'>non</span> <span class='ocrx_word' id='word_1_530' title='bbox 1191 3713 1336 3780; x_wconf 89' lang='lat' dir='ltr'>vult,</span> <span class='ocrx_word' id='word_1_531' title='bbox 1363 3714 1463 3770; x_wconf 89' lang='lat' dir='ltr'>sed</span> <span class='ocrx_word' id='word_1_532' title='bbox 1513 3731 1547 3769; x_wconf 88' lang='lat' dir='ltr'>a</span> <span class='ocrx_word' id='word_1_533' title='bbox 1595 3714 1856 3771; x_wconf 87' lang='lat' dir='ltr'>faciendo</span> <span class='ocrx_word' id='word_1_534' title='bbox 1903 3717 2102 3776; x_wconf 91' lang='lat' dir='ltr'>omnia</span> <span class='ocrx_word' id='word_1_535' title='bbox 2210 3711 2526 3783; x_wconf 70' lang='lat' dir='ltr'>separatim</span> <span class='ocrx_word' id='word_1_536' title='bbox 2568 3729 3048 3786; x_wconf 82' lang='lat' dir='ltr'>unamquamque</span> <span class='ocrx_word' id='word_1_537' title='bbox 3086 3731 3396 3786; x_wconf 79' lang='lat' dir='ltr'>personam</span> <span class='ocrx_word' id='word_1_538' title='bbox 3429 3716 3561 3772; x_wconf 88' lang='lat' dir='ltr'>dico</span> <span class='ocrx_word' id='word_1_539' title='bbox 3593 3717 3768 3774; x_wconf 86' lang='lat' dir='ltr'>Deum</span> <span class='ocrx_word' id='word_1_540' title='bbox 3795 3723 3850 3773; x_wconf 83' lang='lat' dir='ltr'>et</span> 
     </span>
    </p>
   </div>
   <div class='ocr_carea' id='block_1_42' title="bbox 453 3799 3845 3878">
    <p class='ocr_par' dir='ltr' id='par_1_42' title="bbox 453 3799 3845 3878">
     <span class='ocr_line' id='line_1_42' title="bbox 453 3799 3845 3878; baseline 0.001 -18"><span class='ocrx_word' id='word_1_541' title='bbox 453 3821 819 3878; x_wconf 67' lang='lat' dir='ltr'>quaecunque</span> <span class='ocrx_word' id='word_1_542' title='bbox 843 3802 989 3868; x_wconf 85' lang='lat' dir='ltr'>vult,</span> <span class='ocrx_word' id='word_1_543' title='bbox 1012 3806 1070 3859; x_wconf 91' lang='lat' dir='ltr'>et</span> <span class='ocrx_word' id='word_1_544' title='bbox 1098 3801 1245 3858; x_wconf 90' lang='lat' dir='ltr'>nihil</span> <span class='ocrx_word' id='word_1_545' title='bbox 1275 3799 1360 3856; x_wconf 92' lang='lat' dir='ltr'>illi</span> <span class='ocrx_word' id='word_1_546' title='bbox 1391 3801 1752 3874; x_wconf 87' lang='lat' dir='ltr'>impossibile</span> <span class='ocrx_word' id='word_1_547' title='bbox 1776 3807 1882 3860; x_wconf 88' lang='lat' dir='ltr'>est.</span> <span class='ocrx_word' id='word_1_548' title='bbox 1907 3806 2100 3862; x_wconf 79' lang='lat' dir='ltr'>omni.</span> <span class='ocrx_word' id='word_1_549' title='bbox 2207 3800 2543 3868; x_wconf 89' lang='lat' dir='ltr'>Dominum,</span> <span class='ocrx_word' id='word_1_550' title='bbox 2570 3801 2710 3874; x_wconf 88' lang='lat' dir='ltr'>quia</span> <span class='ocrx_word' id='word_1_551' title='bbox 2729 3801 2778 3858; x_wconf 91' lang='lat' dir='ltr'>si</span> <span class='ocrx_word' id='word_1_552' title='bbox 2803 3819 2895 3859; x_wconf 90' lang='lat' dir='ltr'>me</span> <span class='ocrx_word' id='word_1_553' title='bbox 2917 3802 3364 3876; x_wconf 78' lang='lat' dir='ltr'>interrogaveris</span> <span class='ocrx_word' id='word_1_554' title='bbox 3387 3803 3530 3876; x_wconf 91' lang='lat' dir='ltr'>quid</span> <span class='ocrx_word' id='word_1_555' title='bbox 3563 3809 3652 3862; x_wconf 86' lang='lat' dir='ltr'>est</span> <span class='ocrx_word' id='word_1_556' title='bbox 3669 3806 3845 3875; x_wconf 82' lang='lat' dir='ltr'>Pater,</span> 
     </span>
    </p>
   </div>
   <div class='ocr_carea' id='block_1_43' title="bbox 453 3890 3847 3968">
    <p class='ocr_par' dir='ltr' id='par_1_43' title="bbox 453 3890 3847 3968">
     <span class='ocr_line' id='line_1_43' title="bbox 453 3890 3847 3968; baseline 0.003 -18"><span class='ocrx_word' id='word_1_557' title='bbox 453 3898 662 3968; x_wconf 86' lang='lat' dir='ltr'>potens</span> <span class='ocrx_word' id='word_1_558' title='bbox 689 3897 747 3950; x_wconf 90' lang='lat' dir='ltr'>et</span> <span class='ocrx_word' id='word_1_559' title='bbox 770 3891 1128 3964; x_wconf 72' lang='lat' dir='ltr'>Filius&#39;,quia</span> <span class='ocrx_word' id='word_1_560' title='bbox 1149 3891 1433 3964; x_wconf 90' lang='lat' dir='ltr'>quidquid</span> <span class='ocrx_word' id='word_1_561' title='bbox 1465 3896 1656 3963; x_wconf 89' lang='lat' dir='ltr'>potest</span> <span class='ocrx_word' id='word_1_562' title='bbox 1685 3892 1872 3962; x_wconf 87' lang='lat' dir='ltr'>Pater,</span> <span class='ocrx_word' id='word_1_563' title='bbox 1907 3898 2100 3966; x_wconf 86' lang='lat' dir='ltr'>potest</span> <span class='ocrx_word' id='word_1_564' title='bbox 2205 3903 2311 3962; x_wconf 73' lang='lat'>880</span> <span class='ocrx_word' id='word_1_565' title='bbox 2342 3891 2684 3962; x_wconf 67' lang='lat' dir='ltr'>respondeo:</span> <span class='ocrx_word' id='word_1_566' title='bbox 2707 3890 2862 3948; x_wconf 74' lang='lat' dir='ltr'>Deus</span> <span class='ocrx_word' id='word_1_567' title='bbox 2879 3895 2935 3948; x_wconf 71' lang='lat' dir='ltr'>et</span> <span class='ocrx_word' id='word_1_568' title='bbox 2965 3891 3276 3959; x_wconf 75' lang='grc' dir='ltr'>υοωίοιιες</span> <span class='ocrx_word' id='word_1_569' title='bbox 3303 3892 3579 3950; x_wconf 69' lang='lat' dir='ltr'>Similiter</span> <span class='ocrx_word' id='word_1_570' title='bbox 3604 3894 3654 3952; x_wconf 74' lang='lat' dir='ltr'>Si</span> <span class='ocrx_word' id='word_1_571' title='bbox 3685 3893 3847 3950; x_wconf 60' lang='lat' dir='ltr'>inier-</span> 
     </span>
    </p>
   </div>
   <div class='ocr_carea' id='block_1_44' title="bbox 447 3977 3842 4056">
    <p class='ocr_par' dir='ltr' id='par_1_44' title="bbox 447 3977 3842 4056">
     <span class='ocr_line' id='line_1_44' title="bbox 447 3977 3842 4056; baseline 0.001 -17"><span class='ocrx_word' id='word_1_572' title='bbox 447 3988 506 4040; x_wconf 88' lang='lat' dir='ltr'>et</span> <span class='ocrx_word' id='word_1_573' title='bbox 535 3983 744 4052; x_wconf 90' lang='lat' dir='ltr'>Filius;</span> <span class='ocrx_word' id='word_1_574' title='bbox 778 3981 1164 4039; x_wconf 89' lang='lat' dir='ltr'>nihilominus</span> <span class='ocrx_word' id='word_1_575' title='bbox 1200 3985 1257 4036; x_wconf 89' lang='lat' dir='ltr'>et</span> <span class='ocrx_word' id='word_1_576' title='bbox 1298 3979 1552 4052; x_wconf 88' lang='lat' dir='ltr'>Spiritus</span> <span class='ocrx_word' id='word_1_577' title='bbox 1581 3985 1841 4037; x_wconf 85' lang='lat' dir='ltr'>sanctus.</span> <span class='ocrx_word' id='word_1_578' title='bbox 1868 3983 2012 4056; x_wconf 86' lang='lat' dir='ltr'>Ergo</span> <span class='ocrx_word' id='word_1_579' title='bbox 2043 3985 2094 4041; x_wconf 88' lang='lat' dir='ltr'>si</span> <span class='ocrx_word' id='word_1_580' title='bbox 2204 3977 2516 4050; x_wconf 70' lang='lat' dir='ltr'>rogavePiS,</span> <span class='ocrx_word' id='word_1_581' title='bbox 2540 3977 2682 4051; x_wconf 85' lang='lat' dir='ltr'>quid</span> <span class='ocrx_word' id='word_1_582' title='bbox 2713 3983 2800 4036; x_wconf 79' lang='lat' dir='ltr'>est</span> <span class='ocrx_word' id='word_1_583' title='bbox 2831 3979 3034 4048; x_wconf 75' lang='lat' dir='ltr'>FiliUS,</span> <span class='ocrx_word' id='word_1_584' title='bbox 3066 3997 3173 4054; x_wconf 84' lang='lat' dir='ltr'>ego</span> <span class='ocrx_word' id='word_1_585' title='bbox 3204 3980 3354 4050; x_wconf 80' lang='lat' dir='ltr'>diCO,</span> <span class='ocrx_word' id='word_1_586' title='bbox 3384 3980 3540 4040; x_wconf 88' lang='lat' dir='ltr'>Deus</span> <span class='ocrx_word' id='word_1_587' title='bbox 3571 3986 3630 4038; x_wconf 86' lang='lat' dir='ltr'>et</span> <span class='ocrx_word' id='word_1_588' title='bbox 3659 3982 3842 4040; x_wconf 89' lang='lat' dir='ltr'>Domi-</span> 
     </span>
    </p>
   </div>
   <div class='ocr_carea' id='block_1_45' title="bbox 444 4065 3840 4151">
    <p class='ocr_par' dir='ltr' id='par_1_45' title="bbox 444 4065 3840 4151">
     <span class='ocr_line' id='line_1_45' title="bbox 444 4065 3840 4151; baseline 0.001 -21"><span class='ocrx_word' id='word_1_589' title='bbox 444 4071 644 4130; x_wconf 89' lang='lat' dir='ltr'>omnia</span> <span class='ocrx_word' id='word_1_590' title='bbox 671 4072 878 4146; x_wconf 85' lang='lat' dir='ltr'>potest,</span> <span class='ocrx_word' id='word_1_591' title='bbox 903 4071 1046 4144; x_wconf 91' lang='lat' dir='ltr'>quid</span> <span class='ocrx_word' id='word_1_592' title='bbox 1094 4075 1186 4126; x_wconf 90' lang='lat' dir='ltr'>est</span> <span class='ocrx_word' id='word_1_593' title='bbox 1217 4070 1372 4142; x_wconf 92' lang='lat' dir='ltr'>quod</span> <span class='ocrx_word' id='word_1_594' title='bbox 1419 4087 1533 4126; x_wconf 92' lang='lat' dir='ltr'>non</span> <span class='ocrx_word' id='word_1_595' title='bbox 1566 4069 1794 4142; x_wconf 83' lang='lat' dir='ltr'>potest?</span> <span class='ocrx_word' id='word_1_596' title='bbox 1819 4071 1928 4128; x_wconf 89' lang='lat' dir='ltr'>hoc</span> <span class='ocrx_word' id='word_1_597' title='bbox 1975 4091 2090 4130; x_wconf 92' lang='lat' dir='ltr'>non</span> <span class='ocrx_word' id='word_1_598' title='bbox 2200 4081 2342 4151; x_wconf 65' lang='lat' dir='ltr'>aus;</span> <span class='ocrx_word' id='word_1_599' title='bbox 2374 4070 2432 4123; x_wconf 61' lang='grc' dir='ltr'>εἰ</span> <span class='ocrx_word' id='word_1_600' title='bbox 2461 4065 2512 4122; x_wconf 77' lang='lat' dir='ltr'>Si</span> <span class='ocrx_word' id='word_1_601' title='bbox 2543 4066 2690 4123; x_wconf 69' lang='lat' dir='ltr'>dicis</span> <span class='ocrx_word' id='word_1_602' title='bbox 2721 4067 2856 4140; x_wconf 69' lang='lat' dir='ltr'>quid</span> <span class='ocrx_word' id='word_1_603' title='bbox 2892 4073 2980 4124; x_wconf 69' lang='lat' dir='ltr'>est</span> <span class='ocrx_word' id='word_1_604' title='bbox 3027 4068 3282 4141; x_wconf 74' lang='lat' dir='ltr'>Spiritus</span> <span class='ocrx_word' id='word_1_605' title='bbox 3331 4075 3596 4141; x_wconf 74' lang='lat' dir='ltr'>sanctUS,</span> <span class='ocrx_word' id='word_1_606' title='bbox 3621 4087 3727 4145; x_wconf 82' lang='lat' dir='ltr'>ego</span> <span class='ocrx_word' id='word_1_607' title='bbox 3754 4087 3840 4127; x_wconf 75' lang='lat' dir='ltr'>re-</span> 
     </span>
    </p>
   </div>
   <div class='ocr_carea' id='block_1_46' title="bbox 442 4155 3838 4235">
    <p class='ocr_par' dir='ltr' id='par_1_46' title="bbox 442 4155 3838 4235">
     <span class='ocr_line' id='line_1_46' title="bbox 442 4155 3838 4235; baseline -0.001 -17"><span class='ocrx_word' id='word_1_608' title='bbox 442 4166 654 4235; x_wconf 89' lang='lat' dir='ltr'>potest,</span> <span class='ocrx_word' id='word_1_609' title='bbox 668 4161 823 4235; x_wconf 89' lang='lat' dir='ltr'>quod</span> <span class='ocrx_word' id='word_1_610' title='bbox 857 4177 972 4218; x_wconf 90' lang='lat' dir='ltr'>non</span> <span class='ocrx_word' id='word_1_611' title='bbox 1005 4159 1276 4217; x_wconf 87' lang='lat' dir='ltr'>convenit</span> <span class='ocrx_word' id='word_1_612' title='bbox 1307 4158 1692 4232; x_wconf 90' lang='lat' dir='ltr'>omnipotenti</span> <span class='ocrx_word' id='word_1_613' title='bbox 1722 4177 1911 4234; x_wconf 86' lang='lat' dir='ltr'>posse.</span> <span class='ocrx_word' id='word_1_614' title='bbox 1946 4161 2089 4218; x_wconf 74' lang='lat' dir='ltr'>Falli</span> <span class='ocrx_word' id='word_1_615' title='bbox 2197 4156 2478 4228; x_wconf 88' lang='lat' dir='ltr'>spondeo,</span> <span class='ocrx_word' id='word_1_616' title='bbox 2515 4161 2662 4212; x_wconf 88' lang='lat' dir='ltr'>Deus</span> <span class='ocrx_word' id='word_1_617' title='bbox 2697 4160 2754 4212; x_wconf 85' lang='lat' dir='ltr'>et</span> <span class='ocrx_word' id='word_1_618' title='bbox 2783 4155 3088 4226; x_wconf 86' lang='lat' dir='ltr'>Dominus,</span> <span class='ocrx_word' id='word_1_619' title='bbox 3120 4161 3180 4213; x_wconf 91' lang='lat' dir='ltr'>et</span> <span class='ocrx_word' id='word_1_620' title='bbox 3217 4161 3414 4214; x_wconf 89' lang='lat' dir='ltr'>tamen</span> <span class='ocrx_word' id='word_1_621' title='bbox 3447 4159 3506 4214; x_wconf 90' lang='lat' dir='ltr'>in</span> <span class='ocrx_word' id='word_1_622' title='bbox 3538 4159 3632 4216; x_wconf 87' lang='lat' dir='ltr'>his</span> <span class='ocrx_word' id='word_1_623' title='bbox 3662 4159 3838 4216; x_wconf 86' lang='lat' dir='ltr'>tribus</span> 
     </span>
    </p>
   </div>
   <div class='ocr_carea' id='block_1_47' title="bbox 439 4243 3833 4324">
    <p class='ocr_par' dir='ltr' id='par_1_47' title="bbox 439 4243 3833 4324">
     <span class='ocr_line' id='line_1_47' title="bbox 439 4243 3833 4324; baseline 0.001 -18"><span class='ocrx_word' id='word_1_624' title='bbox 439 4267 557 4308; x_wconf 90' lang='lat' dir='ltr'>non</span> <span class='ocrx_word' id='word_1_625' title='bbox 587 4254 796 4324; x_wconf 87' lang='lat' dir='ltr'>potest,</span> <span class='ocrx_word' id='word_1_626' title='bbox 821 4249 959 4324; x_wconf 78' lang='lat' dir='ltr'>quia</span> <span class='ocrx_word' id='word_1_627' title='bbox 984 4248 1196 4306; x_wconf 89' lang='lat' dir='ltr'>veritas</span> <span class='ocrx_word' id='word_1_628' title='bbox 1224 4251 1281 4304; x_wconf 91' lang='lat' dir='ltr'>et</span> <span class='ocrx_word' id='word_1_629' title='bbox 1309 4247 1598 4321; x_wconf 89' lang='lat' dir='ltr'>sapientia</span> <span class='ocrx_word' id='word_1_630' title='bbox 1625 4253 1716 4306; x_wconf 86' lang='lat' dir='ltr'>est</span> <span class='ocrx_word' id='word_1_631' title='bbox 1744 4265 1758 4304; x_wconf 91' lang='lat'><strong>:</strong></span> <span class='ocrx_word' id='word_1_632' title='bbox 1792 4250 2087 4323; x_wconf 67' lang='lat' dir='ltr'>lEgrotare</span> <span class='ocrx_word' id='word_1_633' title='bbox 2193 4243 2481 4318; x_wconf 81' lang='lat' dir='ltr'>personis.</span> <span class='ocrx_word' id='word_1_634' title='bbox 2512 4262 2628 4300; x_wconf 89' lang='lat' dir='ltr'>non</span> <span class='ocrx_word' id='word_1_635' title='bbox 2660 4248 2778 4302; x_wconf 89' lang='lat' dir='ltr'>tres</span> <span class='ocrx_word' id='word_1_636' title='bbox 2816 4245 2983 4313; x_wconf 70' lang='lat' dir='ltr'>Deos.</span> <span class='ocrx_word' id='word_1_637' title='bbox 3017 4262 3122 4302; x_wconf 76' lang='lat' dir='ltr'>nec</span> <span class='ocrx_word' id='word_1_638' title='bbox 3165 4249 3286 4304; x_wconf 70' lang='lat' dir='ltr'>tres</span> <span class='ocrx_word' id='word_1_639' title='bbox 3313 4246 3615 4318; x_wconf 79' lang='lat' dir='ltr'>DomiDOS,</span> <span class='ocrx_word' id='word_1_640' title='bbox 3650 4249 3749 4304; x_wconf 78' lang='lat' dir='ltr'>sed</span> <span class='ocrx_word' id='word_1_641' title='bbox 3779 4247 3833 4303; x_wconf 79' lang='lat' dir='ltr'>in</span> 
     </span>
    </p>
   </div>
   <div class='ocr_carea' id='block_1_48' title="bbox 437 4332 3848 4410">
    <p class='ocr_par' dir='ltr' id='par_1_48' title="bbox 437 4332 3848 4410">
     <span class='ocr_line' id='line_1_48' title="bbox 437 4332 3848 4410; baseline -0.001 -14"><span class='ocrx_word' id='word_1_642' title='bbox 437 4344 540 4396; x_wconf 90' lang='lat' dir='ltr'>aut</span> <span class='ocrx_word' id='word_1_643' title='bbox 565 4338 854 4396; x_wconf 81' lang='lat' dir='ltr'>inﬁrmari</span> <span class='ocrx_word' id='word_1_644' title='bbox 883 4355 1000 4394; x_wconf 91' lang='lat' dir='ltr'>non</span> <span class='ocrx_word' id='word_1_645' title='bbox 1024 4340 1234 4410; x_wconf 86' lang='lat' dir='ltr'>potest,</span> <span class='ocrx_word' id='word_1_646' title='bbox 1251 4335 1388 4410; x_wconf 90' lang='lat' dir='ltr'>quia</span> <span class='ocrx_word' id='word_1_647' title='bbox 1407 4337 1628 4394; x_wconf 85' lang='lat' dir='ltr'>sanitas</span> <span class='ocrx_word' id='word_1_648' title='bbox 1648 4342 1737 4394; x_wconf 88' lang='lat' dir='ltr'>est</span> <span class='ocrx_word' id='word_1_649' title='bbox 1759 4354 1772 4394; x_wconf 91' lang='lat'><strong>:</strong></span> <span class='ocrx_word' id='word_1_650' title='bbox 1799 4338 1943 4395; x_wconf 90' lang='lat' dir='ltr'>Mori</span> <span class='ocrx_word' id='word_1_651' title='bbox 1967 4357 2082 4396; x_wconf 92' lang='lat' dir='ltr'>non</span> <span class='ocrx_word' id='word_1_652' title='bbox 2192 4334 2404 4404; x_wconf 89' lang='lat' dir='ltr'>tribus,</span> <span class='ocrx_word' id='word_1_653' title='bbox 2427 4333 2580 4390; x_wconf 89' lang='lat' dir='ltr'>sicut</span> <span class='ocrx_word' id='word_1_654' title='bbox 2600 4334 2728 4406; x_wconf 88' lang='lat' dir='ltr'>jam</span> <span class='ocrx_word' id='word_1_655' title='bbox 2758 4350 2938 4406; x_wconf 87' lang='lat' dir='ltr'>supra</span> <span class='ocrx_word' id='word_1_656' title='bbox 2968 4332 3190 4390; x_wconf 86' lang='lat' dir='ltr'>dictum</span> <span class='ocrx_word' id='word_1_657' title='bbox 3221 4339 3330 4406; x_wconf 90' lang='lat' dir='ltr'>est,</span> <span class='ocrx_word' id='word_1_658' title='bbox 3355 4352 3543 4394; x_wconf 90' lang='lat' dir='ltr'>unum</span> <span class='ocrx_word' id='word_1_659' title='bbox 3574 4337 3759 4394; x_wconf 88' lang='lat' dir='ltr'>Deum</span> <span class='ocrx_word' id='word_1_660' title='bbox 3788 4340 3848 4406; x_wconf 38' lang='lat' dir='ltr'>et.</span> 
     </span>
    </p>
   </div>
   <div class='ocr_carea' id='block_1_49' title="bbox 433 4421 2836 4500">
    <p class='ocr_par' dir='ltr' id='par_1_49' title="bbox 433 4421 2836 4500">
     <span class='ocr_line' id='line_1_49' title="bbox 433 4421 2836 4500; baseline -0.002 -16"><span class='ocrx_word' id='word_1_661' title='bbox 433 4431 645 4500; x_wconf 90' lang='lat' dir='ltr'>potest,</span> <span class='ocrx_word' id='word_1_662' title='bbox 667 4425 1174 4500; x_wconf 88' lang='lat' dir='ltr'>quiaimmortalis</span> <span class='ocrx_word' id='word_1_663' title='bbox 1199 4429 1326 4482; x_wconf 89' lang='lat' dir='ltr'>est:</span> <span class='ocrx_word' id='word_1_664' title='bbox 1351 4424 1530 4481; x_wconf 91' lang='lat' dir='ltr'>Finiri</span> <span class='ocrx_word' id='word_1_665' title='bbox 1564 4444 1678 4483; x_wconf 91' lang='lat' dir='ltr'>non</span> <span class='ocrx_word' id='word_1_666' title='bbox 1709 4431 1920 4500; x_wconf 90' lang='lat' dir='ltr'>potest,</span> <span class='ocrx_word' id='word_1_667' title='bbox 1944 4429 2082 4500; x_wconf 88' lang='lat' dir='ltr'>quia</span> <span class='ocrx_word' id='word_1_668' title='bbox 2190 4421 2506 4480; x_wconf 87' lang='lat' dir='ltr'>Dominum</span> <span class='ocrx_word' id='word_1_669' title='bbox 2537 4421 2836 4478; x_wconf 80' lang='lat' dir='ltr'>confiteor.</span> 
     </span>
    </p>
   </div>
   <div class='ocr_carea' id='block_1_50' title="bbox 431 4511 3389 4594">
    <p class='ocr_par' dir='ltr' id='par_1_50' title="bbox 431 4511 3389 4594">
     <span class='ocr_line' id='line_1_50' title="bbox 431 4511 3389 4594; baseline -0.001 -22"><span class='ocrx_word' id='word_1_670' title='bbox 431 4514 700 4572; x_wconf 84' lang='lat' dir='ltr'>inﬁnitus</span> <span class='ocrx_word' id='word_1_671' title='bbox 729 4519 788 4572; x_wconf 91' lang='lat' dir='ltr'>et</span> <span class='ocrx_word' id='word_1_672' title='bbox 817 4514 1092 4588; x_wconf 89' lang='lat' dir='ltr'>perennis</span> <span class='ocrx_word' id='word_1_673' title='bbox 1121 4518 1228 4570; x_wconf 91' lang='lat' dir='ltr'>est.</span> <span class='ocrx_word' id='word_1_674' title='bbox 2106 4529 2156 4594; x_wconf 71' lang='grc' dir='ltr'>Β</span> <span class='ocrx_word' id='word_1_675' title='bbox 2190 4513 2256 4568; x_wconf 91' lang='grc'><strong>18</strong></span> <span class='ocrx_word' id='word_1_676' title='bbox 2328 4513 2412 4566; x_wconf 84' lang='lat' dir='ltr'>Ita</span> <span class='ocrx_word' id='word_1_677' title='bbox 2437 4519 2545 4566; x_wconf 83' lang='lat' dir='ltr'>tres</span> <span class='ocrx_word' id='word_1_678' title='bbox 2574 4511 2706 4566; x_wconf 87' lang='lat' dir='ltr'>Deos</span> <span class='ocrx_word' id='word_1_679' title='bbox 2734 4514 2833 4566; x_wconf 84' lang='lat' dir='ltr'>aut</span> <span class='ocrx_word' id='word_1_680' title='bbox 2866 4511 3132 4567; x_wconf 86' lang='lat' dir='ltr'>Dominos</span> <span class='ocrx_word' id='word_1_681' title='bbox 3161 4511 3342 4568; x_wconf 84' lang='lat' dir='ltr'>dicere</span> <span class='ocrx_word' id='word_1_682' title='bbox 3375 4530 3389 4568; x_wconf 88' lang='lat'><strong>:</strong></span> 
     </span>
    </p>
   </div>
   <div class='ocr_carea' id='block_1_51' title="bbox 431 4599 3310 4674">
    <p class='ocr_par' dir='ltr' id='par_1_51' title="bbox 431 4599 3310 4674">
     <span class='ocr_line' id='line_1_51' title="bbox 431 4599 3310 4674; baseline -0.002 -13"><span class='ocrx_word' id='word_1_683' title='bbox 431 4605 498 4660; x_wconf 82' lang='grc'><strong>14</strong></span> <span class='ocrx_word' id='word_1_684' title='bbox 569 4605 636 4660; x_wconf 88' lang='lat' dir='ltr'>Et</span> <span class='ocrx_word' id='word_1_685' title='bbox 664 4611 846 4660; x_wconf 88' lang='lat' dir='ltr'>tamen</span> <span class='ocrx_word' id='word_1_686' title='bbox 871 4619 986 4659; x_wconf 85' lang='lat' dir='ltr'>non</span> <span class='ocrx_word' id='word_1_687' title='bbox 1011 4609 1118 4658; x_wconf 83' lang='lat' dir='ltr'>tres</span> <span class='ocrx_word' id='word_1_688' title='bbox 1147 4603 1538 4674; x_wconf 87' lang='lat' dir='ltr'>omnipotentes</span> <span class='ocrx_word' id='word_1_689' title='bbox 1570 4619 1584 4656; x_wconf 91' lang='lat'><strong>:</strong></span> <span class='ocrx_word' id='word_1_690' title='bbox 2325 4599 2606 4656; x_wconf 82' lang='lat' dir='ltr'>Catholica</span> <span class='ocrx_word' id='word_1_691' title='bbox 2635 4599 2902 4669; x_wconf 83' lang='lat' dir='ltr'>religione</span> <span class='ocrx_word' id='word_1_692' title='bbox 2926 4599 3310 4672; x_wconf 84' lang='lat' dir='ltr'>prohibemur.</span> 
     </span>
    </p>
   </div>
   <div class='ocr_carea' id='block_1_52' title="bbox 569 4686 3190 4764">
    <p class='ocr_par' dir='ltr' id='par_1_52' title="bbox 569 4686 3190 4764">
     <span class='ocr_line' id='line_1_52' title="bbox 569 4686 3190 4764; baseline -0.003 -13"><span class='ocrx_word' id='word_1_693' title='bbox 569 4693 672 4751; x_wconf 88' lang='lat' dir='ltr'>Sed</span> <span class='ocrx_word' id='word_1_694' title='bbox 700 4709 845 4749; x_wconf 80' lang='lat' dir='ltr'>unus</span> <span class='ocrx_word' id='word_1_695' title='bbox 875 4693 1248 4764; x_wconf 85' lang='lat' dir='ltr'>Omnipotens.</span> <span class='ocrx_word' id='word_1_696' title='bbox 1871 4753 1876 4760; x_wconf 41' lang='grc'><em>,</em></span> <span class='ocrx_word' id='word_1_697' title='bbox 2252 4686 2656 4755; x_wconf 89' lang='lat' dir='ltr'>Prohibemur,</span> <span class='ocrx_word' id='word_1_698' title='bbox 2693 4686 2749 4742; x_wconf 90' lang='lat' dir='ltr'>id</span> <span class='ocrx_word' id='word_1_699' title='bbox 2781 4691 2872 4744; x_wconf 90' lang='lat' dir='ltr'>est</span> <span class='ocrx_word' id='word_1_700' title='bbox 2903 4691 3190 4744; x_wconf 87' lang='lat' dir='ltr'>vetamur.</span> 
     </span>
    </p>
   </div>
   <div class='ocr_carea' id='block_1_53' title="bbox 492 4775 3058 4852">
    <p class='ocr_par' dir='ltr' id='par_1_53' title="bbox 492 4775 3058 4852">
     <span class='ocr_line' id='line_1_53' title="bbox 492 4775 3058 4852; baseline -0.004 -12"><span class='ocrx_word' id='word_1_701' title='bbox 492 4783 618 4840; x_wconf 87' lang='lat' dir='ltr'>Non</span> <span class='ocrx_word' id='word_1_702' title='bbox 651 4787 770 4840; x_wconf 90' lang='lat' dir='ltr'>tres</span> <span class='ocrx_word' id='word_1_703' title='bbox 791 4786 987 4838; x_wconf 89' lang='lat' dir='ltr'>tamen</span> <span class='ocrx_word' id='word_1_704' title='bbox 1013 4779 1464 4852; x_wconf 88' lang='lat' dir='ltr'>omnipotentes,</span> <span class='ocrx_word' id='word_1_705' title='bbox 1481 4777 1620 4852; x_wconf 91' lang='lat' dir='ltr'>quia</span> <span class='ocrx_word' id='word_1_706' title='bbox 1649 4779 2075 4852; x_wconf 75' lang='lat' dir='ltr'>omnipotentis</span> <span class='ocrx_word' id='word_1_707' title='bbox 2183 4775 2252 4832; x_wconf 90' lang='lat'><strong>19</strong></span> <span class='ocrx_word' id='word_1_708' title='bbox 2321 4779 2488 4832; x_wconf 88' lang='lat' dir='ltr'>Pater</span> <span class='ocrx_word' id='word_1_709' title='bbox 2517 4793 2552 4832; x_wconf 89' lang='lat' dir='ltr'>a</span> <span class='ocrx_word' id='word_1_710' title='bbox 2577 4777 2734 4832; x_wconf 86' lang='lat' dir='ltr'>nullo</span> <span class='ocrx_word' id='word_1_711' title='bbox 2761 4785 2841 4832; x_wconf 89' lang='lat' dir='ltr'>est</span> <span class='ocrx_word' id='word_1_712' title='bbox 2861 4779 3058 4849; x_wconf 71' lang='lat' dir='ltr'>ﬂictus.</span> 
     </span>
    </p>
   </div>
   <div class='ocr_carea' id='block_1_54' title="bbox 423 4865 3061 4940">
    <p class='ocr_par' dir='ltr' id='par_1_54' title="bbox 423 4865 3061 4940">
     <span class='ocr_line' id='line_1_54' title="bbox 423 4865 3061 4940; baseline -0.003 -12"><span class='ocrx_word' id='word_1_713' title='bbox 423 4875 514 4928; x_wconf 85' lang='lat' dir='ltr'>est</span> <span class='ocrx_word' id='word_1_714' title='bbox 540 4872 599 4928; x_wconf 92' lang='lat' dir='ltr'>in</span> <span class='ocrx_word' id='word_1_715' title='bbox 651 4869 1002 4940; x_wconf 89' lang='lat' dir='ltr'>substantia,</span> <span class='ocrx_word' id='word_1_716' title='bbox 1025 4869 1125 4926; x_wconf 91' lang='lat' dir='ltr'>sed</span> <span class='ocrx_word' id='word_1_717' title='bbox 1155 4885 1358 4924; x_wconf 89' lang='lat' dir='ltr'>eorum</span> <span class='ocrx_word' id='word_1_718' title='bbox 1397 4885 1518 4924; x_wconf 90' lang='lat' dir='ltr'>una</span> <span class='ocrx_word' id='word_1_719' title='bbox 1572 4871 1662 4924; x_wconf 88' lang='lat' dir='ltr'>est</span> <span class='ocrx_word' id='word_1_720' title='bbox 1717 4868 2070 4928; x_wconf 85' lang='lat' dir='ltr'>substantia.</span> <span class='ocrx_word' id='word_1_721' title='bbox 2322 4865 2428 4922; x_wconf 84' lang='lat' dir='ltr'>Nec</span> <span class='ocrx_word' id='word_1_722' title='bbox 2453 4869 2668 4921; x_wconf 82' lang='lat' dir='ltr'>creatus</span> <span class='ocrx_word' id='word_1_723' title='bbox 2695 4881 2796 4921; x_wconf 84' lang='lat' dir='ltr'>nec</span> <span class='ocrx_word' id='word_1_724' title='bbox 2823 4867 3061 4936; x_wconf 78' lang='lat' dir='ltr'>genitus.</span> 
     </span>
    </p>
   </div>
   <div class='ocr_carea' id='block_1_55' title="bbox 421 4953 3835 5028">
    <p class='ocr_par' dir='ltr' id='par_1_55' title="bbox 421 4953 3835 5028">
     <span class='ocr_line' id='line_1_55' title="bbox 421 4953 3835 5028; baseline -0.001 -11"><span class='ocrx_word' id='word_1_725' title='bbox 421 4961 750 5017; x_wconf 79' lang='lat' dir='ltr'>Paternitas</span> <span class='ocrx_word' id='word_1_726' title='bbox 778 4977 910 5016; x_wconf 90' lang='lat' dir='ltr'>vero</span> <span class='ocrx_word' id='word_1_727' title='bbox 942 4959 999 5014; x_wconf 91' lang='lat' dir='ltr'>in</span> <span class='ocrx_word' id='word_1_728' title='bbox 1049 4957 1328 5014; x_wconf 81' lang='lat' dir='ltr'>relatione</span> <span class='ocrx_word' id='word_1_729' title='bbox 1375 4957 1447 5012; x_wconf 89' lang='lat' dir='ltr'>ad</span> <span class='ocrx_word' id='word_1_730' title='bbox 1496 4956 1742 5012; x_wconf 78' lang='lat' dir='ltr'>alterum</span> <span class='ocrx_word' id='word_1_731' title='bbox 1775 4963 1882 5027; x_wconf 88' lang='lat' dir='ltr'>est,</span> <span class='ocrx_word' id='word_1_732' title='bbox 1919 4961 2073 5017; x_wconf 91' lang='lat' dir='ltr'>unde</span> <span class='ocrx_word' id='word_1_733' title='bbox 2251 4954 2420 5010; x_wconf 69' lang='lat' dir='ltr'>Pater</span> <span class='ocrx_word' id='word_1_734' title='bbox 2448 4973 2482 5010; x_wconf 72' lang='grc' dir='ltr'>ιι</span> <span class='ocrx_word' id='word_1_735' title='bbox 2512 4953 2670 5010; x_wconf 85' lang='lat' dir='ltr'>nullo</span> <span class='ocrx_word' id='word_1_736' title='bbox 2720 4959 2810 5010; x_wconf 83' lang='lat' dir='ltr'>est</span> <span class='ocrx_word' id='word_1_737' title='bbox 2857 4954 3046 5012; x_wconf 81' lang='lat' dir='ltr'>factus</span> <span class='ocrx_word' id='word_1_738' title='bbox 3071 4955 3210 5028; x_wconf 86' lang='lat' dir='ltr'>quia</span> <span class='ocrx_word' id='word_1_739' title='bbox 3241 4955 3368 5028; x_wconf 84' lang='lat' dir='ltr'>ipse</span> <span class='ocrx_word' id='word_1_740' title='bbox 3424 4960 3515 5012; x_wconf 87' lang='lat' dir='ltr'>est</span> <span class='ocrx_word' id='word_1_741' title='bbox 3569 4955 3835 5012; x_wconf 85' lang='lat' dir='ltr'>omnium</span> 
     </span>
    </p>
   </div>
   <div class='ocr_carea' id='block_1_56' title="bbox 422 5043 3836 5118">
    <p class='ocr_par' dir='ltr' id='par_1_56' title="bbox 422 5043 3836 5118">
     <span class='ocr_line' id='line_1_56' title="bbox 422 5043 3836 5118; baseline -0.001 -15"><span class='ocrx_word' id='word_1_742' title='bbox 422 5053 482 5104; x_wconf 88' lang='lat' dir='ltr'>et</span> <span class='ocrx_word' id='word_1_743' title='bbox 511 5047 753 5104; x_wconf 90' lang='lat' dir='ltr'>nomina</span> <span class='ocrx_word' id='word_1_744' title='bbox 781 5047 968 5104; x_wconf 89' lang='lat' dir='ltr'>Patris</span> <span class='ocrx_word' id='word_1_745' title='bbox 996 5051 1053 5103; x_wconf 92' lang='lat' dir='ltr'>et</span> <span class='ocrx_word' id='word_1_746' title='bbox 1085 5045 1212 5102; x_wconf 88' lang='lat' dir='ltr'>Filii</span> <span class='ocrx_word' id='word_1_747' title='bbox 1243 5049 1301 5101; x_wconf 90' lang='lat' dir='ltr'>et</span> <span class='ocrx_word' id='word_1_748' title='bbox 1328 5045 1580 5118; x_wconf 88' lang='lat' dir='ltr'>Spiritus</span> <span class='ocrx_word' id='word_1_749' title='bbox 1610 5047 1796 5102; x_wconf 89' lang='lat' dir='ltr'>sancti</span> <span class='ocrx_word' id='word_1_750' title='bbox 1840 5047 2078 5106; x_wconf 86' lang='lat' dir='ltr'>relativa</span> <span class='ocrx_word' id='word_1_751' title='bbox 2179 5043 2380 5111; x_wconf 78' lang='lat' dir='ltr'>factor,</span> <span class='ocrx_word' id='word_1_752' title='bbox 2408 5059 2512 5098; x_wconf 89' lang='lat' dir='ltr'>nec</span> <span class='ocrx_word' id='word_1_753' title='bbox 2542 5047 2770 5098; x_wconf 87' lang='lat' dir='ltr'>creatus</span> <span class='ocrx_word' id='word_1_754' title='bbox 2800 5043 2902 5100; x_wconf 89' lang='lat' dir='ltr'>sed</span> <span class='ocrx_word' id='word_1_755' title='bbox 2933 5048 3176 5114; x_wconf 87' lang='lat' dir='ltr'>creator,</span> <span class='ocrx_word' id='word_1_756' title='bbox 3206 5061 3311 5100; x_wconf 88' lang='lat' dir='ltr'>nec</span> <span class='ocrx_word' id='word_1_757' title='bbox 3341 5045 3576 5118; x_wconf 88' lang='lat' dir='ltr'>genitus</span> <span class='ocrx_word' id='word_1_758' title='bbox 3611 5043 3717 5101; x_wconf 88' lang='lat' dir='ltr'>sed</span> <span class='ocrx_word' id='word_1_759' title='bbox 3745 5057 3836 5116; x_wconf 77' lang='lat' dir='ltr'>ge-</span> 
     </span>
    </p>
   </div>
   <div class='ocr_carea' id='block_1_57' title="bbox 421 5131 3712 5208">
    <p class='ocr_par' dir='ltr' id='par_1_57' title="bbox 421 5131 3712 5208">
     <span class='ocr_line' id='line_1_57' title="bbox 421 5131 3712 5208; baseline -0.001 -16"><span class='ocrx_word' id='word_1_760' title='bbox 421 5139 579 5204; x_wconf 89' lang='lat' dir='ltr'>sunt,</span> <span class='ocrx_word' id='word_1_761' title='bbox 595 5136 731 5208; x_wconf 90' lang='lat' dir='ltr'>quia</span> <span class='ocrx_word' id='word_1_762' title='bbox 757 5134 870 5191; x_wconf 90' lang='lat' dir='ltr'>alia</span> <span class='ocrx_word' id='word_1_763' title='bbox 899 5135 970 5191; x_wconf 92' lang='lat' dir='ltr'>ad</span> <span class='ocrx_word' id='word_1_764' title='bbox 994 5135 1106 5191; x_wconf 90' lang='lat' dir='ltr'>alia</span> <span class='ocrx_word' id='word_1_765' title='bbox 1135 5135 1488 5201; x_wconf 86' lang='lat' dir='ltr'>referuntur,</span> <span class='ocrx_word' id='word_1_766' title='bbox 1515 5135 1669 5190; x_wconf 89' lang='lat' dir='ltr'>sicut</span> <span class='ocrx_word' id='word_1_767' title='bbox 1696 5135 1853 5190; x_wconf 89' lang='lat' dir='ltr'>verbi</span> <span class='ocrx_word' id='word_1_768' title='bbox 1883 5136 2070 5208; x_wconf 87' lang='lat' dir='ltr'>gratia</span> <span class='ocrx_word' id='word_1_769' title='bbox 2177 5133 2350 5199; x_wconf 89' lang='lat' dir='ltr'>nitor,</span> <span class='ocrx_word' id='word_1_770' title='bbox 2375 5133 2544 5188; x_wconf 90' lang='lat' dir='ltr'>Pater</span> <span class='ocrx_word' id='word_1_771' title='bbox 2571 5131 2726 5188; x_wconf 89' lang='lat' dir='ltr'>enim</span> <span class='ocrx_word' id='word_1_772' title='bbox 2757 5133 2970 5201; x_wconf 79' lang='lat' dir='ltr'>Graece,</span> <span class='ocrx_word' id='word_1_773' title='bbox 2996 5132 3200 5190; x_wconf 89' lang='lat' dir='ltr'>Latine</span> <span class='ocrx_word' id='word_1_774' title='bbox 3223 5137 3446 5204; x_wconf 86' lang='lat' dir='ltr'>genitor</span> <span class='ocrx_word' id='word_1_775' title='bbox 3474 5133 3712 5190; x_wconf 88' lang='lat' dir='ltr'>dicitur.</span> 
     </span>
    </p>
   </div>
   <div class='ocr_carea' id='block_1_58' title="bbox 417 5223 3038 5296">
    <p class='ocr_par' dir='ltr' id='par_1_58' title="bbox 417 5223 3038 5296">
     <span class='ocr_line' id='line_1_58' title="bbox 417 5223 3038 5296; baseline -0.002 -14"><span class='ocrx_word' id='word_1_776' title='bbox 417 5241 619 5293; x_wconf 87' lang='lat' dir='ltr'>servus</span> <span class='ocrx_word' id='word_1_777' title='bbox 646 5225 717 5279; x_wconf 87' lang='lat' dir='ltr'>ad</span> <span class='ocrx_word' id='word_1_778' title='bbox 750 5223 1076 5291; x_wconf 90' lang='lat' dir='ltr'>dominum,</span> <span class='ocrx_word' id='word_1_779' title='bbox 1099 5224 1374 5280; x_wconf 89' lang='lat' dir='ltr'>dominus</span> <span class='ocrx_word' id='word_1_780' title='bbox 1405 5224 1475 5278; x_wconf 89' lang='lat' dir='ltr'>ad</span> <span class='ocrx_word' id='word_1_781' title='bbox 1507 5239 1764 5293; x_wconf 86' lang='lat' dir='ltr'>servum,</span> <span class='ocrx_word' id='word_1_782' title='bbox 1789 5225 2070 5296; x_wconf 84' lang='lat' dir='ltr'>magister</span> <span class='ocrx_word' id='word_1_783' title='bbox 2173 5223 2244 5276; x_wconf 84' lang='lat'>20</span> <span class='ocrx_word' id='word_1_784' title='bbox 2294 5223 2492 5294; x_wconf 38' lang='lat' dir='ltr'>.Filius</span> <span class='ocrx_word' id='word_1_785' title='bbox 2522 5239 2556 5276; x_wconf 83' lang='grc' dir='ltr'><em>α</em></span> <span class='ocrx_word' id='word_1_786' title='bbox 2581 5223 2745 5276; x_wconf 86' lang='lat' dir='ltr'>Patre</span> <span class='ocrx_word' id='word_1_787' title='bbox 2771 5223 2886 5277; x_wconf 87' lang='lat' dir='ltr'>solo</span> <span class='ocrx_word' id='word_1_788' title='bbox 2915 5231 2992 5278; x_wconf 85' lang='lat' dir='ltr'>est</span> <span class='ocrx_word' id='word_1_789' title='bbox 3025 5239 3038 5277; x_wconf 90' lang='lat'><strong>:</strong></span> 
     </span>
    </p>
   </div>
   <div class='ocr_carea' id='block_1_59' title="bbox 415 5311 3416 5385">
    <p class='ocr_par' dir='ltr' id='par_1_59' title="bbox 415 5311 3416 5385">
     <span class='ocr_line' id='line_1_59' title="bbox 415 5311 3416 5385; baseline -0.001 -15"><span class='ocrx_word' id='word_1_790' title='bbox 415 5313 488 5370; x_wconf 89' lang='lat' dir='ltr'>ad</span> <span class='ocrx_word' id='word_1_791' title='bbox 521 5311 897 5385; x_wconf 90' lang='lat' dir='ltr'>discipulum,</span> <span class='ocrx_word' id='word_1_792' title='bbox 933 5311 1261 5384; x_wconf 88' lang='lat' dir='ltr'>discipulus</span> <span class='ocrx_word' id='word_1_793' title='bbox 1291 5313 1362 5368; x_wconf 91' lang='lat' dir='ltr'>ad</span> <span class='ocrx_word' id='word_1_794' title='bbox 1396 5311 1768 5384; x_wconf 88' lang='lat' dir='ltr'>magistrum,</span> <span class='ocrx_word' id='word_1_795' title='bbox 1797 5316 1964 5384; x_wconf 89' lang='lat' dir='ltr'>pater</span> <span class='ocrx_word' id='word_1_796' title='bbox 1991 5315 2063 5370; x_wconf 91' lang='lat' dir='ltr'>ad</span> <span class='ocrx_word' id='word_1_797' title='bbox 2315 5315 2437 5368; x_wconf 83' lang='lat' dir='ltr'>Non</span> <span class='ocrx_word' id='word_1_798' title='bbox 2461 5311 2658 5382; x_wconf 77' lang='lat' dir='ltr'>factus,</span> <span class='ocrx_word' id='word_1_799' title='bbox 2689 5327 2788 5366; x_wconf 86' lang='lat' dir='ltr'>nec</span> <span class='ocrx_word' id='word_1_800' title='bbox 2814 5315 3029 5367; x_wconf 86' lang='lat' dir='ltr'>creatus</span> <span class='ocrx_word' id='word_1_801' title='bbox 3057 5311 3150 5367; x_wconf 84' lang='lat' dir='ltr'>sed</span> <span class='ocrx_word' id='word_1_802' title='bbox 3176 5314 3416 5384; x_wconf 82' lang='lat' dir='ltr'>genitus.</span> 
     </span>
    </p>
   </div>
   <div class='ocr_carea' id='block_1_60' title="bbox 412 5395 3833 5476">
    <p class='ocr_par' dir='ltr' id='par_1_60' title="bbox 412 5395 3833 5476">
     <span class='ocr_line' id='line_1_60' title="bbox 412 5395 3833 5476; baseline -0.001 -20"><span class='ocrx_word' id='word_1_803' title='bbox 412 5401 621 5468; x_wconf 80' lang='lat' dir='ltr'>lilium,</span> <span class='ocrx_word' id='word_1_804' title='bbox 651 5399 806 5456; x_wconf 82' lang='lat' dir='ltr'>{ilius</span> <span class='ocrx_word' id='word_1_805' title='bbox 837 5401 908 5456; x_wconf 91' lang='lat' dir='ltr'>ad</span> <span class='ocrx_word' id='word_1_806' title='bbox 943 5404 1162 5472; x_wconf 87' lang='lat' dir='ltr'>patrem</span> <span class='ocrx_word' id='word_1_807' title='bbox 1189 5415 1202 5454; x_wconf 88' lang='lat'><strong>:</strong></span> <span class='ocrx_word' id='word_1_808' title='bbox 1227 5399 1368 5476; x_wconf 84' lang='lat' dir='ltr'>quia</span> <span class='ocrx_word' id='word_1_809' title='bbox 1399 5399 1598 5456; x_wconf 90' lang='lat' dir='ltr'>nullus</span> <span class='ocrx_word' id='word_1_810' title='bbox 1629 5405 1794 5472; x_wconf 87' lang='lat' dir='ltr'>pater</span> <span class='ocrx_word' id='word_1_811' title='bbox 1825 5401 2058 5471; x_wconf 87' lang='lat' dir='ltr'>dicitur,</span> <span class='ocrx_word' id='word_1_812' title='bbox 2243 5398 2424 5456; x_wconf 90' lang='lat' dir='ltr'>Filius</span> <span class='ocrx_word' id='word_1_813' title='bbox 2455 5416 2489 5454; x_wconf 88' lang='lat' dir='ltr'>a</span> <span class='ocrx_word' id='word_1_814' title='bbox 2518 5399 2684 5454; x_wconf 89' lang='lat' dir='ltr'>Patre</span> <span class='ocrx_word' id='word_1_815' title='bbox 2715 5397 2838 5456; x_wconf 89' lang='lat' dir='ltr'>solo</span> <span class='ocrx_word' id='word_1_816' title='bbox 2869 5405 2978 5469; x_wconf 86' lang='lat' dir='ltr'>est,</span> <span class='ocrx_word' id='word_1_817' title='bbox 3009 5417 3124 5456; x_wconf 92' lang='lat' dir='ltr'>non</span> <span class='ocrx_word' id='word_1_818' title='bbox 3170 5400 3384 5469; x_wconf 86' lang='lat' dir='ltr'>factus,</span> <span class='ocrx_word' id='word_1_819' title='bbox 3407 5399 3548 5474; x_wconf 89' lang='lat' dir='ltr'>quia</span> <span class='ocrx_word' id='word_1_820' title='bbox 3580 5398 3710 5472; x_wconf 89' lang='lat' dir='ltr'>ipse</span> <span class='ocrx_word' id='word_1_821' title='bbox 3742 5395 3833 5450; x_wconf 64' lang='lat' dir='ltr'>est</span> 
     </span>
    </p>
   </div>
   <div class='ocr_carea' id='block_1_61' title="bbox 409 5481 3836 5562">
    <p class='ocr_par' dir='ltr' id='par_1_61' title="bbox 409 5481 3836 5562">
     <span class='ocr_line' id='line_1_61' title="bbox 409 5481 3836 5562; baseline -0.001 -16"><span class='ocrx_word' id='word_1_822' title='bbox 409 5489 521 5546; x_wconf 90' lang='lat' dir='ltr'>nisi</span> <span class='ocrx_word' id='word_1_823' title='bbox 553 5489 766 5546; x_wconf 87' lang='lat' dir='ltr'>habeat</span> <span class='ocrx_word' id='word_1_824' title='bbox 798 5488 984 5544; x_wconf 81' lang='lat' dir='ltr'>filium</span> <span class='ocrx_word' id='word_1_825' title='bbox 1015 5489 1186 5561; x_wconf 89' lang='lat' dir='ltr'>cujus</span> <span class='ocrx_word' id='word_1_826' title='bbox 1216 5489 1294 5544; x_wconf 90' lang='lat' dir='ltr'>sit</span> <span class='ocrx_word' id='word_1_827' title='bbox 1324 5493 1488 5562; x_wconf 88' lang='lat' dir='ltr'>pater</span> <span class='ocrx_word' id='word_1_828' title='bbox 1520 5507 1533 5545; x_wconf 93' lang='lat'>:</span> <span class='ocrx_word' id='word_1_829' title='bbox 1567 5492 1624 5555; x_wconf 84' lang='lat' dir='ltr'>et</span> <span class='ocrx_word' id='word_1_830' title='bbox 1653 5489 1872 5559; x_wconf 88' lang='lat' dir='ltr'>nullus,</span> <span class='ocrx_word' id='word_1_831' title='bbox 1903 5489 2060 5546; x_wconf 85' lang='lat' dir='ltr'>ﬁlius</span> <span class='ocrx_word' id='word_1_832' title='bbox 2169 5488 2434 5546; x_wconf 90' lang='lat' dir='ltr'>omnium</span> <span class='ocrx_word' id='word_1_833' title='bbox 2467 5489 2650 5544; x_wconf 80' lang='lat' dir='ltr'>factor</span> <span class='ocrx_word' id='word_1_834' title='bbox 2677 5488 2854 5544; x_wconf 88' lang='lat' dir='ltr'>simul</span> <span class='ocrx_word' id='word_1_835' title='bbox 2887 5505 3022 5546; x_wconf 89' lang='lat' dir='ltr'>cum</span> <span class='ocrx_word' id='word_1_836' title='bbox 3057 5489 3243 5556; x_wconf 87' lang='lat' dir='ltr'>Patre,</span> <span class='ocrx_word' id='word_1_837' title='bbox 3271 5506 3378 5546; x_wconf 90' lang='lat' dir='ltr'>nec</span> <span class='ocrx_word' id='word_1_838' title='bbox 3409 5492 3666 5552; x_wconf 80' lang='lat' dir='ltr'>creatus,</span> <span class='ocrx_word' id='word_1_839' title='bbox 3693 5481 3836 5557; x_wconf 82' lang='lat' dir='ltr'>quia</span> 
     </span>
    </p>
   </div>
   <div class='ocr_carea' id='block_1_62' title="bbox 385 5569 3831 5660">
    <p class='ocr_par' dir='ltr' id='par_1_62' title="bbox 385 5569 3831 5660">
     <span class='ocr_line' id='line_1_62' title="bbox 385 5569 3831 5660; baseline -0.002 -24"><span class='ocrx_word' id='word_1_840' title='bbox 385 5577 521 5660; x_wconf 57' lang='grc' dir='ltr'>,αἰεί</span> <span class='ocrx_word' id='word_1_841' title='bbox 553 5577 766 5636; x_wconf 89' lang='lat' dir='ltr'>habeat</span> <span class='ocrx_word' id='word_1_842' title='bbox 797 5582 1020 5651; x_wconf 89' lang='lat' dir='ltr'>patrem</span> <span class='ocrx_word' id='word_1_843' title='bbox 1051 5577 1223 5649; x_wconf 88' lang='lat' dir='ltr'>cujus</span> <span class='ocrx_word' id='word_1_844' title='bbox 1253 5577 1410 5634; x_wconf 85' lang='lat' dir='ltr'>ﬁlius</span> <span class='ocrx_word' id='word_1_845' title='bbox 1441 5577 1536 5650; x_wconf 88' lang='lat' dir='ltr'>sit,</span> <span class='ocrx_word' id='word_1_846' title='bbox 1557 5577 1696 5650; x_wconf 90' lang='lat' dir='ltr'>quia</span> <span class='ocrx_word' id='word_1_847' title='bbox 1725 5577 1774 5636; x_wconf 89' lang='lat' dir='ltr'>si</span> <span class='ocrx_word' id='word_1_848' title='bbox 1807 5596 1919 5636; x_wconf 90' lang='lat' dir='ltr'>non</span> <span class='ocrx_word' id='word_1_849' title='bbox 1955 5579 2056 5636; x_wconf 85' lang='lat' dir='ltr'>ha-</span> <span class='ocrx_word' id='word_1_850' title='bbox 2167 5579 2292 5651; x_wconf 90' lang='lat' dir='ltr'>ipse</span> <span class='ocrx_word' id='word_1_851' title='bbox 2323 5582 2412 5634; x_wconf 85' lang='lat' dir='ltr'>est</span> <span class='ocrx_word' id='word_1_852' title='bbox 2441 5576 2708 5633; x_wconf 91' lang='lat' dir='ltr'>omnium</span> <span class='ocrx_word' id='word_1_853' title='bbox 2747 5581 2994 5649; x_wconf 88' lang='lat' dir='ltr'>creator,</span> <span class='ocrx_word' id='word_1_854' title='bbox 3024 5579 3124 5636; x_wconf 89' lang='lat' dir='ltr'>sed</span> <span class='ocrx_word' id='word_1_855' title='bbox 3160 5577 3416 5652; x_wconf 88' lang='lat' dir='ltr'>genitus,</span> <span class='ocrx_word' id='word_1_856' title='bbox 3441 5577 3604 5635; x_wconf 87' lang='lat' dir='ltr'>solus</span> <span class='ocrx_word' id='word_1_857' title='bbox 3637 5593 3672 5632; x_wconf 87' lang='lat' dir='ltr'>a</span> <span class='ocrx_word' id='word_1_858' title='bbox 3703 5569 3831 5629; x_wconf 83' lang='lat' dir='ltr'>solo</span> 
     </span>
    </p>
   </div>
  </div>
