3986 6164
202 300 287 393 es
958 322 1362 387 COMMI‘INT.
1410 322 1488 385 IN
1536 316 1992 387 ORA'I‘IONEM
2040 325 2512 389 DOMINICAM.
2556 326 2728 390 ETC.

3421 324 3542 389 566

205 461 413 521 Patrem
432 460 786 535 magnaeque
818 473 1067 531 persona
1096 456 1273 515 habet
1300 456 1604 531 proprium
1628 456 1784 531 quod
1811 460 1865 523 Α
1894 460 2139 530 mus,ita
2157 460 2553 519 credamus.Si
2573 477 2704 519 vero
2716 463 2992 518 aeternam
3005 458 3257 520 salutem
3269 459 3543 520 volumus

207 569 293 608 non
315 550 466 606 habet
505 546 627 613 alia,
660 548 963 621 proprium
1012 548 1187 604 habet
1232 547 1290 604 in
1336 564 1588 620 persona
1616 547 1787 604 Pater

202 641 322 714 quod
346 638 485 695 solus
505 640 586 693 est
605 637 800 705 Pater;
835 640 891 693 et
922 636 1225 710 proprium
1258 635 1431 693 habet
1452 634 1512 690 in
1537 651 1787 708 persona

196 727 467 800 ﬁlius,quia
493 724 645 783 solus
677 742 712 781 a
741 725 863 782 solo
891 726 1057 782 Patre
1083 725 1318 798 genitus
1347 725 1574 780 est.Sed
1598 728 1653 780 et
1678 724 1781 780 ha-

194 819 267 874 bet
288 817 425 872 aliud
452 816 745 888 proprium
777 814 980 882 Filius,
1016 815 1173 887 quod
1222 831 1337 870 non
1390 812 1567 869 habet
1614 813 1782 869 Pater

193 923 273 963 nec
292 906 520 979 Spiritus
547 908 806 971 sanctus,
828 904 1005 960 habet
1028 902 1413 960 aeternitatem
1444 919 1581 959 cum
1616 902 1779 958 Patre

190 1000 231 1051 et
251 995 434 1067 Spiritu
464 998 677 1062 sancto,
711 997 766 1048 et
796 993 974 1049 habet
1012 993 1069 1048 in
1122 997 1382 1065 tempore
1412 991 1777 1047 nativitatem

189 1084 242 1139 de
268 1088 442 1149 matre,
471 1099 640 1155 quam
691 1099 807 1138 non
852 1082 1029 1137 habet
1077 1080 1333 1153 Spiritus
1384 1083 1625 1136 sanctus
1674 1095 1779 1134 nec

185 1176 354 1228 Pater:
382 1172 509 1244 quia
535 1188 649 1227 non
676 1172 933 1243 suscepit
964 1171 1132 1227 Pater
1163 1186 1398 1225 carnem
1430 1168 1490 1224 in
1514 1185 1623 1224 sua
1647 1184 1776 1240 per-

185 1277 310 1326 sona,
339 1278 432 1316 nec
458 1260 707 1333 Spiritus
738 1264 997 1328 sanctus,
1032 1260 1132 1315 sed
1165 1263 1394 1314 tantum
1427 1256 1611 1314 Filius
1654 1273 1667 1311 :
1712 1260 1778 1312 ut

182 1349 312 1405 nobis
331 1349 384 1405 in
413 1365 471 1405 se
499 1350 827 1406 ostenderet
851 1349 999 1404 duas
1030 1348 1244 1405 habere
1277 1351 1551 1414 naturas;
1595 1362 1773 1401 unam

183 1444 281 1495 ante
312 1439 490 1494 omnia
535 1438 749 1494 saecula
800 1456 917 1510 qua
963 1438 1198 1510 genitus
1247 1441 1335 1491 est
1383 1453 1451 1491 ex
1501 1436 1686 1504 Patre,
1719 1438 1776 1490 et

178 1528 231 1583 de
251 1545 349 1600 qua
373 1526 508 1583 dixit
528 1528 711 1583 Isaias
741 1546 754 1583 :
779 1526 1187 1601 generationes
1224 1527 1352 1597 ejus
1375 1525 1509 1598 quis
1536 1540 1771 1580 enarra-

178 1616 428 1689 bit?(lsai.
461 1618 601 1689 LIII.)
634 1618 878 1673 alteram
930 1617 988 1672 in
1038 1621 1320 1688 tempore,
1366 1616 1439 1670 de
1485 1632 1604 1687 qua
1633 1613 1775 1669 dicit

174 1705 342 1763 Paulus
369 1706 663 1779 apostolus
685 1724 698 1762 :
719 1706 864 1761 Cum
891 1710 1090 1761 autem
1118 1704 1276 1759 venit
1300 1703 1602 1776 plenitudo
1632 1708 1775 1759 tem-

172 1793 309 1865 poris,
335 1794 487 1850 misit
512 1799 669 1851 Deus
701 1794 910 1851 Filium
945 1811 1121 1849 suum
1170 1797 1375 1849 natum
1406 1809 1474 1847 ex
1500 1791 1765 1857 muliere,

172 1884 340 1939 factum
370 1886 474 1940 sub
505 1883 636 1957 lege
668 1884 806 1954 (Gal.
841 1885 938 1953 Iv).
964 1884 1026 1939 In
1061 1900 1176 1954 quo
1207 1880 1559 1954 complacuit
1590 1880 1769 1953 pleni-

171 1972 380 2027 tudinem
409 1972 736 2028 divinitatis
765 1972 1029 2027 habitare
1050 1969 1427 2042 corporaliter
1449 1968 1766 2039 (ColossJI).

169 2063 225 2114 De
249 2059 389 2117 Patre
416 2061 536 2121 sine
565 2061 738 2117 initio
766 2067 822 2117 et
853 2061 980 2117 sine
1008 2062 1157 2128 ﬁne;
1189 2060 1260 2115 de
1302 2063 1485 2116 matre
1532 2058 1768 2113 initium

168 2147 343 2204 habens
369 2156 421 2205 et
444 2150 606 2207 nullo
636 2150 1006 2207 concluditur
1026 2150 1160 2205 fine.

166 2238 213 2291 21
271 2241 493 2310 Spiritus
518 2244 745 2296 sanctus
773 2257 807 2295 a
834 2242 997 2295 Patre
1023 2246 1075 2295 et
1100 2239 1247 2294 Filio
1281 2255 1294 2293 :

272 2330 370 2384 Non
396 2335 572 2400 [actus
604 2346 708 2386 nec
734 2337 949 2385 creatus
977 2345 1077 2383 nec
1103 2329 1320 2399 genitus
1345 2326 1439 2382 sed
1456 2325 1765 2398 procedens.

216 2416 482 2488 Proprium
512 2418 700 2473 habet
726 2417 977 2490 Spiritus
1025 2421 1288 2481 sanctus,
1336 2415 1475 2487 quia
1524 2431 1641 2469 non
1679 2417 1771 2469 est

165 2503 294 2560 Pater
315 2512 367 2561 et
397 2507 600 2574 Filius,
639 2508 739 2563 sed
773 2506 1026 2579 Spiritus
1074 2505 1395 2577 procedens
1437 2522 1471 2559 a
1518 2504 1684 2559 Patre
1713 2507 1771 2559 et

163 2592 288 2649 Filio.
314 2596 482 2651 Audis
522 2596 673 2669 quia
716 2596 825 2652 iste
870 2595 943 2650 ab
991 2594 1299 2661 ambobus,
1335 2593 1515 2648 Filius
1546 2593 1618 2648 ab
1651 2609 1768 2647 uno

163 2680 339 2738 Patera
365 2684 520 2740 nullo
557 2704 570 2741 :
610 2702 679 2741 ac
703 2702 806 2757 per
835 2683 945 2739 hoc
977 2690 1173 2755 aperte
1204 2685 1609 2737 monstrantur
1634 2698 1770 2753 pro-

160 2770 382 2839 prietates
411 2791 641 2830 eorum.
676 2774 809 2829 Ideo
854 2776 1050 2828 autem
1102 2771 1356 2843 Spiritus
1388 2770 1487 2825 Dei
1528 2774 1768 2825 sanctus

159 2868 352 2916 vocatur
382 2882 394 2919 :
427 2864 563 2936 quia
621 2862 812 2918 Patris
864 2866 922 2918 et
968 2860 1091 2916 Filii
1143 2860 1424 2915 sanctitas
1473 2864 1596 2926 est;
1631 2876 1767 2914 nam

160 2962 261 3002 cum
288 2950 357 3005 sit
382 2957 437 3006 et
468 2953 644 3008 Pater
672 2950 945 3024 Spiritus,
979 2955 1036 3005 et
1067 2948 1250 3004 Filius
1271 2947 1543 3019 Spiritus,
1576 2954 1632 3004 et
1665 2948 1767 3002 Pa-

157 3039 221 3090 ter
242 3045 545 3098 sanctuset
576 3040 768 3097 Filius
818 3043 1077 3106 sanctus,
1113 3036 1345 3110 proprie
1398 3040 1593 3092 tamen
1643 3035 1768 3108 ipse

158 3130 349 3181 vocatur
374 3130 633 3201 Spiritus
661 3133 922 3185 sanctus.

1892 548 2188 620 habere,id
2212 557 2300 608 est
2320 568 2455 608 cum
2475 550 2703 608 Christo
2732 550 2860 607 sine
2892 551 3006 607 ﬁne
3036 566 3544 624 regnare,necesse

1890 641 1980 695 est
2008 644 2073 694 ut
2104 639 2564 696 incarnationem
2596 639 2825 695 Domini
2852 639 3038 695 nostri
3068 639 3211 695 Jesu
3241 639 3459 695 Christi
3480 638 3546 694 ﬁ-

1890 727 2097 783 deliter
2116 729 2751 794 credamus.Quomodo
2772 727 3183 783 ﬁdeliter?Non
3203 727 3541 800 adoptivum

1891 816 1991 871 sed
2020 817 2321 890 proprium
2372 816 2750 887 Dei‘li‘ilium,
2783 817 2936 872 sicut
2980 815 3129 871 dixit
3173 817 3489 890 Apostolus
3521 834 3536 874 :

1887 905 2127 976 Proprio
2159 905 2302 961 Filio
2334 923 2441 961 suo
2492 923 2607 961 non
2658 905 2914 978 pepercit
2942 905 3120 972 Deus,
3152 906 3255 962 sed
3286 922 3390 978 pro
3435 922 3539 961 no-

1887 995 1979 1050 bis
2010 995 2287 1052 omnibus
2312 995 2554 1051 tradidit
2582 994 2749 1051 illum
2781 996 2955 1066 (Rom.
2987 993 3132 1066 vm).

1884 1086 1955 1139 27
2027 1086 2120 1141 Est
2139 1102 2265 1156 ergo
2294 1085 2426 1157 ﬁdes
2458 1092 2598 1140 recta
2630 1092 2689 1140 ut
2717 1084 3009 1151 credamus,
3032 1091 3083 1139 et
3111 1084 3469 1155 conﬁteamur
3494 1101 3514 1141 :

2028 1176 2180 1245 Quia
2207 1175 2472 1230 Dominus
2519 1181 2701 1228 noster
2747 1175 2873 1231 Jesu
2925 1173 3171 1229 Christus
3208 1175 3309 1230 Dei
3330 1175 3537 1231 Filius.

2098 1264 2238 1318 Deus
2261 1264 2478 1334 pariter
2505 1269 2557 1318 et
2582 1263 2739 1317 homo
2768 1270 2866 1317 est.

1957 1351 2126 1407 Modo
2157 1351 2394 1408 inchoat
2422 1366 2716 1418 enarrare,
2750 1351 3078 1407 secundum
3109 1350 3537 1408 humanitatem

1881 1440 2096 1495 Christi
2128 1441 2283 1512 quod
2314 1439 2390 1495 sit
2421 1441 2565 1495 fides
2596 1444 2771 1496 recta.
2817 1441 2921 1495 Est
2969 1440 3123 1495 enim
3182 1440 3328 1496 fides
3381 1444 3540 1497 recta

1884 1533 1949 1584 ut
1977 1529 2405 1585 humanitatem
2434 1530 2625 1601 ipsam
2652 1528 2962 1584 credamus
3002 1529 3064 1584 in
3089 1529 3281 1597 corde,
3313 1532 3371 1585 et
3401 1546 3537 1586 con-

1880 1620 2154 1674 ﬁteamur
2182 1618 2461 1687 ore,sicut
2491 1618 2636 1673 dicit
2663 1616 2976 1690 Apostolus
3008 1636 3022 1674 :
3055 1618 3237 1674 Corde
3280 1617 3541 1675 creditur

1880 1707 1952 1763 ad
1974 1700 2297 1777 justitiam,
2329 1724 2428 1763 ore
2475 1710 2671 1762 autem
2706 1706 2996 1763 confessio
3042 1707 3110 1762 ﬁt
3160 1707 3233 1762 ad
3282 1707 3535 1763 salutem

1881 1796 2058 1868 (Rom.
2082 1796 2162 1865 x).
2196 1796 2351 1852 Deus
2382 1799 2439 1851 et
2468 1795 2644 1851 homo
2679 1812 2832 1850 unus
2863 1799 2952 1850 est
2981 1811 3153 1851 verus
3184 1794 3283 1851 Dei
3328 1794 3533 1867 Filius,

1880 1885 2019 1957 quia
2049 1885 2371 1941 secundum
2400 1884 2783 1949 divinitatem,
2813 1883 2961 1939 nihil
2984 1885 3179 1955 majus
3200 1882 3288 1939 vel
3310 1884 3531 1953 minus,

1878 1991 2055 2046 quam
2103 1974 2257 2030 Deus
2306 1975 2509 2040 Pater;
2542 1973 2870 2045 secundum
2900 1971 3328 2029 humanitatem
3375 1972 3527 2028 nihil

1875 2064 2075 2119 minus
2098 2064 2281 2135 (extra
2300 2062 2625 2135 peccatum)
2652 2078 2831 2133 quam
2862 2061 3058 2117 homo.

1874 2155 1946 2207 28
2018 2153 2157 2208 Deus
2189 2160 2361 2208 estea:
2389 2152 2704 2207 substantia
2732 2151 2918 2206 Patris
2950 2158 3078 2206 ante
3129 2150 3336 2208 saecula
3377 2152 3532 2221 geni-

2101 2245 2188 2297 tus
2222 2257 2235 2297 :

2016 2332 2081 2387 Et
2107 2332 2265 2386 homo
2292 2346 2362 2385 ee
2386 2330 2695 2384 substantia
2718 2328 2915 2383 matris
2946 2328 3005 2382 in
3033 2327 3235 2385 saeculo
3263 2336 3448 2384 natus.

1948 2421 2028 2476 Ex
2052 2418 2384 2476 substantia
2412 2417 2685 2485 Patris,id
2713 2420 2804 2472 est
2830 2433 2900 2472 ex
2929 2416 3259 2488 mqualitate
3284 2421 3529 2483 naturae.

1876 2510 2024 2564 Ante
2055 2507 2267 2564 saecula
2297 2506 2613 2580 genitus,id
2641 2510 2730 2561 est
2753 2509 2888 2560 ante
2919 2521 3154 2561 omnem
3175 2509 3529 2573 creaturam,

1876 2598 2029 2655 sicut
2053 2598 2192 2653 dicit
2216 2598 2272 2652 in
2299 2596 2525 2670 psalmo
2555 2612 2567 2649 :
2603 2596 2685 2650 Ex
2716 2597 2877 2649 utero
2909 2598 3041 2649 ante
3074 2593 3405 2650 Luciferum
3431 2611 3529 2668 ge-

1877 2687 1979 2743 nui
2012 2692 2065 2742 te
2097 2688 2267 2759 (Psal.
2296 2687 2430 2756 cxx).
2466 2685 2544 2739 Ex
2574 2682 2824 2750 utcro,id
2855 2686 2944 2738 est
2972 2699 3043 2737 ex
3070 2699 3202 2739 mea
3251 2682 3527 2739 substan-

1880 2777 1978 2831 tia.
2000 2778 2145 2831 Ante
2177 2772 2595 2841 Lucit‘erum,id
2628 2775 2715 2826 est
2745 2774 2878 2826 ante
2908 2787 3145 2827 omnem
3176 2775 3526 2827 creaturam.

1875 2865 1944 2920 Et
1972 2864 2147 2919 homo
2178 2867 2267 2919 est
2293 2860 2616 2917 substantia
2647 2859 2852 2916 matris
2882 2858 2941 2914 in
2981 2858 3193 2916 smeulo
3241 2864 3437 2928 natus,
3470 2860 3529 2916 id

1876 2956 1964 3009 est
1996 2958 2151 3008 totus
2181 2952 2357 3006 homo
2388 2966 2524 3006 cum
2554 2964 2793 3020 corpore
2822 2951 2879 3002 et
2907 2947 3125 3014 anima,
3143 2946 3204 3002 in
3236 2947 3435 3003 omnia
3455 2947 3532 3003 si-

1877 3041 2035 3098 milis
2065 3041 2233 3097 nobis
2253 3040 2476 3111 absque
2506 3042 2740 3109 peccato
2773 3036 2951 3108 (Hebr.
2986 3035 3170 3107 Iv).Ex
3198 3034 3531 3094 substantia

1879 3130 2172 3198 matris,id
2202 3134 2291 3185 est
2319 3129 2389 3183 de
2418 3125 2748 3198 aequalitate
2786 3129 3007 3183 naturae
3030 3125 3258 3180 matris.
3279 3124 3344 3180 In
3369 3141 3528 3182 secu-

157 3213 208 3265 22
269 3194 556 3291 Unusergo
579 3228 749 3291 pater
776 3234 886 3273 non
915 3224 1020 3273 tres
1045 3226 1225 3289 patres
1254 3235 1272 3270 :
1303 3232 1445 3271 unus
1466 3215 1644 3272 Filius
1660 3230 1769 3271 non
1799 3194 1842 3260 Ο
1880 3220 1934 3275 10
1969 3194 2228 3286 natus,id
2259 3222 2348 3273 est
2378 3216 2438 3271 in
2468 3194 2562 3271 his
2590 3211 3384 3286 temporibus,non-aliunde,
3418 3212 3531 3270 nisi

325 3323 427 3363 non
457 3316 565 3364 tres
595 3309 713 3379 ﬁlii
741 3326 761 3362 :

266 3396 398 3452 Unus
420 3399 677 3467 Spiritus
699 3400 919 3451 sanctus
950 3412 1057 3451 non
1086 3403 1191 3451 tres
1220 3396 1460 3466 Spiritus
1485 3395 1683 3449 sancti.

209 3480 346 3540 Unus
370 3485 714 3559 Pater,quia
737 3485 897 3541 solus
913 3485 1027 3540 sibi
1046 3484 1285 3539 unicum
1308 3484 1513 3554 genuit
1534 3482 1763 3537 Filium.

154 3568 203 3623 Et
229 3589 361 3631 unus
394 3575 602 3645 Filius,
643 3575 781 3647 quia
829 3572 1208 3645 singulariter
1255 3573 1328 3627 ab
1375 3572 1547 3627 unico
1598 3576 1768 3626 Patre

153 3661 341 3727 genitus
369 3669 473 3720 est.
510 3665 688 3721 Unus
715 3662 971 3734 Spiritus
1002 3666 1262 3728 sanctus,
1288 3660 1427 3733 quia
1455 3678 1489 3715 a
1517 3662 1682 3717 Patre
1712 3664 1770 3717 et

152 3744 259 3804 Filio
282 3752 481 3809 unicus
517 3752 808 3826 procedit.

149 3836 201 3888 23
258 3842 311 3894 Et
337 3843 392 3896 in
420 3843 525 3898 hac
553 3842 812 3898 trinitate
841 3839 986 3895 nihil
1012 3841 1173 3911 prius
1201 3842 1299 3894 aut
1324 3841 1595 3910 posterius
1627 3857 1645 3894 :
1676 3840 1767 3894 ni-

315 3932 395 3986 hil
421 3934 612 4004 majus
642 3939 738 3986 aut
765 3931 975 3985 minus.
1003 3929 1104 3985 Sed
1134 3938 1260 3985 tota?
1290 3937 1399 3985 tres
1425 3944 1695 4000 personw.

258 4019 544 4077 Comternte
572 4021 693 4077 sibi
716 4024 848 4075 sunt
874 4027 928 4075 et
955 4018 1275 4090 coaequales.

198 4102 329 4163 Nihil
361 4111 529 4181 prius
575 4114 685 4165 aut
714 4108 1026 4180 posterius,
1059 4106 1197 4179 quia
1247 4104 1447 4161 nullus
1495 4106 1768 4175 anterior,

147 4195 190 4246 et
211 4196 388 4254 nullus
417 4197 751 4271 posterior;
784 4196 985 4252 nullus
1012 4195 1269 4262 inferior,
1297 4199 1354 4250 et
1377 4194 1578 4250 nullus
1600 4213 1771 4268 supe-

148 4279 267 4351 rior;
294 4288 390 4343 sed
423 4292 736 4344 coaeternaa
768 4285 880 4341 sibi
910 4289 1049 4341 sunt
1078 4289 1134 4341 et
1158 4283 1500 4355 coaequales.
1519 4284 1650 4340 Ideo
1682 4285 1773 4340 ni-

147 4368 211 4425 hil
237 4374 303 4428 ibi
328 4377 413 4432 vel
447 4378 658 4447 maius
687 4375 773 4431 vel
807 4375 1026 4430 minus.
1308 4416 1313 4419 ς

148 4460 201 4513 24
260 4464 335 4520 Ita
363 4475 423 4522 ut
447 4484 552 4539 per
582 4467 796 4531 omnia,
827 4466 970 4520 sicut
984 4464 1107 4532 jam
1143 4463 1520 4535 supradictum
1542 4472 1639 4531 est,

1875 3311 1948 3366 de
1980 3309 2201 3365 semine
2230 3305 2494 3362 mulieris
2515 3304 2642 3360 sine
2664 3302 2819 3359 coitu
2850 3301 2959 3358 viri
2981 3318 3218 3358 carnem
3249 3300 3526 3376 suscepit.

1875 3398 2037 3454 Unde
2067 3396 2341 3454 Salomon
2370 3393 2512 3451 dicit
2546 3411 2558 3447 :
2598 3390 2899 3465 Sapientia
2928 3390 3234 3447 aedificavit
3265 3391 3376 3447 sibi
3426 3392 3531 3448 do-

1876 3505 2039 3544 mum
2084 3488 2265 3557 (Prov.
2299 3484 2566 3553 1x):hoc
2612 3487 2702 3538 est
2749 3480 3015 3537 Christus
3062 3479 3370 3536 aedificavit
3414 3479 3530 3537 sibi
3634 3476 3641 3479 ’

1875 3594 2110 3634 carnem
2141 3577 2213 3631 de
2238 3576 2409 3630 beata
2434 3573 2617 3628 Maria
2645 3576 2703 3628 et
2732 3569 2871 3626 alibi
2902 3569 3118 3643 legitur
3150 3584 3163 3626 :
3198 3569 3307 3637 Qui
3339 3570 3529 3627 factus

1875 3668 1965 3720 est
1993 3680 2063 3720 ex
2093 3662 2316 3719 semine
2347 3660 2523 3716 David
2557 3659 2883 3715 secundum
2914 3674 3149 3714 carnem
3176 3658 3351 3732 (Rom.
3383 3659 3445 3730 1).

1874 3756 1941 3808 29
2016 3751 2302 3824 Perfectus
2329 3752 2467 3807 Deus
2487 3750 2760 3821 perfectus
2787 3748 2942 3803 homo
2975 3764 2989 3803 :
3492 3817 3496 3820 ~

2017 3844 2100 3897 Ea:
2126 3842 2317 3897 anima
2342 3838 2607 3895 rationali
2633 3845 2683 3892 et
2710 3835 2957 3892 humana
2974 3851 3140 3892 carne
3176 3836 3493 3893 subsistens.

1948 3930 2242 3985 Perfectus
2271 3924 2568 3993 dicitur,id
2598 3928 2688 3980 est
2717 3923 3057 3997 plenus,qui
3084 3924 3231 3979 nihil
3253 3923 3534 3997 indiguit;

1880 4020 2170 4091 perfectus
2200 4015 2506 4085 homo,qui
2538 4011 2685 4067 nihil
2718 4011 2916 4067 minus
2946 4012 3155 4067 habuit
3181 4012 3366 4084 (extra
3402 4028 3534 4084 pec-

1880 4109 2100 4174 catum)
2127 4121 2307 4176 quam
2337 4102 2533 4158 homo.
2568 4101 2649 4155 Ex
2698 4099 2895 4155 anima
2944 4098 3234 4167 rationali,
3267 4099 3535 4156 Christus

1880 4212 2077 4252 veram
2109 4193 2366 4248 animam
2398 4189 2624 4255 habuit,
2661 4188 2760 4244 ubi
2799 4188 3090 4262 sapientia
3129 4205 3388 4245 crescere
3432 4205 3537 4261 po-

1881 4282 2271 4347 tuisset,sicut
2298 4280 2439 4336 dicit
2479 4279 2539 4334 in
2589 4277 2900 4351 Evangelio
2934 4293 2948 4335 :
2981 4279 3153 4335 Jesus
3199 4278 3540 4350 proficiebat

1883 4370 2173 4446 sapientia
2204 4375 2259 4425 et
2288 4374 2453 4424 aetate
2483 4369 2633 4441 (Luc.
2682 4367 2745 4439 Il)
2803 4384 2816 4421 :
2870 4367 3160 4440 sapientia
3206 4366 3267 4422 in
3316 4365 3536 4433 anima,

1885 4465 2051 4519 aetate
2080 4461 2140 4515 in
2166 4459 2503 4532 corpore.Et
2533 4457 2796 4512 humana
2816 4473 2991 4513 carne
3014 4456 3378 4513 subsistens:
3401 4455 3542 4529 quia

266 4558 324 4608 Et
351 4559 544 4611 unitas
578 4558 644 4610 in
680 4555 944 4610 Trinitate
969 4556 1021 4608 et
1056 4553 1292 4607 Trinitas
1336 4552 1397 4606 in
1446 4554 1656 4609 unitate
1686 4569 1771 4608 ve-
1808 4566 1857 4631 Ι)
1888 4553 2109 4609 humus
2158 4555 2313 4605 terra
2358 4547 2592 4616 dicitur,
2635 4546 2706 4602 de
2754 4546 3120 4604 humanitate
3163 4563 3400 4603 carnem
3447 4562 3543 4602 as-

328 4645 583 4699 neranda
614 4646 709 4699 sit.

203 4732 475 4790 Debemus
507 4733 705 4790 colere
733 4736 790 4788 et
818 4732 1059 4787 adorare
1078 4729 1425 4789 Trinitatem
1447 4730 1506 4785 in
1532 4730 1777 4800 unitate,

148 4819 479 4878 etunitatem
512 4823 578 4878 in
612 4822 912 4878 Trinitate.

145 4904 202 4959 25
263 4911 361 4977 Qui
389 4914 509 4968 vult
539 4928 671 4983 ergo
699 4911 881 4967 salvus
908 4925 1019 4965 esse
1046 4925 1060 4964 :

263 5002 343 5054 lla
368 5001 434 5056 de
466 5002 738 5075 Trinitate
762 5000 984 5064 sentiat,

204 5085 291 5174 ilic
318 5094 485 5162 rogat
516 5094 581 5145 et
610 5089 965 5156 admonet,et
994 5086 1401 5158 unusquisque
1432 5086 1631 5141 doctor
1659 5102 1775 5143 me-

152 5172 359 5230 meriter
385 5196 519 5233 eam
554 5180 772 5245 teneat,
806 5180 862 5232 et
893 5174 1137 5230 ﬁrmiter
1166 5174 1446 5240 credat,et
1475 5172 1619 5231 alios
1640 5192 1781 5247 prae-

154 5257 370 5321 dicando
394 5270 634 5322 doceat.

154 5349 212 5402 26
271 5353 371 5409 Sed
398 5371 776 5411 necessarium
803 5358 883 5410 est
912 5353 982 5409 ad
1008 5361 1275 5410 aeternam
1304 5354 1537 5407 salutem
1569 5371 1581 5408 :

278 5444 337 5499 Ut
398 5446 848 5500 incarnationem
900 5458 1109 5517 quoque
1165 5443 1391 5498 Domini
1446 5444 1624 5497 nostri
1657 5446 1788 5500 Jesu

346 5533 562 5588 Christi
592 5531 831 5604 ﬁdeliter
855 5532 1059 5588 credat.

217 5617 451 5679 Necesse
482 5625 581 5678 est
612 5622 763 5679 enim
794 5620 962 5681 nobis
994 5625 1079 5686 ut,
1126 5618 1279 5676 sicut
1326 5620 1602 5692 superius
1642 5621 1789 5676 dixi-

1891 4638 2165 4712 sumpsit.

1887 4732 1957 4786 30
2028 4728 2275 4801 quuttlis
2304 4727 2462 4781 Patri
2490 4724 2788 4781 secundum
2818 4725 3166 4781 divinitatem
3196 4743 3215 4779 :

2026 4819 2202 4873 Minor
2224 4816 2386 4870 Patre
2404 4813 2704 4870 secundum
2726 4813 3142 4870 humanitatem.

1955 4904 2209 4977 Equalis
2259 4919 2274 4958 :
2328 4903 2653 4958 secundum
2694 4901 2861 4971 illud,
2894 4918 2999 4974 ego
3046 4904 3104 4957 et
3149 4900 3318 4956 Pater
3350 4916 3537 4957 unum

1883 5012 2092 5054 sumus
2118 4994 2301 5066 (.Ioan.
2332 4999 2404 5057 x).
2459 4990 2646 5046 Minor
2690 4990 2862 5061 juxta
2910 4990 3065 5062 quod
3114 4988 3256 5045 dicit
3307 5007 3320 5045 :
3373 4989 3542 5045 Pater

1878 5087 2067 5159 major
2122 5096 2217 5140 me
2265 5082 2358 5141 est
2414 5079 2592 5152 (toan.
2650 5083 2809 5149 xv):
2843 5079 2987 5136 etin
3046 5095 3162 5152 quo
3200 5077 3377 5136 homo
3425 5079 3543 5152 est,

1889 5177 2082 5232 minor
2110 5176 2200 5228 est
2230 5188 2264 5226 a
2295 5169 2610 5226 divinitate.

1890 5266 1954 5321 31
2034 5263 2148 5335 Qui
2177 5261 2302 5316 licet
2330 5259 2472 5313 Deus
2500 5259 2574 5313 sit
2600 5265 2651 5313 et
2680 5258 2835 5314 homo
2870 5275 2883 5313 :

2034 5352 2152 5408 Non
2176 5349 2282 5405 duo
2313 5356 2516 5414 tamen,
2549 5346 2640 5403 sed
2668 5363 2811 5402 unus
2833 5355 2911 5403 est
2940 5348 3204 5404 Christus.

1970 5442 2099 5497 Ideo
2131 5437 2216 5495 sic
2245 5434 2525 5507 conjungi
2558 5434 2738 5490 voluit
2767 5435 2868 5491 Dei
2900 5435 3082 5493 Filius
3113 5454 3248 5492 cum
3288 5436 3550 5492 humana

1899 5536 2129 5593 natura,
2175 5530 2239 5581 ut
2287 5541 2357 5580 cx
2405 5523 2499 5580 his
2549 5524 2777 5581 duabus
2817 5525 3168 5583 substantiis
3214 5526 3378 5607 ﬁeret
3430 5541 3549 5580 una

1903 5634 2170 5695 persona.
