4098 6164
544 304 664 364 561

991 308 1052 368 S.
1087 307 1485 368 BliUNONIS
1523 308 1937 368 llEltBlPOL.
1976 307 2218 368 EPlSG.
2253 306 2658 392 COMMEN'I‘I.
2697 307 2779 366 IN
2815 307 3044 368 (lllA'l‘.
3092 307 3305 381 DO.\I.,
3340 308 3500 370 ETC.

3781 318 3882 378 568

543 435 623 494 32
695 438 842 496 Unus
866 445 1048 496 autem
1073 452 1185 496 non
1211 440 1556 496 conversione
1601 437 1915 496 divinitatis
1961 440 2023 494 in.
2067 454 2192 494 car-
2222 437 2476 508 Aetatis
2505 438 2858 512 aspicientes
2877 437 2936 496 in
2957 437 3474 507 ccelum,hicJesus
3489 439 3582 514 qui
3597 451 3883 520 assumptus

761 545 891 584 nem
919 547 938 584 .'

687 616 797 674 Sed
819 619 1192 691 assumptione
1219 619 1582 675 humanitatis
1606 621 1667 675 in
1693 619 1820 676 Deo.

621 707 745 762 Non
775 707 929 779 quod
965 705 1066 763 illa
1087 707 1512 780 divinitas,qua
1531 712 1621 764 est.
1647 707 1830 765 Filius
1850 708 2044 778 Deise
2068 724 2199 764 con-

547 793 818 852 vertisset
845 796 905 851 in
935 795 1382 870 humanitatem(
1391 802 1454 853 ut
1474 797 1582 853 hoc
1603 798 1756 870 quod
1789 802 1911 854 erat
1932 798 2196 854 divinum

547 883 712 938 ﬁeret
731 883 1208 954 humanum),sed
1233 887 1592 942 assumendo
1614 891 1874 942 nostram
1903 891 2220 951 naturam,-

548 971 632 1027 sic
661 976 751 1029 est
778 990 935 1030 unus
963 975 1223 1042 etractus,
1253 980 1318 1032 ut
1347 993 1462 1031 non
1503 977 1796 1032 amitteret
1841 977 1994 1048 quod
2049 979 2194 1045 erat,

548 1062 650 1118 sed
677 1067 1006 1121 assumeret
1036 1066 1191 1137 quod
1225 1082 1340 1145 non
1371 1070 1513 1121 erat.
1547 1065 1881 1138 Assumpsit
1901 1065 2056 1122 enim
2089 1065 2196 1120 hu-

545 1152 915 1220 manitatem,
947 1158 1004 1210 et
1029 1171 1144 1211 non
1175 1155 1377 1211 amisit
1407 1153 1792 1211 divinitatem.

547 1241 618 1298 33
695 1242 840 1298 Unns
869 1245 1092 1300 omnino
1117 1260 1226 1300 non
1251 1242 1574 1318 confusione
1597 1244 1921 1301 substantiae
1947 1262 1966 1298 :

689 1331 799 1388 Sed
819 1333 1034 1388 unitate
1056 1349 1329 1406 perscmae.
1449 1332 1452 1336 ’

622 1421 748 1477 Non
779 1421 840 1476 in
865 1437 935 1478 ea
965 1426 1308 1479 naturarum
1341 1422 1672 1478 commistio
1701 1426 1826 1479 est:
1855 1426 1918 1478 ut
1937 1422 2022 1478 vel
2055 1421 2198 1478 divi-

548 1509 706 1565 nitas
731 1511 1128 1567 mutaretu-rin
1149 1515 1420 1568 naturam
1450 1511 1968 1568 humanitatiszvel
1991 1512 2198 1567 huma-

551 1599 706 1655 nitas
719 1604 1214 1658 convertereretur
1226 1601 1283 1656 in
1297 1607 1567 1658 naturam
1581 1601 1898 1658 divinitatis
1914 1620 1926 1670 ;
1942 1603 2041 1658 sed
2059 1601 2200 1658 utri-

547 1704 666 1760 que
691 1693 912 1744 naturai
935 1707 1042 1746 sua
1063 1694 1259 1746 manet
1277 1691 1601 1764 proprietas
1621 1691 1681 1746 in
1701 1696 2203 1764 perpetuum,tan-

2305 531 2397 584 est
2427 527 2652 584 avobis
2697 527 2758 583 in
2801 527 3032 597 ccelum,
3085 529 3168 585 sic
3217 530 3410 586 veniet
3454 535 3883 603 quemadmodum

2221 636 2230 642 ·
2304 616 2534 673 vidistis
2561 633 2698 674 eum
2730 621 2964 674 euntem
2996 619 3051 673 in
3085 618 3295 675 cmlum
3328 620 3459 687 (Act.
3482 627 3542 690 1).
3571 623 3697 688 Quis
3717 641 3887 683 secun-

2304 706 2447 762 dum
2470 706 2831 762 divinitatem
2857 707 2927 762 ad
2952 706 3180 763 nullum
3197 713 3390 780 potest
3409 713 3696 770 ascendere
3712 712 3887 782 locum,

2305 796 2408 851 sed
2439 796 2659 868 ubique
2689 799 2848 852 totus
2874 799 2980 852 est.
3006 797 3178 852 Sedet
3207 797 3280 852 ad
3313 798 3596 854 dexteram
3625 801 3714 856 Dei
3739 803 3891 860 Patris

2305 883 2726 956 omnipotentis
2758 885 3053 940 dexteram
3095 889 3292 942 autem
3343 886 3441 948 Dei
3496 905 3601 943 non
3629 891 3890 960 carnalem,

2307 989 2421 1028 non
2456 971 2815 1045 corporalem
2844 973 3014 1044 (sicut
3035 973 3297 1030 humana
3317 974 3490 1031 habet
3517 981 3829 1050 natura),sed
3847 981 3892 1036 in

2305 1063 2416 1118 hoc
2447 1061 2570 1118 loco
2601 1061 2850 1135 gloriam
2883 1061 2978 1118 Dei
3013 1063 3285 1118 convenit
3313 1063 3653 1137 accipere,ac
3675 1068 3717 1122 si
3737 1074 3895 1141 aperte

2305 1151 2462 1207 dicat
2495 1169 2508 1207 :
2543 1151 2769 1224 Rogant
2798 1151 2854 1206 in
2888 1151 3074 1224 gloria
3101 1152 3225 1220 Dei,
3259 1156 3318 1209 et
3348 1153 3545 1210 sedere
3574 1171 3669 1226 pro
3703 1173 3896 1229 regem

2305 1239 2545 1296 dicitur.

2305 1331 2377 1384 37
2451 1329 2580 1386 Inde
2635 1337 2893 1386 venturus
2949 1335 3029 1386 est
3086 1349 3099 1388 :

2523 1428 2642 1475 tuos
2650 1460 2664 1473 .

2380 1509 2678 1564 Venturus
2707 1511 2799 1565 est
2826 1507 2885 1564 in
2916 1509 3118 1566 eadem
3151 1509 3361 1579 forma,
3391 1509 3453 1567 in
3486 1528 3598 1584 qua
3622 1513 3896 1584 cruciﬁxus,

2308 1596 2369 1652 in
2402 1614 2517 1670 qua
2549 1602 2838 1666 mortuus,
2873 1599 2931 1654 in
2965 1615 3081 1672 qua
3109 1599 3382 1672 sepultus
3413 1605 3522 1669 est,
3553 1604 3608 1657 et
3636 1601 3686 1656 in
3711 1618 3809 1674 qua
3835 1619 3898 1658 re-

2308 1687 2564 1742 surrexit
2597 1705 2610 1741 :
2646 1704 2760 1742 non
2789 1688 2846 1742 in
2879 1705 2946 1744 ea
2977 1692 3173 1744 tamen
3195 1688 3532 1746 humilitate
3559 1690 3613 1745 in
3645 1709 3749 1763 qua
3770 1697 3902 1747 antea

3155 1331 3428 1389 Judicare
3488 1335 3626 1389 vivos
3685 1342 3730 1390 et
3784 1352 3896 1392 nier-

547 1781 612 1834 ta
657 1782 852 1878 tamen
902 1780 1234 1851 conjunctio
1283 1785 1372 1836 est
1419 1785 1784 1878 naturarum,
1819 1781 2065 1878 ut‘idem
2100 1780 2198 1852 qui
2230 1815 2277 1878 Β
2313 1775 2840 1878 t'uit,.scdiu‘glori‘a
2858 1781 2915 1832 et
2932 1779 3337 1878 maiestatem
3362 1777 3900 1878 ideoinipsaforma:

549 1865 898 1923 mternaliter
943 1885 1011 1924 ex
1058 1869 1174 1925 Deo
1226 1869 1392 1925 Patre
1439 1868 1672 1941 genitus
1701 1871 1827 1939 'cst,
1887 1868 2063 1925 homo
2123 1870 2202 1924 sit
2233 1865 2276 1878 "
2311 1869 2374 1920 ut
2402 1865 2592 1920 videat
2623 1865 2875 1922 Herodes
2906 1871 2962 1922 et
2993 1866 3212 1922 Pilatus
3240 1884 3417 1940 quem
3441 1868 3835 1939 judicavcrunt,
3858 1877 3908 1925 ut

548 1971 721 2012 verus
756 1973 770 2012 :
803 1960 860 2012 et
890 1956 986 2014 ille
1018 1959 1117 2030 qui
1151 1963 1328 2020 natas
1367 1962 1474 2028 est,
1511 1958 1908 2031 temper-aliter
1953 1977 2020 2015 ex
2066 1959 2200 2013 Vir-

551 2044 708 2116 gine,
730 2045 885 2102 Deus
918 2047 994 2103 sit
1020 2064 1192 2103 verus
1227 2066 1239 2104 :
1275 2051 1513 2120 propter
1539 2047 1958 2120 suscipientem
1995 2053 2196 2116 Deum,

551 2133 707 2190 Deus
743 2151 935 2202 verus,
969 2137 1124 2192 Deus
1174 2137 1273 2192 Dei
1313 2135 1494 2192 Filius
1529 2153 1541 2191 :
1576 2141 1811 2209 propter
1860 2142 2198 2208 susceptum

550 2221 1055 2290 hominem,homo
1084 2241 1274 2280 verus.
1311 2223 1622 2280 Personam
1657 2225 1871 2298 quippe
1921 2225 2040 2280 Filii
2077 2226 2198 2292 Dei,

549 2327 667 2366 non
708 2326 776 2365 ex
799 2313 1036 2368 duabus
1067 2313 1335 2384 personis
1368 2311 1671 2380 unitatem,
1705 2315 1807 2370 sed
1854 2330 1922 2368 ex
1972 2314 2204 2370 duabus

547 2399 782 2456 naturis
808 2399 1053 2456 existere
1082 2401 1376 2456 credimus
1429 2421 1441 2458 :
1492 2401 1682 2457 dicere
1728 2405 1920 2458 autem
1972 2405 2203 2461 duabus

546 2488 822 2561 personis
852 2489 1258 2562 compositam,
1292 2493 1359 2545 ut
1390 2491 1552 2546 nefas
1581 2491 1856 2546 vitamus.

501 2574 506 2583 ’
552 2577 622 2633 34
695 2579 834 2635 Nam
881 2579 1023 2634 sicut
1069 2580 1260 2635 animo
1315 2581 1608 2636 rationalis
1667 2583 1720 2635 et
1764 2597 1890 2636 euro
1941 2599 2082 2636 unus
2127 2591 2204 2638 est

769 2667 928 2724 homo
959 2686 978 2724 :

701 2757 778 2812 tta
808 2758 948 2813 Deus
975 2764 1025 2814 et
1053 2757 1212 2813 homo
1238 2774 1383 2812 unus
1412 2765 1491 2813 est
1514 2756 1776 2814 Christus.

547 2875 554 2880 -
623 2846 784 2902 Sicut
827 2846 984 2902 enim
1033 2863 1102 2902 ex
1150 2863 1323 2902 carne
1364 2851 1420 2902 et
1469 2847 1667 2902 anima
1715 2863 1898 2902 unum
1951 2847 2205 2905 dicimus

541 2935 938 3008 'homincm,et
959 2935 1371 3008 unusquisque
1399 2935 1575 2991 habet
1597 2937 1743 2992 duos
1771 2936 2038 2992 homines
2059 2937 2116 2991 in
2145 2954 2208 2993 se

555 3027 764 3098 (unum
796 3024 1110 3094 carnalem,
1146 3024 1325 3080 alium
1355 3024 1678 3097 spiritalem
1706 3043 1718 3091 ;
1774 3043 1955 3080 unum
2006 3026 2204 3082 visibi-

553 3113 880 3182 lem,alium
903 3113 1252 3170 invisibilem
1277 3131 1290 3181 ;
1317 3132 1500 3170 unum
1525 3113 1850 3181 mortalem,
1877 3114 2058 3169 alium
2103 3117 2207 3170 im-

555 3203 886 3275 mortalem)
912 3221 924 3272 ;
959 3203 1041 3259 ita
1067 3209 1218 3260 Deus
1247 3207 1303 3260 et
1332 3203 1506 3259 homo
1541 3220 1692 3258 unus
1724 3206 1814 3258 est
1842 3203 2131 3260 Christus.

556 3276 628 3349 ϐξ)
701 3294 808 3362 Qui
825 3310 1020 3364 passus
1049 3301 1128 3350 est
1152 3310 1250 3365 pro
1279 3293 1455 3348 salute
1483 3301 1670 3348 nostra
1694 3311 1712 3347 :

704 3383 990 3438 Descendit
1020 3381 1091 3438 ad
1119 3383 1324 3454 inferos
1357 3398 1369 3437 :
1404 3383 1706 3438 resurrexit
1737 3399 1770 3436 α
1799 3383 2052 3438 mortuis.

639 3469 702 3526 In
735 3455 850 3542 quo
879 3487 1112 3541 passus,
1142 3469 1200 3525 in
1246 3487 1363 3542 quo
1410 3471 1736 3537 videbatur,
1769 3469 1824 3525 in
1878 3488 1992 3542 quo
2038 3471 2211 3527 homo

566 3564 709 3626 erat,
744 3559 802 3614 in
837 3575 951 3631 quo
991 3559 1322 3625 cruciﬁxus,
1373 3559 1433 3614 in
1481 3576 1595 3630 quo
1647 3565 1935 3626 mortuus,
1987 3560 2043 3614 in
2095 3579 2210 3631 quo

566 3633 920 3720 sepultus,in
953 3665 1068 3720 quo
1102 3648 1448 3704 resurrexit:
1473 3648 1612 3719 quia
1642 3648 1917 3703 divinitas
1945 3650 2212 3720 llnptlSSl-

564 3735 700 3797 bilis
731 3737 946 3808 est,sed
980 3737 1038 3792 in
1071 3737 1481 3808 conjunctione
1513 3753 1776 3808 personae
1805 3736 1962 3792 tilius
1992 3737 2092 3793 Dei
2125 3739 2210 3794 di-

565 3823 720 3880 citur
747 3842 980 3898 passus,
1014 3831 1070 3881 et
1103 3825 1161 3881 in
1193 3843 1328 3881 vera
1356 3829 1567 3880 natura
1613 3824 1770 3881 tilius
1819 3825 2074 3882 hominis
2125 3833 2213 3882 est

565 3931 796 3985 passus.
831 3915 1143 3971 Descendit
1171 3915 1243 3970 ad
1276 3915 1514 3979 inferos,
1565 3914 1786 3970 scilicet
1832 3914 2028 3970 anima
2075 3933 2206 3971 eum

559 4001 748 4060 Verbo
782 4020 794 4059 :
825 4003 963 4078 quia
995 4008 1302 4077 postquam
1336 4003 1676 4059 humanitas
1707 4009 2012 4076 assumpta
2060 4012 2145 4061 est
2177 4025 2211 4061 a

558 4092 1004 4160 divinitate,non
1027 4097 1115 4149 est
1137 4098 1404 4166 separata
1424 4110 1458 4147 a
1477 4092 1787 4160 Verbo,sed
1815 4093 1941 4166 ipsa
1961 4095 2156 4151 anima
2179 4114 2213 4151 a

556 4199 798 4256 corpore
827 4185 1094 4254 separata
1123 4186 1210 4238 est
1244 4199 1257 4236 :
1291 4180 1430 4254 quia
1459 4181 1506 4237 si
1548 4199 1664 4238 non
1718 4189 1873 4238 esset
1919 4190 2209 4256 separata,

556 4289 770 4344 corpus
814 4288 929 4328 non
973 4273 1262 4344 potuisset
1295 4270 1440 4328 mori
1473 4286 1487 4326 :
1522 4276 1580 4326 et
1610 4271 1718 4328 iste
1768 4272 2086 4330 descensus
2135 4275 2205 4329 ad

557 4360 743 4417 solam
775 4360 1035 4416 animam
1063 4361 1333 4433 pertinet.
1375 4361 1713 4417 Resurrexit
1759 4379 1792 4417 a
1841 4363 2110 4428 mortuis,
2145 4368 2210 4418 ut

557 4449 726 4504 nobis
783 4449 1114 4521 exemplum
1165 4449 1609 4504 resurrectionis
1670 4451 1999 4507 ostenderet
2055 4451 2209 4507 sicut

2307 1953 2543 2010 videant
2571 1955 2758 2010 Judaei
2791 1972 2962 2027 quem
2996 1953 3390 2024 tradiderunt,
3408 1961 3472 2012 ut
3499 1957 3717 2014 videant
3734 1959 3904 2014 milites

2311 2061 2487 2116 quem
2518 2045 2951 2112 erucitixerunt,
2987 2053 3050 2099 ut
3079 2045 3314 2100 videant
3365 2045 3530 2118 impii
3567 2065 3732 2119 quem
3770 2066 3903 2120 nega-

2309 2137 2536 2188 verunt.
2570 2133 2743 2188 Vivos
2794 2149 2807 2188 :
2861 2150 3008 2205 quos
3059 2135 3188 2203 ejus
3239 2135 3526 2192 adventus
3573 2136 3824 2192 invenerit
3861 2139 3904 2192 in

2313 2239 2552 2294 corpore
2582 2221 2862 2278 viventes.
2920 2223 3180 2279 Mortuus
3231 2240 3246 2279 :
3295 2223 3399 2294 qui
3447 2225 3653 2280 mortui
3690 2231 3829 2282 erant
3853 2227 3906 2280 ab

2311 2310 2481 2366 initio
2529 2328 2720 2383 usque
2763 2311 2822 2366 in
2873 2311 3037 2366 illum
3089 2311 3267 2367 diem.
3300 2311 3406 2368 Vel
3455 2313 3635 2380 aliter,
3680 2313 3831 2382 vivos,
3863 2315 3905 2369 id

2314 2406 2404 2455 est
2432 2405 2686 2469 sanctos,
2718 2406 3000 2468 mortuos,
3034 2400 3088 2454 id
3118 2406 3208 2456 est
3237 2406 3594 2474 peccatores.

2311 2491 2382 2544 38
2455 2489 2535 2544 Ad
2563 2491 2719 2561 cujus
2749 2491 3036 2545 adventum
3069 2509 3088 2544 :

2458 2579 2653 2634 Omnes
2682 2581 2926 2636 homines
2957 2596 3240 2649 resurgere
3264 2581 3469 2637 habent
3491 2599 3611 2637 cum
3653 2583 3910 2654 corporibus

2527 2670 2646 2723 suis
2667 2687 2686 2723 .-

2385 2757 2448 2812 ln
2481 2757 2731 2813 adventu
2776 2757 3006 2828 Domini
3053 2759 3494 2832 unusquisque,
3528 2760 3643 2816 sive
3663 2759 3791 2832 justi
3818 2759 3908 2814 sive

2317 2851 2666 2920 peccatores,
2737 2863 3040 2920 resurgere
3117 2847 3341 2903 habent
3419 2866 3554 2904 cum
3631 2848 3912 2922 corporibus

2317 2936 2462 2992 suis.

2314 3026 2384 3079 39
2458 3026 2522 3079 Et
2547 3023 2820 3080 reddituri
2843 3034 2970 3080 sunt
3001 3024 3248 3097 defectis
3273 3027 3524 3098 prapriis
3546 3028 3802 3082 rationem.

2389 3114 2646 3169 Reddere
2677 3119 2874 3169 autem
2909 3114 3188 3170 rationem
3227 3132 3240 3170 :
3277 3131 3395 3171 non
3431 3115 3621 3172 fabula
3639 3116 3909 3176 verborum,

2232 3187 2278 3253 'C
2321 3203 2421 3258 sed
2467 3203 2866 3260 recordatione
2915 3203 3177 3258 omnium
3229 3221 3360 3276 quae
3410 3206 3564 3271 fecit,
3598 3205 3704 3260 sive
3741 3205 3911 3259 bonum

2320 3293 2439 3348 sive
2472 3291 2781 3357 malum,et
2805 3295 3124 3348 secundum
3147 3293 3256 3348 hoc
3288 3295 3695 3367 unusquisque
3711 3292 3912 3364 recipere

2321 3381 2491 3437 debet
2523 3401 2539 3436 :
2567 3382 2702 3437 boni
2738 3383 2910 3447 bona,
2944 3381 3081 3438 mali
3112 3399 3248 3438 vero
3276 3384 3456 3440 mala.

2321 3471 2390 3524 40
2463 3473 2526 3526 Et
2556 3471 2653 3542 qui
2685 3472 2824 3527 bona
2851 3480 3096 3542 egerunt,
3129 3473 3288 3528 ibunt
3319 3474 3381 3528 in
3410 3476 3586 3530 vitam
3607 3481 3875 3530 aeternam:

2464 3563 2581 3632 Qui
2607 3577 2732 3616 vero
2764 3561 2932 3627 mula,
2967 3563 3021 3616 in
3055 3563 3238 3632 ignem
3264 3566 3561 3619 a’tcrnum.

2393 3649 2454 3704 In
2486 3649 2664 3704 vitam
2697 3653 2972 3705 (sternam
3009 3667 3022 3705 :
3056 3649 3194 3722 quia
3226 3668 3464 3723 semper
3485 3653 3649 3705 erunt
3677 3646 3795 3704 boni
3823 3645 3916 3700 sine

2322 3739 2435 3793 fine
2467 3738 2523 3792 in
2557 3737 2743 3810 gloria
2775 3738 3094 3810 regnaturi.
3130 3739 3192 3794 In
3245 3741 3444 3812 ignem
3477 3745 3740 3795 aeternum
3767 3753 3779 3790 :
3807 3733 3912 3806 quia

2321 3843 2552 3898 semper
2581 3825 2690 3881 erit
2724 3826 2893 3882 malis
2943 3826 3069 3882 sine
3122 3829 3237 3884 ﬁne
3271 3846 3445 3900 poena
3497 3827 3713 3892 inferni,
3742 3829 3790 3881 et
3820 3823 3914 3876 sine

2321 3913 2439 3968 ulla
2470 3914 2844 3971 miseratione
2873 3932 3006 3970 cum
3040 3933 3279 3987 corpore
3309 3921 3367 3972 et
3396 3917 3725 3984 anima,non
3751 3927 3912 3968 consu-

2319 4005 2538 4060 mendi.
2573 4003 2674 4060 sed
2725 4021 2956 4076 semper
2999 4006 3188 4060 arsuri
3223 4023 3235 4061 :
3269 4012 3325 4062 et
3355 4021 3658 4079 nunquam
3702 4000 3916 4059 deﬁcient

2319 4094 2377 4148 in
2411 4093 2641 4150 aeternis
2667 4093 2854 4165 pmnis
2885 4093 3171 4151 mansuri.

2317 4183 2376 4238 41
2459 4173 2586 4239 Itazc
2611 4191 2687 4238 est
2716 4183 2848 4254 ﬁdes
2875 4184 3142 4240 cut/mitra
3172 4203 3191 4238 .·

2459 4272 2634 4340 Quam
2661 4273 2777 4326 nisi
2805 4274 3032 4344 quisque
3075 4271 3316 4343 fideliter
3364 4275 3705 4346 ﬁrmitcrque
3727 4265 3912 4326 credide-

2529 4362 2624 4428 rit,
2652 4361 2834 4416 satvus
2855 4378 2968 4417 esse
2997 4377 3108 4416 non
3133 4364 3354 4433 poterit.

2387 4449 2517 4505 llaze
2546 4457 2636 4504 est
2657 4449 2802 4505 fides
2833 4449 3118 4510 catholica
3147 4466 3159 4504 :
3209 4451 3362 4507 sicut
3387 4452 3659 4524 superius
3685 4447 3908 4505 diximus,

554 4537 839 4610 propheta
883 4537 965 4592 ait
1011 4537 1154 4593 (03:0
1182 4541 1258 4604 γι)
1293 4555 1306 4592 :
1340 4539 1478 4592 Post
1519 4538 1667 4594 duos
1717 4538 1840 4594 dies
1895 4540 2207 4596 suscitabit
2241 4557 2282 4620 υ
2315 4537 2429 4592 ista
2458 4543 2546 4594 est
2578 4537 2724 4593 fides
2754 4537 3061 4594 catholica.
3095 4539 3204 4594 Per
3234 4539 3340 4595 hoc
3369 4539 3470 4595 hie
3501 4535 3908 4613 rogatetadmo-

554 4643 682 4697 nos,
715 4631 772 4682 et
799 4625 971 4682 tertia
999 4641 1394 4699 resurgcmus,
1429 4630 1486 4681 et
1516 4626 1574 4681 in
1606 4632 1919 4698 conspectu
1951 4629 2081 4700 ejus
2117 4629 2201 4684 vi-

551 4732 778 4773 vemus.

547 4807 620 4862 36
691 4805 943 4862 Ascendit
964 4804 1034 4860 ad
1061 4803 1217 4860 certos
1249 4823 1268 4860 :

687 4895 844 4952 Sedet
872 4895 944 4951 nd
971 4895 1251 4951 dexterum
1281 4895 1380 4950 Dei
1412 4896 1590 4951 Patris
1621 4895 2028 4966 omnipotentis.

616 4985 892 5042 Ascendit
922 4985 992 5040 ad
1026 4983 1221 5051 oculos,
1256 4983 1476 5040 scilicet
1517 4982 1648 5054 ipsa
1689 4983 2028 5040 humanitas
2072 5003 2199 5058 qum

525 5058 658 5128 uiuit
685 5089 880 5146 passa,
915 5071 1065 5129 sicut
1097 5071 1288 5144 angeli
1317 5071 1589 5127 dixerunt
1621 5087 1633 5124 :
1669 5070 1788 5126 Viri
1812 5071 2198 5144 Galilazi,quid

2313 4631 2502 4696 net,ut
2531 4627 2939 4700 unusquisque
2963 4628 3236 4684 sacerdos
3264 4627 3372 4684 hoc
3403 4629 3553 4686 sciat
3579 4633 3635 4685 et
3669 4623 3908 4700 praedicet.

2311 4720 2516 4784 Quam,
2547 4715 2604 4770 id
2635 4719 2724 4771 est
2749 4733 2928 4788 quam
2958 4717 3154 4785 ﬁdem,
3189 4717 3461 4790 quisque,
3495 4719 3554 4774 id
3605 4721 3691 4774 est
3716 4707 3903 4783 aliquis.

2310 4804 2598 4873 Fideliter,
2631 4809 2696 4859 ut
2725 4805 2797 4860 de
2826 4821 2893 4860 ea
2926 4821 3040 4861 non
3071 4805 3320 4863 dubitet.
3356 4806 3644 4875 Firmiter,
3667 4809 3728 4860 ut
3747 4797 3908 4858 nullus

2310 4911 2344 4950 a
2371 4899 2474 4950 tua
2505 4895 2616 4950 ﬁde
2661 4898 2718 4949 te
2768 4911 3062 4952 removere
3093 4896 3298 4966 possit,
3333 4894 3498 4952 nullo
3529 4895 3818 4952 schismate
3841 4880 3906 4939 vel

2309 4982 2534 5039 haeresi.
2568 4983 2638 5038 Et
2684 4983 2733 5039 si
2787 4983 2866 5039 ita
2914 5001 3031 5040 non
3083 4985 3400 5042 credideris
3427 4985 3625 5042 salvus
3668 4995 3781 5038 esse
3818 4989 3902 5030 non

2309 5073 2546 5145 poteris.
