3986 6164
237 348 333 411 585

1388 348 1796 411 ΕΡῙΞΤΟῙΛΕ
1839 348 1939 409 ET
1979 347 2449 411 PRIVILEGIA.

3501 352 3621 414 586

232 480 747 554 congregatione,si
780 484 975 541 tamen
1006 482 1222 554 dignus
1254 480 1589 553 praelatioue
1611 480 1863 535 invenia-
1894 480 1947 545 Α
1977 478 2355 552 explevimus,
2415 497 2548 536 cum
2604 484 2818 543 sanctas
2877 480 3291 555 Bambergeusi
3359 481 3622 539 Ecclesia:

226 576 327 624 tur.
356 569 519 634 Quod
551 568 600 624 si
649 571 806 642 apud
854 586 954 626 eos
1006 569 1252 626 inveniri
1295 586 1411 625 non
1441 570 1672 642 poterit,
1704 570 1859 641 quod

220 659 432 725 absit,a
461 657 760 725 Cluniaco,
777 658 865 714 vel
888 676 922 714 a
953 658 1158 730 Majori
1192 657 1659 726 Monasterio,vel
1688 659 1866 713 unde-

216 765 439 820 cunque
455 747 667 804 melius
698 752 971 821 poterunt
989 748 1260 805 monachi
1285 748 1364 804 ibi
1388 748 1861 821 congregati,sibi

215 836 423 909 eligant
453 837 727 893 abbatem
759 839 1083 893 secundum
1118 835 1217 893 Dei
1238 838 1509 893 timorem
1530 840 1587 892 et
1622 837 1861 892 BBeue-

213 926 349 983 dicti
374 925 675 999 regulam;
707 931 905 983 tamen
936 930 1171 999 propter
1202 926 1580 983 reverentiam
1636 924 1767 995 loci,
1800 924 1860 979 in

216 1015 472 1089 eligendo
495 1015 604 1071 sibi
622 1016 1122 1088 pastorem,trium
1147 1016 1426 1071 abbatum
1439 1013 1684 1070 consilio
1698 1017 1862 1069 utan-

220 1108 322 1167 tur,
344 1120 492 1177 quos
522 1102 914 1175 religiosiores
946 1103 1017 1159 de
1046 1102 1253 1158 vicinis
1285 1101 1429 1158 locis
1459 1102 1671 1157 habere
1702 1105 1858 1173 pole-

223 1192 885 1264 runt.Consecratipnem
910 1209 1039 1247 vero
1074 1209 1144 1247 ne
1177 1191 1377 1247 statim
1397 1191 1642 1246 Romam
1665 1190 1859 1246 venire

224 1282 479 1354 fatigetur
506 1280 747 1348 electus,
781 1299 815 1336 a
836 1298 1186 1353 quocunque
1216 1279 1481 1352 praesule,
1507 1280 1631 1335 sine
1661 1283 1858 1336 tamen

224 1370 362 1425 omni
385 1370 771 1440 subjectione,
791 1369 1154 1441 suscipiat,si
1175 1369 1389 1441 praesul
1413 1369 1566 1424 idem
1590 1369 1716 1424 sine
1737 1386 1862 1441 pre-

227 1460 311 1524 tio,
331 1463 385 1514 et
410 1458 736 1514 Secundum
770 1475 1024 1514 canones
1060 1458 1465 1531 episcopatum
1513 1456 1855 1529 susceperit.

224 1548 365 1612 Quod
387 1547 433 1603 si
458 1546 770 1620 episcopus
796 1547 1095 1620 pretio,vcl
1118 1551 1320 1603 contra
1338 1562 1592 1602 canones
1614 1546 1856 1613 electus,

223 1636 535 1705 investitus,
556 1636 647 1693 vel
674 1641 1067 1705 consecratus,
1102 1636 1220 1693 sive
1251 1653 1387 1709 erga
1417 1636 1758 1709 praedictum
1792 1640 1853 1691 Β.

222 1725 356 1781 Petri
382 1726 578 1782 locum
600 1724 964 1798 suspiciosus
987 1724 1397 1799 exstiterit,qni
1420 1725 1639 1781 electus
1664 1724 1853 1793 fuerit,

222 1816 279 1870 ad
302 1832 403 1871 nos
424 1815 513 1871 vel
546 1815 617 1871 ad
641 1819 872 1871 nostros
895 1832 1263 1872 successores
1284 1818 1564 1883 recurrat,
1581 1818 1637 1870 et
1659 1830 1692 1868 a
1720 1813 1856 1869 sede
1891 1856 1934 1920 Β

219 1904 435 1961 B.Petri
465 1903 717 1978 apostoli
753 1947 766 1960 .
804 1947 817 1959 .
854 1947 867 1959 .
904 1946 917 1959 .
956 1947 969 1960 .
1003 1906 1171 1976 cujus
1201 1902 1549 1975 estjuris,et
1578 1901 1855 1959 baculum

217 1999 265 2048 et
291 1994 783 2049 consecrationem
816 1994 1120 2067 suscipiat.
1153 1994 1241 2049 Ad
1289 1992 1604 2049 consilium
1657 1995 1854 2048 autem

218 2082 537 2137 nullatenus
567 2082 782 2148 veniat,
816 2083 970 2155 quod
1007 2083 1079 2138 ab
1110 2083 1238 2155 ipso
1269 2083 1534 2138 Romano
1582 2080 1855 2152 pontifice

217 2187 320 2226 non
350 2170 525 2226 fuerit
553 2171 930 2242 celebratum,
959 2175 1069 2227 etc.
1095 2171 1211 2227 Hoc
1241 2169 1416 2226 etiam
1447 2169 1742 2236 addimus,
1769 2172 1852 2241 ut,

218 2265 323 2314 tam
355 2260 411 2315 in
444 2260 859 2316 Viudocinensi
892 2259 1020 2316 loco
1053 2278 1233 2333 quam
1284 2260 1341 2314 in
1390 2258 1664 2332 praedicta
1684 2259 1855 2330 juxta

213 2350 542 2421 Audegaviaa
576 2367 777 2427 muros
809 2350 868 2405 S.
901 2349 1215 2406 Salvatoris
1246 2349 1511 2418 ecclesia,
1546 2346 1691 2402 nulli
1722 2364 1853 2419 pcr-

212 2455 355 2493 sonee
386 2439 496 2494 nisi
531 2438 642 2494 soli
674 2439 936 2494 Romano
968 2439 1228 2512 pontifici
1283 2438 1455 2493 liceat
1503 2441 1849 2510 potestatem

214 2527 460 2600 aliquam
514 2531 617 2583 aut
665 2527 1125 2584 dominationem
1174 2544 1456 2593 exercere,
1491 2531 1592 2581 aut
1621 2542 1849 2582 excom-

214 2616 499 2672 municare
535 2634 637 2671 seu
669 2616 1043 2685 interdicere;
1077 2617 1304 2672 etiamsi
1339 2615 1711 2685 Carnetensis
1749 2619 1852 2669 aut

208 2705 633 2779 Andegaveusis
664 2722 767 2778 pro
799 2704 988 2778 culpis
1009 2704 1370 2778 quibuslibet
1391 2702 1850 2759 excommunica-

208 2799 318 2859 tur,
350 2794 841 2850 excommunicati
875 2799 1071 2851 tamen
1107 2812 1141 2849 a
1170 2793 1477 2851 monachis
1508 2810 1621 2848 non
1662 2791 1848 2848 susci-

208 2882 453 2954 piantur,
488 2889 599 2940 etc.

272 2972 477 3028 Datum
498 2972 622 3028 Kal.
640 2972 785 3028 Julii
818 2991 923 3045 per
944 2990 1184 3028 manum
1206 2973 1357 3028 Petri
1390 2970 1851 3039 diaeoni,biblio-

210 3061 437 3117 thecarii
487 3066 546 3118 et
604 3062 931 3119 cancellarii
989 3063 1046 3118 S.
1081 3061 1409 3134 apostolica:
1469 3061 1647 3128 sedis,
1696 3077 1848 3116 anno

210 3151 398 3206 domui
433 3151 749 3209 Clementis
782 3152 830 3208 II
862 3168 1021 3225 papa:
1052 3169 1090 3206 ι.
1126 3150 1328 3207 indict.
1364 3169 1454 3208 xv.

982 3259 1076 3314 VI.

211 3362 575 3404 PRIVILEGIUM
598 3364 913 3404 CLEMENTIS
944 3365 1105 3404 ΡΑΡΕ
1126 3366 1165 3403 ΙΙ
1197 3365 1307 3403 PRO
1338 3363 1691 3403 MONASTERIO
1721 3363 1853 3401 THA-

900 3437 1166 3475 RISIENSI.

830 3511 1014 3581 (Anno
1048 3508 1231 3581 1047.)

216 3595 391 3668 {Apud
417 3598 762 3666 Ussermau,
787 3597 1081 3654 Germania
1106 3614 1284 3664 sacra,
1308 3602 1447 3653 tom.
1475 3597 1570 3663 ΙΙΙ,
1579 3601 1850 3669 prmities]

278 3685 538 3742 Caeneus
570 3687 900 3759 episcopus,
926 3704 1128 3742 servus
1162 3703 1461 3742 servorum
1494 3686 1616 3751 Dei,
1641 3686 1854 3741 Jacoso

217 3775 518 3830 venerabili
551 3775 747 3830 abbati
780 3774 1119 3831 monasterii
1151 3775 1660 3830 sanctissimorum
1702 3791 1855 3830 mar-

223 3866 397 3932 tyrum
430 3864 875 3938 protomartyris
907 3864 1187 3937 Stephani
1218 3868 1393 3936 atque
1423 3863 1559 3933 Viti,
1591 3863 1716 3919 loco
1755 3863 1856 3935 qui

224 3949 480 4010 Tharisse
512 3960 758 4010 vocatur
784 3953 979 4027 positi,
999 3958 1339 4026 perpetuam
1367 3954 1423 4008 in
1447 3953 1676 4009 Christo
1708 3952 1858 4008 salu-

228 4040 353 4093 tem.

290 4128 625 4201 Apostolicaa
648 4131 805 4187 sedis
834 4130 1193 4187 fortissimus
1208 4130 1447 4204 clypeus
1465 4134 1664 4187 tantus
1683 4134 1863 4201 est,ut

235 4222 418 4272 contra
444 4237 651 4276 omnes
671 4219 1111 4276 malefactorum
1133 4221 1389 4293 impetus
1402 4219 1865 4287 valeat,cunctis-

234 4319 335 4374 que
354 4309 739 4366 sacrosanctis
760 4309 1019 4366 ecclesiis
1041 4308 1409 4365 sufﬁciat.Ad
1443 4308 1553 4366 hoc
1583 4309 1740 4366 enim
1766 4327 1863 4365 su-

234 4408 328 4463 pra
354 4397 582 4454 ﬁrmam
605 4402 857 4471 petram,
882 4398 938 4453 id
961 4402 1051 4455 est
1071 4398 1390 4465 Christum,
1410 4399 1654 4454 fundata
1672 4404 1779 4467 est,
1805 4402 1868 4453 ut

238 4497 338 4537 non
369 4487 536 4542 modo
567 4476 877 4542 hominum
908 4487 1194 4556 saevititia,
1211 4489 1310 4543 sed
1348 4505 1453 4543 nec
1485 4492 1661 4561 portae
1691 4487 1867 4543 etiam

240 4569 414 4665 inferri
439 4576 793 4648 praevaleant
823 4577 1103 4633 adversus
1134 4594 1283 4632 eam.
1312 4577 1415 4633 Cui
1450 4577 1595 4633 bene
1638 4580 1873 4649 aptatur
1902 4602 1948 4665 D

241 4663 374 4730 quod
401 4670 703 4737 cantatur:
733 4665 1014 4722 Fortitudo
1046 4683 1166 4722 mea
1195 4670 1247 4722 et
1280 4667 1526 4721 laudatio
1555 4683 1673 4722 mea
1697 4668 1873 4722 Domi-

244 4764 350 4817 nus,
371 4753 501 4824 quia
533 4754 828 4826 quidquid
859 4754 1075 4821 laudis,
1110 4772 1179 4810 ex
1213 4754 1307 4811 Dei
1359 4771 1474 4810 non
1524 4773 1592 4810 ex
1623 4773 1729 4811 sua
1757 4756 1869 4811 for-

245 4835 464 4896 titudine
495 4842 692 4898 habet.
727 4842 872 4899 Huic
901 4843 1025 4898 sedi
1056 4843 1442 4899 sanctissimae
1492 4844 1630 4916 quia
1675 4844 1873 4899 divina

245 4925 478 4999 dignatio
508 4930 907 4987 humilitatem
935 4937 1196 4988 nostram
1229 4931 1486 5005 prafecit
1516 4932 1703 5004 gratia
1740 4936 1872 4987 tan-

246 5018 351 5071 tum
380 5036 485 5074 sua
517 5037 634 5075 non
665 5021 892 5077 meritis
946 5022 1185 5087 nostris,
1220 5020 1640 5077 monasterium
1679 5026 1870 5089 tuum,

246 5103 565 5164 charissima
587 5108 689 5177 fili,
708 5109 960 5181 justitiis
982 5112 1110 5182 ejus
1132 5110 1215 5167 sic
1238 5111 1469 5167 munire
1488 5110 1872 5166 decrevimus.

248 5199 299 5249 ut
314 5197 497 5255 omnis
511 5197 563 5255 ei
588 5199 1024 5257 adversantium
1042 5205 1324 5256 vacuetur
1344 5200 1877 5272 conatus.Denique

240 5282 420 5357 ipsum
453 5289 887 5344 monasterium
909 5306 1016 5345 nos
1040 5290 1151 5363 ipsi
1177 5292 1411 5345 auctore
1432 5294 1545 5346 Deo
1565 5288 1878 5357 ereximus,

239 5383 288 5430 et
312 5376 504 5445 bonis,
538 5377 756 5450 quibus
786 5378 1606 5452 valuimus,locupletavimus
1637 5379 1705 5434 ad
1731 5377 1883 5435 salu-

237 5470 341 5521 tem
370 5466 585 5523 anima:
635 5472 848 5524 nostra:
879 5468 1182 5541 nostrique
1230 5466 1333 5522 filii
1381 5467 1599 5524 domini
1652 5468 1880 5524 Henrici

230 5554 626 5612 Romanorum
659 5557 1031 5631 imperatoris
1064 5558 1330 5630 Augusti,
1363 5559 1533 5630 cujus
1564 5556 1879 5625 voluntate,

228 5646 395 5720 cujus
423 5662 719 5703 consensu
752 5646 944 5704 locum
980 5647 1176 5721 ipsum
1209 5646 1495 5704 aedificare
1525 5646 1810 5719 coepimus
1828 5650 1885 5705 et

545 5772 808 5839 Persen.
854 5773 1080 5839 CXLII.

1973 584 2382 639 praeessemus,
2418 568 2510 624 cui
2545 570 2752 625 attinet
2780 569 2906 642 ipse
2935 568 3127 638 locus;
3158 569 3491 643 specialiter
3518 589 3621 627 au-

1972 660 2092 711 tem
2116 657 2421 713 ecclesiam
2444 657 2502 713 in
2533 658 2813 715 Tharissa
2835 663 2891 715 et
2921 658 3242 716 oratorium
3275 660 3334 715 in
3365 660 3624 717 Wenck-

1971 744 2127 802 heim
2158 763 2292 802 cum
2327 747 2571 804 decimis
2602 747 2912 820 utriusque
2959 747 3070 804 loci
3102 748 3267 821 prius
3297 767 3333 805 a
3360 748 3538 805 fratre
3565 753 3624 806 et

1971 835 2314 908 coepisCOpo
2347 841 2544 893 nostro
2576 838 2847 895 Brunone
2872 837 3378 911 Wirceburgensis
3426 836 3620 911 Eccle-

1971 923 2069 978 size
2115 925 2542 982 rationabiliter
2586 925 2801 983 vicaria
2848 926 3218 1000 possessione
3269 926 3357 983 illi
3404 926 3620 983 tradita

1969 1019 2401 1071 commutautes
2431 1015 2567 1071 huic
2599 1016 2951 1073 monasterio
2972 1015 3620 1089 contulimus.Quapro-

1969 1104 2097 1172 pter
2127 1119 2193 1157 ea
2223 1104 2569 1161 auctoritate
2602 1122 2729 1177 qua:
2760 1106 2896 1161 data
2924 1108 3015 1161 est
3045 1122 3081 1162 a
3108 1105 3342 1162 Christo
3371 1104 3618 1161 Domino

1968 1191 2231 1261 apostolo
2278 1192 2466 1259 Petro,
2494 1194 2774 1266 magistro
2804 1197 2863 1248 et
2904 1192 3116 1251 seniori
3160 1198 3381 1262 nostro,
3411 1197 3469 1250 et
3517 1208 3622 1265 per

1966 1294 2102 1333 eum
2134 1282 2571 1338 successoribus
2592 1282 2719 1352 ejus
2741 1299 2927 1354 usque
2948 1282 3019 1339 ad
3052 1286 3314 1339 nostram
3340 1280 3624 1354 indignis-

1967 1366 2179 1424 simam
2210 1371 2645 1441 paternitatem,
2668 1388 2736 1427 ea
2768 1371 3049 1429 nimirum
3080 1371 3139 1428 in
3170 1370 3409 1428 nomine
3433 1370 3621 1442 ipsius

1969 1457 2195 1514 Domini
2228 1460 2411 1516 nostri
2435 1461 2577 1516 Jesu
2609 1460 2827 1517 Christi
2854 1459 3616 1529 vallamus,tuemur,muni-

1966 1560 2099 1600 mus
2121 1544 2317 1618 ipsum
2342 1549 2767 1606 monasterium
2785 1548 3145 1607 sanctissimi
3174 1546 3620 1621 protomartyris

1966 1633 2246 1706 Stephani
2276 1638 2521 1709 ejusque
2548 1637 2801 1694 consocii
2851 1636 3126 1711 martyris
3155 1636 3295 1708 Viti,
3325 1640 3385 1694 et
3421 1635 3621 1696 omnia
3709 1692 3715 1698 .

1965 1722 2231 1793 ejusdem
2262 1726 2603 1784 monasterii
2633 1728 2789 1784 bona
2810 1726 3052 1785 mobilia
3066 1725 3619 1797 etimmobilia,qua3

1966 1828 2122 1867 nunc
2143 1813 2318 1877 habet
2334 1819 2391 1872 et
2414 1815 2472 1872 in
2498 1821 2848 1888 perpetuum
2866 1816 3333 1885 habebit,con~tra
3349 1815 3619 1873 omnium

1968 1900 2418 1973 malignantium
2440 1905 2798 1962 temeritates
2818 1909 2875 1962 et
2901 1904 3217 1977 impiorum
3248 1903 3616 1977 rapacitates,

1964 2006 2069 2061 per
2085 1990 2192 2047 hoc
2222 1992 2446 2049 scilicet
2465 1993 2864 2050 iuviolandum
2887 1998 3100 2051 nostrae
3119 1993 3451 2066 apostolica
3471 2008 3619 2066 pre-

1964 2080 2249 2151 ceptionis
2274 2081 2599 2151 munimen,
2633 2088 2696 2139 ut
2728 2083 2871 2139 nulli
2902 2083 3058 2151 duci,
3092 2083 3239 2143 nulli
3266 2080 3615 2149 marchioni.

1965 2166 2108 2222 nulli
2161 2170 2380 2242 comiti,
2413 2170 2557 2227 nulli
2618 2172 2962 2240 vicecomiti,
2996 2171 3143 2230 nulli
3194 2175 3470 2245 prmterea
3512 2186 3617 2243 pa-

1961 2254 2247 2326 triarchae,
2308 2260 2766 2333 archiepiscopo,
2823 2262 3099 2337 episcopo
3164 2266 3221 2319 et
3284 2258 3618 2335 specialiter

1962 2346 2399 2420 Bambergensi,
2434 2367 2537 2405 nec
2583 2351 2759 2407 etiam
2812 2350 2987 2409 alicui
3035 2364 3261 2424 magna:
3296 2364 3612 2422 parvasque

1962 2451 2224 2507 personae
2239 2435 2411 2493 lieeat
2429 2438 2623 2510 ipsum
2645 2443 2905 2496 nostrum
2926 2439 3352 2501 monasterium
3380 2438 3609 2504 laedere,

1960 2524 2206 2596 ejusque
2236 2525 2391 2582 bona
2419 2527 2702 2597 minuere,
2736 2544 2863 2600 quae
2894 2542 3051 2586 nunc
3081 2529 3257 2585 habet
3284 2532 3342 2584 et
3387 2528 3445 2584 in
3488 2545 3614 2600 per-

1959 2616 2199 2683 petuum
2232 2613 2487 2670 habebit.
2522 2617 2683 2682 Quod
2709 2618 3042 2690 quicunque
3073 2634 3275 2674 eorum
3304 2617 3611 2675 commise-

1958 2701 2052 2769 rit,
2080 2719 2181 2773 per
2211 2702 2359 2758 hanc
2391 2704 2697 2776 apostolici
2724 2706 2937 2779 vigoris
2967 2707 3331 2767 sanctionem
3357 2723 3426 2763 ex
3450 2709 3607 2779 pote-

1958 2792 2107 2845 state
2136 2792 2381 2863 apostoli
2414 2794 2562 2850 Petri
2595 2795 2920 2852 venientem
2951 2795 3612 2865 maledicimus,excom-

1959 2879 2332 2936 municamus
2353 2885 2411 2936 et
2438 2883 2612 2937 etiam
2643 2883 3211 2943 anathematizamus
3240 2884 3429 2952 illum,
3448 2888 3513 2941 ut
3531 2883 3610 2939 sit

1959 2982 1993 3021 a
2024 2983 2201 3039 regno
2236 2968 2335 3025 Dei
2368 2970 2597 3028 alienus
2626 2976 2683 3028 et
2712 2976 2937 3045 partem
2971 2968 3181 3031 habeat
3209 2989 3346 3029 cum
3374 2970 3607 3033 diabolo

1958 3054 2274 3128 impiorum
2302 3058 2509 3132 capite,
2543 3060 2657 3116 nisi
2687 3062 2831 3117 forte
2880 3061 3207 3134 resipuerit,
3240 3066 3300 3119 et
3342 3060 3501 3134 quod
3546 3059 3609 3121 in

1958 3146 2228 3202 eumdem
2260 3148 2701 3206 sanctissimum
2750 3149 2942 3207 locum
2986 3150 3265 3224 peccavit,
3296 3149 3475 3223 digna
3515 3166 3609 3208 sa-

1882 3225 1925 3292 C
1964 3233 2291 3292 tisfactione
2315 3239 2603 3295 emendet.

2034 3321 2195 3378 Hanc
2224 3328 2422 3380 autem
2472 3332 2733 3385 nostram
2783 3327 3229 3401 praceptionem
3272 3327 3610 3390 inviolatam

1964 3427 2199 3467 manere
2215 3412 2498 3483 jubemus
2520 3415 2714 3488 sigillo
2731 3421 2789 3474 et
2818 3416 3247 3491 subscriptione
3270 3422 3473 3479 nostra
3491 3434 3613 3475 cer-

1965 3500 2316 3557 roboratam.
2342 3502 2493 3559 Bene
2526 3504 2732 3565 valete.

2033 3590 2259 3663 Scripta
2288 3608 2489 3649 mense
2516 3597 2863 3668 Septembri,
2898 3597 3212 3654 indictione
3234 3597 3444 3671 prima.
3468 3597 3614 3659 Data

1968 3679 2184 3747 Romae,
2218 3679 2457 3737 Kalend.
2493 3682 2639 3753 0ct.,
2673 3702 2777 3758 per
2806 3701 3018 3743 manus
3056 3687 3211 3745 Petri
3256 3686 3488 3747 diaconi
3525 3686 3613 3742 bi-

1967 3767 2333 3826 bliothecarii
2386 3789 2563 3827 sacrae
2612 3775 2940 3846 apostolicae
3000 3776 3176 3844 sedis,
3211 3793 3364 3837 anno
3412 3774 3615 3838 damni

1967 3857 2281 3915 Clementis
2313 3862 2553 3917 secundi
2577 3880 2740 3936 papae
2771 3865 3187 3938 primo,domni
3207 3866 3439 3924 Henrici
3461 3864 3618 3923 tertii

1967 3946 2109 4019 imp.
2144 3947 2416 4005 similiter
2443 3951 2654 4024 primo.

1971 4159 2239 4202 εΡιετοιΑ
2279 4163 2403 4202 81ιέ
2442 4164 2691 4204 οιΡιοΜΑ
2730 4165 3040 4206 CLEMENTIS
3081 4167 3242 4207 ΡΑΡιΕ
3279 4168 3319 4207 ΙΙ
3358 4166 3426 4207 ΔΙ)
3454 4168 3620 4209 JOAN-

2216 4236 2336 4273 NEM
2376 4236 2815 4277 SALERNITANUM
2854 4238 3376 4281 ARCHIEPISCOPUM.

2605 4310 2790 4381 (Anno
2822 4311 3003 4384 1047.)

1978 4398 2195 4473 Factam
2224 4397 2341 4473 ejus
2372 4399 2790 4473 translationem
2834 4416 2905 4457 ex
2948 4403 3255 4473 episcopatu
3303 4404 3534 4463 Pssuma
3563 4406 3625 4458 in

2068 4469 2487 4525 Salerm'tanum
2514 4472 2816 4542 conﬁrmat,
2844 4469 3000 4545 eique
3022 4469 3264 4546 pallium
3292 4474 3550 4533 concedit.

2050 4574 2316 4630 CLEMENS
2345 4575 2678 4649 episcopus,
2699 4595 2901 4635 servus
2929 4595 3229 4637 servorum
3261 4581 3384 4650 Dei,
3415 4581 3625 4638 dilecto

1982 4663 2040 4717 in
2071 4662 2299 4719 Christo
2332 4665 2493 4720 fratri
2523 4664 2732 4723 JOANNI
2766 4668 2976 4724 amodo
3024 4668 3393 4727 Salernitano
3438 4670 3627 4726 archi-

1979 4753 2274 4825 episcopo,
2306 4759 2643 4826 perpetuam
2674 4755 2733 4812 in
2764 4756 3010 4813 Domino
3040 4758 3314 4815 salutem.
3344 4782 3347 4785 ν

2051 4842 2287 4908 Quoties
2318 4843 2399 4898 ita
2446 4843 2733 4916 contingit
2779 4849 2862 4913 ut,
2891 4846 3155 4919 exigente
3203 4845 3546 4903 necessitete
3574 4850 3632 4903 et

1983 4930 2240 4986 maxima
2269 4930 3038 4998 utilitate,transmutandus
3068 4943 3153 4992 est
3176 4935 3491 5007 quisquam
3515 4935 3633 5007 epi-

1985 5037 2197 5091 scopus
2230 5022 2302 5076 de
2331 5020 2566 5093 propria
2581 5024 2717 5079 sede
2737 5024 2810 5078 ad
2834 5022 3487 5097 aliam,diligentissime
3502 5041 3631 5098 per-

1987 5109 2274 5181 quirenda
2303 5116 2391 5165 est
2419 5128 2690 5181 persona,
2724 5118 2923 5168 utrum
2956 5113 3281 5170 necessario
3326 5114 3404 5170 sit
3439 5119 3633 5172 trans-

1988 5198 2291 5265 mutanda,
2324 5202 2391 5253 ut
2420 5198 2503 5254 sic
2534 5201 2723 5271 major
2751 5200 2974 5258 utilitas
3006 5202 3247 5272 oriatur,
3265 5202 3421 5260 sicut
3448 5205 3638 5277 major

1988 5287 2157 5343 sedes
2185 5287 2529 5345 assumitur.
2563 5290 2643 5345 Te
2674 5307 2825 5359 vero,
2855 5292 3036 5349 frater
3063 5291 3431 5361 charissime,
3460 5309 3635 5366 quem

1990 5376 2351 5433 unanimitas
2382 5377 2518 5434 cleri
2539 5382 2596 5434 et
2617 5379 2812 5452 populi
2832 5379 3207 5439 Salernitanm
3227 5382 3639 5453 Ecclesiaemna

1992 5484 2124 5522 cum
2158 5466 2582 5540 gloriosissime
2606 5469 2867 5542 principe
2887 5469 3221 5528 Guaimario
3251 5472 3323 5528 de
3343 5473 3481 5530 sede
3502 5472 3639 5529 Pes-

1992 5560 2129 5613 tana
2158 5556 2461 5629 accepit,et
2489 5557 2548 5612 in
2571 5574 2745 5613 suum
2767 5559 3100 5631 pontificem
3133 5559 3643 5635 elegit,diligenter

1994 5646 2493 5716 discussimus,ne
2518 5651 2630 5705 tuae
2661 5648 3001 5708 ambitionis
3029 5654 3300 5720 causa,et
3329 5666 3445 5708 non
3462 5650 3643 5723 maio-

3251 5774 3328 5844 19
