4098 6164
211 306 324 370 593

1370 302 1483 364 DE
1528 301 2082 367 CONVERSIONE
2125 303 2194 366 B.
2240 304 2505 366 AFRE.

3561 318 3689 383 594'

212 441 406 509 dabat,
444 443 510 496 ut
546 437 698 496 bene
745 437 855 495 tibi
905 440 1240 511 congrueret
1288 437 1459 509 quod
1510 436 1789 493 scribitur
1818 437 1879 493 in
1911 439 1967 505 Α
1997 436 2182 512 igitur
2202 437 2476 512 pontifex
2499 440 2719 506 noster,
2744 437 2963 514 clerus,
2990 443 3286 521 simulque
3316 451 3684 525 congaudeat

210 529 460 604 psalmo,
481 526 765 600 quoniam
796 525 896 582 Dei
929 525 1103 581 Filius
1132 524 1398 581 tenuerit
1430 542 1679 581 manum
1693 527 1885 583 dexte-

211 636 337 675 ram
362 622 547 682 tuam,
570 622 627 671 et
647 617 709 671 in
741 615 1034 671 voluntate
1062 618 1160 669 tua
1190 618 1247 669 te
1279 614 1619 683 deduxerit,
1645 620 1702 671 et
1726 632 1881 671 mar-

208 707 362 780 tyrio
392 711 739 761 coronatum
774 709 829 760 te
858 720 1161 760 assumens
1210 707 1399 775 atque
1453 704 1525 758 ad
1560 703 1685 758 coeli
1722 704 1883 776 pala-

209 797 363 853 tium
399 796 781 862 transferens,
814 799 869 849 et
898 794 1047 848 inter
1076 797 1388 849 senatores
1422 793 1601 869 curiae
1631 793 1885 850 caelestis

212 889 269 939 te
300 883 671 939 constituens
700 881 758 935 in
788 879 1025 952 collegio
1046 896 1250 935 eorum
1286 878 1673 951 disposuerit.
1709 880 1883 952 Ergo,

212 974 427 1029 fratres
460 971 816 1038 charissimi,
834 969 1104 1042 quoniam
1127 968 1308 1022 nobis
1326 968 1457 1023 dies
1480 971 1653 1023 tantae
1676 967 1889 1024 solem-

214 1062 420 1118 nitatis
477 1060 833 1115 confessoris
888 1057 1116 1123 Christi,
1146 1056 1464 1129 nostrique
1520 1056 1768 1129 apostoli
1829 1062 1889 1114 et

217 1150 494 1223 martyris
511 1148 769 1221 [illuxit],
791 1148 1005 1220 gratias
1027 1151 1081 1201 et
1108 1145 1325 1202 laudes
1355 1146 1676 1202 reddamus
1699 1147 1889 1202 omni-

219 1237 634 1311 potentissimo
647 1235 897 1290 Creatori
918 1233 1098 1302 ;illius
1117 1233 1418 1307 praelibati
1438 1234 1887 1300 Narcissi,tloris

221 1326 487 1382 videlicet
516 1324 796 1398 paradisi,
830 1340 935 1380 nos
975 1324 1298 1380 subdentes
1331 1322 1608 1389 orationi,
1641 1327 1697 1379 et
1727 1327 1887 1396 quod

225 1416 441 1473 amavit
480 1431 772 1481 amemus,
806 1418 862 1469 et
895 1413 1044 1485 quod
1081 1414 1262 1469 verbo
1316 1412 1652 1485 praedicavit
1683 1415 1887 1471 creda-

228 1522 375 1573 mus,
407 1503 649 1576 etquod
678 1502 949 1577 operibus
978 1502 1247 1559 exhibuit
1268 1502 1596 1558 imitemur.
1627 1502 1889 1561 Exsultat

1995 528 2254 601 populus
2272 528 2618 584 universus.
2641 531 2935 596 Quoniam
2962 534 3114 592 sicut
3135 537 3339 606 Roma,
3359 558 3487 612 quis
3503 546 3683 614 caput

1996 621 2054 672 et
2085 617 2400 691 speculum
2435 621 2529 673 est
2559 618 2740 675 totius
2771 622 2956 691 orbis,
3002 643 3036 680 a
3073 625 3188 682 Deo
3217 630 3544 700 promeruit
3572 630 3680 688 ha-

1998 706 2134 761 bere
2166 706 2438 779 primum
2474 708 2877 778 apostolorum
2903 717 2959 767 et
2989 714 3311 787 principem
3344 734 3463 772 suis
3492 720 3679 777 salva-

1995 794 2196 861 tionis,
2232 796 2508 860 Petrum,
2543 795 2626 850 ita
2655 814 2890 871 quoque
2918 802 3192 858 Gerunda
3224 804 3520 861 doctorem
3554 824 3675 866 suis

1998 883 2204 939 salutis
2229 885 2447 939 ﬂorem
2473 885 2729 956 paradisi
2746 890 3673 959 promeruithabereNarcissum.

1999 972 2205 1028 Omnis
2235 974 2363 1029 haec
2397 972 2526 1029 dies
2558 974 2618 1029 in
2678 976 2890 1033 Christi
2949 979 3226 1035 laudibus
3284 985 3674 1056 expandatur,

1999 1066 2173 1133 atque
2204 1062 2431 1117 divinis
2455 1064 2584 1134 ejus
2607 1064 2863 1123 cultibus
2885 1067 3223 1137 dedicetur;
3255 1070 3527 1129 desinant
3545 1092 3680 1135 esse

1990 1149 2360 1223 jurgia,quia
2376 1152 2814 1223 pradicationis
2829 1156 2989 1227 pacis
3008 1157 3351 1215 recoluntur
3367 1161 3679 1239 solemnia;

1998 1239 2272 1330 desinant
2292 1257 2431 1330 esse
2454 1244 2910 1301 comessationes
2931 1251 2989 1302 et
3005 1246 3492 1325 ebrietates,quia
3507 1257 3686 1330 cujus

1999 1326 2172 1420 hodie
2200 1328 2497 1420 festivitas
2526 1330 2857 1388 celebratur
2886 1333 3037 1391 tales
3056 1351 3094 1391 a
3113 1334 3462 1401 Christianis
3488 1326 3689 1420 prohi-

1998 1416 2127 1472 buit
2159 1416 2515 1491 voluptates.
3004 1424 3011 1429 ’

1898 1865 2004 1968 ΙΙ

963 2077 1379 2167 INCIPIT
1440 2073 2092 2168 CONVERSIO
2149 2077 2538 2165 BEAT/E
2593 2078 2907 2168 AFR/E

1128 2271 1324 2356 Apud
1345 2270 1719 2357 provinciam
1747 2272 2133 2349 Arz‘cz‘ensem,
2169 2273 2405 2338 civitate
2443 2274 2742 2357 Augusta.

294 2587 427 2642 Erat
454 2584 771 2641 Narcissus
787 2582 1095 2656 episcopus
1114 2582 1321 2638 eodem
1338 2584 1602 2653 tempore
1624 2597 1738 2653 quo
1754 2582 1885 2638 Dio-
1919 2586 1967 2650 B
1999 2582 2453 2649 mocinarentur,
2488 2598 2600 2637 nox
2661 2582 2896 2640 initium
2949 2583 3229 2656 sumpsit,
3261 2589 3319 2641 et
3367 2586 3660 2660 incipiens

221 2674 460 2731 cletiani
526 2674 823 2730 ferebatur
879 2672 1131 2728 insania.
1165 2670 1446 2726 Nesciens
1497 2669 1596 2725 ubi
1630 2670 1892 2739 intraret,

231 2767 520 2838 profugus
552 2764 627 2818 ad
662 2762 1021 2817 meretricem
1070 2761 1380 2834 ingressus
1420 2764 1531 2826 est,
1563 2760 1759 2815 Afram
1793 2778 1893 2816 no-

230 2857 406 2922 mine,
440 2870 582 2909 cum
637 2851 877 2908 diacono
928 2869 1034 2907 suo
1080 2850 1289 2907 Felice.
1327 2848 1430 2904 Illa
1467 2852 1661 2904 autem
1691 2850 1895 2907 videns

231 2945 513 3000 honestos
544 2942 703 2996 viros
732 2941 1131 3007 adventantes,
1166 2937 1514 2994 existimans
1544 2937 1893 3009 impudicos,

231 3038 396 3107 parat
418 3048 653 3087 coenam
671 3033 727 3085 et
747 3029 946 3085 omnia
966 3046 1116 3102 quae,
1133 3024 1303 3084 solito
1327 3042 1511 3093 more,
1527 3043 1660 3081 cum
1686 3026 1896 3098 puellis

231 3123 356 3178 suis
388 3136 603 3194 parare
635 3122 1030 3175 consueverat.
1068 3117 1392 3190 Episcopus
1428 3117 1625 3170 autem
1657 3117 1898 3173 veniens

234 3216 298 3266 ut
326 3211 530 3266 cibum
564 3213 797 3280 caperet
826 3224 992 3264 orare
1022 3207 1197 3279 ccepit
1230 3210 1287 3260 et
1319 3204 1586 3278 psallere.
1621 3204 1759 3260 Afra
1790 3223 1897 3261 au-

236 3304 373 3367 tem,
404 3299 552 3372 quia
584 3314 889 3369 nunquam
921 3297 1043 3352 hzec
1073 3295 1338 3352 audierat
1365 3311 1471 3350 nec
1496 3293 1736 3364 viderat,
1770 3298 1900 3350 stu-

237 3390 463 3462 pefacta
487 3385 668 3458 coepit
698 3386 990 3458 inquirere
1021 3384 1121 3457 qui
1152 3388 1331 3455 esset,
1362 3387 1419 3439 et
1451 3386 1515 3438 ut
1544 3382 1750 3438 didicit
1773 3399 1901 3440 esse

239 3470 585 3551 episcopum
619 3474 1105 3542 Christianorum,
1139 3473 1411 3545 protinus
1442 3471 1693 3545 procidit
1715 3473 1785 3527 ad
1810 3489 1903 3545 pe-

240 3567 338 3623 des
368 3568 504 3637 ejus
537 3564 740 3620 dicens
774 3582 786 3620 :
820 3563 1086 3629 Domine,
1121 3562 1363 3635 indigna
1416 3577 1572 3627 sum,
1605 3564 1661 3615 et
1698 3559 1756 3615 in
1788 3561 1903 3617 ista

241 3656 471 3711 civitate
495 3653 662 3709 nulla
686 3670 777 3708 me
800 3653 1025 3724 turpior
1047 3652 1246 3724 aliqua
1277 3649 1523 3706 inveniri
1553 3653 1764 3721 potest.
1797 3651 1901 3705 Cui

243 3746 321 3801 ait
339 3744 658 3801 Narcissus
680 3743 989 3814 episcopus
1007 3758 1019 3796 :
1036 3740 1299 3796 Salvator
1319 3756 1488 3795 meus
1504 3756 1539 3794 a
1556 3738 1903 3809 turpissima

245 3838 432 3889 lactus
464 3830 764 3904 inquinari
796 3848 909 3885 non
962 3829 1172 3902 potuit,
1204 3828 1364 3884 illius
1426 3844 1564 3884 nam
1616 3827 1898 3885 sanctitas

244 3938 447 3978 omnes
500 3921 704 3976 sordes
751 3920 878 3991 ejus
928 3918 1136 3974 delevit
1183 3923 1360 3990 atque
1406 3916 1734 3983 mundavit.
1769 3917 1893 3973 Non

244 4012 445 4068 sordes
475 4007 792 4081 inquinata;
823 4007 1132 4079 inquinare
1164 4011 1436 4079 poterunt
1464 4004 1697 4062 Domini
1729 4004 1896 4060 clari-

244 4104 445 4164 tatem,
484 4115 621 4152 nam
653 4100 709 4152 et
737 4097 854 4151 dux
890 4096 1151 4163 veniens,
1185 4100 1243 4151 et
1274 4095 1551 4167 splendor
1583 4093 1724 4149 solis
1753 4094 1896 4150 dum

244 4188 401 4243 circa
434 4175 664 4242 cloacas
693 4188 750 4240 et
792 4183 1111 4239 lutulentae
1142 4183 1365 4255 plateas
1398 4183 1663 4238 funditur
1691 4199 1727 4237 a
1756 4182 1898 4239 coelo

245 4276 532 4341 mundus,
548 4278 604 4329 et
632 4274 889 4329 mundus
921 4271 1178 4328 elevatur
1212 4273 1269 4327 in
1302 4271 1716 4328 coelum.Unde
1738 4273 1794 4325 et
1810 4275 1895 4339 tu,

246 4362 640 4435 ﬁlia,suscipe
670 4362 866 4417 lumen
899 4360 1133 4428 fidei,ut
1163 4361 1472 4433 purificata
1492 4361 1564 4417 ab
1595 4358 1902 4432 omnipec-

246 4459 381 4511 cato
411 4451 604 4524 possis
633 4453 703 4507 de
724 4467 850 4506 meo
870 4450 1111 4506 introitu
1136 4454 1418 4522 perpetua
1440 4448 1741 4506 alacritate
1763 4465 1902 4521 gau-

246 4545 410 4599 dere.
445 4540 593 4595 Dicit
643 4540 692 4595 ci
737 4540 918 4595 Afra:
952 4539 1093 4612 Ego,
1146 4556 1271 4611 quae
1330 4538 1619 4611 ampliora
1665 4543 1903 4609 peccata

249 4629 521 4688 commisi
557 4646 729 4700 quam
762 4628 964 4701 quanti
1015 4632 1154 4683 sunt
1210 4626 1325 4683 mei
1375 4627 1567 4699 capilli
1599 4628 1659 4681 in
1694 4625 1900 4698 capite,

249 4716 546 4790 quomodo
570 4732 808 4787 possum
822 4732 855 4770 a
869 4714 1052 4771 tantis
1065 4714 1247 4770 dilui?
1260 4710 1903 4787 ResponditNarcissus

251 4805 567 4879 episcopus
600 4822 612 4860 :
648 4805 900 4859 Tantum
932 4807 996 4859 tu
1027 4804 1215 4871 crede,
1236 4808 1293 4859 et
1317 4803 1636 4875 baptizare,
1661 4806 1718 4857 et
1745 4802 1906 4859 salva

252 4896 394 4953 eris.
422 4894 586 4948 Tunc
616 4892 773 4960 Afra,
805 4909 1127 4949 convocans
1158 4892 1384 4964 puellas
1402 4909 1562 4959 suas,
1588 4890 1733 4946 dixit
1755 4910 1767 4947 :
1793 4892 1905 4947 Iste

253 4986 435 5041 homo
466 4982 774 5054 episcopus
799 4981 1264 5036 Christianorum
1296 4981 1438 5036 dicit
1470 4980 1615 5036 mihi
1649 4996 1662 5035 :
1696 4981 1752 5034 Si
1785 4997 1905 5036 cre-

252 5071 477 5128 dideris
505 5070 733 5126 Christo
766 5074 822 5126 et
852 5069 1142 5142 baptizata
1171 5069 1372 5136 fueris,
1392 5071 1465 5125 ab
1496 5069 1657 5125 omni
1688 5069 1908 5140 poteris

256 5160 532 5217 mundari
557 5163 810 5232 peccato.
826 5159 972 5223 Quid
996 5158 1157 5215 vobis
1175 5159 1448 5214 videtur?
1467 5159 1908 5231 Respondentes

2004 2672 2252 2728 Domino
2284 2687 2489 2727 canere
2522 2688 2654 2727 cum
2688 2689 2795 2728 suo
2844 2672 3089 2729 diacono
3131 2672 3443 2748 episcopus
3472 2680 3660 2736 totam

2006 2764 2233 2816 noctem
2265 2760 2485 2815 orando
2507 2762 2565 2815 et
2591 2760 2892 2831 psallendo
2922 2761 3339 2833 pertransiens,
3364 2764 3543 2821 simul
3561 2766 3662 2824 ha-

2004 2849 2129 2905 buit
2157 2849 2355 2904 Afram
2388 2865 2521 2903 cum
2555 2848 2766 2919 puellis
2797 2850 2921 2906 suis
2946 2853 3296 2907 consortem.

2076 2939 2243 2993 Mane
2274 2941 2471 2992 autem
2503 2941 2627 2991 orto
2660 2938 2774 3005 die,
2807 2939 3116 3011 episcopus
3146 2938 3454 2998 Narcissus
3485 2945 3661 3017 coepit

2005 3026 2222 3097 inquiri
2256 3044 2290 3081 a
2320 3026 2815 3098 persecutoribus,
2855 3030 2914 3083 et
2943 3026 3149 3082 dicunt
3172 3027 3349 3084 Afrae:
3384 3029 3493 3087 Ubi
3517 3037 3661 3091 sunt

2006 3114 2106 3187 qui
2129 3115 2201 3170 ad
2238 3118 2293 3169 te
2320 3112 2672 3169 introierunt
2702 3115 2914 3171 nocte?
2943 3115 3048 3172 Illa
3077 3118 3271 3172 autem
3329 3117 3476 3174 dixit
3522 3102 3609 3178 eis
3640 3140 3654 3179 :

2007 3203 2277 3277 Hospites
2297 3206 2587 3260 amatores
2610 3203 2755 3259 mihi
2777 3204 3013 3269 fuerunt
3025 3208 3081 3261 et
3100 3204 3371 3263 abierunt
3389 3208 3463 3264 ad
3485 3210 3661 3266 sacri-

2008 3294 2324 3349 ﬁcandum.
2350 3293 2423 3348 Et
2452 3296 2727 3363 putantes
2780 3310 2880 3350 eos
2937 3295 3010 3350 ad
3066 3294 3407 3368 capitolium
3448 3301 3553 3354 aut
3582 3301 3656 3356 ad

2007 3380 2291 3453 templum
2318 3380 2555 3449 abiisse,
2590 3386 2936 3451 tacuerunt;
2968 3384 3070 3440 sed
3099 3385 3384 3442 remansit
3405 3403 3561 3445 unus
3589 3405 3661 3444 ex

2008 3469 2093 3525 eis
2125 3472 2224 3541 qui
2257 3471 2475 3525 diceret
2500 3471 2571 3524 ad
2604 3488 2734 3526 eam
2768 3488 2781 3526 :
2814 3472 2932 3545 Ego
2961 3473 3199 3545 cognovi
3230 3472 3386 3541 illos,
3399 3475 3500 3548 qui
3528 3492 3658 3533 sero

2006 3564 2309 3629 venerunt,
2339 3557 2477 3631 quia
2505 3558 2823 3616 Christiani
2854 3564 3040 3630 erant,
3065 3578 3201 3619 nam
3232 3560 3292 3618 in
3323 3564 3482 3619 omni
3514 3564 3661 3621 hora

2009 3640 2323 3721 signabant
2354 3648 2573 3704 frontes
2606 3666 2743 3704 suas
2791 3650 2960 3723 signo
2999 3650 3208 3718 crucis,
3242 3668 3360 3724 qua
3388 3652 3657 3710 Christus

2008 3753 2211 3793 eorum
2242 3754 2455 3810 passus
2485 3742 2592 3793 est.
2622 3738 2772 3793 Dicit
2793 3738 2844 3803 ei
2866 3740 3035 3795 Afra:
3060 3741 3145 3796 Ad
3169 3757 3262 3797 me
3290 3741 3658 3799 meretricem

2008 3825 2291 3881 haberent
2346 3825 2565 3880 intrare
2611 3826 2961 3883 Christiani!
2994 3828 3080 3883 Ad
3112 3844 3207 3883 me
3246 3846 3363 3885 non
3393 3830 3657 3898 veniunt,

2008 3914 2122 3969 nisi
2145 3914 2246 3985 qui
2270 3914 2382 3970 mei
2401 3913 2626 3970 similes
2649 3918 2806 3970 sunt.
2830 3916 2986 3971 Abiit
3005 3915 3123 3981 hic,
3146 3917 3441 3985 nuntiavit
3461 3920 3661 3976 omnia

2008 4020 2134 4075 qua:
2148 3984 2361 4059 dixerat
2375 4045 2388 4070 ,
2406 4019 2652 4074 quisque
2674 4004 2956 4070 audierat,
2971 4002 3045 4059 iis
3059 4005 3159 4076 qui
3182 3984 3521 4075 ngrebant
3536 4022 3656 4064 eos.
3700 4038 3705 4039 ν

2008 4093 2173 4147 Tunc
2196 4091 2340 4147 abiit
2358 4091 2496 4146 Afra
2520 4094 2591 4146 ad
2616 4094 2861 4147 matrem
2884 4108 3075 4160 suam,
3102 4091 3380 4148 Hilariam
3402 4094 3657 4165 nomine,

2008 4185 2065 4237 et
2095 4180 2235 4235 dicit
2263 4179 2315 4236 ei
2348 4197 2362 4237 :
2396 4180 2718 4253 EpiscOpus
2749 4179 3215 4236 Christianorum
3251 4183 3411 4238 venit
3437 4182 3510 4237 ad
3542 4199 3658 4254 me,

2009 4269 2275 4325 nesciens
2306 4268 2405 4324 ubi
2437 4269 2702 4335 intraret,
2735 4273 2793 4324 et
2822 4286 2924 4342 per
2960 4272 3143 4326 totam
3184 4274 3413 4327 noctem
3445 4288 3660 4344 expan-

2009 4359 2155 4413 dens
2186 4374 2397 4413 manus
2429 4375 2567 4413 suas
2600 4359 2669 4414 ad
2704 4358 2889 4414 Deum
2922 4375 3121 4430 suum,
3149 4362 3393 4417 cantans
3420 4358 3471 4416 ei
3503 4362 3660 4433 quod

2011 4447 2189 4513 novit,
2224 4452 2279 4501 et
2312 4464 2417 4503 nos
2457 4448 2594 4503 fecit
2624 4446 2801 4503 simul
2831 4464 2996 4504 orare
3027 4465 3226 4506 secum
3252 4468 3266 4520 ;
3300 4449 3453 4507 circa
3481 4449 3662 4524 gallo-

2011 4553 2142 4592 rum
2174 4541 2411 4591 cantum
2442 4535 2718 4593 exstinxit
2757 4554 2818 4594 se
2868 4536 3070 4595 lumen
3127 4539 3403 4610 candelis,
3432 4543 3491 4598 et
3515 4540 3663 4614 οωρί

2012 4626 2289 4682 festinare
2348 4630 2414 4680 ut
2462 4626 2853 4695 incenderem,
2903 4631 2961 4682 et
3007 4645 3122 4684 non
3180 4632 3461 4701 poteram.
3502 4630 3665 4686 Tunc

2012 4715 2158 4770 dixit
2188 4714 2331 4770 mihi
2366 4713 2652 4771 diaconus
2684 4716 2813 4787 ejus
2847 4732 2860 4771 :
2895 4716 3020 4773 Noli
3053 4733 3312 4789 quaerere
3337 4716 3539 4772 lumen
3567 4734 3663 4774 ex-

1982 4803 2383 4877 ~stinguibile;
2412 4804 2585 4860 modo
2603 4803 2708 4859 tibi
2732 4804 3074 4860 ostendetur
3093 4803 3347 4876 lux,quae
3370 4804 3665 4879 exstingui

2014 4909 2129 4947 non
2162 4898 2370 4965 potest.
2409 4893 2539 4948 Haec
2570 4908 2705 4947 cum
2739 4891 3002 4949 audisset
3029 4891 3339 4964 episcopus
3359 4893 3544 4950 oravit
3569 4894 3666 4950 di-

2015 4998 2153 5036 cens
2187 4998 2198 5037 :
2231 4980 2397 5048 Veni,
2446 4982 2571 5037 Lux
2602 4997 2736 5037 vera
2767 4980 2838 5036 de
2864 4980 3028 5049 cmlo,
3059 4984 3116 5037 et
3144 4981 3358 5037 ostende
3387 4982 3548 5038 nobis
3576 4985 3667 5055 fa-

2014 5072 2153 5125 ciem
2181 5078 2350 5137 tuam,
2365 5078 2415 5125 et
2443 5071 2586 5125 salvi
2611 5071 2851 5135 erimus;
2871 5085 3005 5126 mox
3024 5068 3182 5125 venit
3207 5068 3405 5144 fulgur
3433 5071 3504 5127 de
3525 5072 3666 5131 cmlo

2018 5158 2168 5213 sicut
2198 5158 2305 5229 sol,
2337 5163 2393 5214 et
2422 5159 2579 5214 venit
2610 5159 2764 5215 sicut
2792 5159 3142 5229 tonitruum,
3171 5163 3228 5215 et
3254 5176 3371 5216 non
3397 5162 3665 5232 recessit;

257 5249 466 5322 Digna,
502 5247 786 5305 Eunomia
817 5252 874 5304 et
914 5247 1191 5320 Eutrapia
1238 5247 1509 5303 dixerunt
1542 5265 1554 5302 :
1589 5249 1675 5303 Tu
1711 5262 1911 5304 nostra
1944 5321 1963 5323 A
2018 5248 2119 5303 sed
2152 5247 2353 5303 tandiu
2387 5248 2465 5301 ibi
2500 5247 2680 5317 stetit,
2722 5249 2983 5321 quandiu
3019 5266 3230 5306 aurora
3257 5248 3581 5323 inciperet;
3612 5256 3671 5309 et

257 5321 501 5395 domina
530 5353 614 5405 es,
646 5340 702 5392 et
733 5336 779 5392 si
813 5339 1022 5392 secutae
1077 5353 1286 5392 sumus
1344 5336 1415 5391 ad
1463 5335 1910 5407 inquinamenta
1939 5321 1985 5386 D
2017 5337 2158 5392 dum
2190 5336 2285 5391 ille
2315 5336 2637 5391 orationem
2670 5355 2840 5394 suam
2872 5337 3313 5410 ﬁnisset,jussit
3333 5321 3440 5397 nos
3457 5341 3569 5397 sibi
3587 5357 3673 5397 re-

259 5427 611 5491 facinorum,
625 5426 916 5498 quomodo
934 5443 1048 5481 non
1068 5426 1467 5497 sequemurad
1484 5425 1909 5498 indulgentiam

260 5520 632 5589 peccatorum
653 5516 681 5570 ἶ)
712 5516 799 5570 Tu
825 5518 999 5588 caput
1030 5518 1226 5571 noster
1257 5531 1339 5581 es,
1365 5532 1717 5587 quocunque
1748 5513 1906 5583 ieris,

259 5610 314 5662 et
344 5604 614 5661 membra
643 5590 963 5678 sequantur
991 5620 1226 5662 necesse
1257 5605 1608 5661 est.lnterea
1637 5621 1773 5660 cum
1795 5620 1908 5660 ser-

2020 5426 2307 5497 spondere
2338 5428 2396 5480 et
2426 5424 2617 5480 dicere
2650 5442 2662 5479 :
2701 5430 2882 5482 Amen
2911 5445 2924 5495 ;
2958 5432 3015 5483 et
3061 5428 3163 5483 lux
3220 5427 3470 5501 fulguris
3511 5428 3671 5485 illius

2019 5515 2214 5569 statim
2248 5513 2487 5569 recessit
2518 5514 2589 5567 ab
2613 5514 2802 5570 oculis
2827 5515 3067 5573 nostris.
3100 5518 3239 5573 Post
3268 5516 3390 5573 haec
3418 5516 3552 5573 misi
3577 5533 3671 5572 me

2018 5605 2090 5660 ad
2122 5604 2297 5676 pedes
2327 5603 2476 5673 ejus,
2508 5606 2566 5658 et
2596 5601 2715 5659 dixi
2748 5602 2833 5659 illi
2867 5622 2880 5661 :
2917 5604 3203 5677 Injuriam
3251 5605 3358 5664 tibi
3388 5603 3668 5679 grandem
