3986 6164
406 262 524 330 595
573 205 598 218 ν

1387 263 1644 328 οΙιΙνιΕ
1685 262 2040 330 VICENSIS
2084 260 2436 324 EPISCOPI
2482 261 2832 324 SCRIPTA.

3627 268 3722 332 596

403 393 612 470 fecisti,
636 397 776 473 quia
797 396 868 454 ad
892 413 983 454 me
1008 393 1259 453 introisti
1285 413 1297 452 :
1323 412 1455 452 sum
1487 395 1644 452 enim
1677 395 1890 452 mulier
1919 411 2050 468 pec-
2080 397 2135 464 Α
2167 393 2435 467 nunquid
2461 393 2654 451 locum
2679 393 2932 462 invenio,
2956 392 3057 450 ubi
3087 396 3178 450 est
3206 391 3425 465 spiritus
3453 397 3726 458 castitatis?

405 487 626 553 catrix;
655 491 713 542 et
740 485 840 542 ille
867 484 1012 541 dixit
1049 482 1193 538 mihi
1227 499 1241 538 :
1275 483 1381 538 Ubi
1415 499 1508 539 me
1539 484 1692 539 Deus
1726 499 1893 540 meus
1923 481 2059 538 fecit

408 575 660 650 ingredi,
690 574 772 630 ibi
804 573 1060 629 introivi.
1093 573 1262 628 Mane
1293 577 1490 628 autem
1519 573 1675 628 circa
1703 573 1908 629 horam
1943 576 2055 628 ter-

408 666 554 722 tiam
586 663 968 720 ostenderunt
997 677 1059 718 se
1091 661 1256 730 mihi,
1293 661 1416 733 qui,
1451 667 1766 734 antequam
1815 660 2054 728 luceret,

407 753 671 812 insidiati
701 753 952 820 fuerant,
997 754 1064 806 ut
1091 755 1399 806 exeuntem
1435 754 1716 816 tenerent,
1745 756 1800 806 et
1829 750 2057 806 occide-

411 847 568 910 rent;
602 841 704 897 sed
735 857 870 896 cum
899 837 1172 904 exissem,
1209 844 1604 894 convenerunt
1635 856 1745 894 me.
1779 839 1894 911 Ego
1924 855 2057 894 vero

409 931 508 988 ubi
537 929 690 986 faces
721 928 792 985 de
821 926 942 984 lino
971 927 1281 995 habebam,
1314 927 1594 984 abscondi
1622 945 1739 983 eos.
1767 929 1968 984 Timeo
1987 943 2058 982 ne

410 1022 704 1076 scrutetur
732 1017 898 1072 locus
927 1015 1093 1088 ipse;
1126 1015 1173 1070 si
1208 1016 1403 1087 jubes,
1438 1015 1674 1073 domina
1706 1020 1910 1083 mater,
1944 1016 2060 1070 huc

409 1123 508 1164 eos
539 1105 790 1162 transire
820 1104 1052 1172 faciam,
1088 1103 1226 1176 quia
1277 1104 1548 1176 promisit
1605 1105 1750 1160 mihi
1809 1105 2008 1180 dicens
2042 1122 2055 1160 :

408 1196 578 1253 Facio
608 1200 666 1252 te
693 1192 1107 1261 Christianam,
1144 1197 1212 1249 ut
1269 1193 1470 1249 omnia
1525 1198 1762 1266 peccata
1809 1198 1907 1250 tua
1957 1194 2058 1249 de-

407 1285 659 1343 leantur.

479 1376 740 1432 Audiens
770 1373 880 1429 hoc
927 1376 1116 1428 mater
1162 1371 1313 1443 ejus,
1345 1372 1560 1445 gaudio
1595 1371 1830 1444 repleta,
1864 1372 2009 1428 dixit
2041 1391 2054 1428 :

407 1466 650 1522 Prmstet
677 1462 788 1518 hoc
817 1461 993 1530 Deus,
1031 1465 1093 1516 ut
1121 1461 1264 1516 mihi
1298 1460 1408 1516 hoc
1433 1461 1751 1534 contingat.
1780 1461 1882 1527 Cui
1915 1461 2060 1517 dixit

410 1553 580 1608 Afra:
615 1552 763 1625 Ergo
795 1552 966 1606 nocte
995 1549 1260 1605 veniente
1289 1549 1644 1622 transmigro
1674 1565 1771 1604 eos
1804 1548 2058 1604 huc.Cui

412 1639 716 1715 respondit
745 1643 933 1695 mater
961 1655 1071 1695 sua
1105 1654 1116 1694 :
1151 1638 1338 1694 Etiam
1369 1637 1417 1693 si
1449 1637 1720 1706 noluerit,
1741 1655 1881 1710 roga
1899 1654 2055 1693 eum.

411 1730 666 1804 Vespere
681 1732 876 1784 autem
888 1727 1026 1783 Afra
1043 1726 1264 1798 rogavit
1275 1730 1329 1782 S.
1345 1725 1705 1792 Narcissum,
1722 1730 1778 1782 et
1789 1727 2062 1799 migravit
2091 1769 2136 1833 Β

415 1820 488 1876 ad
520 1821 766 1876 matrem
797 1818 947 1888 ejus.
983 1817 1290 1888 Ingressus
1321 1819 1518 1871 autem
1549 1816 1791 1871 domum
1821 1815 1881 1871 S.
1915 1816 2060 1870 Nar-

415 1909 607 1964 cissus
636 1905 967 1980 episcopus,
991 1905 1209 1961 factum
1241 1908 1328 1960 est
1355 1904 1638 1977 gaudium
1671 1904 2063 1977 magnum,ita

414 2001 480 2054 ut
506 1995 722 2053 Hilaria
750 2011 854 2068 per
881 1999 1002 2050 tres
1046 1993 1222 2049 horas
1268 1991 1499 2066 plantas
1548 1993 1676 2064 ejus
1727 1996 1965 2062 teneret,
2005 1998 2062 2048 et

413 2086 656 2144 diceret:
682 2084 932 2140 Obsecro
961 2087 1038 2149 te,
1066 2082 1323 2148 domine,
1359 2087 1423 2138 ut
1453 2099 1545 2138 me
1575 2082 1758 2138 facias
1788 2081 2060 2137 mundari

415 2193 450 2232 a
469 2172 720 2248 peccatis
753 2171 1099 2228 meis.Tunc
1130 2171 1440 2227 Narcissus
1470 2170 1782 2244 episcopus
1803 2171 1948 2226 dixit
1976 2171 2058 2226 ei:

416 2264 595 2320 Beata
623 2265 712 2322 est
731 2260 876 2316 ﬁdes
896 2264 1018 2326 tua,
1035 2276 1162 2330 quae
1193 2263 1505 2332 antequam
1533 2259 1790 2316 disceres
1819 2259 2061 2314 verbum

415 2349 697 2417 veritatis,
729 2349 920 2421 ipsam
948 2347 1269 2414 veritatem,
1304 2364 1482 2420 quam
1533 2365 1634 2420 per
1678 2349 1920 2404 verbum
1972 2347 2067 2402 vix

419 2454 738 2514 agnoscere
768 2440 1017 2510 possunt
1046 2436 1336 2507 homines,
1361 2436 1420 2492 in
1444 2442 1546 2492 tua
1565 2441 1758 2492 mente
1780 2435 2061 2492 fundasti.

421 2531 643 2586 Tamen
659 2526 796 2600 quia
817 2525 982 2582 video
999 2530 1056 2582 te
1071 2541 1344 2598 capacem
1375 2524 1648 2581 audiendi
1670 2526 1910 2581 verbum
1941 2525 2064 2592 Dei,

419 2617 594 2675 hodie
625 2615 864 2689 incipite
891 2619 1086 2672 tenere
1115 2613 1434 2685 jejunium,
1467 2617 1524 2669 et
1554 2631 1656 2686 per
1686 2619 1910 2686 septem
1941 2615 2066 2670 dies

413 2709 698 2781 jejunate,
730 2704 1035 2761 audientes
1064 2699 1395 2759 sermonem
1426 2702 1931 2770 veritatis;octava
1959 2720 2064 2758 au-

419 2799 540 2853 tem
571 2795 666 2851 die
696 2791 1152 2866 puriﬁcabimini
1199 2791 1272 2847 ab
1320 2790 1480 2847 omni
1533 2797 1784 2863 peccato,
1818 2795 1876 2846 et
1903 2791 2068 2847 eritis

419 2884 568 2942 tales
585 2881 788 2956 quales
809 2879 1006 2938 fuistis
1027 2879 1303 2948 infantes,
1328 2898 1441 2936 non
1465 2867 1748 2936 habentes
1768 2881 2066 2936 conscien-

416 2973 564 3030 tiam
587 2970 767 3028 ullius
786 2969 1074 3035 criminis,
1099 2967 1394 3040 ulliusque
1415 2968 1811 3040 peccati.Dicit
1831 2969 1884 3024 ei
1921 2968 2068 3023 llila-

416 3062 506 3119 ria
540 3078 554 3118 :
585 3061 647 3119 Si
669 3058 1136 3133 jubes,dicimus
1167 3057 1324 3130 quod
1355 3057 1624 3128 colimus,
1647 3062 1704 3112 et
1724 3057 1806 3113 ita
1825 3057 2065 3113 demum

2167 483 2270 540 Hic
2299 488 2361 539 tu
2397 484 2538 556 quid
2570 483 2822 552 intrasti,
2847 484 2946 540 ubi
2971 483 3276 556 inquinata
3293 489 3417 540 sunt
3441 502 3660 560 corpora,
3682 496 3728 547 et

2168 571 2397 644 polluta:
2422 576 2561 627 sunt
2583 572 2832 628 animae?
2853 574 3017 628 Tune
3039 571 3339 628 Narcissus
3359 573 3488 629 dixit
3503 575 3730 636 eizlubeo

2165 661 2292 725 tibi,
2320 661 2624 716 immunde
2646 662 2910 734 spiritus,
2928 665 2993 716 ut
3012 661 3116 717 des
3138 661 3196 717 in
3219 677 3530 732 responsum
3551 667 3677 737 quod
3690 674 3730 722 te

2133 812 2135 814 η
2165 748 2615 822 interrogavero.
2648 749 2750 805 Dic
2792 750 2961 817 mihi,
2993 750 3264 805 damnate
3297 767 3308 805 :
3335 750 3450 806 Scis
3478 751 3734 811 Dominum

2167 854 2366 893 meum
2387 839 2416 893 ,Ι
2423 855 2588 893 esum
2607 837 2901 893 Christum
2918 839 3280 893 Nazarenum
3301 840 3736 912 tentatum,llagel-

2165 926 2372 992 latum,
2407 927 2799 999 sputamentis
2831 927 2888 981 in
2924 927 3130 982 faciem
3163 929 3496 996 attestatum,
3527 929 3737 987 cibatum

2166 1015 2318 1084 felle,
2354 1020 2616 1088 potatum
2666 1021 2851 1087 aceto,
2893 1016 3134 1072 afﬁxam
3179 1015 3239 1070 in
3268 1031 3444 1082 cruce,
3473 1023 3751 1086 mortuum,-

2165 1109 2224 1161 et
2256 1104 2575 1177 sepultum,
2609 1109 2665 1160 et
2695 1105 2787 1162 die
2817 1105 2986 1161 tertio
3025 1104 3404 1161 resurrexisse
3431 1122 3462 1160 a
3497 1107 3742 1162 mortuis?

2167 1193 2282 1250 scis
2313 1194 2423 1250 hoc
2456 1194 2674 1250 factum
2693 1194 2722 1248 ?
2751 1192 3074 1266 Respondit
3102 1193 3347 1262 damon,
3376 1197 3429 1248 et
3457 1193 3588 1250 dixit
3614 1211 3626 1250 :
3655 1194 3744 1250 Uti-

2168 1301 2304 1339 nam
2340 1283 2484 1338 mihi
2511 1283 2620 1338 hoc
2652 1283 2877 1338 nescire
2907 1281 3171 1338 licuisset
3197 1278 3210 1335 Ξ
3245 1298 3375 1336 nam
3403 1297 3464 1338 ea
3485 1281 3630 1350 hora,
3651 1299 3746 1355 qua

2167 1371 2482 1428 cruciﬁxus
2513 1376 2620 1440 est,
2655 1371 2927 1444 princeps
2957 1375 3158 1427 noster
3187 1369 3410 1444 fugiens
3437 1388 3470 1426 a
3496 1370 3620 1426 facie
3644 1371 3748 1442 ejus

2168 1461 2226 1516 in
2250 1461 2534 1533 templum
2570 1462 2664 1516 Dei
2697 1477 2760 1517 se
2792 1460 3049 1528 misit,et
3071 1461 3202 1516 ideo
3235 1459 3416 1515 velum
3445 1459 3748 1531 templiscis-

2168 1567 2301 1606 sum
2333 1555 2439 1618 est,
2474 1549 2614 1622 quia
2642 1551 2916 1606 virtutem
2947 1547 3354 1622 persequentis
3387 1547 3521 1604 ferre
3549 1564 3644 1604 non
3669 1564 3748 1620 po-

2169 1639 2317 1708 tuit;
2352 1645 2490 1694 tunc
2535 1656 2676 1695 saxa
2725 1639 2854 1712 ipsa
2896 1637 3086 1694 solida
3134 1637 3552 1706 scindebantur,
3579 1641 3628 1691 et
3652 1653 3749 1691 mo-

2170 1731 2453 1782 numenta
2491 1714 2690 1799 aperta
2734 1732 2893 1794 sunt,
2927 1730 2983 1782 et
3013 1730 3389 1783 surrexerunt
3436 1724 3602 1780 sancti
3649 1723 3751 1792 viri,

2169 1816 2268 1888 qui
2301 1816 2573 1871 viderunt
2603 1815 2712 1871 hoc
2741 1817 2982 1881 factum,
3016 1815 3172 1888 quod
3218 1815 3478 1888 princeps
3508 1817 3676 1869 noster
3697 1813 3754 1867 ab

2170 1920 2236 1960 eo
2267 1904 2366 1976 qui
2417 1905 2730 1960 crucifixus
2777 1907 2867 1960 est
2911 1907 3110 1960 tentus
3153 1908 3246 1960 est
3290 1906 3345 1959 et
3381 1902 3583 1958 catenis
3607 1900 3756 1974 igneis

2171 1995 2260 2049 est
2289 1990 2588 2065 religatus.
2614 1992 2931 2064 Respondit
2971 1991 3282 2048 Narcissus
3330 1995 3385 2047 et
3426 1990 3598 2046 dixit:
3627 1989 3755 2056 Quod

2172 2097 2383 2137 nomen
2416 2087 2506 2138 est
2535 2081 2816 2155 principis
2845 2080 3056 2136 vestri?
3077 2081 3234 2136 Dixit
3262 2081 3310 2136 ei
3343 2081 3552 2135 daemon
3577 2095 3588 2134 :
3617 2078 3759 2134 Satau

2172 2187 2382 2225 nomen
2415 2176 2504 2226 est
2531 2170 2635 2239 illi,
2669 2171 2823 2244 quod
2873 2171 3294 2242 interpretatur
3339 2170 3550 2225 initium
3581 2167 3758 2222 mortis.

2171 2259 2324 2314 Dicit
2343 2259 2394 2314 ei
2415 2259 2750 2316 Narcissus:
2779 2259 2876 2315 Dic
2901 2258 3068 2327 mihi,
3093 2259 3237 2331 quid
3260 2256 3505 2330 peccavit
3524 2255 3761 2312 Dominus

2173 2351 2374 2401 noster
2401 2347 2574 2402 Jesus
2604 2347 2891 2414 Christus,
2917 2351 2981 2402 ut
3021 2350 3184 2401 tanta
3225 2343 3554 2418 pateretur?
3580 2341 3704 2399 Dicit
3722 2341 3758 2396 ei

2175 2434 2402 2490 damon
2428 2453 2440 2491 :
2464 2435 2775 2508 Nunquam
2808 2434 3082 2508 peccavit.
3118 2433 3272 2490 Dicit
3301 2433 3353 2490 ei
3383 2430 3766 2489 Narcissuszlit

2175 2522 2274 2594 qui
2303 2540 2608 2595 nunquam
2641 2523 2914 2596 peccavit,
2939 2539 3121 2595 quare
3142 2527 3306 2578 tanta
3327 2538 3527 2594 passus
3553 2519 3662 2574 est?
3681 2519 3764 2574 lle-

2175 2611 2414 2684 spondit
2443 2613 2670 2667 daemon
2697 2629 2710 2666 :
2745 2613 2866 2668 Non
2902 2628 3006 2684 pro
3037 2611 3161 2668 suis
3195 2610 3449 2684 peccatis
3469 2625 3658 2682 passus
3681 2610 3768 2674 est,

2175 2701 2276 2757 sed
2312 2718 2415 2774 pro
2445 2699 2708 2757 alterius.
2743 2701 2892 2757 Dicit
2921 2701 2972 2757 ei
3005 2700 3318 2756 Narcissus
3366 2699 3680 2772 episcopus:
3709 2695 3768 2749 Ex

2176 2805 2272 2846 ore
2289 2794 2388 2845 tuo
2407 2795 2462 2845 te
2483 2789 2858 2858 condemnas,
2883 2790 3190 2846 immunde
3224 2789 3488 2863 spiritus.
3510 2790 3638 2842 Cum
3661 2800 3770 2855 ergo

2175 2879 2328 2934 scias
2350 2879 2664 2934 Dominum
2690 2895 2883 2935 meum
2903 2879 2934 2936 J
2941 2896 3107 2936 esum
3128 2879 3428 2935 Christum
3451 2893 3557 2932 non
3573 2871 3770 2946 proauis

2177 2967 2276 3024 sed
2301 2985 2403 3040 pro
2426 2967 2633 3024 alienis
2654 2968 2909 3040 peccatis
2929 2969 3216 3036 occisum,
3240 2967 3472 3023 discede
3496 2964 3564 3021 ab
3588 2962 3649 3019 iis
3669 2977 3770 3017 ma-

2176 3055 2439 3124 lieribus,
2473 3055 2611 3129 quia
2639 3073 2741 3128 pro
2774 3056 2888 3114 illis
2919 3073 3130 3129 passus
3151 3062 3246 3113 est
3269 3055 3373 3129 qui
3399 3055 3467 3111 ad
3489 3053 3646 3110 {idem
3671 3051 3771 3121 ejus
3846 3073 3850 3081 -

415 3151 558 3208 doce
578 3131 689 3206 nos
707 3147 847 3222 quid
871 3146 1154 3204 colamus.
1174 3145 1326 3202 Dicit
1341 3145 1392 3202 ei
1410 3145 1720 3202 Narcissus
1734 3145 2063 3218 episcopus:
2100 3131 2142 3198 C
2177 3149 2234 3200 et
2281 3145 2531 3218 gratiam
2587 3147 2994 3218 confugerunt.
3024 3145 3178 3202 Dicit
3229 3145 3278 3202 ei
3337 3145 3556 3200 daemon
3581 3159 3594 3196 ι
3623 3140 3773 3204 Quare

417 3238 483 3296 In
514 3238 625 3296 hoc
653 3239 897 3310 apparet
927 3235 1082 3308 quod
1114 3235 1261 3292 bene
1291 3235 1535 3307 potestis
1566 3233 1862 3307 suscipere
1909 3235 2065 3307 quod

417 3327 604 3384 colere
633 3324 916 3393 debeatis,
943 3341 1079 3380 cum
1114 3323 1253 3396 quid
1277 3322 1571 3379 colueritis
1591 3322 1884 3380 evidenter
1903 3339 2071 3395 expo-

420 3415 576 3471 natis
601 3431 616 3482 ;
647 3413 742 3469 dic
765 3429 902 3486 ergo
933 3411 1227 3468 culturam
1259 3415 1443 3467 tuam.
1477 3411 1698 3467 Hilaria
1725 3413 2066 3484 respondit:

423 3504 699 3560 Parentes
729 3501 844 3556 mei
873 3516 1084 3574 genere
1113 3499 1304 3572 Cyprii
1357 3499 1613 3564 fuerunt,
1646 3505 1705 3555 et
1734 3500 1869 3556 inde
1900 3517 2068 3556 vene-

425 3594 584 3648 runt.
617 3589 764 3646 Cum
795 3605 963 3646 sacra
989 3587 1252 3656 Veneris,
1278 3590 1336 3642 et
1363 3587 1563 3644 Venus
1592 3587 1702 3644 coli
1733 3606 1848 3644 non
1885 3593 2073 3660 potest

426 3679 543 3736 nisi
573 3679 646 3736 ab
677 3677 752 3734 iis
789 3675 1024 3732 feminis
1071 3693 1198 3748 quas
1247 3675 1624 3732 meretricataa
1673 3675 1906 3744 fuerint,
1941 3677 2069 3734 ideo

424 3767 677 3840 denique
696 3782 802 3839 ego
826 3764 1004 3821 ﬁliam
1027 3780 1219 3820 meam
1233 3764 1417 3820 sacris
1431 3763 1676 3821 Veneris
1696 3781 2066 3834 consecrans,

423 3855 595 3930 quasi
617 3856 735 3912 deae
755 3853 964 3910 Veneri
995 3853 1341 3909 servituram
1373 3853 1506 3908 inde
1539 3853 1866 3911 meretricio
1897 3853 2066 3927 placi-

421 3950 617 4003 turam
651 3945 709 4000 in
747 3941 1069 4016 prostibula
1127 3958 1362 3998 manere
1391 3941 1652 4014 permisi,
1687 3943 1929 4000 credens
1957 3943 2068 4000 hoc

419 4034 576 4108 quod
610 4032 753 4090 mihi
784 4035 940 4089 esset
967 4030 1220 4105 prepitia
1247 4031 1466 4100 Venus,
1495 4029 1544 4086 si
1567 4029 1749 4086 filiam
1773 4047 1963 4088 meam
1986 4033 2070 4088 di-

413 4123 568 4182 vinis
597 4125 726 4196 ejus
756 4119 1188 4178 imitationibus
1224 4137 1602 4193 occupassem
1629 4137 1643 4189 ;
1676 4135 1812 4176 nam
1847 4127 2066 4194 quanto

416 4211 612 4287 plures
641 4214 932 4268 amatores
960 4209 1176 4266 habere
1207 4209 1422 4280 poterit
1458 4207 1671 4264 mulier
1697 4225 1824 4282 qua:
1854 4210 2065 4267 Veneri

415 4299 675 4368 serviret,
699 4303 862 4356 tanto
892 4297 1027 4371 plus
1055 4297 1264 4354 Veneri
1290 4295 1516 4370 placere
1551 4315 1721 4370 posse
1742 4315 1776 4354 a
1797 4300 2064 4355 sacerdo-

411 4388 571 4445 tibus
596 4386 838 4444 Veneris
867 4387 1216 4442 afﬁrmatur.

481 4476 740 4532 Audiens
758 4475 882 4530 hac
902 4475 989 4530 vir
1008 4474 1110 4531 Dei
1130 4475 1440 4531 Narcissus
1469 4473 1758 4548 ingemuit
1789 4479 1848 4531 et
1876 4475 2058 4549 lacry-

413 4581 544 4622 mas
587 4563 754 4630 fudit,
786 4562 1049 4636 dixitque
1095 4564 1165 4618 ad
1209 4563 1524 4619 diaconum
1551 4579 1725 4618 suum
1759 4563 2004 4620 Felicem
2041 4583 2054 4620 :

409 4654 620 4728 Surge,
643 4652 897 4720 frater,et
915 4651 1125 4707 demus
1144 4651 1470 4707 lamentum
1493 4668 1670 4724 super
1691 4651 1866 4708 istam
1879 4653 2056 4708 talem

409 4743 721 4815 culturam,
755 4745 812 4798 et
849 4757 1124 4814 rogemus
1155 4740 1494 4806 Dominum,
1527 4745 1594 4796 ut
1623 4741 1719 4796 ubi
1756 4741 2060 4798 abundavit

408 4833 700 4906 iniquitas,
731 4829 1136 4903 superabundet
1163 4837 1214 4884 et
1241 4829 1441 4900 gratia.
1466 4830 1705 4885 Factum
1740 4833 1829 4886 est
1859 4835 2054 4886 autem

407 4925 492 4989 ut,
515 4939 650 4978 cum
672 4922 923 4988 orarent,
948 4919 1221 4991 apparuit
1241 4917 1536 4992 Egyptius
1567 4919 1807 4990 quidam
1836 4919 2057 4991 nigrior

407 5026 596 5073 corvo,
630 5010 825 5065 nudus
856 5012 912 5063 et
941 5007 1282 5063 vulneribus
1310 5006 1727 5079 elephantiasis
1759 5011 1876 5064 toto
1929 5025 2052 5063 cor-

406 5113 546 5169 pore
577 5097 812 5168 plenus;
837 5096 976 5152 dare
1005 5095 1180 5167 coepit
1207 5094 1498 5167 mugitum
1519 5098 1576 5150 et
1600 5095 1791 5150 dicere
1815 5096 1892 5151 :0
1916 5113 2050 5151 san-

407 5189 496 5242 cte
506 5183 775 5240 Narcisse
787 5184 1075 5255 episcOpe,
1091 5183 1232 5255 quid
1247 5184 1350 5238 tibi
1375 5201 1506 5239 cum
1522 5183 1700 5240 chara
1715 5200 1841 5239 mea
1854 5184 1882 5238 ?
1901 5185 2050 5250 Quid

406 5272 514 5330 tibi
537 5289 672 5329 cum
705 5270 934 5327 ancillis
962 5271 1128 5340 meis,
1145 5289 1293 5344 quas
1314 5269 1430 5345 ego
1461 5288 1694 5344 semper
1713 5272 1772 5327 in
1793 5272 2053 5328 amicitia

407 5379 537 5418 mea
567 5360 790 5418 habui?
826 5359 979 5415 Deus
1011 5363 1148 5416 tuus
1177 5361 1431 5416 mandas
1463 5361 1712 5428 animas,
1740 5365 1798 5416 et
1830 5361 2053 5416 munda

2177 3235 2346 3290 docet
2374 3234 2467 3290 lex
2492 3238 2715 3302 sancta,
2747 3239 2803 3290 et
2826 3235 2997 3306 jubet
3026 3239 3089 3290 ut
3119 3251 3214 3290 res
3247 3233 3466 3291 alienas
3513 3247 3617 3288 non
3645 3227 3775 3284 tollat

2178 3321 2430 3395 aliquis;
2466 3328 2528 3379 tu
2559 3323 2659 3396 qui
2691 3327 2931 3380 sanctus
2961 3340 3043 3392 es,
3078 3339 3174 3379 res
3221 3339 3384 3379 meas
3432 3321 3566 3394 quid
3609 3313 3774 3374 tollis?

2179 3411 2325 3478 Quid
2360 3411 2504 3467 mihi
2537 3411 2692 3468 tollis
2725 3412 2953 3468 animas
2983 3429 3134 3484 quas
3165 3413 3316 3468 mihi
3358 3411 3604 3468 lucratus
3638 3402 3776 3462 sum?

2178 3501 2329 3557 Dicit
2348 3501 2398 3556 ei
2417 3500 2724 3557 Narcissus
2750 3520 2762 3558 :
2788 3503 2856 3557 Et
2876 3503 3108 3567 fractor,
3133 3506 3192 3558 et
3222 3501 3319 3556 fur
3347 3518 3409 3557 es
3440 3505 3520 3566 tu,
3554 3497 3618 3554 ab
3645 3491 3776 3550 initio

2179 3590 2456 3646 damnate
2484 3595 2543 3647 et
2564 3590 2898 3656 inveterate,
2921 3607 3056 3646 nam
3087 3591 3238 3646 istas
3259 3590 3490 3646 animas
3511 3605 3542 3644 a
3557 3586 3776 3643 Creatore

2178 3695 2286 3734 suo
2316 3682 2374 3734 et
2407 3678 2648 3734 Domino
2673 3683 2734 3734 tu
2768 3679 3050 3751 separasti
3069 3697 3082 3748 ;
3115 3695 3224 3752 ego
3257 3679 3432 3736 modo
3460 3681 3514 3732 te
3542 3673 3776 3730 furemte-

2179 3783 2308 3834 neo,
2341 3771 2398 3822 et
2426 3766 2678 3824 Creatori
2704 3772 3034 3824 creaturam
3059 3784 3234 3824 suam
3267 3768 3532 3824 restituo.
3565 3764 3776 3833 Respon-

2175 3855 2264 3911 dit
2283 3856 2334 3911 ei
2357 3855 2584 3912 daemon
2607 3856 2808 3912 dicens
2825 3873 2838 3912 :
2855 3859 2922 3912 Et
2941 3873 3048 3930 ego
3070 3862 3345 3914 creatura
3363 3857 3491 3928 ejus
3513 3869 3655 3920 sum,
3671 3861 3776 3919 ergo

2176 3948 2235 4000 et
2261 3961 2353 4000 me
2386 3944 2637 4001 Creatori
2670 3962 2798 4002 meo
2831 3946 3092 4002 restitue.
3117 3946 3275 4002 Dicit
3295 3947 3347 4003 ei
3370 3943 3690 4002 Narcissus:
3710 3937 3775 3992 Tu

2175 4033 2300 4106 ipse
2330 4049 2430 4089 ore
2458 4038 2559 4090 tuo
2589 4034 2895 4090 confessus
2916 4052 2980 4091 es
3004 4033 3308 4091 Christum
3332 4051 3436 4107 pro
3456 4028 3684 4106 peccatis
3700 4025 3776 4080 ho-

2175 4121 2404 4204 minum
2436 4139 2708 4194 passum;
2733 4129 2788 4179 et
2807 4123 2857 4180 si
2883 4141 2998 4196 quo
3031 4123 3207 4180 modo
3239 4141 3348 4198 pro
3374 4119 3616 4196 peccatis
3634 4110 3780 4204 homi-

2174 4199 2318 4266 num
2348 4227 2561 4283 passus
2591 4216 2680 4268 est
2706 4217 2764 4267 et
2793 4229 2896 4284 pro
2919 4213 3183 4268 daamone
3214 4228 3429 4285 passus
3455 4211 3616 4274 esset,
3643 4199 3777 4259 resti-

2172 4301 2395 4355 tuerem
2427 4299 2682 4356 Creatori
2708 4303 3012 4368 tuo;nunc
3043 4305 3242 4358 autem
3277 4300 3363 4357 sic
3384 4313 3589 4373 passus
3607 4295 3683 4350 est
3699 4304 3780 4362 pro

2172 4388 2426 4460 peccatis
2455 4387 2763 4444 hominum
2795 4394 2862 4445 ut
2891 4395 3152 4445 vestrum
3184 4389 3511 4462 principem
3541 4376 3804 4456 ligaretin‘

2090 4496 2138 4561 Β
2173 4476 2465 4532 infernum
2495 4481 2552 4532 et
2582 4477 2976 4550 principatum
3009 4477 3308 4550 diriperet.
3327 4475 3478 4533 Dicit
3497 4475 3542 4530 ei
3566 4473 3777 4527 daemon:

2169 4566 2281 4622 Fac
2309 4565 2584 4638 pietatem
2617 4582 2795 4638 super
2824 4583 2938 4630 me,
2965 4570 3023 4620 et
3047 4566 3123 4621 da
3163 4566 3314 4634 mihi
3367 4565 3426 4620 in
3476 4561 3777 4636 potestatem

2168 4671 2345 4710 unam
2375 4654 2656 4712 animam.
2683 4654 2832 4710 Dicit
2856 4654 2907 4710 ei
2936 4653 3243 4711 Narcissus
3268 4672 3282 4711 :
3305 4654 3365 4709 Si
3399 4652 3603 4710 dedero
3621 4643 3710 4702 tibi
3733 4643 3780 4696 in

2167 4747 2514 4815 potestatem
2545 4759 2726 4798 unam
2758 4743 3041 4809 animam,
3072 4743 3216 4815 quid
3251 4743 3326 4799 de
3354 4759 3425 4798 ea
3453 4735 3664 4796 facies?
3687 4732 3782 4786 Ds-

2167 4848 2303 4886 mon
2335 4832 2480 4886 dixit
2513 4848 2526 4886 :
2562 4831 2848 4887 lnterﬁcio
2879 4831 3200 4897 hominem,
3231 4836 3290 4888 et
3337 4830 3532 4886 lucror
3558 4824 3780 4882 animam

2165 4921 2312 4992 ejus.
2349 4920 2498 4976 Dicit
2527 4920 2579 4975 ei
2611 4920 2920 4976 Narcissus
2945 4938 2958 4975 :
2996 4921 3164 4976 Mane
3197 4919 3397 4994 prima
3424 4917 3549 4972 luce
3576 4928 3671 4984 ego
3697 4904 3779 4962 tibi

2164 5009 2314 5064 dabo
2347 5012 2696 5081 potestatem
2742 5007 2914 5065 hanc.
2948 5013 3012 5064 ut
3050 5008 3172 5064 haec
3204 5007 3412 5064 facias.
3441 5001 3587 5062 Dicit
3611 4999 3656 5056 ei
3683 4996 3780 5053 daa-

2165 5114 2302 5152 mon
2337 5114 2348 5152 :
2386 5097 2482 5152 Dic
2514 5096 2659 5151 mihi
2691 5100 2824 5152 ante
2861 5098 3038 5152 Deum
3071 5097 3208 5170 quia
3240 5097 3353 5152 das
3385 5093 3526 5150 mihi
3559 5088 3778 5145 animam

2163 5185 2316 5240 intra
2341 5203 2552 5257 corpus
2577 5185 2884 5252 inclusam,
2901 5202 3079 5257 quam
3111 5185 3322 5240 lucrer.
3349 5181 3500 5240 Dicit
3521 5181 3569 5237 ei
3590 5171 3780 5234 Narcisr

2164 5291 2268 5330 sus
2302 5290 2315 5329 :
2347 5275 2494 5329 Ante
2541 5275 2720 5330 Deum
2771 5289 2968 5328 meum
3021 5273 3280 5346 spondeo
3332 5271 3489 5345 quod
3529 5267 3668 5324 dabo
3693 5257 3780 5317 tibi

2163 5363 2422 5418 animam
2455 5363 2511 5418 in
2545 5378 2786 5434 corpore
2807 5362 3056 5436 positam
3081 5359 3588 5424 manducantis,et
3605 5351 3779 5410 biben-

405 5466 648 5525 corpora
677 5447 888 5520 diligit,
922 5447 1046 5504 istae
1083 5448 1210 5520 jam
1259 5467 1398 5506 mea:
1430 5453 1589 5516 sunt,
1623 5449 1747 5506 alia:
1775 5466 1904 5505 esse
1935 5465 2049 5504 non
2160 5451 2258 5517 tis,
2291 5456 2349 5507 et
2372 5450 2738 5516 dormientis,
2767 5454 2824 5505 et
2853 5450 3063 5506 iterum
3094 5447 3416 5524 vigilantis.
3456 5443 3597 5504 Dicit
3623 5439 3668 5496 ei
3683 5438 3778 5525 dte-

406 5543 675 5616 possunt.
708 5537 986 5610 Nunquid
1017 5553 1124 5610 ego
1175 5537 1328 5595 intro
1379 5539 1478 5595 ubi
1525 5539 1764 5596 castitas
1797 5538 2050 5611 regnat?

2163 5555 2298 5596 mon
2329 5556 2340 5594 :
2374 5537 2542 5594 Modo
2564 5537 2709 5610 jube
2741 5553 2834 5594 me
2863 5537 2958 5594 hic
2992 5521 3224 5595 manere
3275 5536 3393 5592 ista
3441 5535 3624 5590 nocte.
3652 5521 3780 5584 Dicit
