3986 6164
163 329 265 391 591

1313 328 1416 391 DE
1462 326 2011 392 CONVERS‘IONE
2053 328 2124 390 B.
2158 328 2411 392 AFRAE.

3441 329 3562 397 398
3600 364 3606 370 -

161 464 203 524 ei
226 460 648 522 Narcissus:Si
682 464 847 538 potes
879 462 1185 521 nobiscum
1220 481 1480 534 manere,
1504 463 1801 521 mane.Di-
1828 459 1886 531 Α
1916 461 2304 521 cidentalibus
2336 461 2568 540 populis
2597 480 2741 522 verte
2776 461 2909 523 ﬁdei
2946 462 3150 524 lumen
3193 466 3469 535 ostendit,
3503 472 3562 526 et

159 557 225 613 cit
253 554 307 611 ei
339 556 567 610 daemon
602 572 616 609 :
649 553 707 611 Si
742 553 1024 627 expandis
1050 571 1262 610 manus
1294 559 1428 611 tuas
1457 555 1526 610 ad
1562 553 1796 622 cmlu'n,

156 651 205 703 et
231 644 421 701 ﬂectis
453 660 644 717 genua
673 647 777 698 tua
806 648 862 699 et
891 643 1093 716 psallis
1123 644 1238 699 Deo
1268 648 1387 711 tuo,
1406 661 1520 699 non
1553 660 1796 716 possum

154 735 234 791 hic
267 749 529 788 manere.
564 732 716 787 Dicit
753 732 803 787 ei
847 733 1154 788 Narcissus
1190 751 1202 788 :
1236 734 1549 804 Nunquam
1583 733 1687 788 tibi
1722 732 1799 788 sit

152 821 634 889 bene,immunde
664 821 936 893 Spiritus;
961 838 1077 877 non
1102 821 1291 876 solum
1322 824 1517 876 autem
1549 822 1794 893 ego,sed

150 916 203 970 et
225 912 329 966 isti
374 927 579 967 omnes
627 914 750 965 tota
800 914 969 966 nocte
1019 927 1248 967 mecum
1304 910 1550 966 Domino
1596 914 1796 965 nostro

152 1002 379 1057 ﬂectcnt
406 1016 618 1071 genua,
655 1004 713 1054 et
742 998 944 1055 laudes
976 999 1026 1054 ei
1058 1016 1176 1054 una
1224 999 1529 1054 nobiscum
1561 1004 1792 1055 canent.

152 1092 306 1146 Tunc
342 1089 570 1143 dazmon
594 1088 733 1143 dirae
756 1088 913 1144 vocis
937 1088 1302 1144 teterrimum
1325 1086 1613 1145 ululatum
1633 1088 1795 1143 emit-

152 1184 271 1235 tens
306 1195 607 1250 nusquam
632 1177 979 1250 comparuit.

209 1273 264 1322 S.
302 1272 504 1323 autem
532 1265 839 1322 Narcissus
860 1268 1171 1339 episcopus
1196 1267 1328 1322 fecit
1350 1271 1481 1340 post
1498 1267 1794 1339 jejunium

151 1358 384 1414 reficere
412 1357 612 1412 Afram
644 1372 777 1411 cum
810 1359 994 1412 matre
1026 1374 1135 1413 sua
1155 1362 1212 1413 et
1232 1374 1365 1413 eum
1399 1356 1613 1429 puellis
1646 1356 1793 1423 suis,
1840 1394 1843 1397 »

151 1465 288 1521 quas
318 1449 637 1502 trementes
668 1462 771 1517 pro
799 1462 865 1501 eo
897 1446 1051 1517 quod
1082 1445 1349 1501 viderant
1378 1451 1435 1502 et
1465 1446 1794 1511 audierant,

148 1537 261 1593 suis
294 1535 541 1591 monitis
569 1539 625 1590 et
656 1534 1019 1590 orationibus
1050 1535 1414 1591 confortavit.
1448 1536 1576 1607 Ipse
1598 1539 1794 1591 autem

149 1642 269 1681 eum
306 1626 368 1680 S.
402 1623 591 1680 Felice
638 1623 881 1679 diacono
931 1640 1037 1679 suo
1089 1640 1205 1678 non
1257 1623 1476 1690 refecit,
1508 1625 1701 1679 sciens
1732 1641 1795 1680 se

151 1731 313 1769 mane
359 1712 576 1769 iterum
624 1729 759 1767 cum
791 1712 1053 1768 daemone
1082 1716 1377 1769 certamen
1408 1712 1750 1768 habiturum
1776 1731 1790 1781 ;

1909 555 2062 628 apud
2095 555 2428 612 Gerundam
2459 554 2714 629 gloriosa
2735 559 2919 612 morte
2941 555 3241 629 requievit.
3256 556 3402 613 Cum
3423 571 3560 630 ergo

1908 643 2126 700 multos
2159 645 2229 699 ad
2262 644 2473 699 Christi
2507 645 2681 701 ﬁdem
2705 649 3084 712 converteret,
3108 646 3364 718 quadam
3387 645 3559 702 diein

1908 734 2181 790 Gerunda
2210 733 2365 789 inter
2393 733 2523 806 ipsa
2549 734 2969 790 sacriﬁciorum
3000 735 3350 807 mysteria,a
3370 751 3561 809 perse-

1909 822 2212 878 cutoribus
2234 822 2561 879 trucidatus
2577 822 2637 877 in
2656 823 3022 879 confessione
3042 823 3345 880 Trinitatis
3368 823 3559 880 tribus

1906 910 2552 977 vulneribus,videlicet
2582 913 2641 967 in
2674 912 3019 980 humero,et
3046 916 3281 984 gutture
3311 917 3368 969 et
3397 930 3558 981 sura,

1907 1004 1992 1055 est
2027 999 2391 1056 debilitatus.
2425 999 2707 1073 Denique,
2740 1000 3029 1073 completo
3058 1002 3398 1058 venerandae
3429 1019 3560 1074 pas-

1908 1088 2092 1144 sionis
2115 1106 2291 1144 cursu
2315 1090 2649 1163 magnifico,
2669 1106 2944 1146 coronam
2966 1089 3163 1163 gloriae
3184 1095 3274 1147 est
3290 1107 3561 1148 consecu-

1906 1181 2003 1233 tus
2033 1195 2067 1233 a
2097 1178 2343 1234 Domino
2375 1178 2504 1234 etin
2534 1182 2815 1235 aeternum
2842 1183 3048 1251 regnat
3076 1196 3210 1235 cum
3241 1178 3558 1253 illo.Cujus

1905 1266 2232 1323 venerabile
2264 1284 2477 1338 corpus
2503 1267 2789 1323 hactenus
2810 1267 3216 1341 incorruptum
3238 1270 3309 1325 ad
3328 1268 3559 1341 insigne

1906 1360 2106 1412 manet
2136 1355 2527 1425 miraculum;
2563 1356 2807 1430 spiritus
2839 1361 3035 1413 autem
3067 1359 3417 1430 conjunctus
3446 1359 3557 1415 Do-

1906 1445 2066 1500 mino
2098 1445 2157 1500 in
2184 1444 2520 1501 cretestibus
2546 1446 2743 1518 regnis
2775 1446 3026 1503 exsultat
3055 1463 3189 1502 cum
3219 1446 3339 1502 illo.
3373 1450 3561 1515 Quan-

1905 1552 2083 1607 quam
2114 1534 2269 1590 cnim
2322 1534 2541 1608 ubique
2590 1535 2862 1591 Christus
2902 1552 3043 1592 suos
3071 1535 3132 1591 in
3163 1537 3453 1592 mundum
3483 1537 3557 1592 ad

1904 1624 2341 1696 praedicandum
2378 1622 2638 1679 misisset
2663 1623 2981 1696 apostolos,
3016 1623 3337 1696 multisque
3365 1625 3558 1681 adhuc

1902 1713 2249 1785 gentilitatis
2275 1712 2574 1769 erroribus
2600 1712 2841 1785 plurimi
2869 1714 3118 1771 fuissent
3148 1716 3438 1787 occupati,
3468 1720 3559 1772 ta-

147 1803 378 1859 transiit
410 1818 647 1874 quoque
674 1805 905 1856 noctem
938 1801 1199 1857 oratione
1221 1805 1277 1856 et
1298 1801 1662 1873 psalmorum
1697 1819 1790 1857 ca-
1827 1840 1872 1904 Β
1905 1820 2037 1858 men
2061 1802 2161 1858 Dei
2185 1802 2583 1858 misericordia
2603 1819 2669 1858 ac
2692 1803 3096 1876 Redemptoris
3117 1804 3301 1861 nostri
3333 1805 3558 1861 favente

149 1892 387 1948 naribus
423 1890 677 1963 plenam.
710 1891 812 1946 Die
842 1894 1036 1946 autem
1069 1895 1215 1957 orto,
1248 1891 1415 1946 adest
1445 1892 1674 1947 dmmon
1704 1890 1792 1945 di-

150 1999 277 2038 cens
310 2000 326 2036 :
363 1984 583 2036 Memor
611 1985 757 2047 esto,
793 1985 989 2036 sancte
1035 1980 1325 2052 episcope,
1348 1980 1675 2052 juramenti
1708 1979 1794 2035 tui

150 2072 293 2144 quod
326 2069 542 2126 dedisti
576 2074 710 2125 ante
739 2070 946 2135 Deum,
971 2073 1027 2125 et
1055 2070 1130 2125 da
1161 2068 1307 2124 mihi
1337 2070 1595 2125 animam
1622 2070 1793 2141 cujus

149 2177 355 2233 corpus
385 2158 745 2225 occidam,et
764 2159 1023 2214 animam
1044 2158 1235 2231 ipsam
1268 2175 1495 2213 mecum
1520 2158 1788 2214 habeam.

149 2248 588 2322 Responditque
613 2247 671 2303 S.
695 2246 1002 2303 Narcissus
1023 2248 1261 2303 dicens:
1291 2248 1360 2302 Et
1391 2252 1452 2302 tu
1477 2249 1617 2318 jura
1648 2246 1793 2302 mihi

148 2337 200 2392 in
230 2338 477 2393 nomine
530 2336 761 2392 Domini
809 2336 921 2392 mei
953 2342 1020 2393 ut
1048 2336 1246 2392 statim
1277 2335 1590 2392 interﬁcies
1618 2354 1792 2408 quem

150 2426 242 2482 tibi
287 2426 530 2491 dedero,
565 2429 622 2481 et
669 2426 761 2480 dic
794 2425 960 2491 mihi,
996 2426 1045 2481 si
1081 2443 1195 2481 non
1227 2425 1565 2491 interﬁcias,
1589 2426 1796 2497 jubeat

148 2516 243 2571 tibi
280 2521 435 2571 Deus
467 2518 535 2572 ut
582 2516 761 2571 vadas
810 2514 867 2570 in
916 2515 1213 2587 abyssum.
1249 2514 1403 2570 Dixit
1433 2514 1481 2569 ei
1515 2516 1740 2570 daemon
1777 2532 1791 2569 :

148 2604 245 2661 Per
273 2605 474 2677 ipsum
496 2607 637 2676 juro
668 2604 766 2676 qui
797 2620 903 2660 nos
934 2622 1067 2659 cum
1095 2604 1358 2676 principe
1403 2608 1602 2659 nostro
1635 2604 1791 2671 vicit,

128 2694 325 2749 sinon
342 2694 526 2765 jubes
550 2694 633 2748 ire
652 2694 713 2747 in
734 2693 1033 2765 abyssum,
1051 2693 1204 2764 quod
1228 2692 1426 2749 statim
1449 2691 1794 2749 interﬁciam

146 2800 270 2839 eum
294 2800 476 2855 quem
501 2782 648 2837 mihi
670 2783 899 2837 dederis
922 2782 981 2836 in
1005 2786 1371 2854 potestatem.
1401 2782 1550 2836 Dixit
1578 2781 1629 2837 ei
1648 2782 1796 2837 Nar-

145 2871 331 2928 cissus
365 2890 378 2927 :
411 2872 573 2927 Vade
596 2873 764 2942 juxta
789 2872 1008 2927 fontem
1037 2870 1273 2943 Alpium
1305 2869 1617 2938 Juliarum,
1640 2871 1795 2926 unde

148 2978 313 3016 nemo
346 2965 543 3033 potest
572 2978 785 3032 aquam
821 2960 1034 3026 bibere,
1070 2976 1183 3015 non
1216 2959 1411 3026 homo,
1446 2977 1561 3014 non
1595 2976 1793 3031 pecus,

148 3067 254 3105 non
302 3049 428 3104 fera
457 3047 676 3121 aliqua,
711 3048 850 3120 quia
877 3049 1051 3104 draco
1082 3047 1161 3103 ibi
1193 3047 1438 3116 habitat,
1468 3052 1524 3103 et
1555 3047 1624 3102 de
1655 3048 1794 3103 ﬂatu

146 3140 289 3209 ejus,
306 3154 517 3193 omnes
550 3139 650 3210 qui
681 3139 751 3193 ad
784 3138 1003 3194 fontem
1034 3137 1406 3207 accesserint,
1440 3137 1792 3192 moriuntur.

1905 1892 2456 1958 clementia,beatus
2483 1892 2794 1947 Narcissus
2825 1892 3026 1948 doctor
3056 1893 3226 1949 nobis
3257 1894 3558 1965 apostolus

1902 1987 1989 2037 est
2020 1981 2298 2036 directus.
2335 1981 2561 2053 Itaque,
2597 1980 2990 2047 dilectissimi,
3016 1981 3343 2038 imitatores
3396 1981 3556 2039 illius

1901 2074 2088 2126 estote
2132 2069 2456 2125 secundum
2506 2069 2804 2142 egregiam
2859 2069 3331 2142 praedicationem
3368 2070 3553 2139 Pauli,

1902 2159 2057 2215 sicut
2096 2163 2153 2214 et
2200 2157 2295 2214 ille
2344 2158 2565 2215 exstitit
2616 2158 2852 2214 Christi.
2888 2159 2946 2215 Si
2981 2159 3114 2232 quis
3147 2164 3339 2217 autem
3375 2159 3555 2233 parti-

1903 2247 2095 2304 culam
2109 2247 2378 2319 justitiae,
2403 2247 2519 2303 Deo
2541 2247 2917 2319 concedente,
2942 2249 3001 2303 in
3029 2249 3198 2304 corde
3220 2266 3327 2305 suo
3357 2264 3556 2305 sense-

1904 2338 1996 2405 rit,
2031 2337 2102 2393 ad
2134 2335 2609 2409 prazdicationem
2655 2336 2870 2409 egregii
2920 2336 3194 2410 martyris
3235 2337 3556 2411 confugiat,

1904 2444 1975 2481 ne
2006 2427 2159 2499 quod
2190 2427 2245 2481 in
2275 2443 2337 2482 se
2382 2430 2606 2481 rectum
2638 2425 2869 2482 videtur
2897 2430 3071 2495 stare,
3108 2425 3403 2483 ullatenus
3431 2444 3558 2483 cor-

1904 2519 2054 2571 ruat.
2079 2514 2134 2569 Si
2162 2515 2295 2587 quis
2325 2530 2479 2581 vero,
2506 2515 2661 2587 quod
2695 2514 2867 2582 absit,
2891 2516 3238 2572 enormitate
3269 2515 3555 2572 scelerum

1903 2621 2143 2677 pressus
2157 2605 2229 2659 ad
2254 2605 2477 2659 foveam
2500 2603 2687 2659 tendit
2707 2604 3555 2677 desperationis,p(enitentiam

1901 2694 2048 2749 Afrae
2081 2694 2489 2765 sociarumque
2520 2692 2681 2748 illius
2714 2693 3001 2749 imitando
3035 2693 3341 2749 intueatur
3370 2711 3555 2750 mere-

1903 2782 2087 2848 tricis,
2120 2800 2245 2854 quae
2279 2798 2381 2853 per
2410 2781 2751 2837 Narcissum
2785 2783 3022 2848 edoctae;
3041 2787 3097 2838 et
3126 2799 3229 2855 per
3257 2783 3555 2840 Christum

1904 2870 2154 2937 salvataz,
2182 2872 2458 2935 fructum,
2482 2869 2714 2926 Christo
2737 2871 3318 2944 donante,percipere
3334 2888 3559 2929 merue-

1903 2964 2042 3014 runt
2065 2957 2329 3030 justitiaz.
2367 2958 2514 3030 Ipse,
2550 2959 2649 3030 qui
2684 2975 2844 3015 more
2873 2958 3065 3014 Elisaei
3098 2960 3553 3017 amaritudinem

1902 3065 2066 3120 aquae
2089 3046 2309 3102 orando
2339 3047 2511 3102 vertit
2538 3048 2594 3101 in
2627 3046 3020 3113 dulcedinem,
3046 3048 3259 3120 poterit
3287 3052 3553 3120 peccato-

1905 3154 2035 3192 rum
2060 3140 2391 3191 nostrorum
2424 3136 2642 3191 orando
2669 3135 2882 3207 pellere
2914 3136 3467 3203 amaritudinem,et
3482 3138 3554 3194 de

147 3231 309 3282 Hanc
338 3227 674 3293 draconem,
698 3228 864 3292 vade,
897 3226 1175 3292 interﬁce,
1208 3230 1266 3281 et
1294 3225 1553 3281 animam
1585 3226 1713 3296 ejus
1737 3226 1796 3280 in
1827 3212 1869 3278 C
1907 3225 2120 3280 (:hristi
2167 3224 2355 3296 gratia
2407 3224 2638 3296 pietatis
2690 3241 2894 3296 parare
2939 3225 3369 3281 remissionem.
3399 3226 3556 3290 Inter

148 3321 306 3371 tuam
333 3315 531 3387 redige
554 3316 1095 3388 potestatem.Tunc
1120 3314 1800 3371 exclamavitdacmondi-

153 3420 285 3459 cens
322 3423 336 3459 :
368 3404 412 3459 Ο
444 3405 787 3476 episcopum
823 3403 1201 3471 mentiosum,
1236 3404 1476 3475 insuper
1506 3404 1682 3459 etiam
1711 3420 1802 3459 me

157 3492 432 3566 obligavit
479 3493 816 3563 juramento
860 3497 924 3547 ut
953 3491 1209 3548 amicum
1262 3509 1459 3548 meum
1517 3492 1799 3561 occidam,

158 3598 328 3652 quem
360 3581 409 3637 si
446 3598 559 3636 non
591 3580 869 3647 occiders,
904 3580 1221 3653 compellar
1266 3582 1350 3637 ire
1398 3582 1454 3636 in
1502 3582 1800 3654 abyssum.

159 3671 304 3726 Tum
334 3671 565 3726 daemon
596 3670 880 3727 abscessit
908 3675 964 3725 et
992 3669 1201 3726 occidit
1227 3667 1560 3738 draconem,
1584 3676 1641 3727 et
1662 3670 1802 3726 libe-

161 3764 317 3815 ratus
348 3764 439 3815 est
468 3759 600 3815 fons
627 3760 699 3815 ad
734 3776 908 3816 usum
940 3759 1247 3815 hominum
1278 3775 1466 3830 usque
1492 3759 1551 3815 in
1581 3759 1807 3815 hodier-

162 3865 299 3904 num
331 3849 512 3904 diem.

232 3942 335 3993 Per
356 3938 487 3994 dies
518 3942 715 3993 autem
743 3937 1028 4010 plurimos
1066 3938 1264 3993 docuit
1292 3956 1390 3994 eas
1412 3938 1658 3994 verbum
1690 3939 1805 3994 Do-

162 4026 325 4092 mini,
356 4032 413 4083 et
444 4027 738 4099 baptizata
766 4030 855 4083 est
883 4025 1106 4082 Hilaria
1133 4030 1190 4081 et
1218 4026 1340 4082 ﬁlia
1371 4044 1479 4082 sua
1504 4026 1641 4082 Afra
1672 4044 1806 4082 cum

162 4115 368 4186 puellis
388 4116 538 4184 suis,
560 4120 773 4171 etcum
795 4115 1072 4172 omnibus
1092 4115 1286 4172 charis
1307 4114 1451 4182 suis,
1476 4120 1532 4171 et
1552 4116 1685 4171 fecit
1707 4116 1807 4171 do-

165 4221 323 4259 mum
355 4204 586 4260 Hilariaa
615 4204 942 4270 ecclesiam,
965 4208 1023 4260 et
1043 4192 1333 4261 ordinavit
1350 4204 1435 4261 eis
1466 4205 1808 4285 episcopum

165 4293 458 4353 Zozimum
481 4292 835 4349 avunculum
860 4294 1027 4349 Afrae.
1052 4294 1179 4366 Ipse
1197 4298 1394 4350 autem
1412 4294 1808 4360 S.Narcissus,

164 4383 430 4454 perfectis
452 4383 656 4439 ordine
681 4384 875 4451 rebus,
891 4388 1023 4455 post
1039 4399 1273 4439 menses
1297 4401 1504 4439 novem
1518 4384 1588 4439 ad
1605 4384 1810 4456 Hispa-

168 4472 323 4527 niam
354 4472 647 4544 profectus
677 4476 767 4528 est
793 4472 868 4528 ad
898 4471 1192 4528 civitatem
1225 4472 1581 4540 Gerundam,
1605 4472 1666 4527 in
1695 4489 1815 4544 qua

1910 3315 2052 3380 haec,
2083 3312 2446 3369 dilectissimi
2480 3314 2707 3377 fratres,
2740 3313 2798 3368 in
2849 3313 3193 3385 hujusmodi
3239 3313 3559 3371 venerabili

1911 3403 2073 3460 cultu
2106 3404 2420 3467 funestam,
2452 3403 2797 3475 sacrilegam
2847 3407 3021 3475 atque
3071 3420 3402 3475 perversam
3452 3405 3564 3461 He-

1911 3494 2199 3550 braeorum
2250 3491 2525 3564 corripite
2572 3491 2824 3564 plebem,
2854 3495 2919 3547 ut
2947 3491 3027 3548 ita
3057 3492 3247 3548 discat
3278 3492 3567 3549 solemnia

1914 3580 2187 3654 martyris
2227 3580 2488 3636 venerari
2541 3598 2715 3653 quem
2766 3598 3071 3653 nunquam
3119 3581 3319 3639 volens
3361 3581 3569 3639 didicit

1915 3688 2111 3727 amare
2140 3669 2226 3725 vel
2258 3670 2513 3725 credere.
2548 3670 2747 3749 Sed,.o
2778 3670 2886 3726 ﬂos
2915 3670 3194 3743 paradisi,
3228 3670 3569 3729 beatissime

1914 3757 2652 3830 Narcisse,qualescunque
2674 3762 2905 3815 nostras
2926 3763 2984 3815 et
3002 3760 3255 3817 nimium
3278 3761 3456 3818 exiles
3469 3778 3569 3818 no-

1915 3852 2171 3905 strorum
2205 3848 2437 3919 suscipe
2464 3846 2691 3914 laudes,
2707 3852 2764 3903 et
2784 3848 2883 3920 qui
2908 3848 2968 3903 in
2994 3852 3311 3922 conspectu
3334 3850 3567 3907 Domini

1917 3936 1987 3992 de
2004 3940 2106 3992 tua
2118 3953 2350 4008 semper
2367 3952 2569 3992 manes
2586 3935 2861 3992 felicitate
2883 3952 3145 4005 securus,
3165 3941 3291 3993 esto
3312 3937 3567 3994 clemen-

1916 4029 2004 4080 ter
2033 4026 2103 4081 de
2134 4030 2469 4081 nostrarum
2503 4024 2756 4096 pondere
2785 4024 3157 4081 miseriarum
3188 4025 3569 4093 sollicitus,et

1918 4114 2017 4186 qui
2051 4114 2109 4169 in
2142 4113 2415 4186 praesenti
2449 4114 2519 4170 de
2550 4118 2653 4169 tua
2684 4130 2892 4169 sumus
2922 4113 3254 4170 celebritate
3279 4113 3566 4183 latentes,

1917 4207 2155 4258 tuorum
2176 4203 2237 4257 in
2262 4207 2544 4258 aeternum
2580 4218 2911 4257 mereamur
2939 4201 3283 4258 meritorum
3299 4202 3421 4258 fore
3442 4219 3572 4275 par-

1917 4291 2012 4347 tici
2021 4309 2143 4364 pes,
2168 4290 2267 4346 illo
2291 4292 2661 4359 concedente,
2686 4291 2787 4363 qui
2811 4295 2867 4347 te
2889 4291 2960 4346 ad
2982 4289 3216 4347 laudem
3236 4295 3294 4346 et
3321 4289 3570 4364 gloriam

1920 4380 2178 4437 nominis
2196 4380 2284 4436 sui
2312 4379 2662 4435 mirabiliter
2675 4380 3402 4452 coronavit,perpetuzeque
3422 4379 3577 4436 salu-

1920 4470 1997 4525 tis
2015 4474 2072 4525 et
2101 4469 2394 4525 commodi
2427 4468 2732 4541 praesentis
2763 4467 3158 4525 consultorem
3190 4467 3580 4525 misericordi-

168 4559 412 4616 multum
434 4560 718 4634 populum
738 4578 840 4634 per
860 4564 978 4617 tres
1000 4577 1188 4617 annos
1211 4561 1456 4617 Domino
1480 4561 1808 4633 acquisivit,
1844 4585 1887 4649 Ι)
1923 4564 2011 4649 ter
2040 4558 2390 4649 condonaxdt
2418 4558 2615 4649 Jesus‘
2639 4558 2910 4649 Christus
2956 4562 3014 4614 et
3041 4558 3325 4649 Dominus
3356 4562 3574 4624 noster,

169 4654 233 4703 et
262 4651 337 4705 ita
363 4652 602 4706 demum
645 4651 716 4707 ad
775 4651 1036 4724 martyrii
1093 4650 1350 4723 palmam
1410 4668 1546 4707 cum
1605 4657 1808 4708 sancto

170 4736 403 4794 diacono
458 4756 566 4794 suo
626 4738 811 4794 Felice
866 4738 1120 4806 attinxit,
1151 4737 1321 4811 cujus
1361 4739 1654 4812 passionis
1685 4741 1807 4813 glo-

171 4827 317 4881 riam
347 4829 400 4881 in
446 4828 833 4899 sequentibus
880 4828 1165 4884 dicemus.
1199 4830 1411 4885 Beatus
1440 4829 1622 4900 igitur
1655 4847 1808 4885 mar-

172 4918 269 4986 tyr
291 4915 512 4972 Domini
541 4917 850 4973 Narcissus
875 4917 1054 4973 divini
1081 4919 1235 4974 verbi
1269 4919 1616 4991 praedicator
1646 4936 1811 4992 egre—

176 5004 325 5075 gios,
353 5011 406 5061 et
452 5006 761 5063 sacerdotii
821 5006 1103 5080 dignitate
1157 5007 1536 5080 resplenduit,
1570 5010 1627 5063 et
1678 5025 1812 5063 cum

180 5090 461 5167 triumpho
494 5094 757 5167 martyrii
790 5095 985 5151 aulam
1026 5095 1276 5152 ccelestis
1316 5095 1483 5168 regni
1518 5095 1698 5152 victor
1726 5096 1813 5151 in-

176 5182 363 5248 travit,
391 5184 649 5256 primum
708 5183 947 5257 quidem
1006 5184 1412 5252 orientalibus,
1452 5190 1660 5257 postea
1719 5203 1812 5241 oc-

1921 4648 2013 4702 cui
2047 4652 2135 4702 est
2166 4664 2299 4703 cum
2335 4647 2499 4701 Patre
2520 4651 2577 4703 et
2595 4646 2815 4718 Spiritu
2835 4650 3035 4702 sancto
3058 4647 3251 4703 omnis
3271 4646 3423 4715 laus,
3452 4663 3580 4719 gra-

1918 4737 2130 4793 tiarum
2156 4735 2326 4803 actio,
2347 4740 2625 4807 potestas,
2643 4736 2850 4803 virtus,
2867 4735 3259 4791 etbenedictio
3281 4735 3341 4790 in
3364 4735 3579 4791 saacula

1921 4824 2290 4882 saeculorum.
2326 4826 2532 4879 Amen.
2560 4825 2774 4881 Passus
2806 4824 2917 4879 fuit
2947 4825 3155 4879 beatus
3187 4823 3494 4879 Narcissus
3515 4822 3574 4877 in

1923 4913 2169 4971 ecclesia
2198 4916 2256 4969 S.
2288 4912 2493 4969 Felicis
2525 4913 2944 4981 Gcrundensis,
2968 4929 3094 4984 quae
3123 4915 3264 4967 tunc
3294 4909 3577 4983 temporis

1924 5007 1982 5061 S.
2020 5002 2214 5060 Mariae
2247 5007 2409 5057 extra
2440 5019 2640 5059 muros
2673 5003 3008 5066 vocabatur,
3031 5017 3164 5056 cum
3194 5000 3437 5056 diacono
3469 5016 3577 5056 suo

1928 5094 2115 5152 Felice
2147 5110 2300 5148 anno
2333 5091 2560 5147 Domini
2592 5093 2697 5147 297
2730 5092 2789 5146 in
2822 5090 2947 5147 loco
2980 5090 3039 5145 in
3070 5106 3185 5161 quo
3220 5105 3375 5145 nunc
3399 5089 3578 5161 jacet,

1928 5201 2043 5256 quo
2075 5186 2198 5238 erat
2221 5180 2467 5238 ecclesia
2498 5179 2852 5237 cathedralis
2882 5183 3143 5252 tempore
3172 5177 3521 5237 inﬁdelium.
