3986 6164
447 293 572 358 sea
1423 291 1686 354 0mm
1726 290 2082 372 VICENSIS

965 1305 1305 1362 EPISTULA
1342 1307 1588 1362 PRIMA.

455 1411 758 1456 GAUCELINI
813 1410 1208 1450 BITURICENSIS
1258 1411 1690 1452 ARCHIEPISCOPI
1742 1413 1816 1451 AD
1865 1411 2096 1452 OLIVAM.

2129 288 2478 352 EPISCOPI
2523 288 2872 351 SCRIPTA.
3666 293 3768 358 ml}

1635 903 2025 994 OLIVJE
2087 901 2668 990 EPISTOLXE

2129 1307 2184 1376 Α
2217 1347 2230 1362 .
2268 1347 2280 1360 .
2318 1347 2330 1360 .
2369 1347 2382 1360 .
2418 1346 2432 1361 .
2468 1344 2482 1360 .
2515 1347 2528 1360 .
2564 1345 2577 1358 .
2613 1345 2627 1360 .
2661 1303 2895 1378 negotia
2933 1301 3164 1376 judices
3217 1301 3538 1367 statuimus,
3567 1305 3783 1374 pactum-

2211 1411 2324 1467 que
2353 1393 2514 1466 pacis
2543 1393 2716 1450 dicto.
2753 1435 2765 1448 .
2805 1435 2818 1448 .
2855 1433 2868 1448 .
2906 1435 2920 1448 .
2953 1434 2968 1448 .
2999 1431 3014 1448 .
3055 1435 3068 1446 .
3107 1434 3120 1448 .
3149 1391 3334 1464 parati
3383 1391 3452 1446 ad
3497 1389 3782 1457 ﬁniendum,

1091 1481 1266 1555 (Anno
1296 1484 1478 1552 1020.)

527 1589 960 1662 Omnipotentis
992 1589 1094 1646 Dei
1123 1589 1443 1647 Clementia
1473 1591 2025 1663 G.archiepiscopus
2048 1594 2106 1646 et

458 1676 642 1734 abbas
670 1676 936 1748 ejusdem
962 1676 1204 1733 honoris
1234 1677 1424 1750 gratia
1446 1677 1762 1736 sublimato
1791 1679 2006 1736 domno
2035 1679 2100 1734 Ο.

457 1765 781 1839 plurimum
809 1765 1018 1822 salutis
1049 1776 1285 1824 m‘unus.
2084 1773 2090 1778 ’

527 1855 746 1911 Vestra
769 1855 1127 1928 praeconium
1170 1855 1520 1922 sanctitatis,
1552 1861 1659 1914 etc.
1685 1858 1915 1930 Reliqua
1943 1857 2106 1912 habes

457 1951 598 2002 temo
643 1946 975 2016 Palrologz’a’z
1020 1946 1164 2015 CXL,
1199 1947 1256 2001 in
1297 1947 1646 2015 GAUCELINO,
1677 1946 1748 2002 ad
1774 1964 1910 2002 ann.
1946 1945 2102 2002 1029.

1055 2057 1400 2116 EPISTOLA
1441 2062 1508 2116 II.
1926 2123 1931 2130 ,

545 2163 726 2207 οιινλε
761 2167 833 2206 AD
872 2165 1230 2204 GAUCELINUM
1268 2166 1532 2205 ARCHIEP.
1574 2167 2018 2208 BITURICENSEM.

532 2255 860 2310 Gaucsnmo
892 2260 1103 2310 sanctae
1125 2255 1327 2328 primae
1345 2257 1500 2314 sedis
1520 2257 1900 2314 Bituricensis
1923 2257 2109 2314 archi-

461 2343 735 2416 episcopo
764 2344 1116 2414 venerando,
1153 2345 1496 2418 cunctisque
1529 2347 1681 2404 beati
1720 2349 1903 2421 patris
1929 2348 2107 2404 Bene-

463 2429 604 2488 dicti
634 2431 1021 2488 Floriacensis
1045 2433 1305 2489 coenobio
1329 2435 1698 2508 degentibus,
1723 2436 1954 2509 pusillis
1975 2453 2108 2492 cum

463 2518 810 2593 majoribus,
842 2520 909 2577 Ο.
941 2525 1158 2578 sanctae
1186 2523 1547 2580 Ausonensis
1573 2523 1839 2581 Ecclesiae
1873 2524 2106 2599 praesul,

464 2609 603 2666 licet
629 2609 931 2684 indignus,
965 2614 1022 2666 et
1051 2611 1254 2678 abbas,
1285 2629 1602 2686 secumque
1630 2615 2112 2690 degenscongre-

467 2699 624 2774 gatio
655 2699 993 2770 cuncta,pie
1019 2698 1077 2754 in
1109 2699 1336 2756 Christo
1364 2702 1692 2759 viventibus
1723 2704 1922 2760 omnia
1939 2705 2112 2760 bona.

537 2787 768 2845 Gratias
798 2787 1029 2862 agimus
1073 2793 1277 2845 vestrae
1323 2793 1661 2847 veneranda
1695 2793 2026 2864 paternitati
2057 2797 2115 2849 et

471 2876 890 2956 amantissimae
902 2876 1194 2946 charitati,
1215 2879 1491 2952 quoniam
1509 2883 1794 2938 etnostris
1815 2881 2116 2939 doloribus

469 2963 878 3036 condoluistis,
893 2969 950 3022 et
978 2971 1042 3021 ut
1072 2971 1270 3042 patres
1301 2967 1436 3026 ﬁliis
1467 2970 1758 3044 compassi
1791 2971 2027 3040 estis,et
2043 2971 2114 3027 de

469 3053 954 3132 tanto-terrarum
983 3055 1173 3128 spatio
1214 3057 1398 3113 nostri
1442 3075 1730 3116 memores
1760 3060 1918 3129 facti,
1949 3059 2114 3116 valde

471 3139 892 3222 consolatorias
919 3143 1144 3202 litteras
1175 3145 1490 3204 direxistis.
1515 3149 1896 3222 Suscepimus
1918 3153 2114 3204 autem

469 3219 602 3291 illas
627 3249 758 3308 cum
783 3231 970 3290 multo
996 3233 1171 3290 vestri
1192 3235 1502 3304 desiderio,
1525 3241 1580 3293 et
1604 3219 1884 3294 consolati
1907 3255 2116 3296 sumus

469 3333 586 3378 non
647 3321 876 3378 modice
929 3322 1256 3398 relegendo.
1288 3325 1508 3380 Nostrae
1565 3343 1698 3382 vero
1752 3331 1886 3399 post
1931 3327 2114 3384 Deum

471 3409 706 3470 summa
735 3410 1152 3467 consolationis
1171 3412 1293 3468 haec
1315 3418 1422 3481 est,
1443 3415 1490 3469 si
1513 3416 1642 3486 ejus
1663 3416 1922 3472 animam
1950 3417 2115 3474 vobis

470 3485 700 3557 Christo
731 3498 954 3572 placeat
979 3501 1390 3558 commendare
1414 3521 1426 3571 ;
1453 3485 1654 3575 quam,
1677 3504 1830 3561 sicut
1849 3507 2114 3562 omnium

469 3591 760 3654 nostrum,
782 3597 920 3644 cum
947 3587 1048 3644 illo
1079 3589 1351 3662 cupimus
1372 3608 1524 3649 esse.
1557 3593 1952 3667 Omnipotenti
1976 3613 2116 3667 quo-

471 3691 584 3749 que
615 3676 862 3733 Domino
891 3693 995 3732 vos
1025 3681 1505 3737 commendantes
1524 3683 1732 3738 vestris
1752 3684 2117 3743 orationibus

471 3782 578 3826 nos
607 3766 1055 3835 committimus,
1077 3771 1310 3824 orantes
1332 3773 1397 3825 ut
1420 3787 1566 3842 quos
1596 3771 1820 3828 dirimit
1849 3773 1920 3828 ab
1950 3774 2116 3831 alter-

469 3856 600 3912 utro
621 3851 784 3912 lacus
803 3854 862 3911 in
884 3870 947 3913 se
967 3855 1342 3914 indivisibilis
1364 3859 1694 3930 perenniter
1704 3861 1919 3935 jungat
1943 3867 2112 3936 Deus.

1053 3973 1396 4030 EPISTOLA
1434 3973 1528 4030 Ill.

677 4077 937 4118 ΕδυδυεΜ
971 4079 1044 4118 ΑΒ
1093 4079 1398 4120 MONACHOS
1435 4081 1898 4124 RIVIPULLEN‘SES.

1025 4152 1215 4224 (Circa
1243 4169 1336 4208 an.
1374 4153 1554 4224 1023.)

534 4256 710 4314 ΟιῐνΑ
756 4263 970 4315 sanctae
1015 4259 1377 4316 Ausonensis
1415 4259 1684 4316 Ecclesiae
1712 4263 1944 4335 praesul,
1976 4264 2112 4322 licet

462 4343 764 4419 indignus,
795 4350 854 4403 et
891 4347 1096 4415 abbas,
1127 4347 1400 4404 universo
1457 4349 1630 4405 coetui
1688 4353 1951 4408 coenobio
2009 4355 2105 4409 Dei

462 4433 776 4490 Ge‘nitrieis
795 4437 1187 4492 commanenti
1211 4436 1598 4495 desiderabile
1616 4440 1923 4511 praemium
1945 4442 2110 4498 coele-

462 4521 574 4580 stia
602 4521 788 4596 regni.

534 4609 688 4668 Dum
716 4614 922 4668 vestrae
962 4613 1236 4668 nuntium
1269 4613 1541 4671 sanitatis
1572 4615 1739 4674 laetus
1772 4619 1969 4688 audio,
2000 4620 2108 4676 hoc

461 4701 551 4756 et
578 4699 733 4771 quod
765 4713 998 4772 semper
1025 4707 1250 4774 exopto.
1285 4703 1500 4760 Scitote
1527 4709 1724 4762 autem
1773 4725 1867 4764 me
1899 4709 2107 4765 simili-

460 4787 572 4846 bus
602 4787 878 4846 obiectari
909 4790 1204 4864 vestrique
1248 4807 1566 4848 memorem
1599 4794 1932 4867 gratissime
1961 4799 2104 4857 ﬁeri.

459 4881 537 4937 De
580 4878 1015 4950 constructione
1062 4896 1219 4945 vero,
1253 4897 1380 4952 quae
1437 4881 1775 4954 scripsistis,
1817 4886 2106 4958 parietum

459 4969 520 5022 et.
535 4983 722 5038 capsas
743 4972 1204 5037 ceterarumque
1229 4986 1444 5038 rerum,
1471 4987 1540 5026 ex
1561 4973 1734 5027 vestri
1758 4980 1918 5046 parte
1948 4976 2105 5034 haud

460 5052 606 5110 mihi
627 5071 796 5113 secus
824 5056 1098 5114 videntur
1126 5075 1191 5114 ac
1219 5059 1393 5124 bona,
1417 5076 1551 5115 cum
1585 5059 1702 5116 sint
1730 5063 1981 5134 piissimi
2004 5065 2106 5123 Dei

461 5141 798 5215 gratissima
825 5145 998 5202 dona.
1013 5146 1094 5204 De
1122 5146 1491 5205 absolutione
1521 5165 1752 5222 quoque
1781 5152 2030 5210 Witardi
2051 5161 2108 5211 et

460 5229 866 5287 emendatione
897 5233 1083 5304 ipsius
1113 5237 1340 5292 conﬁdo
1364 5237 1422 5292 in
1445 5237 1608 5292 vobis
1633 5243 1765 5310 post
1788 5240 2103 5298 Dominum

458 5318 686 5386 Jesum,
717 5319 1000 5394 vobisque
1029 5324 1330 5380 committo
1361 5329 1418 5381 et
1439 5326 1610 5397 juxta
1639 5327 1782 5383 velle
1809 5329 2026 5387 solvere
2049 5338 2105 5389 et

460 5423 564 5480 pro
612 5423 782 5479 posse
829 5409 1137 5482 corrigere.
1168 5411 1352 5484 Igitur
1381 5431 1508 5480 nos,
1541 5419 1851 5488 postquam
1883 5437 1918 5474 a
1942 5421 2104 5478 vobis

457 5497 836 5566 excessimus,
853 5499 1006 5555 inter
1034 5504 1238 5556 caetera
1257 5518 1385 5573 quae
1408 5503 1721 5574 gessimus,
1749 5507 1896 5564 inter
1917 5511 2102 5565 archi-

457 5583 798 5658 episcopum
845 5591 903 5644 et
953 5587 1350 5646 vicecomitem
1403 5591 1840 5653 Narbonensem
1886 5598 1959 5654 ad
1991 5599 2103 5656 diri

2210 1499 2462 1555 cumque
2485 1481 2850 1555 praestolatur
2869 1482 3052 1553 hujus
3072 1497 3252 1538 causa
3267 1476 3688 1547 facti,comitissa
3700 1480 3786 1536 itu-

2210 1572 2472 1628 tenensis
2491 1571 2716 1628 venerit
2740 1573 2814 1628 ad
2837 1571 3182 1628 solvendum
3197 1567 3788 1627 .Conventioneminter

2213 1679 2282 1718 ea
2336 1660 2601 1735 colligavi
2668 1661 2820 1718 inter
2883 1660 3212 1718 Wifredum
3278 1661 3336 1715 et
3381 1655 3704 1715 Willelmum
3744 1662 3790 1714 et

2213 1751 2474 1824 Ugonem
2506 1751 2770 1806 comites.
2805 1751 2922 1806 Hac
2946 1747 3317 1806 hebdomada
3344 1744 3789 1820 conjungentur,si

2214 1839 2360 1896 forte
2389 1839 2570 1896 tantis
2597 1838 2774 1896 malis
2815 1838 2994 1896 ﬁnem
3045 1837 3348 1910 imponere
3391 1833 3674 1892 valeamus.
3715 1833 3792 1890 His

2214 1941 2351 2002 ergo
2380 1932 2438 1986 et
2461 1928 2592 1985 aliis
2621 1927 3010 2002 praeoccupati
3041 1926 3314 2000 negotiis,
3345 1923 3689 1998 regressionis
3712 1939 3794 1978 no-

2217 2022 2348 2074 strae
2389 2017 2544 2073 diem
2594 2017 2760 2074 vobis
2808 2017 3090 2073 mandare
3132 2013 3466 2088 nequimus,
3495 2017 3727 2086 rogantes
3749 2015 3798 2066 ut

2215 2107 2428 2162 horum
2459 2123 2586 2179 quae
2616 2107 2770 2163 circa
2786 2123 2888 2162 vos
2905 2109 3045 2162 sunt
3058 2105 3276 2161 vestris
3297 2099 3796 2176 quantociuslitteris

2216 2194 2433 2252 conscii
2466 2211 2570 2267 per
2595 2195 2794 2252 omnia
2823 2196 3032 2252 simus.
3066 2193 3352 2250 Praeterea
3402 2205 3596 2264 cycnos
3633 2192 3683 2244 et
3720 2204 3795 2260 ga-

2215 2284 2510 2351 viancum,
2534 2284 2772 2342 delicias
2797 2283 3044 2351 domini,
3067 2298 3250 2356 quam
3283 2281 3526 2338 maxime
3543 2275 3795 2342 custodite;

2217 2377 2275 2430 et
2303 2373 2588 2446 quidquid
2619 2373 2738 2430 illis
2783 2373 3011 2430 adversi
3057 2369 3355 2437 acciderit,
3387 2371 3483 2424 aut
3506 2365 3629 2423 boni
3653 2361 3796 2420 conti-

2218 2461 2385 2536 gerit,
2419 2463 2695 2518 continuo
2725 2461 2934 2518 litteris
2965 2463 3286 2534 praenotate
3309 2475 3324 2527 ;
3351 2460 3415 2514 ut
3443 2459 3536 2512 aut
3562 2451 3798 2526 praepetis

2219 2549 2598 2617 collaetemur,
2627 2555 2728 2606 aut
2775 2549 3034 2606 adversis
3089 2547 3440 2604 efﬁciamur.
3470 2543 3612 2615 Euge
3647 2543 3796 2595 autem

2221 2639 2501 2711 quoniam
2530 2643 2620 2695 est
2642 2640 2813 2694 nobis
2841 2643 2898 2694 et
2926 2655 3092 2710 grus,
3123 2653 3256 2709 quae
3307 2635 3430 2706 jam
3486 2629 3667 2687 didicit
3699 2643 3802 2684 aera

2223 2727 2472 2784 saltibus
2503 2727 2818 2805 pervolare,
2851 2726 3034 2784 asinis
3061 2731 3120 2782 et
3151 2722 3346 2798 porcis
3390 2719 3576 2778 oculos
3623 2731 3799 2780 eruere,

2222 2799 2715 2890 videturquexjam
2739 2817 2927 2890 capite
2955 2817 3288 2886 rubescere,
3310 2810 3510 2886 pennis
3537 2808 3803 2880 nigrescere

2223 2911 2282 2962 et
2309 2923 2447 2964 voce
2476 2905 2928 2978 clarescere;ch
2939 2923 3007 2962 us
3037 2905 3220 2962 tantis
3250 2897 3698 2976 prosperitatibus
3722 2909 3798 2948 vos

2224 2997 2493 3052 convenit
2523 2996 2904 3069 congaudcre.
2940 2995 3090 3052 Bene
3128 2993 3340 3050 valete.

2809 3099 3158 3157 EPISTOLA
3201 3098 3294 3155 IV.

2437 3205 2694 3248 EJUSDEM
2731 3207 2804 3246 AD
2843 3206 3090 3246 SANCIUM
3129 3205 3410 3245 ΝΑνΑιιωε
3445 3199 3638 3241 REGI-1M.

2854 3280 3030 3354 (Anno
3059 3279 3250 3348 1023.)

2297 3366 2638 3425 Orthodoxai
2668 3368 2800 3424 ﬁdei
2832 3367 3041 3424 cultori
3073 3366 3390 3440 magniﬁco
3411 3365 3612 3420 domno
3643 3358 3804 3414 SANGIO

2225 3457 2344 3530 regi
2377 3458 2822 3530 gloriosissimo,
2855 3457 3146 3512 universis
3175 3455 3454 3512 laudibus
3493 3443 3802 3524 praeferendo,

2225 3547 2399 3604 Omva
2429 3552 2644 3604 sanctze
2671 3545 3032 3603 Ausonensis
3061 3545 3332 3601 Ecclesia:
3363 3537 3566 3630 praesul
3593 3541 3642 3630 et
3665 3532 3806 3630 abibas

2224 3635 2359 3692 licet
2374 3636 2672 3710 indignus,
2688 3650 3006 3713 secumque
3026 3649 3411 3690 commanens
3441 3627 3607 3685 divini
3631 3623 3805 3680 ordinis

2225 3729 2426 3794 emtas,
2461 3724 2655 3782 felices
2701 3723 3136 3796 triumphaliter
3177 3722 3272 3778 hic
3316 3718 3603 3794 possidere
3627 3722 3805 3769 succes-

2226 3831 2350 3882 sus,
2383 3820 2442 3870 et
2494 3831 2610 3870 non
2669 3795 2956 3870 ﬁniendos
3014 3811 3075 3868 in
3129 3811 3469 3868 coelestibus
3521 3795 3806 3861 aeternaliter

2225 3903 2473 3960 fructus.

2296 3993 2356 4049 Si
2385 3992 2741 4065 prosperitas
2769 3993 2973 4046 vestrae
3023 3985 3473 4062 magniﬁcentia:
3518 3977 3674 4039 divini
3705 3987 3805 4069 niu-

2143 4055 2186 4122 C
2225 4055 2405 4138 neris-
2433 4055 2910 4136 concessionibus
2961 4081 3403 4151 augmentatur,
3447 4069 3585 4130 nihil
3635 4058 3804 4164 nostris

2219 4170 2516 4226 mentibus
2546 4169 2860 4241 optabilius
2891 4169 3083 4224 inesse
3113 4163 3688 4246 probaturJ/erum‘sn
3707 4163 3804 4246 qut-

2219 4259 2474 4316 buslibet
2504 4257 2892 4314 incommodis
2925 4250 3480 4330 promovetur,nihil
3501 4244 3640 4322 quod
3659 4244 3806 4312 magis

2220 4347 2496 4404 nolumus
2525 4346 2836 4402 invenitur.
2869 4346 3112 4420 Agimus
3157 4349 3356 4401 autem
3391 4341 3806 4422 innutnm'tlal’i'.0

2218 4455 2390 4510 posse
2409 4437 2630 4511 gratias
2659 4417 3093 4508 omnipotentiae
3125 4432 3477 4501 Conditoris,
3501 4420 3684 4500 quisic
3708 4417 3806 4511 lati-

2217 4526 2482 4583 tudinem
2503 4526 2680 4582 vestri
2703 4525 2898 4581 cordis
2916 4523 3152 4580 vinculo
3164 4523 3258 4578 sui
3282 4514 3618 4602 constringit
3635 4516 3808 4602 αωίξςιε

2218 4619 2283 4672 ut
2305 4633 2432 4688 quae
2457 4614 2712 4671 maxima
2733 4617 2874 4670 sunt
2895 4628 3136 4686 operum
3164 4615 3516 4673 vestrorum,
3539 4601 3618 4658 vel
3639 4593 3805 4698 Inedia,

2218 4683 2340 4762 non
2365 4704 2599 4778 propria
2627 4707 2838 4776 sponte
2866 4683 3181 4775 peragatis,
3205 4701 3312 4756 sed
3342 4693 3656 4754 timentium
3675 4683 3806 4740 illum

2216 4793 2696 4860 consilia,horum
2717 4790 2988 4848 videlicet
3005 4790 3104 4863 qui
3128 4789 3302 4863 longe
3322 4791 3461 4845 sunt
3474 4787 3530 4840 et
3541 4778 3630 4872 qui
3647 4782 3804 4872 ΡῐςοΡθξ

2215 4881 2394 4956 regali
2421 4880 2657 4937 solertia
2687 4879 3070 4951 conquiratis.
3103 4877 3286 4934 Vobis
3316 4887 3546 4949 quoque
3573 4866 3806 4940 plurimas

2216 4970 2612 5044 impendimus
2633 4969 2826 5024 laudis
2843 4969 3120 5041 quoniam
3134 4980 3443 5040 nunquam
3463 4963 3698 5017 nostram
3709 4959 3808 5040 par:

2213 5061 2454 5117 vitatem
2506 5058 2795 5132 excipitis,
2829 5059 2930 5114 sed
2989 5059 3051 5112 in
3108 5051 3542 5116 benefaciendo,
3581 5049 3632 5100 et
3653 5047 3806 5132 qua!“

2217 5164 2498 5222 magnum
2531 5129 2752 5219 aliquid
2770 5145 3058 5204 exvestris
3090 5143 3340 5218 negotiis
3371 5129 3700 5226 consulendo

2215 5218 2469 5312 quiritis.
2485 5218 2783 5302 Quocirca
2804 5239 3034 5292 nostras
3055 5235 3282 5291 animas
3304 5233 3386 5288 ita
3411 5230 3592 5284 vestro
3618 5218 3805 5312 spiritui

2215 5299 2694 5398 conjunxistismt
2707 5341 2876 5380 nemo
2891 5329 3156 5381 nostrum
3179 5321 3292 5379 sibi
3307 5318 3620 5392 quidquam
3636 5299 3806 5361 melius

2133 5426 2184 5490 ι)
2213 5421 2370 5490 optet
2402 5414 2627 5472 evenire
2671 5431 2849 5486 quam
2907 5413 3090 5471 vobis.
3124 5411 3398 5466 Vidimus
3438 5399 3804 5497 boontempot'e

2211 5486 2493 5563 domuum
2536 5499 2812 5559 abbatem
2861 5503 3129 5560 Pontium
3173 5501 3412 5556 fratrem
3445 5497 3501 5550 et
3530 5486 3804 5586 ﬁlium-1:3:

2214 5603 2403 5654 stram
2449 5609 2583 5649 cum
2632 5591 2839 5650 Garcia
2897 5590 3239 5649 ﬁdelissimo
3281 5588 3497 5653 vestro,
3523 5573 3620 5650 qui
3670 5563 3806 5624 nobis

2144 2685 2192 2751 B
