4098 6164
230 284 357 347 661

1754 284 2192 350 EPISTOLJE.

3575 294 3742 363 ϐοῒ

228 416 566 477 retulerunt
595 415 946 474 mandatum
973 418 1031 472 et
1049 412 1479 473 sollicitudines
1500 415 1683 474 animi
1706 416 1903 475 vestri.
1935 419 1992 488 Α
2021 438 2127 495 per
2155 421 2263 479 hoc
2295 386 2653 494 contineant,
2679 425 2803 485 haec
2834 427 2907 485 ab
2939 426 3063 487 illis
3094 428 3167 486 ad
3198 431 3468 503 posteros
3513 433 3696 492 missa

299 513 362 567 2.
394 509 583 582 Igitur
611 507 684 563 de
712 506 848 572 hoc,
881 506 1039 562 unde
1070 504 1290 579 placuit
1322 510 1530 562 vestrae
1576 507 1913 564 celsitudini

229 602 507 656 nostram
540 595 840 669 inquirere
870 594 1237 667 parvitatem,
1272 595 1568 668 quidquid
1602 597 1813 654 melius
1846 616 1915 655 ex

225 686 367 761 lege
391 692 451 744 et
481 685 806 761 prophetis,
839 684 931 742 vel
963 684 1039 743 de
1062 684 1283 741 caeteris
1332 685 1550 742 divinis
1594 686 1915 760 Scripturis

226 775 515 850 colligere
544 774 876 849 potuimus,
904 774 1115 831 vestris
1145 773 1453 830 obtutibus
1486 774 1737 847 dirigere
1786 779 1916 831 stu-

227 866 503 922 duimus.
538 864 756 932 Quanti
788 880 928 938 ergo
960 864 1038 919 sit
1066 862 1332 919 criminis
1364 864 1661 938 conjugali
1686 864 1915 921 vinculo

226 956 540 1030 proximos
571 954 933 1027 conjungere
962 952 1264 1027 sanguinis
1313 952 1407 1009 lex
1453 953 1680 1009 Veteris
1711 955 1915 1010 Testa-

228 1045 424 1101 menti
455 1043 1130 1117 pronuntiat,prophetze
1161 1041 1692 1114 clamant,apostoli
1716 1047 1916 1099 osten-

229 1134 733 1207 dunt,sanctique
762 1137 900 1205 post
928 1131 1059 1188 illos
1089 1132 1288 1188 Patres
1320 1131 1446 1188 suis
1495 1132 1916 1188 dictaminibus

226 1223 518 1281 innuunt.
537 1223 610 1278 Et
640 1222 800 1295 quod
830 1221 1006 1277 veteri
1040 1220 1161 1293 lege
1183 1222 1504 1276 damnatur
1530 1238 1565 1276 a
1595 1220 1915 1293 prophetis,

228 1314 287 1370 id
319 1312 529 1385 ipsum
563 1308 943 1367 interdicitur
969 1311 1041 1367 ab
1072 1310 1378 1383 apostolis;
1406 1310 1845 1377 contradicitur,
1861 1317 1919 1367 et

229 1420 263 1458 a
287 1401 527 1458 czeteris
561 1400 948 1474 postmodum
977 1400 1179 1455 divinis
1212 1398 1468 1455 scientiae
1514 1399 1917 1473 cognitoribus

227 1489 1038 1547 anathematizatur.Clamat
1068 1488 1320 1560 denique
1344 1488 1628 1544 Dominus
1660 1489 1783 1560 ipse
1814 1507 1921 1562 per

228 1582 499 1653 Moysen:
530 1579 593 1635 in
617 1579 774 1635 libro
803 1578 1053 1635 Levitico
1082 1596 1095 1634 :
1120 1579 1308 1634 Omnis
1338 1577 1496 1634 homo
1516 1577 1586 1633 ad
1599 1580 1919 1650 proximam

225 1673 322 1727 sui
366 1670 676 1741 sanguinis
720 1685 835 1725 non
883 1667 1143 1734 accedat,‘
1169 1671 1231 1722 ut
1277 1666 1473 1723 revelet
1519 1667 1918 1739 turpitudinem

226 1761 369 1831 ejus.
405 1758 724 1815 Subinfert
754 1773 989 1829 quoque
1035 1760 1170 1828 post
1215 1771 1403 1829 pauca
1442 1759 1502 1811 et
1545 1756 1687 1811 dicit
1734 1772 1745 1810 :
1782 1758 1919 1813 Cum

228 1864 404 1906 uxore
423 1848 688 1921 proximi
718 1848 808 1902 tui
836 1862 942 1901 uon
966 1847 1262 1910 coibis,nec
1283 1846 1513 1901 seminis
1541 1847 1919 1902 commistione

226 1938 625 1994 maculaberis.
656 1936 805 1992 Item
836 1933 897 1991 in
929 1935 1131 1991 eodem
1156 1952 1168 1990 :
1196 1933 1383 1990 Omnis
1414 1935 1607 1989 anima
1626 1949 1749 2007 qum
1766 1937 1916 2007 fece-

231 2029 308 2083 rit
360 2026 435 2083 de
463 2024 992 2082 abominationibus
1042 2022 1349 2095 quidpiam,
1376 2023 1583 2095 peribit
1629 2024 1695 2079 de
1739 2025 1916 2081 medio

228 2118 427 2190 pepuli
452 2115 731 2171 sui.Item
765 2118 903 2185 post
930 2111 1240 2185 paululum
1278 2111 1337 2167 in
1361 2112 1921 2181 eodeszuicoierit

231 2221 359 2262 cum
385 2221 568 2261 uxore
593 2205 815 2275 patrui,
827 2203 908 2258 vel
935 2202 1202 2257 avunculi
1229 2202 1394 2269 sui,et
1437 2202 1754 2258 revelaverit
1798 2212 1915 2259 tur-

232 2294 549 2368 pitudinem
581 2294 727 2366 ejus,
756 2292 1057 2364 portabunt
1085 2291 1244 2346 ambo
1274 2291 1621 2362 iniquitatem
1658 2308 1834 2357 suam,
1867 2301 1919 2348 et

236 2385 438 2456 absque
518 2382 719 2439 liberis
777 2379 1261 2435 morient-ur.ltcm
1321 2378 1583 2435 Ezechiel
1636 2381 1919 2453 propheta

239 2473 381 2529 dicit
412 2474 486 2529 de
516 2472 633 2528 hoc
666 2470 825 2525 inter
855 2473 1063 2525 caetera
1097 2486 1111 2524 :
1150 2470 1212 2524 Si
1238 2471 1488 2541 genuerit
1536 2468 1691 2525 homo
1738 2471 1920 2541 ﬁlium

233 2565 576 2632 sanguinem
607 2560 1004 2633 effundentem,
1038 2566 1089 2614 ct
1120 2574 1349 2614 uxorem
1371 2558 1620 2630 proximi
1665 2561 1756 2614 sui
1798 2561 1922 2631 pol-

236 2653 505 2717 luentem,
539 2648 810 2720 nunquid
841 2650 1016 2703 vivet?
1045 2648 1172 2702 Non
1218 2646 1388 2702 vivet.
1420 2647 1483 2701 In
1534 2651 1768 2717 peccato
1814 2665 1919 2704 suo

236 2742 393 2814 quod
430 2743 721 2812 operatus
770 2741 863 2792 est
907 2737 967 2791 in
1018 2736 1148 2808 ipso
1199 2736 1498 2790 morietur.
1533 2733 1919 2804 Ilinc,itcrum

235 2830 384 2886 Osee
416 2827 713 2900 propheta
744 2823 1009 2897 loquitur
1038 2824 1190 2879 inter
1220 2822 1366 2879 alia:
1393 2825 1919 2891 Malcdictum,mcn-

238 2920 488 2985 daeium,
524 2916 915 2979 homicidium,
949 2923 1001 2971 et
1028 2918 1245 2986 furtum
1296 2919 1348 2969 et
1390 2915 1724 2970 adulterium
1755 2919 1919 2972 inun-

235 3010 537 3073 daverant,
570 3013 627 3062 et
652 3006 882 3077 sanguis
930 3006 1261 3073 sanguinem
1314 3005 1515 3071 tetigit.
1550 3006 1775 3076 Propter
1824 3007 1921 3060 hoc

236 3097 631 3171 inﬁrmabitur
658 3104 809 3152 terra
839 3101 890 3149 et
917 3096 1097 3149 omnis
1127 3094 1225 3165 qui
1253 3094 1464 3148 habitat
1483 3094 1543 3147 in
1567 3110 1631 3148 ea
1663 3096 1721 3149 in
1754 3096 1920 3151 bestia

2023 512 2451 571 demonstrant.
2485 516 2566 573 De
2597 516 2857 587 incestis,
2892 534 2965 575 ex
2998 518 3244 576 concilio
3270 519 3575 593 IIerdensi,
3608 540 3698 582 ca-

2024 601 2208 673 pitulo
2237 603 2379 660 Iulli
2412 605 2512 677 qui
2543 622 2606 660 se
2637 605 2843 662 incesti
2874 607 3207 680 pollutione
3238 613 3695 683 commaculant,

2025 691 2243 764 quique
2275 692 2335 747 in
2366 693 2474 750 hoc
2506 695 2852 753 detestando
2885 698 3278 755 contubernio
3302 710 3698 775 perseverant,

2025 796 2160 835 cum
2190 781 2352 837 nullo
2384 782 2849 844 Christianorum
2898 787 3106 843 cibum
3156 796 3418 847 sumant.
3452 793 3594 850 Item
3629 796 3701 852 de

2024 868 2140 938 his,
2176 871 2273 943 qui
2306 872 2588 943 proximis
2620 891 2683 930 se
2712 876 3186 950 conjungunt,ex
3208 880 3454 937 concilio
3476 883 3702 941 Toleta-

2026 960 2384 1032 no,capitulo
2405 962 2697 1020 5:Nullus
2729 965 2998 1021 fidelium
3032 967 3427 1041 propinquam
3460 975 3698 1046 sangui-

2026 1048 2119 1103 nis
2150 1050 2239 1104 sui
2274 1050 2333 1104 in
2359 1051 2731 1110 matrimonio
2755 1055 2871 1110 sibi
2904 1055 3183 1128 copulet;
3220 1060 3373 1130 quod
3406 1059 3456 1115 si
3479 1060 3695 1131 fecerit,

2027 1140 2189 1192 tanto
2222 1141 2479 1211 tempore
2511 1158 2544 1196 a
2574 1141 2785 1199 Christi
2809 1160 3059 1216 corpore
3089 1148 3147 1201 et
3178 1146 3428 1205 fraterno
3459 1166 3697 1209 consor-

2025 1225 2106 1281 tio
2137 1228 2676 1287 excommunicatus
2698 1232 2913 1287 existat
2936 1238 3160 1306 quanto
3178 1235 3480 1295 fueritista
3506 1246 3699 1298 conta-

2025 1313 2196 1387 gione
2228 1315 2661 1388 pollutus.ltem
2695 1337 2763 1376 ex
2794 1323 3069 1378 concidio
3100 1326 3416 1397 Agathensi
3438 1331 3694 1402 capitulo

2027 1405 2097 1459 12
2128 1422 2141 1460 :
2176 1410 2251 1460 De
2280 1405 2517 1463 incestis
2556 1414 2613 1465 et
2638 1410 3057 1480 junctionibus
3088 1413 3231 1469 nihil
3257 1433 3498 1487 prorsus
3513 1420 3691 1476 veniae

2026 1496 2535 1563 reservamus,nisi
2566 1514 2703 1554 cum
2737 1499 3101 1558 adulterium
3128 1504 3492 1576 separatione
3522 1524 3694 1564 sana-

2025 1581 2233 1638 verint.
2267 1583 2528 1643 Incestos
2557 1603 2692 1643 vero
2726 1588 3006 1657 dicimus,
3042 1592 3145 1664 qui
3193 1592 3455 1650 relictam
3500 1596 3695 1654 fratris

2028 1688 2268 1729 uxorem
2300 1675 2628 1746 acceperint
2674 1682 2777 1733 aut
2825 1679 3027 1737 fratris
3080 1689 3561 1754 germanam,aut
3591 1703 3691 1743 no-

2026 1766 2390 1828 vercam,aut
2421 1765 2968 1833 consobrinam,aut
2988 1768 3060 1825 de
3093 1769 3329 1843 propria
3348 1774 3694 1845 cognatione

2027 1864 2218 1920 usque
2239 1848 2296 1903 in
2320 1851 2632 1923 septimam
2657 1856 3231 1929 generationem,aut
3261 1876 3499 1917 uxorem
3518 1880 3695 1919 avun-

2028 1934 2144 1992 culi
2175 1937 2265 1993 vel
2296 1938 2477 1995 filiam
2508 1941 2803 2010 avunculi,
2826 1944 2915 1999 vel
2949 1944 3132 2002 filiam
3165 1948 3355 2021 patrui
3388 1934 3491 2006 aut
3516 1951 3693 2023 privi-

2026 2042 2152 2098 gnae
2186 2028 2549 2100 suae,quibus
2580 2030 2857 2089 omnibus
2875 2034 3215 2106 conjunctio
3233 2036 3439 2093 illicita
3461 2038 3695 2097 interdi-

2027 2116 2352 2172 citur.Item
2382 2118 2695 2190 Gregorius
2726 2137 2879 2195 papa
2907 2125 3324 2183 sanctissimus
3353 2127 3412 2182 in
3450 2129 3694 2189 concilio

2030 2205 2293 2260 Romano
2327 2206 2408 2261 ait
2437 2207 2507 2261 de
2536 2206 2646 2262 hoc
2671 2207 2825 2264 inter
2854 2216 3063 2269 caetera
3095 2231 3108 2270 :
3144 2214 3205 2270 Si
3238 2214 3373 2287 quis
3399 2219 3694 2276 consobri-

2030 2310 2169 2348 nam
2221 2294 2451 2349 duxerit
2481 2293 2540 2349 in
2573 2296 2869 2370 conjugio,
2899 2305 3002 2355 aut
3050 2319 3291 2358 uxorem
3341 2304 3413 2360 de
3463 2308 3699 2381 propria

2031 2382 2491 2456 cognatione,vel
2523 2400 2704 2455 quam
2735 2392 3023 2459 cognatus
3054 2390 3266 2448 habuit
3297 2409 3486 2467 usque
3514 2394 3573 2453 in
3605 2414 3696 2455 se-

2030 2471 2276 2545 ptimam
2307 2471 2764 2545 generationem,
2801 2477 3117 2535 anathema
3149 2481 3250 2537 sit.
3283 2482 3352 2537 Et
3382 2487 3695 2558 responde-

2030 2565 2169 2616 runt
2197 2560 2366 2617 tertio
2399 2578 2603 2618 omnes
2626 2564 2723 2636 qui
2758 2571 2925 2621 erant
2955 2566 3013 2623 in
3046 2568 3295 2625 concilio
3333 2573 3698 2634 :Anathema

2030 2649 2124 2707 sit.

2102 2740 2152 2795 4.
2188 2739 2315 2795 IIrcc
2348 2739 2546 2810 itaque
2580 2747 2778 2810 sunt,o
2808 2745 2958 2802 bone
2988 2764 3088 2802 rex
3119 2752 3177 2802 et
3199 2745 3522 2809 clarissime
3546 2754 3698 2826 prin-

2029 2844 2187 2900 ceps,
2222 2827 2427 2883 incesti
2456 2830 2731 2885 connubii
2766 2833 3003 2889 damna.
3040 2836 3170 2891 Haec
3205 2837 3491 2898 divinitus
3522 2842 3699 2901 inter-

2030 2916 2198 2971 dicta:
2230 2916 2452 2989 copulae
2482 2918 2851 2988 detrimenta,
2888 2940 3064 2995 super
3102 2940 3230 2994 quas
3276 2928 3467 2986 multo
3517 2930 3696 2990 latius

2030 3009 2338 3060 auctorum
2386 3021 2701 3062 numerosa
2758 3026 3208 3082 congereremus
3254 3017 3541 3090 exempla,
3576 3021 3690 3079 nisi

2030 3110 2136 3149 nos
2168 3098 2224 3149 et
2254 3095 2504 3150 brevitas
2537 3097 2839 3170 temporis,
2885 3104 2941 3154 et
2992 3100 3337 3158 nuntiorum
3380 3114 3693 3179 properata

235 3166 382 3258 agri,
414 3194 468 3242 et
486 3186 714 3241 volucre
758 3184 902 3252 casti,
944 3190 998 3239 et
1042 3184 1104 3238 in
1147 3183 1391 3254 piscibus
1437 3183 1629 3270 maris.
1663 3183 1917 3256 Sanguis
1945 3166 1989 3233 C
2030 3183 2341 3254 regressio,
2376 3187 2431 3239 et
2460 3166 2766 3256 prolixitas
2796 3166 3008 3243 chartae
3062 3194 3337 3261 cogerent
3367 3166 3440 3249 ab
3467 3166 3699 3270 incepto

238 3276 463 3334 etenim
485 3273 847 3345 sanguinem
865 3271 1224 3345 tangit,dum
1250 3269 1665 3326 irrationabilis
1696 3271 1915 3344 copula:

237 3366 497 3440 profana
546 3361 885 3418 commistio
931 3360 1239 3433 sanguinis
1298 3359 1568 3415 afﬁnitati
1612 3377 1671 3416 se
1694 3362 1913 3434 jungit.

238 3461 422 3527 atque
463 3453 529 3508 in
562 3450 972 3508 fornicationis
1004 3450 1224 3506 nodum
1256 3448 1603 3506 connubiale
1630 3467 1914 3508 commer—

237 3545 405 3600 cium
450 3540 689 3598 transit.
743 3540 1062 3611 IIucusque
1110 3540 1182 3595 de
1230 3538 1541 3595 veteribus.
1575 3539 1914 3597 Christiana:

162 3674 165 3677 γ
240 3647 484 3706 quoque
508 3628 814 3702 religionis
847 3633 980 3700 post
999 3627 1299 3683 Christum
1320 3626 1626 3684 institutor
1643 3633 1699 3683 et
1716 3630 1918 3687 doctor

239 3719 553 3795 apostolus
574 3718 788 3774 Paulus
818 3716 1167 3789 hujusmodi
1188 3732 1374 3789 genus
1400 3717 1801 3773 fornicationis
1823 3720 1916 3776 de-

240 3816 499 3879 testans,
536 3810 599 3865 in
631 3807 889 3880 Epistola
921 3809 992 3863 ad
1025 3806 1357 3863 Corinthios
1401 3806 1589 3879 prima
1638 3807 1717 3863 ait
1765 3807 1916 3865 inter

240 3906 458 3955 cetera
509 3914 523 3952 :
576 3897 804 3953 Nescitis
848 3898 980 3967 quia
1025 3912 1253 3968 corpora
1299 3903 1469 3951 vestra
1514 3898 1758 3951 membra
1790 3906 1919 3953 sunt

241 3987 503 4045 Christi?
527 3987 738 4042 Totiens
766 4001 895 4055 ergo
922 3987 1169 4041 membra
1190 3985 1645 4055 ,Chrtstifacium
1670 3987 1915 4042 membra

237 4078 597 4134 meretricis?
640 4075 810 4131 Absit.
843 4076 928 4130 An
976 4076 1197 4131 nescitis
1243 4076 1504 4147 quoniam
1541 4076 1639 4146 qui
1668 4074 1915 4132 adhaeret

237 4166 549 4232 meretrici,
582 4181 756 4220 unum
784 4180 977 4236 corpus
1005 4162 1290 4235 efﬁcitur?
1323 4165 1515 4229 Erunt,
1548 4163 1762 4235 inquit,
1807 4164 1915 4221 duo

238 4258 299 4311 in
332 4271 505 4310 carne
532 4271 665 4309 una.
700 4253 806 4321 Qui
833 4260 1017 4308 autem
1045 4253 1290 4310 adlu'eret
1319 4257 1569 4317 Domzno,
1607 4268 1750 4307 unus
1798 4256 1911 4325 spi-

240 4347 398 4399 ritus
429 4347 673 4398 est.ltem
706 4342 763 4397 in
799 4342 1003 4397 eodem
1034 4340 1161 4397 loco
1196 4359 1209 4397 :
1243 4343 1429 4412 Fugite
1473 4342 1911 4412 fornicationem.

241 4433 428 4490 Omne
452 4440 728 4505 peccatum
759 4431 1116 4504 quodcunque
1162 4432 1353 4503 fecerit
1402 4431 1558 4486 homo
1599 4438 1757 4485 extra
1801 4447 1915 4487 cor-

2025 3270 2581 3329 desistere.0ramus
2604 3279 2800 3330 autem
2828 3293 2929 3331 vos
2955 3280 3011 3332 et
3041 3277 3421 3338 obsecramus
3450 3299 3552 3355 per
3580 3286 3691 3343 Do-

2024 3360 2253 3415 minum
2282 3360 2581 3427 Jesum,ut
2609 3363 2773 3419 omni
2821 3364 3264 3423 circumstantia
3310 3387 3414 3426 vos
3467 3374 3540 3429 ab
3590 3374 3685 3432 his

2022 3449 2392 3504 exsecrandis
2422 3450 2697 3523 operibus
2723 3453 3381 3529 custodiatis,nulloque
3414 3458 3693 3536 deinceps

2026 3537 2197 3594 modo
2215 3556 2524 3595 assensum
2547 3543 2670 3596 tam
2689 3543 2959 3599 nefandis
2976 3543 3184 3600 usibus
3212 3547 3698 3618 prtebeatis.0u0'

2025 3626 2182 3682 niam
2216 3627 2368 3684 sicut
2398 3629 2538 3683 dicit
2567 3629 2773 3687 beatus
2798 3631 3014 3688 Paulus
3046 3635 3349 3705 apostolus
3374 3654 3387 3692 :
3412 3640 3526 3709 Qui
3554 3643 3695 3698 talia

2021 3725 2193 3788 agunt
2222 3717 2383 3787 digni
2408 3723 2538 3773 sunt
2584 3728 2775 3787 morte,
2808 3737 2919 3776 non
2964 3723 3144 3778 solum
3190 3727 3288 3796 qui
3328 3728 3567 3797 faciunt,
3597 3733 3692 3789 sed

2022 3814 2074 3861 et
2105 3809 2203 3878 qui
2228 3809 2571 3863 consentiunt
2592 3810 2925 3880 facientibus

2092 3897 2146 3950 5.
2182 3896 2290 3951 Sed
2322 3897 2567 3952 fortasse
2616 3899 2770 3953 dicet
2818 3898 3032 3971 aliquis
3066 3916 3079 3955 :
3112 3901 3171 3957 Si
3206 3919 3304 3958 rex
3352 3904 3689 3977 imperatori

2024 3984 2241 4040 sororis
2272 3984 2612 4057 conjugium
2642 4003 2759 4042 non
2792 3988 3113 4059 negaverit,
3146 3994 3286 4046 tunc
3321 4009 3691 4064 perseveran-

2022 4074 2103 4128 tia
2135 4074 2292 4146 pacis
2321 4078 2377 4128 et
2407 4089 2768 4145 paganorum
2799 4075 3032 4144 deletio,
3068 4082 3126 4132 et
3177 4079 3562 4139 Ecclesiarum
3611 4088 3684 4142 ad

2021 4160 2207 4234 legem
2244 4162 2340 4217 Dei
2372 4178 2474 4234 per
2502 4180 2705 4217 omnss
2738 4163 2974 4219 illorum
2998 4168 3182 4223 terras
3207 4169 3547 4227 restituetur
3566 4190 3688 4231 cor-

2024 4252 2221 4307 rectio.
2256 4251 2417 4314 Quod
2451 4250 2499 4305 si
2531 4268 2647 4307 non
2680 4252 3067 4325 fecerit,pacis
3099 4255 3498 4325 dissidium,et
3526 4260 3684 4318 leva-

2025 4341 2104 4395 tio
2138 4357 2522 4411 paganorum,
2554 4345 2611 4395 et
2641 4342 3059 4398 detrimentum
3088 4343 3148 4399 in
3180 4345 3280 4401 Dei
3303 4345 3532 4420 legibus
3553 4367 3681 4423 per-

2023 4430 2309 4486 severabit
2337 4428 2752 4486 Ecclesiarum.
2785 4431 2948 4487 Vana
2980 4449 3223 4503 prorsus
3255 4440 3345 4492 est
3374 4437 3486 4494 ista
3525 4441 3682 4513 cogi-

238 4538 358 4595 pus
387 4528 482 4585 est,
516 4520 622 4589 Qui
652 4528 835 4575 autem
862 4521 1262 4590 fornicatur,in
1290 4534 1483 4591 corpus
1508 4534 1670 4574 suum
1705 4525 1910 4589 peccat.
1944 4538 1992 4602 D
2023 4520 2184 4587 tatio,
2220 4524 2275 4574 et
2305 4524 2368 4574 ut
2396 4519 2589 4575 verius
2623 4520 3045 4588 fatear,diaboli
3080 4523 3139 4579 in
3170 4525 3447 4583 cordibus
3470 4527 3679 4586 huma-

242 4608 402 4666 Hinc
421 4608 576 4664 idem
588 4608 903 4681 Apostolus
918 4608 976 4663 in
1000 4607 1257 4682 Epistula
1268 4608 1339 4662 ad
1358 4606 1912 4665 Thessalonicenses

243 4700 413 4755 inter
439 4697 553 4754 alia
583 4716 597 4753 :
632 4700 759 4756 Ha’c
805 4707 883 4753 est
926 4700 1076 4754 enim
1123 4698 1375 4754 voluntas
1419 4697 1519 4752 Dei
1553 4698 1912 4768 sanctiﬁcatio

242 4792 455 4855 vestra,
501 4794 563 4843 ut
614 4787 936 4843 abstineatis
982 4803 1071 4843 vos
1127 4803 1159 4841 a
1213 4786 1596 4858 fornicatione,
1658 4793 1717 4840 ut
1773 4788 1914 4842 sciat

243 4877 627 4949 unusquisque
654 4892 815 4931 suum
845 4893 936 4931 vas
963 4874 1234 4948 possidere
1277 4877 1339 4930 in
1384 4874 1817 4943 sanctiﬁcatione
1862 4884 1915 4932 et

247 4968 477 5031 hancre,
524 4982 635 5021 non
686 4967 746 5021 in
786 4966 1040 5037 passione
1084 4964 1362 5031 desiderii,
1412 4971 1555 5017 sicut
1624 4966 1677 5017 et
1731 4972 1911 5034 gentes

246 5069 379 5129 qua:
426 5056 682 5126 ignorant
724 5055 1032 5109 Dominum.
1074 5053 1143 5107 Et
1175 5056 1304 5124 post
1354 5067 1540 5123 pauca
1573 5069 1585 5106 :
1618 5055 1736 5108 Non
1763 5054 1912 5109 enim

248 5145 459 5200 vocavit
486 5158 584 5197 nos
617 5147 761 5198 Deus
792 5144 852 5197 in
883 5140 1313 5208 immunditiam,
1348 5140 1440 5195 sed
1490 5141 1548 5194 in
1596 5141 1904 5211 sancti/ica-

252 5236 473 5289 tionem.
497 5232 685 5303 Itaque
714 5232 811 5301 qui
835 5232 952 5288 hzec
979 5232 1209 5302 spernit,
1232 5246 1341 5285 non
1372 5230 1645 5285 hominem
1672 5231 1902 5299 spernit,

250 5322 342 5377 sed
373 5322 794 5393 Dominum,qui
818 5328 987 5376 etiam
1005 5319 1152 5376 dedit
1181 5318 1454 5391 Spiritum
1472 5322 1724 5374 sanctum
1742 5335 1905 5375 suum

256 5412 315 5464 in
338 5412 507 5466 vobis.

322 5500 375 5553 3.
405 5498 629 5555 Abhinc
659 5502 989 5571 sequuntur
1038 5497 1304 5570 exempla
1352 5514 1666 5565 canonum,
1719 5496 1820 5569 qui
1871 5516 1904 5555 a

256 5589 468 5646 sanctis
501 5587 769 5645 Patrihus
800 5587 995 5643 divino
1017 5586 1237 5661 Spiritu
1261 5585 1451 5659 plenis
1476 5585 1785 5660 editi,quid
1810 5604 1903 5644 su—

2024 4608 2116 4664 nis
2146 4608 2458 4676 immissio,
2490 4614 2547 4665 et
2576 4609 2649 4664 ab
2679 4609 2840 4665 omni
2871 4610 3137 4668 funditus
3166 4614 3388 4672 ratione
3417 4617 3680 4674 veritatis

2021 4698 2335 4754 absistens.
2369 4699 2683 4771 Nunquam
2711 4699 2868 4755 enim
2913 4716 2981 4755 ex
3029 4700 3437 4773 hujuscemodi
3471 4707 3682 4777 copula

2021 4802 2133 4858 pax
2160 4786 2463 4859 processit,
2498 4793 2598 4843 aut
2628 4804 2695 4842 ex
2725 4791 2845 4842 tam
2886 4787 3103 4844 incesto
3151 4790 3444 4847 connubio
3491 4793 3676 4848 divini

2020 4875 2214 4931 cultus
2237 4876 2517 4932 securitas
2537 4876 3116 4947 emanavit.Denique
3136 4877 3417 4949 Spiritum
3437 4884 3679 4943 sanctus

2019 4964 2290 5020 deridens
2321 4968 2441 5018 tam
2492 4962 2808 5018 stultorum
2859 4961 3183 5017 hominum.
3223 4964 3535 5037 cogitatus,
3569 4967 3671 5039 qui

2018 5052 2355 5109 existimant
2386 5052 2540 5123 quod
2573 5068 2641 5105 ex
2671 5050 3002 5105 istiusmodi
3037 5048 3241 5107 illicita
3270 5054 3676 5112 convenientia

2016 5141 2176 5215 pacis
2207 5140 2507 5213 proveniat
2535 5138 2977 5205 status,inducit
3001 5140 3146 5195 tales
3178 5141 3235 5195 in
3268 5143 3524 5213 quodam
3547 5142 3676 5201 loco

2014 5232 2318 5287 dicentes:
2354 5231 2638 5285 Faciamus
2665 5228 2836 5293 mala,
2889 5237 2949 5283 ut
2994 5231 3220 5285 veniant
3269 5232 3426 5287 bona.
3486 5233 3569 5287 An
3617 5239 3676 5290 et

2014 5320 2111 5375 isti
2143 5336 2257 5374 non
2292 5323 2433 5373 sunt
2464 5317 2675 5373 horum
2699 5315 2921 5373 similes
2942 5322 2997 5374 et
3020 5317 3306 5376 haereticis
3328 5321 3671 5393 coaequales,

2013 5410 2113 5481 qui
2130 5426 2197 5464 ex
2218 5407 2536 5480 sponsione
2560 5406 2737 5477 hujus
2755 5406 2972 5479 copula:
2990 5408 3355 5465 occasionem
3382 5410 3676 5466 subintro-

2011 5500 2236 5554 ducunt
2249 5496 2637 5568 adipiscendae
2653 5496 2815 5567 pacis
2830 5500 3005 5569 atque
3028 5498 3272 5568 justitiae
3286 5498 3673 5555 ?Audivimus

2011 5592 2206 5643 autem
2239 5590 2295 5641 et
2320 5585 2594 5641 credimus
2619 5589 2845 5658 propter
2896 5587 3036 5660 quod
3082 5596 3133 5644 et
3179 5589 3485 5662 loquimur.
3526 5588 3675 5652 Quo‘
