  <div class='ocr_page' id='page_1' title='image "/cluster/home/n/w/nwhite01/storage/ocr_20150623/142/hvd.32044054760020/308.png"; bbox 0 0 4098 6164; ppageno 0'>
   <div class='ocr_carea' id='block_1_1' title="bbox 173 286 281 348">
    <p class='ocr_par' dir='ltr' id='par_1_1' title="bbox 173 286 281 348">
     <span class='ocr_line' id='line_1_1' title="bbox 173 286 281 348; baseline -0.009 0"><span class='ocrx_word' id='word_1_1' title='bbox 173 286 281 348; x_wconf 83' lang='grc'><strong>605</strong></span> 
     </span>
    </p>
   </div>
   <div class='ocr_carea' id='block_1_2' title="bbox 1036 279 2731 345">
    <p class='ocr_par' dir='ltr' id='par_1_2' title="bbox 1036 279 2731 345">
     <span class='ocr_line' id='line_1_2' title="bbox 1036 279 2731 345; baseline -0.003 0"><span class='ocrx_word' id='word_1_2' title='bbox 1036 283 1137 345; x_wconf 87' lang='lat' dir='ltr'><strong>DE</strong></span> <span class='ocrx_word' id='word_1_3' title='bbox 1178 280 1599 345; x_wconf 71' lang='lat' dir='ltr'><strong>ECGLESI/E</strong></span> <span class='ocrx_word' id='word_1_4' title='bbox 1640 279 1993 344; x_wconf 86' lang='lat' dir='ltr'><strong>VICENSIS</strong></span> <span class='ocrx_word' id='word_1_5' title='bbox 2036 279 2731 344; x_wconf 79' lang='lat' dir='ltr'><strong>CONSECRATIONE.</strong></span> 
     </span>
    </p>
   </div>
   <div class='ocr_carea' id='block_1_3' title="bbox 3510 279 3633 344">
    <p class='ocr_par' dir='ltr' id='par_1_3' title="bbox 3510 279 3633 344">
     <span class='ocr_line' id='line_1_3' title="bbox 3510 279 3633 344; baseline 0 -1"><span class='ocrx_word' id='word_1_6' title='bbox 3510 279 3633 344; x_wconf 82' lang='lat'><strong>606</strong></span> 
     </span>
    </p>
   </div>
   <div class='ocr_carea' id='block_1_4' title="bbox 230 412 3633 491">
    <p class='ocr_par' dir='ltr' id='par_1_4' title="bbox 230 412 3633 491">
     <span class='ocr_line' id='line_1_4' title="bbox 230 412 3633 491; baseline -0.001 -15"><span class='ocrx_word' id='word_1_7' title='bbox 230 415 492 491; x_wconf 85' lang='lat' dir='ltr'><strong>Denique</strong></span> <span class='ocrx_word' id='word_1_8' title='bbox 517 414 592 483; x_wconf 90' lang='lat' dir='ltr'><strong>is,</strong></span> <span class='ocrx_word' id='word_1_9' title='bbox 617 414 689 473; x_wconf 89' lang='lat' dir='ltr'><strong>de</strong></span> <span class='ocrx_word' id='word_1_10' title='bbox 715 432 829 490; x_wconf 93' lang='lat' dir='ltr'><strong>quo</strong></span> <span class='ocrx_word' id='word_1_11' title='bbox 851 435 1026 491; x_wconf 84' lang='lat' dir='ltr'><strong>supra</strong></span> <span class='ocrx_word' id='word_1_12' title='bbox 1044 413 1386 485; x_wconf 84' lang='lat' dir='ltr'><strong>retulimus,</strong></span> <span class='ocrx_word' id='word_1_13' title='bbox 1416 415 1681 473; x_wconf 89' lang='lat' dir='ltr'><strong>domnus</strong></span> <span class='ocrx_word' id='word_1_14' title='bbox 1701 412 1832 471; x_wconf 89' lang='lat' dir='ltr'><strong>Gui-</strong></span> <span class='ocrx_word' id='word_1_15' title='bbox 1862 413 1916 481; x_wconf 82' lang='grc' dir='ltr'>Α</span> <span class='ocrx_word' id='word_1_16' title='bbox 1945 428 2151 484; x_wconf 90' lang='lat' dir='ltr'><strong>usque</strong></span> <span class='ocrx_word' id='word_1_17' title='bbox 2184 412 2244 469; x_wconf 91' lang='lat' dir='ltr'><strong>in</strong></span> <span class='ocrx_word' id='word_1_18' title='bbox 2279 414 2521 470; x_wconf 87' lang='lat' dir='ltr'><strong>ﬂuvium</strong></span> <span class='ocrx_word' id='word_1_19' title='bbox 2555 415 2754 483; x_wconf 86' lang='lat' dir='ltr'><strong>Teser,</strong></span> <span class='ocrx_word' id='word_1_20' title='bbox 2779 417 2839 470; x_wconf 90' lang='lat' dir='ltr'><strong>et</strong></span> <span class='ocrx_word' id='word_1_21' title='bbox 2868 415 3132 488; x_wconf 85' lang='lat' dir='ltr'><strong>pervenit</strong></span> <span class='ocrx_word' id='word_1_22' title='bbox 3158 432 3351 489; x_wconf 87' lang='lat' dir='ltr'><strong>usque</strong></span> <span class='ocrx_word' id='word_1_23' title='bbox 3373 414 3446 472; x_wconf 86' lang='lat' dir='ltr'><strong>ad</strong></span> <span class='ocrx_word' id='word_1_24' title='bbox 3471 412 3633 489; x_wconf 87' lang='lat' dir='ltr'><strong>plan-</strong></span> 
     </span>
    </p>
   </div>
   <div class='ocr_carea' id='block_1_5' title="bbox 165 504 1843 579">
    <p class='ocr_par' dir='ltr' id='par_1_5' title="bbox 165 504 1843 579">
     <span class='ocr_line' id='line_1_5' title="bbox 165 504 1843 579; baseline -0.002 -14"><span class='ocrx_word' id='word_1_25' title='bbox 165 509 365 565; x_wconf 86' lang='lat' dir='ltr'><strong>fredus</strong></span> <span class='ocrx_word' id='word_1_26' title='bbox 378 505 648 563; x_wconf 69' lang='lat' dir='ltr'><strong>Ecclesiae</strong></span> <span class='ocrx_word' id='word_1_27' title='bbox 664 507 917 563; x_wconf 78' lang='lat' dir='ltr'><strong>Nar‘ben.</strong></span> <span class='ocrx_word' id='word_1_28' title='bbox 933 504 1307 579; x_wconf 68' lang='lat' dir='ltr'><strong>archiprmsul</strong></span> <span class='ocrx_word' id='word_1_29' title='bbox 1320 504 1414 560; x_wconf 84' lang='lat' dir='ltr'><strong>exi</strong></span> <span class='ocrx_word' id='word_1_30' title='bbox 1426 506 1510 560; x_wconf 88' lang='lat' dir='ltr'><strong>mi</strong></span> <span class='ocrx_word' id='word_1_31' title='bbox 1522 510 1677 573; x_wconf 90' lang='lat' dir='ltr'><strong>us,et</strong></span> <span class='ocrx_word' id='word_1_32' title='bbox 1695 504 1843 561; x_wconf 91' lang='lat' dir='ltr'><strong>mul-</strong></span> 
     </span>
    </p>
   </div>
   <div class='ocr_carea' id='block_1_6' title="bbox 166 594 1845 667">
    <p class='ocr_par' dir='ltr' id='par_1_6' title="bbox 166 594 1845 667">
     <span class='ocr_line' id='line_1_6' title="bbox 166 594 1845 667; baseline -0.002 -14"><span class='ocrx_word' id='word_1_33' title='bbox 166 598 265 653; x_wconf 89' lang='lat' dir='ltr'><strong>tim</strong></span> <span class='ocrx_word' id='word_1_34' title='bbox 279 596 413 653; x_wconf 90' lang='lat' dir='ltr'><strong>edis</strong></span> <span class='ocrx_word' id='word_1_35' title='bbox 432 596 565 651; x_wconf 91' lang='lat' dir='ltr'><strong>laud</strong></span> <span class='ocrx_word' id='word_1_36' title='bbox 576 596 712 651; x_wconf 92' lang='lat' dir='ltr'><strong>ibus</strong></span> <span class='ocrx_word' id='word_1_37' title='bbox 726 596 1046 652; x_wconf 75' lang='lat' dir='ltr'><strong>efferendus</strong></span> <span class='ocrx_word' id='word_1_38' title='bbox 1064 594 1416 667; x_wconf 89' lang='lat' dir='ltr'><strong>pontiﬁcum</strong></span> <span class='ocrx_word' id='word_1_39' title='bbox 1432 595 1552 650; x_wconf 88' lang='lat' dir='ltr'><strong>sibi</strong></span> <span class='ocrx_word' id='word_1_40' title='bbox 1573 595 1845 650; x_wconf 87' lang='lat' dir='ltr'><strong>assisten-</strong></span> 
     </span>
    </p>
   </div>
   <div class='ocr_carea' id='block_1_7' title="bbox 167 681 1843 756">
    <p class='ocr_par' dir='ltr' id='par_1_7' title="bbox 167 681 1843 756">
     <span class='ocr_line' id='line_1_7' title="bbox 167 681 1843 756; baseline -0.001 -15"><span class='ocrx_word' id='word_1_41' title='bbox 167 687 326 742; x_wconf 89' lang='lat' dir='ltr'><strong>tium</strong></span> <span class='ocrx_word' id='word_1_42' title='bbox 355 685 591 751; x_wconf 91' lang='lat' dir='ltr'><strong>chorus,</strong></span> <span class='ocrx_word' id='word_1_43' title='bbox 607 685 888 756; x_wconf 63' lang='lat' dir='ltr'><strong>jucundae</strong></span> <span class='ocrx_word' id='word_1_44' title='bbox 908 683 1249 740; x_wconf 80' lang='lat' dir='ltr'><strong>celebritatis</strong></span> <span class='ocrx_word' id='word_1_45' title='bbox 1280 681 1581 739; x_wconf 79' lang='lat' dir='ltr'><strong>laudibus</strong></span> <span class='ocrx_word' id='word_1_46' title='bbox 1609 683 1843 756; x_wconf 88' lang='lat' dir='ltr'><strong>perpul-</strong></span> 
     </span>
    </p>
   </div>
   <div class='ocr_carea' id='block_1_8' title="bbox 171 771 1841 846">
    <p class='ocr_par' dir='ltr' id='par_1_8' title="bbox 171 771 1841 846">
     <span class='ocr_line' id='line_1_8' title="bbox 171 771 1841 846; baseline -0.002 -16"><span class='ocrx_word' id='word_1_47' title='bbox 171 774 324 831; x_wconf 75' lang='lat' dir='ltr'><strong>chrae</strong></span> <span class='ocrx_word' id='word_1_48' title='bbox 373 773 588 830; x_wconf 89' lang='lat' dir='ltr'><strong>salutis</strong></span> <span class='ocrx_word' id='word_1_49' title='bbox 634 773 936 846; x_wconf 87' lang='lat' dir='ltr'><strong>divinique</strong></span> <span class='ocrx_word' id='word_1_50' title='bbox 966 775 1371 829; x_wconf 82' lang='lat' dir='ltr'><strong>consummate</strong></span> <span class='ocrx_word' id='word_1_51' title='bbox 1400 771 1528 827; x_wconf 85' lang='lat' dir='ltr'><strong>ﬁne</strong></span> <span class='ocrx_word' id='word_1_52' title='bbox 1559 771 1841 845; x_wconf 81' lang='lat' dir='ltr'><strong>mysterii,</strong></span> 
     </span>
    </p>
   </div>
   <div class='ocr_carea' id='block_1_9' title="bbox 166 859 1845 919">
    <p class='ocr_par' dir='ltr' id='par_1_9' title="bbox 166 859 1845 919">
     <span class='ocr_line' id='line_1_9' title="bbox 166 859 1845 919; baseline -0.002 0"><span class='ocrx_word' id='word_1_53' title='bbox 166 864 320 919; x_wconf 87' lang='lat' dir='ltr'><strong>hanc</strong></span> <span class='ocrx_word' id='word_1_54' title='bbox 343 861 787 919; x_wconf 80' lang='lat' dir='ltr'><strong>constitutionis</strong></span> <span class='ocrx_word' id='word_1_55' title='bbox 819 862 1007 918; x_wconf 84' lang='lat' dir='ltr'><strong>dotem</strong></span> <span class='ocrx_word' id='word_1_56' title='bbox 1037 862 1219 917; x_wconf 89' lang='lat' dir='ltr'><strong>eidem</strong></span> <span class='ocrx_word' id='word_1_57' title='bbox 1259 859 1537 915; x_wconf 80' lang='lat' dir='ltr'><strong>ecclesiae</strong></span> <span class='ocrx_word' id='word_1_58' title='bbox 1581 860 1845 916; x_wconf 89' lang='lat' dir='ltr'><strong>contule-</strong></span> 
     </span>
    </p>
   </div>
   <div class='ocr_carea' id='block_1_10' title="bbox 166 949 1849 1025">
    <p class='ocr_par' dir='ltr' id='par_1_10' title="bbox 166 949 1849 1025">
     <span class='ocr_line' id='line_1_10' title="bbox 166 949 1849 1025; baseline -0.002 -16"><span class='ocrx_word' id='word_1_59' title='bbox 166 957 594 1025; x_wconf 87' lang='lat' dir='ltr'><strong>runt,eamque</strong></span> <span class='ocrx_word' id='word_1_60' title='bbox 611 955 895 1024; x_wconf 87' lang='lat' dir='ltr'><strong>perpetua</strong></span> <span class='ocrx_word' id='word_1_61' title='bbox 907 951 1028 1024; x_wconf 86' lang='lat' dir='ltr'><strong>lege</strong></span> <span class='ocrx_word' id='word_1_62' title='bbox 1041 949 1350 1006; x_wconf 84' lang='lat' dir='ltr'><strong>valituram</strong></span> <span class='ocrx_word' id='word_1_63' title='bbox 1370 949 1703 1021; x_wconf 88' lang='lat' dir='ltr'><strong>pontiﬁcali</strong></span> <span class='ocrx_word' id='word_1_64' title='bbox 1720 967 1849 1005; x_wconf 90' lang='lat' dir='ltr'><strong>cen-</strong></span> 
     </span>
    </p>
   </div>
   <div class='ocr_carea' id='block_1_11' title="bbox 176 1038 1847 1114">
    <p class='ocr_par' dir='ltr' id='par_1_11' title="bbox 176 1038 1847 1114">
     <span class='ocr_line' id='line_1_11' title="bbox 176 1038 1847 1114; baseline -0.002 -17"><span class='ocrx_word' id='word_1_65' title='bbox 176 1059 315 1097; x_wconf 83' lang='lat' dir='ltr'><strong>sura</strong></span> <span class='ocrx_word' id='word_1_66' title='bbox 345 1040 894 1114; x_wconf 84' lang='lat' dir='ltr'><strong>promulgaverunt.</strong></span> <span class='ocrx_word' id='word_1_67' title='bbox 920 1041 980 1095; x_wconf 89' lang='lat' dir='ltr'><strong>In</strong></span> <span class='ocrx_word' id='word_1_68' title='bbox 1011 1039 1237 1094; x_wconf 90' lang='lat' dir='ltr'><strong>nomine</strong></span> <span class='ocrx_word' id='word_1_69' title='bbox 1267 1038 1500 1093; x_wconf 87' lang='lat' dir='ltr'><strong>summi</strong></span> <span class='ocrx_word' id='word_1_70' title='bbox 1534 1042 1590 1092; x_wconf 89' lang='lat' dir='ltr'><strong>et</strong></span> <span class='ocrx_word' id='word_1_71' title='bbox 1621 1038 1847 1094; x_wconf 88' lang='lat' dir='ltr'><strong>incom-</strong></span> 
     </span>
    </p>
   </div>
   <div class='ocr_carea' id='block_1_12' title="bbox 166 1126 1851 1201">
    <p class='ocr_par' dir='ltr' id='par_1_12' title="bbox 166 1126 1851 1201">
     <span class='ocr_line' id='line_1_12' title="bbox 166 1126 1851 1201; baseline -0.002 -15"><span class='ocrx_word' id='word_1_72' title='bbox 166 1129 483 1186; x_wconf 80' lang='lat' dir='ltr'><strong>mutabilis</strong></span> <span class='ocrx_word' id='word_1_73' title='bbox 512 1127 615 1185; x_wconf 89' lang='lat' dir='ltr'><strong>Dei</strong></span> <span class='ocrx_word' id='word_1_74' title='bbox 655 1132 715 1184; x_wconf 89' lang='lat' dir='ltr'><strong>et</strong></span> <span class='ocrx_word' id='word_1_75' title='bbox 740 1127 1051 1200; x_wconf 83' lang='lat' dir='ltr'><strong>Salvateris</strong></span> <span class='ocrx_word' id='word_1_76' title='bbox 1089 1126 1266 1183; x_wconf 86' lang='lat' dir='ltr'><strong>nostri</strong></span> <span class='ocrx_word' id='word_1_77' title='bbox 1293 1126 1440 1183; x_wconf 87' lang='lat' dir='ltr'><strong>Jesu</strong></span> <span class='ocrx_word' id='word_1_78' title='bbox 1478 1126 1718 1195; x_wconf 84' lang='lat' dir='ltr'><strong>Christi,</strong></span> <span class='ocrx_word' id='word_1_79' title='bbox 1739 1144 1851 1201; x_wconf 86' lang='lat' dir='ltr'><strong>ego</strong></span> 
     </span>
    </p>
   </div>
   <div class='ocr_carea' id='block_1_13' title="bbox 169 1214 1851 1289">
    <p class='ocr_par' dir='ltr' id='par_1_13' title="bbox 169 1214 1851 1289">
     <span class='ocr_line' id='line_1_13' title="bbox 169 1214 1851 1289; baseline -0.002 -14"><span class='ocrx_word' id='word_1_80' title='bbox 169 1219 488 1275; x_wconf 84' lang='lat' dir='ltr'><strong>Guifredus</strong></span> <span class='ocrx_word' id='word_1_81' title='bbox 515 1217 721 1289; x_wconf 63' lang='lat' dir='ltr'><strong>primae</strong></span> <span class='ocrx_word' id='word_1_82' title='bbox 745 1217 905 1272; x_wconf 89' lang='lat' dir='ltr'><strong>sedis</strong></span> <span class='ocrx_word' id='word_1_83' title='bbox 924 1216 1311 1273; x_wconf 85' lang='lat' dir='ltr'><strong>Narbonensis</strong></span> <span class='ocrx_word' id='word_1_84' title='bbox 1334 1214 1851 1287; x_wconf 85' lang='lat' dir='ltr'><strong>archiepiscopus‘</strong></span> 
     </span>
    </p>
   </div>
   <div class='ocr_carea' id='block_1_14' title="bbox 174 1302 1864 1380">
    <p class='ocr_par' dir='ltr' id='par_1_14' title="bbox 174 1302 1864 1380">
     <span class='ocr_line' id='line_1_14' title="bbox 174 1302 1864 1380; baseline -0.004 -15"><span class='ocrx_word' id='word_1_85' title='bbox 174 1315 228 1365; x_wconf 90' lang='lat' dir='ltr'><strong>et</strong></span> <span class='ocrx_word' id='word_1_86' title='bbox 248 1308 419 1364; x_wconf 85' lang='lat' dir='ltr'><strong>Oliva</strong></span> <span class='ocrx_word' id='word_1_87' title='bbox 441 1306 705 1380; x_wconf 86' lang='lat' dir='ltr'><strong>pontifex</strong></span> <span class='ocrx_word' id='word_1_88' title='bbox 726 1306 1103 1373; x_wconf 81' lang='lat' dir='ltr'><strong>Ausonensis,</strong></span> <span class='ocrx_word' id='word_1_89' title='bbox 1119 1311 1171 1362; x_wconf 90' lang='lat' dir='ltr'><strong>et</strong></span> <span class='ocrx_word' id='word_1_90' title='bbox 1190 1303 1587 1377; x_wconf 86' lang='lat' dir='ltr'><strong>Berengarius</strong></span> <span class='ocrx_word' id='word_1_91' title='bbox 1606 1302 1864 1360; x_wconf 86' lang='lat' dir='ltr'><strong>Elenen-</strong></span> 
     </span>
    </p>
   </div>
   <div class='ocr_carea' id='block_1_15' title="bbox 166 1391 1872 1465">
    <p class='ocr_par' dir='ltr' id='par_1_15' title="bbox 166 1391 1872 1465">
     <span class='ocr_line' id='line_1_15' title="bbox 166 1391 1872 1465; baseline -0.003 -12"><span class='ocrx_word' id='word_1_92' title='bbox 166 1398 287 1465; x_wconf 81' lang='lat' dir='ltr'><strong>sis,</strong></span> <span class='ocrx_word' id='word_1_93' title='bbox 326 1402 384 1452; x_wconf 89' lang='lat' dir='ltr'><strong>et</strong></span> <span class='ocrx_word' id='word_1_94' title='bbox 429 1394 848 1453; x_wconf 89' lang='lat' dir='ltr'><strong>Guislabertus</strong></span> <span class='ocrx_word' id='word_1_95' title='bbox 894 1394 1401 1463; x_wconf 89' lang='lat' dir='ltr'><strong>Barchinonensis,</strong></span> <span class='ocrx_word' id='word_1_96' title='bbox 1445 1397 1503 1448; x_wconf 88' lang='lat' dir='ltr'><strong>et</strong></span> <span class='ocrx_word' id='word_1_97' title='bbox 1558 1391 1872 1448; x_wconf 88' lang='lat' dir='ltr'><strong>Eriballus</strong></span> 
     </span>
    </p>
   </div>
   <div class='ocr_carea' id='block_1_16' title="bbox 179 1481 1870 1559">
    <p class='ocr_par' dir='ltr' id='par_1_16' title="bbox 179 1481 1870 1559">
     <span class='ocr_line' id='line_1_16' title="bbox 179 1481 1870 1559; baseline -0.004 -16"><span class='ocrx_word' id='word_1_98' title='bbox 179 1485 568 1559; x_wconf 88' lang='lat' dir='ltr'><strong>Urgellensis,</strong></span> <span class='ocrx_word' id='word_1_99' title='bbox 584 1490 644 1540; x_wconf 89' lang='lat' dir='ltr'><strong>et</strong></span> <span class='ocrx_word' id='word_1_100' title='bbox 662 1484 981 1540; x_wconf 85' lang='lat' dir='ltr'><strong>Guifredus</strong></span> <span class='ocrx_word' id='word_1_101' title='bbox 997 1482 1502 1547; x_wconf 86' lang='lat' dir='ltr'><strong>Carcassonensis,</strong></span> <span class='ocrx_word' id='word_1_102' title='bbox 1516 1497 1634 1536; x_wconf 90' lang='lat' dir='ltr'><strong>uno</strong></span> <span class='ocrx_word' id='word_1_103' title='bbox 1649 1481 1870 1537; x_wconf 87' lang='lat' dir='ltr'><strong>animo</strong></span> 
     </span>
    </p>
   </div>
   <div class='ocr_carea' id='block_1_17' title="bbox 168 1571 1871 1630">
    <p class='ocr_par' dir='ltr' id='par_1_17' title="bbox 168 1571 1871 1630">
     <span class='ocr_line' id='line_1_17' title="bbox 168 1571 1871 1630; baseline -0.003 0"><span class='ocrx_word' id='word_1_104' title='bbox 168 1578 223 1630; x_wconf 86' lang='lat' dir='ltr'><strong>et</strong></span> <span class='ocrx_word' id='word_1_105' title='bbox 249 1573 522 1629; x_wconf 89' lang='lat' dir='ltr'><strong>indivisa</strong></span> <span class='ocrx_word' id='word_1_106' title='bbox 552 1572 852 1629; x_wconf 83' lang='lat' dir='ltr'><strong>sententia</strong></span> <span class='ocrx_word' id='word_1_107' title='bbox 882 1571 1053 1627; x_wconf 89' lang='lat' dir='ltr'><strong>simul</strong></span> <span class='ocrx_word' id='word_1_108' title='bbox 1088 1589 1292 1627; x_wconf 90' lang='lat' dir='ltr'><strong>omnes</strong></span> <span class='ocrx_word' id='word_1_109' title='bbox 1320 1572 1473 1627; x_wconf 88' lang='lat' dir='ltr'><strong>hanc</strong></span> <span class='ocrx_word' id='word_1_110' title='bbox 1505 1571 1699 1626; x_wconf 89' lang='lat' dir='ltr'><strong>dotem</strong></span> <span class='ocrx_word' id='word_1_111' title='bbox 1727 1587 1871 1626; x_wconf 86' lang='lat' dir='ltr'><strong>cer-</strong></span> 
     </span>
    </p>
   </div>
   <div class='ocr_carea' id='block_1_18' title="bbox 167 1658 1874 1720">
    <p class='ocr_par' dir='ltr' id='par_1_18' title="bbox 167 1658 1874 1720">
     <span class='ocr_line' id='line_1_18' title="bbox 167 1658 1874 1720; baseline -0.003 0"><span class='ocrx_word' id='word_1_112' title='bbox 167 1661 578 1720; x_wconf 84' lang='lat' dir='ltr'><strong>reborationis</strong></span> <span class='ocrx_word' id='word_1_113' title='bbox 606 1665 827 1716; x_wconf 70' lang='lat' dir='ltr'><strong>sanetae</strong></span> <span class='ocrx_word' id='word_1_114' title='bbox 848 1660 1019 1716; x_wconf 87' lang='lat' dir='ltr'><strong>matri</strong></span> <span class='ocrx_word' id='word_1_115' title='bbox 1044 1660 1301 1716; x_wconf 72' lang='lat' dir='ltr'><strong>ecclesizr.</strong></span> <span class='ocrx_word' id='word_1_116' title='bbox 1322 1658 1650 1716; x_wconf 89' lang='lat' dir='ltr'><strong>Ausenensi</strong></span> <span class='ocrx_word' id='word_1_117' title='bbox 1672 1658 1737 1713; x_wconf 87' lang='lat' dir='ltr'><strong>in</strong></span> <span class='ocrx_word' id='word_1_118' title='bbox 1768 1659 1874 1715; x_wconf 92' lang='lat' dir='ltr'><strong>ho-</strong></span> 
     </span>
    </p>
   </div>
   <div class='ocr_carea' id='block_1_19' title="bbox 168 1748 1867 1822">
    <p class='ocr_par' dir='ltr' id='par_1_19' title="bbox 168 1748 1867 1822">
     <span class='ocr_line' id='line_1_19' title="bbox 168 1748 1867 1822; baseline -0.002 -14"><span class='ocrx_word' id='word_1_119' title='bbox 168 1769 320 1808; x_wconf 88' lang='lat' dir='ltr'><strong>nore</strong></span> <span class='ocrx_word' id='word_1_120' title='bbox 350 1751 671 1806; x_wconf 82' lang='lat' dir='ltr'><strong>beatorum</strong></span> <span class='ocrx_word' id='word_1_121' title='bbox 705 1749 1106 1822; x_wconf 86' lang='lat' dir='ltr'><strong>apostolorum</strong></span> <span class='ocrx_word' id='word_1_122' title='bbox 1133 1750 1285 1806; x_wconf 89' lang='lat' dir='ltr'><strong>Petri</strong></span> <span class='ocrx_word' id='word_1_123' title='bbox 1317 1754 1373 1804; x_wconf 87' lang='lat' dir='ltr'><strong>et</strong></span> <span class='ocrx_word' id='word_1_124' title='bbox 1402 1748 1565 1804; x_wconf 87' lang='lat' dir='ltr'><strong>Pauli</strong></span> <span class='ocrx_word' id='word_1_125' title='bbox 1599 1749 1867 1805; x_wconf 71' lang='lat' dir='ltr'><strong>fundatae</strong></span> 
     </span>
    </p>
   </div>
   <div class='ocr_carea' id='block_1_20' title="bbox 169 1838 1865 1906">
    <p class='ocr_par' dir='ltr' id='par_1_20' title="bbox 169 1838 1865 1906">
     <span class='ocr_line' id='line_1_20' title="bbox 169 1838 1865 1906; baseline -0.002 -8"><span class='ocrx_word' id='word_1_126' title='bbox 169 1846 231 1898; x_wconf 85' lang='lat' dir='ltr'><strong>et</strong></span> <span class='ocrx_word' id='word_1_127' title='bbox 260 1844 624 1897; x_wconf 67' lang='lat' dir='ltr'><strong>consecratae</strong></span> <span class='ocrx_word' id='word_1_128' title='bbox 648 1838 1049 1906; x_wconf 86' lang='lat' dir='ltr'><strong>concedimus,</strong></span> <span class='ocrx_word' id='word_1_129' title='bbox 1065 1844 1123 1895; x_wconf 90' lang='lat' dir='ltr'><strong>et</strong></span> <span class='ocrx_word' id='word_1_130' title='bbox 1143 1839 1584 1906; x_wconf 89' lang='lat' dir='ltr'><strong>conﬁrmamus,</strong></span> <span class='ocrx_word' id='word_1_131' title='bbox 1613 1842 1669 1892; x_wconf 89' lang='lat' dir='ltr'><strong>et</strong></span> <span class='ocrx_word' id='word_1_132' title='bbox 1691 1844 1765 1893; x_wconf 90' lang='lat' dir='ltr'><strong>ut</strong></span> <span class='ocrx_word' id='word_1_133' title='bbox 1790 1839 1865 1894; x_wconf 89' lang='lat' dir='ltr'><strong>ir-</strong></span> 
     </span>
    </p>
   </div>
   <div class='ocr_carea' id='block_1_21' title="bbox 176 1925 1868 2003">
    <p class='ocr_par' dir='ltr' id='par_1_21' title="bbox 176 1925 1868 2003">
     <span class='ocr_line' id='line_1_21' title="bbox 176 1925 1868 2003; baseline -0.002 -16"><span class='ocrx_word' id='word_1_134' title='bbox 176 1928 517 2003; x_wconf 85' lang='lat' dir='ltr'><strong>refragabili</strong></span> <span class='ocrx_word' id='word_1_135' title='bbox 539 1928 700 2000; x_wconf 89' lang='lat' dir='ltr'><strong>juris</strong></span> <span class='ocrx_word' id='word_1_136' title='bbox 732 1928 1117 2000; x_wconf 81' lang='lat' dir='ltr'><strong>perpetuitate</strong></span> <span class='ocrx_word' id='word_1_137' title='bbox 1142 1925 1490 1982; x_wconf 89' lang='lat' dir='ltr'><strong>ineonvulsa</strong></span> <span class='ocrx_word' id='word_1_138' title='bbox 1516 1933 1868 1998; x_wconf 83' lang='lat' dir='ltr'><strong>permaneat</strong></span> 
     </span>
    </p>
   </div>
   <div class='ocr_carea' id='block_1_22' title="bbox 177 2014 1866 2083">
    <p class='ocr_par' dir='ltr' id='par_1_22' title="bbox 177 2014 1866 2083">
     <span class='ocr_line' id='line_1_22' title="bbox 177 2014 1866 2083; baseline -0.002 -8"><span class='ocrx_word' id='word_1_139' title='bbox 177 2020 298 2075; x_wconf 86' lang='lat' dir='ltr'><strong>sub</strong></span> <span class='ocrx_word' id='word_1_140' title='bbox 319 2017 505 2073; x_wconf 87' lang='lat' dir='ltr'><strong>divini</strong></span> <span class='ocrx_word' id='word_1_141' title='bbox 530 2016 796 2072; x_wconf 86' lang='lat' dir='ltr'><strong>nominis</strong></span> <span class='ocrx_word' id='word_1_142' title='bbox 815 2015 1221 2083; x_wconf 81' lang='lat' dir='ltr'><strong>obtestatione,</strong></span> <span class='ocrx_word' id='word_1_143' title='bbox 1237 2018 1291 2071; x_wconf 90' lang='lat' dir='ltr'><strong>et</strong></span> <span class='ocrx_word' id='word_1_144' title='bbox 1307 2015 1491 2071; x_wconf 89' lang='lat' dir='ltr'><strong>nostri</strong></span> <span class='ocrx_word' id='word_1_145' title='bbox 1510 2014 1740 2071; x_wconf 83' lang='lat' dir='ltr'><strong>ordinis</strong></span> <span class='ocrx_word' id='word_1_146' title='bbox 1764 2034 1866 2071; x_wconf 83' lang='lat' dir='ltr'><strong>au-</strong></span> 
     </span>
    </p>
   </div>
   <div class='ocr_carea' id='block_1_23' title="bbox 172 2102 1866 2176">
    <p class='ocr_par' dir='ltr' id='par_1_23' title="bbox 172 2102 1866 2176">
     <span class='ocr_line' id='line_1_23' title="bbox 172 2102 1866 2176; baseline -0.001 -12"><span class='ocrx_word' id='word_1_147' title='bbox 172 2108 449 2165; x_wconf 85' lang='lat' dir='ltr'><strong>ctoritate</strong></span> <span class='ocrx_word' id='word_1_148' title='bbox 466 2123 574 2161; x_wconf 90' lang='lat' dir='ltr'><strong>san</strong></span> <span class='ocrx_word' id='word_1_149' title='bbox 587 2104 805 2161; x_wconf 90' lang='lat' dir='ltr'><strong>cimus.</strong></span> <span class='ocrx_word' id='word_1_150' title='bbox 823 2105 881 2159; x_wconf 90' lang='lat' dir='ltr'><strong>In</strong></span> <span class='ocrx_word' id='word_1_151' title='bbox 904 2105 1109 2176; x_wconf 90' lang='lat' dir='ltr'><strong>primis</strong></span> <span class='ocrx_word' id='word_1_152' title='bbox 1128 2121 1256 2161; x_wconf 90' lang='lat' dir='ltr'><strong>eam</strong></span> <span class='ocrx_word' id='word_1_153' title='bbox 1267 2105 1398 2160; x_wconf 90' lang='lat' dir='ltr'><strong>dem</strong></span> <span class='ocrx_word' id='word_1_154' title='bbox 1416 2102 1724 2159; x_wconf 86' lang='lat' dir='ltr'><strong>ecclesiam</strong></span> <span class='ocrx_word' id='word_1_155' title='bbox 1749 2110 1866 2162; x_wconf 88' lang='lat' dir='ltr'><strong>sta-</strong></span> 
     </span>
    </p>
   </div>
   <div class='ocr_carea' id='block_1_24' title="bbox 172 2192 1863 2263">
    <p class='ocr_par' dir='ltr' id='par_1_24' title="bbox 172 2192 1863 2263">
     <span class='ocr_line' id='line_1_24' title="bbox 172 2192 1863 2263; baseline -0.001 -12"><span class='ocrx_word' id='word_1_156' title='bbox 172 2197 417 2251; x_wconf 89' lang='lat' dir='ltr'><strong>tuimus</strong></span> <span class='ocrx_word' id='word_1_157' title='bbox 438 2211 570 2250; x_wconf 90' lang='lat' dir='ltr'><strong>esse</strong></span> <span class='ocrx_word' id='word_1_158' title='bbox 596 2192 842 2249; x_wconf 90' lang='lat' dir='ltr'><strong>omnino</strong></span> <span class='ocrx_word' id='word_1_159' title='bbox 874 2192 1139 2259; x_wconf 88' lang='lat' dir='ltr'><strong>liberam,</strong></span> <span class='ocrx_word' id='word_1_160' title='bbox 1166 2209 1271 2247; x_wconf 91' lang='lat' dir='ltr'><strong>nec</strong></span> <span class='ocrx_word' id='word_1_161' title='bbox 1295 2192 1707 2263; x_wconf 83' lang='lat' dir='ltr'><strong>cujuscunque</strong></span> <span class='ocrx_word' id='word_1_162' title='bbox 1741 2210 1863 2249; x_wconf 87' lang='lat' dir='ltr'><strong>ser-</strong></span> 
     </span>
    </p>
   </div>
   <div class='ocr_carea' id='block_1_25' title="bbox 173 2280 1860 2356">
    <p class='ocr_par' dir='ltr' id='par_1_25' title="bbox 173 2280 1860 2356">
     <span class='ocr_line' id='line_1_25' title="bbox 173 2280 1860 2356; baseline -0.002 -17"><span class='ocrx_word' id='word_1_163' title='bbox 173 2284 308 2341; x_wconf 89' lang='lat' dir='ltr'><strong>vitii</strong></span> <span class='ocrx_word' id='word_1_164' title='bbox 338 2283 612 2356; x_wconf 85' lang='lat' dir='ltr'><strong>qualibet</strong></span> <span class='ocrx_word' id='word_1_165' title='bbox 641 2281 1014 2338; x_wconf 85' lang='lat' dir='ltr'><strong>exsecutione</strong></span> <span class='ocrx_word' id='word_1_166' title='bbox 1044 2280 1376 2337; x_wconf 83' lang='lat' dir='ltr'><strong>obnoxiam.</strong></span> <span class='ocrx_word' id='word_1_167' title='bbox 1410 2280 1629 2336; x_wconf 88' lang='lat' dir='ltr'><strong>Omnes</strong></span> <span class='ocrx_word' id='word_1_168' title='bbox 1672 2282 1860 2336; x_wconf 78' lang='lat' dir='ltr'><strong>eccle-</strong></span> 
     </span>
    </p>
   </div>
   <div class='ocr_carea' id='block_1_26' title="bbox 180 2367 1859 2443">
    <p class='ocr_par' dir='ltr' id='par_1_26' title="bbox 180 2367 1859 2443">
     <span class='ocr_line' id='line_1_26' title="bbox 180 2367 1859 2443; baseline -0.003 -13"><span class='ocrx_word' id='word_1_169' title='bbox 180 2374 330 2442; x_wconf 88' lang='lat' dir='ltr'><strong>sias,</strong></span> <span class='ocrx_word' id='word_1_170' title='bbox 353 2372 444 2427; x_wconf 85' lang='lat' dir='ltr'><strong>vel</strong></span> <span class='ocrx_word' id='word_1_171' title='bbox 472 2372 751 2427; x_wconf 90' lang='lat' dir='ltr'><strong>universa</strong></span> <span class='ocrx_word' id='word_1_172' title='bbox 775 2370 988 2443; x_wconf 75' lang='lat' dir='ltr'><strong>przedia</strong></span> <span class='ocrx_word' id='word_1_173' title='bbox 1009 2373 1464 2442; x_wconf 90' lang='lat' dir='ltr'><strong>quantacunque</strong></span> <span class='ocrx_word' id='word_1_174' title='bbox 1489 2367 1578 2424; x_wconf 92' lang='lat' dir='ltr'><strong>vel</strong></span> <span class='ocrx_word' id='word_1_175' title='bbox 1609 2368 1859 2425; x_wconf 85' lang='lat' dir='ltr'><strong>ubicun-</strong></span> 
     </span>
    </p>
   </div>
   <div class='ocr_carea' id='block_1_27' title="bbox 179 2457 1857 2537">
    <p class='ocr_par' dir='ltr' id='par_1_27' title="bbox 179 2457 1857 2537">
     <span class='ocr_line' id='line_1_27' title="bbox 179 2457 1857 2537; baseline -0.002 -19"><span class='ocrx_word' id='word_1_176' title='bbox 179 2478 306 2537; x_wconf 88' lang='lat' dir='ltr'><strong>que</strong></span> <span class='ocrx_word' id='word_1_177' title='bbox 328 2459 737 2534; x_wconf 88' lang='lat' dir='ltr'><strong>querumlibet</strong></span> <span class='ocrx_word' id='word_1_178' title='bbox 757 2458 1015 2515; x_wconf 85' lang='lat' dir='ltr'><strong>ﬁdelium</strong></span> <span class='ocrx_word' id='word_1_179' title='bbox 1052 2460 1204 2514; x_wconf 93' lang='lat' dir='ltr'><strong>dono</strong></span> <span class='ocrx_word' id='word_1_180' title='bbox 1231 2457 1341 2513; x_wconf 90' lang='lat' dir='ltr'><strong>sibi</strong></span> <span class='ocrx_word' id='word_1_181' title='bbox 1364 2459 1527 2528; x_wconf 87' lang='lat' dir='ltr'><strong>juste</strong></span> <span class='ocrx_word' id='word_1_182' title='bbox 1558 2473 1857 2527; x_wconf 90' lang='lat' dir='ltr'><strong>concessa,</strong></span> 
     </span>
    </p>
   </div>
   <div class='ocr_carea' id='block_1_28' title="bbox 177 2545 1863 2621">
    <p class='ocr_par' dir='ltr' id='par_1_28' title="bbox 177 2545 1863 2621">
     <span class='ocr_line' id='line_1_28' title="bbox 177 2545 1863 2621; baseline -0.003 -13"><span class='ocrx_word' id='word_1_183' title='bbox 177 2550 273 2608; x_wconf 85' lang='lat' dir='ltr'><strong>vel</strong></span> <span class='ocrx_word' id='word_1_184' title='bbox 300 2566 493 2621; x_wconf 86' lang='lat' dir='ltr'><strong>usque</strong></span> <span class='ocrx_word' id='word_1_185' title='bbox 519 2548 579 2603; x_wconf 90' lang='lat' dir='ltr'><strong>in</strong></span> <span class='ocrx_word' id='word_1_186' title='bbox 614 2552 961 2620; x_wconf 89' lang='lat' dir='ltr'><strong>perpetuum</strong></span> <span class='ocrx_word' id='word_1_187' title='bbox 985 2550 1149 2619; x_wconf 90' lang='lat' dir='ltr'><strong>juste</strong></span> <span class='ocrx_word' id='word_1_188' title='bbox 1169 2546 1540 2602; x_wconf 88' lang='lat' dir='ltr'><strong>concedenda</strong></span> <span class='ocrx_word' id='word_1_189' title='bbox 1567 2545 1745 2602; x_wconf 88' lang='lat' dir='ltr'><strong>libere</strong></span> <span class='ocrx_word' id='word_1_190' title='bbox 1777 2554 1863 2603; x_wconf 87' lang='lat' dir='ltr'><strong>te-</strong></span> 
     </span>
    </p>
   </div>
   <div class='ocr_carea' id='block_1_29' title="bbox 184 2634 1866 2708">
    <p class='ocr_par' dir='ltr' id='par_1_29' title="bbox 184 2634 1866 2708">
     <span class='ocr_line' id='line_1_29' title="bbox 184 2634 1866 2708; baseline -0.002 -12"><span class='ocrx_word' id='word_1_191' title='bbox 184 2645 353 2704; x_wconf 82' lang='lat' dir='ltr'><strong>neat,</strong></span> <span class='ocrx_word' id='word_1_192' title='bbox 376 2642 438 2694; x_wconf 89' lang='lat' dir='ltr'><strong>et</strong></span> <span class='ocrx_word' id='word_1_193' title='bbox 458 2654 664 2693; x_wconf 88' lang='lat' dir='ltr'><strong>secure</strong></span> <span class='ocrx_word' id='word_1_194' title='bbox 686 2636 1004 2708; x_wconf 84' lang='lat' dir='ltr'><strong>possideat,</strong></span> <span class='ocrx_word' id='word_1_195' title='bbox 1033 2653 1102 2692; x_wconf 88' lang='lat' dir='ltr'><strong>ea</strong></span> <span class='ocrx_word' id='word_1_196' title='bbox 1119 2634 1407 2704; x_wconf 89' lang='lat' dir='ltr'><strong>videlicet,</strong></span> <span class='ocrx_word' id='word_1_197' title='bbox 1429 2652 1557 2707; x_wconf 71' lang='lat' dir='ltr'><strong>qua:</strong></span> <span class='ocrx_word' id='word_1_198' title='bbox 1578 2634 1866 2692; x_wconf 88' lang='lat' dir='ltr'><strong>hactenus</strong></span> 
     </span>
    </p>
   </div>
   <div class='ocr_carea' id='block_1_30' title="bbox 188 2721 1871 2796">
    <p class='ocr_par' dir='ltr' id='par_1_30' title="bbox 188 2721 1871 2796">
     <span class='ocr_line' id='line_1_30' title="bbox 188 2721 1871 2796; baseline -0.004 -12"><span class='ocrx_word' id='word_1_199' title='bbox 188 2727 509 2794; x_wconf 66' lang='lat' dir='ltr'><strong>habuit,e,t</strong></span> <span class='ocrx_word' id='word_1_200' title='bbox 535 2742 692 2780; x_wconf 86' lang='lat' dir='ltr'><strong>nunc</strong></span> <span class='ocrx_word' id='word_1_201' title='bbox 718 2724 1003 2791; x_wconf 86' lang='lat' dir='ltr'><strong>habet,vel</strong></span> <span class='ocrx_word' id='word_1_202' title='bbox 1026 2723 1313 2796; x_wconf 89' lang='lat' dir='ltr'><strong>quidquid</strong></span> <span class='ocrx_word' id='word_1_203' title='bbox 1338 2724 1395 2777; x_wconf 86' lang='lat' dir='ltr'><strong>in</strong></span> <span class='ocrx_word' id='word_1_204' title='bbox 1421 2721 1695 2778; x_wconf 88' lang='lat' dir='ltr'><strong>omnibus</strong></span> <span class='ocrx_word' id='word_1_205' title='bbox 1718 2739 1871 2777; x_wconf 88' lang='lat' dir='ltr'><strong>mor-</strong></span> 
     </span>
    </p>
   </div>
   <div class='ocr_carea' id='block_1_31' title="bbox 178 2810 1871 2887">
    <p class='ocr_par' dir='ltr' id='par_1_31' title="bbox 178 2810 1871 2887">
     <span class='ocr_line' id='line_1_31' title="bbox 178 2810 1871 2887; baseline -0.004 -14"><span class='ocrx_word' id='word_1_206' title='bbox 178 2816 409 2873; x_wconf 83' lang='lat' dir='ltr'><strong>talium</strong></span> <span class='ocrx_word' id='word_1_207' title='bbox 434 2813 806 2887; x_wconf 84' lang='lat' dir='ltr'><strong>temporibus</strong></span> <span class='ocrx_word' id='word_1_208' title='bbox 827 2810 1120 2880; x_wconf 84' lang='lat' dir='ltr'><strong>habuerit,</strong></span> <span class='ocrx_word' id='word_1_209' title='bbox 1144 2811 1375 2867; x_wconf 87' lang='lat' dir='ltr'><strong>tertiam</strong></span> <span class='ocrx_word' id='word_1_210' title='bbox 1399 2815 1622 2884; x_wconf 90' lang='lat' dir='ltr'><strong>partem</strong></span> <span class='ocrx_word' id='word_1_211' title='bbox 1651 2812 1719 2867; x_wconf 91' lang='lat' dir='ltr'><strong>de</strong></span> <span class='ocrx_word' id='word_1_212' title='bbox 1744 2813 1871 2867; x_wconf 80' lang='lat' dir='ltr'><strong>red-</strong></span> 
     </span>
    </p>
   </div>
   <div class='ocr_carea' id='block_1_32' title="bbox 192 2900 1870 2971">
    <p class='ocr_par' dir='ltr' id='par_1_32' title="bbox 192 2900 1870 2971">
     <span class='ocr_line' id='line_1_32' title="bbox 192 2900 1870 2971; baseline -0.003 -10"><span class='ocrx_word' id='word_1_213' title='bbox 192 2906 432 2962; x_wconf 88' lang='lat' dir='ltr'><strong>ditibus</strong></span> <span class='ocrx_word' id='word_1_214' title='bbox 457 2900 966 2970; x_wconf 87' lang='lat' dir='ltr'><strong>ecclesiarum,vel</strong></span> <span class='ocrx_word' id='word_1_215' title='bbox 1000 2900 1301 2969; x_wconf 85' lang='lat' dir='ltr'><strong>silvarum,</strong></span> <span class='ocrx_word' id='word_1_216' title='bbox 1321 2904 1423 2955; x_wconf 90' lang='lat' dir='ltr'><strong>aut</strong></span> <span class='ocrx_word' id='word_1_217' title='bbox 1445 2900 1515 2955; x_wconf 91' lang='lat' dir='ltr'><strong>de</strong></span> <span class='ocrx_word' id='word_1_218' title='bbox 1538 2900 1741 2971; x_wconf 83' lang='lat' dir='ltr'><strong>pratis,</strong></span> <span class='ocrx_word' id='word_1_219' title='bbox 1769 2905 1870 2956; x_wconf 89' lang='lat' dir='ltr'><strong>aut</strong></span> 
     </span>
    </p>
   </div>
   <div class='ocr_carea' id='block_1_33' title="bbox 189 2988 1872 3064">
    <p class='ocr_par' dir='ltr' id='par_1_33' title="bbox 189 2988 1872 3064">
     <span class='ocr_line' id='line_1_33' title="bbox 189 2988 1872 3064; baseline -0.005 -12"><span class='ocrx_word' id='word_1_220' title='bbox 189 2993 436 3061; x_wconf 85' lang='lat' dir='ltr'><strong>eremis,</strong></span> <span class='ocrx_word' id='word_1_221' title='bbox 463 2993 586 3048; x_wconf 86' lang='lat' dir='ltr'><strong>sive</strong></span> <span class='ocrx_word' id='word_1_222' title='bbox 634 2990 959 3064; x_wconf 88' lang='lat' dir='ltr'><strong>raﬁgis,vel</strong></span> <span class='ocrx_word' id='word_1_223' title='bbox 1007 3007 1154 3062; x_wconf 90' lang='lat' dir='ltr'><strong>quos</strong></span> <span class='ocrx_word' id='word_1_224' title='bbox 1201 2988 1383 3061; x_wconf 88' lang='lat' dir='ltr'><strong>hujus</strong></span> <span class='ocrx_word' id='word_1_225' title='bbox 1428 2988 1630 3060; x_wconf 71' lang='lat' dir='ltr'><strong>patriae</strong></span> <span class='ocrx_word' id='word_1_226' title='bbox 1656 2989 1872 3062; x_wconf 90' lang='lat' dir='ltr'><strong>vulgus</strong></span> 
     </span>
    </p>
   </div>
   <div class='ocr_carea' id='block_1_34' title="bbox 198 3076 1873 3149">
    <p class='ocr_par' dir='ltr' id='par_1_34' title="bbox 198 3076 1873 3149">
     <span class='ocr_line' id='line_1_34' title="bbox 198 3076 1873 3149; baseline -0.004 -9"><span class='ocrx_word' id='word_1_227' title='bbox 198 3084 416 3140; x_wconf 84' lang='lat' dir='ltr'><strong>tertios</strong></span> <span class='ocrx_word' id='word_1_228' title='bbox 433 3080 706 3136; x_wconf 86' lang='lat' dir='ltr'><strong>absolute</strong></span> <span class='ocrx_word' id='word_1_229' title='bbox 725 3078 1423 3149; x_wconf 89' lang='lat' dir='ltr'><strong>vecat,quemadmedum</strong></span> <span class='ocrx_word' id='word_1_230' title='bbox 1446 3076 1751 3148; x_wconf 89' lang='lat' dir='ltr'><strong>hucusque</strong></span> <span class='ocrx_word' id='word_1_231' title='bbox 1772 3077 1873 3133; x_wconf 34' lang='lat' dir='ltr'><strong>has</strong></span> 
     </span>
    </p>
   </div>
   <div class='ocr_carea' id='block_1_35' title="bbox 1947 502 3633 575">
    <p class='ocr_par' dir='ltr' id='par_1_35' title="bbox 1947 502 3633 575">
     <span class='ocr_line' id='line_1_35' title="bbox 1947 502 3633 575; baseline 0.002 -19"><span class='ocrx_word' id='word_1_232' title='bbox 1947 502 2279 575; x_wconf 89' lang='lat' dir='ltr'><strong>tatios,qui</strong></span> <span class='ocrx_word' id='word_1_233' title='bbox 2311 503 2601 559; x_wconf 88' lang='lat' dir='ltr'><strong>terminus</strong></span> <span class='ocrx_word' id='word_1_234' title='bbox 2625 507 2713 558; x_wconf 88' lang='lat' dir='ltr'><strong>est</strong></span> <span class='ocrx_word' id='word_1_235' title='bbox 2745 504 2898 560; x_wconf 91' lang='lat' dir='ltr'><strong>inter</strong></span> <span class='ocrx_word' id='word_1_236' title='bbox 2915 506 3227 563; x_wconf 90' lang='lat' dir='ltr'><strong>Gerunden</strong></span> <span class='ocrx_word' id='word_1_237' title='bbox 3262 510 3318 563; x_wconf 91' lang='lat' dir='ltr'><strong>et</strong></span> <span class='ocrx_word' id='word_1_238' title='bbox 3346 505 3633 562; x_wconf 84' lang='lat' dir='ltr'><strong>terminos</strong></span> 
     </span>
    </p>
   </div>
   <div class='ocr_carea' id='block_1_36' title="bbox 1950 592 3634 668">
    <p class='ocr_par' dir='ltr' id='par_1_36' title="bbox 1950 592 3634 668">
     <span class='ocr_line' id='line_1_36' title="bbox 1950 592 3634 668; baseline 0.003 -23"><span class='ocrx_word' id='word_1_239' title='bbox 1950 592 2426 665; x_wconf 85' lang='lat' dir='ltr'><strong>Ausoris,usque</strong></span> <span class='ocrx_word' id='word_1_240' title='bbox 2446 593 2502 647; x_wconf 92' lang='lat' dir='ltr'><strong>in</strong></span> <span class='ocrx_word' id='word_1_241' title='bbox 2530 592 2720 647; x_wconf 89' lang='lat' dir='ltr'><strong>rivum</strong></span> <span class='ocrx_word' id='word_1_242' title='bbox 2738 594 3016 662; x_wconf 83' lang='lat' dir='ltr'><strong>Anseris;</strong></span> <span class='ocrx_word' id='word_1_243' title='bbox 3037 596 3379 652; x_wconf 89' lang='lat' dir='ltr'><strong>conscendit</strong></span> <span class='ocrx_word' id='word_1_244' title='bbox 3400 610 3634 668; x_wconf 90' lang='lat' dir='ltr'><strong>quoque</strong></span> 
     </span>
    </p>
   </div>
   <div class='ocr_carea' id='block_1_37' title="bbox 1950 681 3742 755">
    <p class='ocr_par' dir='ltr' id='par_1_37' title="bbox 1950 681 3742 755">
     <span class='ocr_line' id='line_1_37' title="bbox 1950 681 3742 755; baseline 0.003 -21"><span class='ocrx_word' id='word_1_245' title='bbox 1950 696 2060 752; x_wconf 91' lang='lat' dir='ltr'><strong>per</strong></span> <span class='ocrx_word' id='word_1_246' title='bbox 2092 681 2292 753; x_wconf 88' lang='lat' dir='ltr'><strong>ipsam</strong></span> <span class='ocrx_word' id='word_1_247' title='bbox 2323 683 2556 739; x_wconf 88' lang='lat' dir='ltr'><strong>Serram</strong></span> <span class='ocrx_word' id='word_1_248' title='bbox 2596 698 2786 755; x_wconf 90' lang='lat' dir='ltr'><strong>usque</strong></span> <span class='ocrx_word' id='word_1_249' title='bbox 2833 682 2895 739; x_wconf 90' lang='lat' dir='ltr'><strong>in</strong></span> <span class='ocrx_word' id='word_1_250' title='bbox 2945 684 3391 752; x_wconf 89' lang='lat' dir='ltr'><strong>Gerundellam;</strong></span> <span class='ocrx_word' id='word_1_251' title='bbox 3426 684 3637 741; x_wconf 87' lang='lat' dir='ltr'><strong>deinde</strong></span> <span class='ocrx_word' id='word_1_252' title='bbox 3740 749 3742 752; x_wconf 18' lang='grc' dir='ltr'>ν</span> 
     </span>
    </p>
   </div>
   <div class='ocr_carea' id='block_1_38' title="bbox 1953 770 3640 846">
    <p class='ocr_par' dir='ltr' id='par_1_38' title="bbox 1953 770 3640 846">
     <span class='ocr_line' id='line_1_38' title="bbox 1953 770 3640 846; baseline 0.002 -21"><span class='ocrx_word' id='word_1_253' title='bbox 1953 785 2061 841; x_wconf 88' lang='lat' dir='ltr'><strong>per</strong></span> <span class='ocrx_word' id='word_1_254' title='bbox 2108 770 2307 844; x_wconf 88' lang='lat' dir='ltr'><strong>ipsam</strong></span> <span class='ocrx_word' id='word_1_255' title='bbox 2337 772 2515 839; x_wconf 89' lang='lat' dir='ltr'><strong>viam,</strong></span> <span class='ocrx_word' id='word_1_256' title='bbox 2551 788 2679 843; x_wconf 67' lang='lat' dir='ltr'><strong>quae</strong></span> <span class='ocrx_word' id='word_1_257' title='bbox 2709 771 2868 828; x_wconf 89' lang='lat' dir='ltr'><strong>venit</strong></span> <span class='ocrx_word' id='word_1_258' title='bbox 2913 774 2988 829; x_wconf 90' lang='lat' dir='ltr'><strong>ad</strong></span> <span class='ocrx_word' id='word_1_259' title='bbox 3035 773 3257 829; x_wconf 90' lang='lat' dir='ltr'><strong>Bellam</strong></span> <span class='ocrx_word' id='word_1_260' title='bbox 3309 773 3549 846; x_wconf 73' lang='lat' dir='ltr'><strong>polla‘m,</strong></span> <span class='ocrx_word' id='word_1_261' title='bbox 3581 776 3640 829; x_wconf 89' lang='lat' dir='ltr'><strong>et</strong></span> 
     </span>
    </p>
   </div>
   <div class='ocr_carea' id='block_1_39' title="bbox 1954 861 3646 935">
    <p class='ocr_par' dir='ltr' id='par_1_39' title="bbox 1954 861 3646 935">
     <span class='ocr_line' id='line_1_39' title="bbox 1954 861 3646 935; baseline 0.001 -20"><span class='ocrx_word' id='word_1_262' title='bbox 1954 861 2334 933; x_wconf 84' lang='lat' dir='ltr'><strong>progrediter</strong></span> <span class='ocrx_word' id='word_1_263' title='bbox 2364 877 2554 933; x_wconf 88' lang='lat' dir='ltr'><strong>usque</strong></span> <span class='ocrx_word' id='word_1_264' title='bbox 2577 862 2648 917; x_wconf 85' lang='lat' dir='ltr'><strong>ad</strong></span> <span class='ocrx_word' id='word_1_265' title='bbox 2672 861 2978 931; x_wconf 89' lang='lat' dir='ltr'><strong>terminos,</strong></span> <span class='ocrx_word' id='word_1_266' title='bbox 3006 863 3105 935; x_wconf 89' lang='lat' dir='ltr'><strong>qui</strong></span> <span class='ocrx_word' id='word_1_267' title='bbox 3133 866 3273 919; x_wconf 89' lang='lat' dir='ltr'><strong>sunt</strong></span> <span class='ocrx_word' id='word_1_268' title='bbox 3298 863 3450 919; x_wconf 88' lang='lat' dir='ltr'><strong>inter</strong></span> <span class='ocrx_word' id='word_1_269' title='bbox 3467 863 3646 919; x_wconf 72' lang='lat' dir='ltr'><strong>Joan~</strong></span> 
     </span>
    </p>
   </div>
   <div class='ocr_carea' id='block_1_40' title="bbox 1957 949 3642 1023">
    <p class='ocr_par' dir='ltr' id='par_1_40' title="bbox 1957 949 3642 1023">
     <span class='ocr_line' id='line_1_40' title="bbox 1957 949 3642 1023; baseline 0.002 -19"><span class='ocrx_word' id='word_1_270' title='bbox 1957 953 2061 1005; x_wconf 86' lang='lat' dir='ltr'><strong>net</strong></span> <span class='ocrx_word' id='word_1_271' title='bbox 2092 954 2155 1005; x_wconf 86' lang='lat' dir='ltr'><strong>et</strong></span> <span class='ocrx_word' id='word_1_272' title='bbox 2183 949 2377 1023; x_wconf 89' lang='lat' dir='ltr'><strong>ipsam</strong></span> <span class='ocrx_word' id='word_1_273' title='bbox 2423 949 2701 1017; x_wconf 89' lang='lat' dir='ltr'><strong>Elzetam,</strong></span> <span class='ocrx_word' id='word_1_274' title='bbox 2724 955 2782 1006; x_wconf 90' lang='lat' dir='ltr'><strong>et</strong></span> <span class='ocrx_word' id='word_1_275' title='bbox 2808 953 2970 1008; x_wconf 87' lang='lat' dir='ltr'><strong>venit</strong></span> <span class='ocrx_word' id='word_1_276' title='bbox 3002 952 3059 1008; x_wconf 93' lang='lat' dir='ltr'><strong>in</strong></span> <span class='ocrx_word' id='word_1_277' title='bbox 3094 952 3315 1008; x_wconf 86' lang='lat' dir='ltr'><strong>finibus</strong></span> <span class='ocrx_word' id='word_1_278' title='bbox 3358 950 3642 1018; x_wconf 70' lang='lat' dir='ltr'><strong>Arbutiaa,</strong></span> 
     </span>
    </p>
   </div>
   <div class='ocr_carea' id='block_1_41' title="bbox 1960 1039 3644 1114">
    <p class='ocr_par' dir='ltr' id='par_1_41' title="bbox 1960 1039 3644 1114">
     <span class='ocr_line' id='line_1_41' title="bbox 1960 1039 3644 1114; baseline 0.001 -21"><span class='ocrx_word' id='word_1_279' title='bbox 1960 1044 2019 1093; x_wconf 90' lang='lat' dir='ltr'><strong>et</strong></span> <span class='ocrx_word' id='word_1_280' title='bbox 2048 1039 2193 1094; x_wconf 91' lang='lat' dir='ltr'><strong>inde</strong></span> <span class='ocrx_word' id='word_1_281' title='bbox 2220 1039 2525 1095; x_wconf 81' lang='lat' dir='ltr'><strong>descendit</strong></span> <span class='ocrx_word' id='word_1_282' title='bbox 2573 1055 2763 1112; x_wconf 87' lang='lat' dir='ltr'><strong>usque</strong></span> <span class='ocrx_word' id='word_1_283' title='bbox 2809 1042 2882 1097; x_wconf 89' lang='lat' dir='ltr'><strong>ad</strong></span> <span class='ocrx_word' id='word_1_284' title='bbox 2933 1058 3216 1098; x_wconf 86' lang='lat' dir='ltr'><strong>cacumen</strong></span> <span class='ocrx_word' id='word_1_285' title='bbox 3267 1040 3506 1109; x_wconf 91' lang='lat' dir='ltr'><strong>montis,</strong></span> <span class='ocrx_word' id='word_1_286' title='bbox 3543 1040 3644 1114; x_wconf 92' lang='lat' dir='ltr'><strong>qui</strong></span> 
     </span>
    </p>
   </div>
   <div class='ocr_carea' id='block_1_42' title="bbox 1963 1126 3647 1204">
    <p class='ocr_par' dir='ltr' id='par_1_42' title="bbox 1963 1126 3647 1204">
     <span class='ocr_line' id='line_1_42' title="bbox 1963 1126 3647 1204; baseline 0.002 -22"><span class='ocrx_word' id='word_1_287' title='bbox 1963 1126 2189 1183; x_wconf 88' lang='lat' dir='ltr'><strong>dicitur</strong></span> <span class='ocrx_word' id='word_1_288' title='bbox 2219 1129 2380 1195; x_wconf 90' lang='lat' dir='ltr'><strong>Sera,</strong></span> <span class='ocrx_word' id='word_1_289' title='bbox 2406 1132 2465 1184; x_wconf 88' lang='lat' dir='ltr'><strong>et</strong></span> <span class='ocrx_word' id='word_1_290' title='bbox 2503 1145 2693 1200; x_wconf 89' lang='lat' dir='ltr'><strong>usque</strong></span> <span class='ocrx_word' id='word_1_291' title='bbox 2742 1130 2816 1185; x_wconf 88' lang='lat' dir='ltr'><strong>ad</strong></span> <span class='ocrx_word' id='word_1_292' title='bbox 2865 1129 3052 1199; x_wconf 90' lang='lat' dir='ltr'><strong>Calm,</strong></span> <span class='ocrx_word' id='word_1_293' title='bbox 3077 1148 3207 1204; x_wconf 63' lang='lat' dir='ltr'><strong>quae</strong></span> <span class='ocrx_word' id='word_1_294' title='bbox 3239 1130 3458 1187; x_wconf 91' lang='lat' dir='ltr'><strong>dicitur</strong></span> <span class='ocrx_word' id='word_1_295' title='bbox 3505 1131 3647 1186; x_wconf 88' lang='lat' dir='ltr'><strong>Era-</strong></span> 
     </span>
    </p>
   </div>
   <div class='ocr_carea' id='block_1_43' title="bbox 1966 1216 3646 1294">
    <p class='ocr_par' dir='ltr' id='par_1_43' title="bbox 1966 1216 3646 1294">
     <span class='ocr_line' id='line_1_43' title="bbox 1966 1216 3646 1294; baseline 0.003 -23"><span class='ocrx_word' id='word_1_296' title='bbox 1966 1216 2149 1282; x_wconf 89' lang='lat' dir='ltr'><strong>mala,</strong></span> <span class='ocrx_word' id='word_1_297' title='bbox 2183 1221 2242 1273; x_wconf 88' lang='lat' dir='ltr'><strong>et</strong></span> <span class='ocrx_word' id='word_1_298' title='bbox 2280 1216 2544 1288; x_wconf 88' lang='lat' dir='ltr'><strong>pervenit</strong></span> <span class='ocrx_word' id='word_1_299' title='bbox 2591 1234 2779 1290; x_wconf 90' lang='lat' dir='ltr'><strong>usque</strong></span> <span class='ocrx_word' id='word_1_300' title='bbox 2829 1219 2890 1274; x_wconf 94' lang='lat' dir='ltr'><strong>in</strong></span> <span class='ocrx_word' id='word_1_301' title='bbox 2923 1219 3133 1276; x_wconf 91' lang='lat' dir='ltr'><strong>collem</strong></span> <span class='ocrx_word' id='word_1_302' title='bbox 3184 1222 3406 1279; x_wconf 90' lang='lat' dir='ltr'><strong>mentis</strong></span> <span class='ocrx_word' id='word_1_303' title='bbox 3435 1220 3599 1294; x_wconf 83' lang='lat' dir='ltr'><strong>Nigri</strong></span> <span class='ocrx_word' id='word_1_304' title='bbox 3632 1238 3646 1277; x_wconf 87' lang='lat'><strong>:</strong></span> 
     </span>
    </p>
   </div>
   <div class='ocr_carea' id='block_1_44' title="bbox 1972 1304 3650 1382">
    <p class='ocr_par' dir='ltr' id='par_1_44' title="bbox 1972 1304 3650 1382">
     <span class='ocr_line' id='line_1_44' title="bbox 1972 1304 3650 1382; baseline 0.004 -23"><span class='ocrx_word' id='word_1_305' title='bbox 1972 1305 2186 1361; x_wconf 91' lang='lat' dir='ltr'><strong>deinde</strong></span> <span class='ocrx_word' id='word_1_306' title='bbox 2209 1306 2282 1360; x_wconf 88' lang='lat' dir='ltr'><strong>ad</strong></span> <span class='ocrx_word' id='word_1_307' title='bbox 2310 1304 2499 1361; x_wconf 89' lang='lat' dir='ltr'><strong>rivum</strong></span> <span class='ocrx_word' id='word_1_308' title='bbox 2528 1307 2807 1379; x_wconf 88' lang='lat' dir='ltr'><strong>Congusti</strong></span> <span class='ocrx_word' id='word_1_309' title='bbox 2828 1310 2991 1365; x_wconf 87' lang='lat' dir='ltr'><strong>venit</strong></span> <span class='ocrx_word' id='word_1_310' title='bbox 3020 1327 3211 1382; x_wconf 91' lang='lat' dir='ltr'><strong>usque</strong></span> <span class='ocrx_word' id='word_1_311' title='bbox 3233 1312 3306 1366; x_wconf 90' lang='lat' dir='ltr'><strong>ad</strong></span> <span class='ocrx_word' id='word_1_312' title='bbox 3337 1309 3650 1367; x_wconf 87' lang='lat' dir='ltr'><strong>castellum</strong></span> 
     </span>
    </p>
   </div>
   <div class='ocr_carea' id='block_1_45' title="bbox 1975 1393 3654 1472">
    <p class='ocr_par' dir='ltr' id='par_1_45' title="bbox 1975 1393 3654 1472">
     <span class='ocr_line' id='line_1_45' title="bbox 1975 1393 3654 1472; baseline 0.006 -25"><span class='ocrx_word' id='word_1_313' title='bbox 1975 1393 2257 1461; x_wconf 90' lang='lat' dir='ltr'><strong>Bertillis,</strong></span> <span class='ocrx_word' id='word_1_314' title='bbox 2287 1398 2344 1450; x_wconf 91' lang='lat' dir='ltr'><strong>et</strong></span> <span class='ocrx_word' id='word_1_315' title='bbox 2374 1411 2564 1467; x_wconf 91' lang='lat' dir='ltr'><strong>usque</strong></span> <span class='ocrx_word' id='word_1_316' title='bbox 2604 1413 2784 1468; x_wconf 89' lang='lat' dir='ltr'><strong>super</strong></span> <span class='ocrx_word' id='word_1_317' title='bbox 2822 1415 3030 1472; x_wconf 90' lang='lat' dir='ltr'><strong>rupem</strong></span> <span class='ocrx_word' id='word_1_318' title='bbox 3063 1400 3123 1455; x_wconf 91' lang='lat' dir='ltr'><strong>S.</strong></span> <span class='ocrx_word' id='word_1_319' title='bbox 3148 1400 3405 1468; x_wconf 87' lang='lat' dir='ltr'><strong>Genesii,</strong></span> <span class='ocrx_word' id='word_1_320' title='bbox 3432 1405 3490 1456; x_wconf 89' lang='lat' dir='ltr'><strong>et</strong></span> <span class='ocrx_word' id='word_1_321' title='bbox 3517 1400 3654 1457; x_wconf 90' lang='lat' dir='ltr'><strong>inde</strong></span> 
     </span>
    </p>
   </div>
   <div class='ocr_carea' id='block_1_46' title="bbox 1981 1483 3652 1559">
    <p class='ocr_par' dir='ltr' id='par_1_46' title="bbox 1981 1483 3652 1559">
     <span class='ocr_line' id='line_1_46' title="bbox 1981 1483 3652 1559; baseline 0.005 -22"><span class='ocrx_word' id='word_1_322' title='bbox 1981 1483 2054 1538; x_wconf 91' lang='lat' dir='ltr'><strong>ad</strong></span> <span class='ocrx_word' id='word_1_323' title='bbox 2106 1486 2370 1539; x_wconf 89' lang='lat' dir='ltr'><strong>mentem</strong></span> <span class='ocrx_word' id='word_1_324' title='bbox 2403 1484 2463 1539; x_wconf 92' lang='lat' dir='ltr'><strong>S.</strong></span> <span class='ocrx_word' id='word_1_325' title='bbox 2497 1485 2822 1556; x_wconf 88' lang='lat' dir='ltr'><strong>Saturnini,</strong></span> <span class='ocrx_word' id='word_1_326' title='bbox 2866 1494 2924 1544; x_wconf 90' lang='lat' dir='ltr'><strong>et</strong></span> <span class='ocrx_word' id='word_1_327' title='bbox 2970 1490 3042 1545; x_wconf 90' lang='lat' dir='ltr'><strong>ad</strong></span> <span class='ocrx_word' id='word_1_328' title='bbox 3074 1494 3340 1546; x_wconf 89' lang='lat' dir='ltr'><strong>montem</strong></span> <span class='ocrx_word' id='word_1_329' title='bbox 3389 1489 3652 1559; x_wconf 85' lang='lat' dir='ltr'><strong>Calvum,</strong></span> 
     </span>
    </p>
   </div>
   <div class='ocr_carea' id='block_1_47' title="bbox 1981 1570 3657 1649">
    <p class='ocr_par' dir='ltr' id='par_1_47' title="bbox 1981 1570 3657 1649">
     <span class='ocr_line' id='line_1_47' title="bbox 1981 1570 3657 1649; baseline 0.007 -24"><span class='ocrx_word' id='word_1_330' title='bbox 1981 1573 2159 1642; x_wconf 90' lang='lat' dir='ltr'><strong>atque</strong></span> <span class='ocrx_word' id='word_1_331' title='bbox 2199 1570 2337 1627; x_wconf 88' lang='lat' dir='ltr'><strong>inde</strong></span> <span class='ocrx_word' id='word_1_332' title='bbox 2386 1574 2755 1644; x_wconf 85' lang='lat' dir='ltr'><strong>protenditur</strong></span> <span class='ocrx_word' id='word_1_333' title='bbox 2785 1593 2974 1649; x_wconf 90' lang='lat' dir='ltr'><strong>usque</strong></span> <span class='ocrx_word' id='word_1_334' title='bbox 3024 1579 3099 1634; x_wconf 91' lang='lat' dir='ltr'><strong>ad</strong></span> <span class='ocrx_word' id='word_1_335' title='bbox 3150 1583 3409 1635; x_wconf 88' lang='lat' dir='ltr'><strong>montem</strong></span> <span class='ocrx_word' id='word_1_336' title='bbox 3460 1584 3657 1635; x_wconf 87' lang='lat' dir='ltr'><strong>Serra-</strong></span> 
     </span>
    </p>
   </div>
   <div class='ocr_carea' id='block_1_48' title="bbox 1981 1660 3657 1742">
    <p class='ocr_par' dir='ltr' id='par_1_48' title="bbox 1981 1660 3657 1742">
     <span class='ocr_line' id='line_1_48' title="bbox 1981 1660 3657 1742; baseline 0.006 -27"><span class='ocrx_word' id='word_1_337' title='bbox 1981 1664 2132 1715; x_wconf 88' lang='lat' dir='ltr'><strong>tum.</strong></span> <span class='ocrx_word' id='word_1_338' title='bbox 2165 1660 2545 1733; x_wconf 89' lang='lat' dir='ltr'><strong>Progreditur</strong></span> <span class='ocrx_word' id='word_1_339' title='bbox 2574 1667 2770 1719; x_wconf 89' lang='lat' dir='ltr'><strong>autem</strong></span> <span class='ocrx_word' id='word_1_340' title='bbox 2813 1682 2917 1736; x_wconf 91' lang='lat' dir='ltr'><strong>per</strong></span> <span class='ocrx_word' id='word_1_341' title='bbox 2954 1666 3183 1723; x_wconf 87' lang='lat' dir='ltr'><strong>medios</strong></span> <span class='ocrx_word' id='word_1_342' title='bbox 3214 1668 3519 1737; x_wconf 89' lang='lat' dir='ltr'><strong>terminos,</strong></span> <span class='ocrx_word' id='word_1_343' title='bbox 3555 1668 3657 1742; x_wconf 90' lang='lat' dir='ltr'><strong>qui</strong></span> 
     </span>
    </p>
   </div>
   <div class='ocr_carea' id='block_1_49' title="bbox 1981 1747 3657 1814">
    <p class='ocr_par' dir='ltr' id='par_1_49' title="bbox 1981 1747 3657 1814">
     <span class='ocr_line' id='line_1_49' title="bbox 1981 1747 3657 1814; baseline 0.007 -12"><span class='ocrx_word' id='word_1_344' title='bbox 1981 1752 2122 1804; x_wconf 89' lang='lat' dir='ltr'><strong>sunt</strong></span> <span class='ocrx_word' id='word_1_345' title='bbox 2152 1747 2308 1804; x_wconf 88' lang='lat' dir='ltr'><strong>inter</strong></span> <span class='ocrx_word' id='word_1_346' title='bbox 2338 1751 2661 1807; x_wconf 88' lang='lat' dir='ltr'><strong>marchiam</strong></span> <span class='ocrx_word' id='word_1_347' title='bbox 2695 1753 3234 1812; x_wconf 89' lang='lat' dir='ltr'><strong>Barchinenensem</strong></span> <span class='ocrx_word' id='word_1_348' title='bbox 3267 1762 3323 1813; x_wconf 90' lang='lat' dir='ltr'><strong>et</strong></span> <span class='ocrx_word' id='word_1_349' title='bbox 3352 1760 3657 1814; x_wconf 87' lang='lat' dir='ltr'><strong>Ausonen-</strong></span> 
     </span>
    </p>
   </div>
   <div class='ocr_carea' id='block_1_50' title="bbox 1979 1837 3661 1920">
    <p class='ocr_par' dir='ltr' id='par_1_50' title="bbox 1979 1837 3661 1920">
     <span class='ocr_line' id='line_1_50' title="bbox 1979 1837 3661 1920; baseline 0.006 -26"><span class='ocrx_word' id='word_1_350' title='bbox 1979 1854 2127 1905; x_wconf 87' lang='lat' dir='ltr'><strong>sem,</strong></span> <span class='ocrx_word' id='word_1_351' title='bbox 2155 1837 2314 1893; x_wconf 88' lang='lat' dir='ltr'><strong>sicut</strong></span> <span class='ocrx_word' id='word_1_352' title='bbox 2339 1838 2682 1894; x_wconf 85' lang='lat' dir='ltr'><strong>dividuntur</strong></span> <span class='ocrx_word' id='word_1_353' title='bbox 2712 1841 2851 1913; x_wconf 64' lang='lat' dir='ltr'><strong>ipsa:</strong></span> <span class='ocrx_word' id='word_1_354' title='bbox 2879 1843 3180 1910; x_wconf 70' lang='lat' dir='ltr'><strong>marchiaz,</strong></span> <span class='ocrx_word' id='word_1_355' title='bbox 3206 1850 3264 1901; x_wconf 90' lang='lat' dir='ltr'><strong>et</strong></span> <span class='ocrx_word' id='word_1_356' title='bbox 3281 1845 3439 1900; x_wconf 88' lang='lat' dir='ltr'><strong>vadit</strong></span> <span class='ocrx_word' id='word_1_357' title='bbox 3472 1863 3661 1920; x_wconf 91' lang='lat' dir='ltr'><strong>usque</strong></span> 
     </span>
    </p>
   </div>
   <div class='ocr_carea' id='block_1_51' title="bbox 1978 1928 3659 2005">
    <p class='ocr_par' dir='ltr' id='par_1_51' title="bbox 1978 1928 3659 2005">
     <span class='ocr_line' id='line_1_51' title="bbox 1978 1928 3659 2005; baseline 0.006 -22"><span class='ocrx_word' id='word_1_358' title='bbox 1978 1929 2267 1993; x_wconf 83' lang='lat' dir='ltr'><strong>castrum,</strong></span> <span class='ocrx_word' id='word_1_359' title='bbox 2294 1928 2448 1998; x_wconf 93' lang='lat' dir='ltr'><strong>quod</strong></span> <span class='ocrx_word' id='word_1_360' title='bbox 2473 1928 2690 1983; x_wconf 88' lang='lat' dir='ltr'><strong>dicitur</strong></span> <span class='ocrx_word' id='word_1_361' title='bbox 2710 1929 2961 1995; x_wconf 87' lang='lat' dir='ltr'><strong>Cheralt,</strong></span> <span class='ocrx_word' id='word_1_362' title='bbox 2982 1935 3039 1985; x_wconf 90' lang='lat' dir='ltr'><strong>et</strong></span> <span class='ocrx_word' id='word_1_363' title='bbox 3060 1934 3255 2005; x_wconf 84' lang='lat' dir='ltr'><strong>pergit</strong></span> <span class='ocrx_word' id='word_1_364' title='bbox 3275 1951 3383 2005; x_wconf 91' lang='lat' dir='ltr'><strong>per</strong></span> <span class='ocrx_word' id='word_1_365' title='bbox 3404 1935 3659 1993; x_wconf 89' lang='lat' dir='ltr'><strong>mediam</strong></span> 
     </span>
    </p>
   </div>
   <div class='ocr_carea' id='block_1_52' title="bbox 1978 2013 3661 2092">
    <p class='ocr_par' dir='ltr' id='par_1_52' title="bbox 1978 2013 3661 2092">
     <span class='ocr_line' id='line_1_52' title="bbox 1978 2013 3661 2092; baseline 0.006 -22"><span class='ocrx_word' id='word_1_366' title='bbox 1978 2013 2329 2070; x_wconf 90' lang='lat' dir='ltr'><strong>divisionem</strong></span> <span class='ocrx_word' id='word_1_367' title='bbox 2361 2015 2624 2088; x_wconf 90' lang='lat' dir='ltr'><strong>ipsarum</strong></span> <span class='ocrx_word' id='word_1_368' title='bbox 2651 2017 3077 2083; x_wconf 88' lang='lat' dir='ltr'><strong>marchiarum,</strong></span> <span class='ocrx_word' id='word_1_369' title='bbox 3108 2036 3298 2092; x_wconf 89' lang='lat' dir='ltr'><strong>usque</strong></span> <span class='ocrx_word' id='word_1_370' title='bbox 3334 2021 3393 2076; x_wconf 91' lang='lat' dir='ltr'><strong>in</strong></span> <span class='ocrx_word' id='word_1_371' title='bbox 3419 2022 3661 2082; x_wconf 86' lang='lat' dir='ltr'><strong>ﬂuvium</strong></span> 
     </span>
    </p>
   </div>
   <div class='ocr_carea' id='block_1_53' title="bbox 1976 2103 3662 2182">
    <p class='ocr_par' dir='ltr' id='par_1_53' title="bbox 1976 2103 3662 2182">
     <span class='ocr_line' id='line_1_53' title="bbox 1976 2103 3662 2182; baseline 0.007 -23"><span class='ocrx_word' id='word_1_372' title='bbox 1976 2103 2254 2176; x_wconf 86' lang='lat' dir='ltr'><strong>Sigerim,</strong></span> <span class='ocrx_word' id='word_1_373' title='bbox 2289 2104 2561 2160; x_wconf 88' lang='lat' dir='ltr'><strong>similiter</strong></span> <span class='ocrx_word' id='word_1_374' title='bbox 2592 2106 2663 2160; x_wconf 87' lang='lat' dir='ltr'><strong>ab</strong></span> <span class='ocrx_word' id='word_1_375' title='bbox 2692 2123 2758 2160; x_wconf 92' lang='lat' dir='ltr'><strong>eo</strong></span> <span class='ocrx_word' id='word_1_376' title='bbox 2790 2105 3168 2179; x_wconf 86' lang='lat' dir='ltr'><strong>latcre,quod</strong></span> <span class='ocrx_word' id='word_1_377' title='bbox 3207 2112 3489 2182; x_wconf 87' lang='lat' dir='ltr'><strong>superius</strong></span> <span class='ocrx_word' id='word_1_378' title='bbox 3519 2115 3662 2171; x_wconf 87' lang='lat' dir='ltr'><strong>scri-</strong></span> 
     </span>
    </p>
   </div>
   <div class='ocr_carea' id='block_1_54' title="bbox 1978 2192 3660 2269">
    <p class='ocr_par' dir='ltr' id='par_1_54' title="bbox 1978 2192 3660 2269">
     <span class='ocr_line' id='line_1_54' title="bbox 1978 2192 3660 2269; baseline 0.01 -24"><span class='ocrx_word' id='word_1_379' title='bbox 1978 2196 2149 2264; x_wconf 87' lang='lat' dir='ltr'><strong>ptum</strong></span> <span class='ocrx_word' id='word_1_380' title='bbox 2182 2196 2270 2247; x_wconf 91' lang='lat' dir='ltr'><strong>est</strong></span> <span class='ocrx_word' id='word_1_381' title='bbox 2302 2192 2357 2248; x_wconf 88' lang='lat' dir='ltr'><strong>in</strong></span> <span class='ocrx_word' id='word_1_382' title='bbox 2392 2192 2610 2249; x_wconf 89' lang='lat' dir='ltr'><strong>ﬁnibus</strong></span> <span class='ocrx_word' id='word_1_383' title='bbox 2639 2193 2954 2266; x_wconf 89' lang='lat' dir='ltr'><strong>Bergitani,</strong></span> <span class='ocrx_word' id='word_1_384' title='bbox 2988 2195 3149 2249; x_wconf 93' lang='lat' dir='ltr'><strong>vadit</strong></span> <span class='ocrx_word' id='word_1_385' title='bbox 3194 2196 3321 2269; x_wconf 88' lang='lat' dir='ltr'><strong>ipse</strong></span> <span class='ocrx_word' id='word_1_386' title='bbox 3367 2201 3660 2262; x_wconf 87' lang='lat' dir='ltr'><strong>terminus</strong></span> 
     </span>
    </p>
   </div>
   <div class='ocr_carea' id='block_1_55' title="bbox 1978 2280 3661 2351">
    <p class='ocr_par' dir='ltr' id='par_1_55' title="bbox 1978 2280 3661 2351">
     <span class='ocr_line' id='line_1_55' title="bbox 1978 2280 3661 2351; baseline 0.002 -17"><span class='ocrx_word' id='word_1_387' title='bbox 1978 2280 2133 2334; x_wconf 85' lang='lat' dir='ltr'><strong>inter</strong></span> <span class='ocrx_word' id='word_1_388' title='bbox 2162 2282 2489 2337; x_wconf 90' lang='lat' dir='ltr'><strong>marchiam</strong></span> <span class='ocrx_word' id='word_1_389' title='bbox 2522 2284 2927 2345; x_wconf 85' lang='lat' dir='ltr'><strong>Ausenensem</strong></span> <span class='ocrx_word' id='word_1_390' title='bbox 2959 2287 3015 2338; x_wconf 86' lang='lat' dir='ltr'><strong>et</strong></span> <span class='ocrx_word' id='word_1_391' title='bbox 3048 2286 3385 2343; x_wconf 87' lang='lat' dir='ltr'><strong>marchiam</strong></span> <span class='ocrx_word' id='word_1_392' title='bbox 3421 2291 3661 2351; x_wconf 77' lang='lat' dir='ltr'><strong>Barchi-</strong></span> 
     </span>
    </p>
   </div>
   <div class='ocr_carea' id='block_1_56' title="bbox 1978 2370 3661 2457">
    <p class='ocr_par' dir='ltr' id='par_1_56' title="bbox 1978 2370 3661 2457">
     <span class='ocr_line' id='line_1_56' title="bbox 1978 2370 3661 2457; baseline 0.006 -35"><span class='ocrx_word' id='word_1_393' title='bbox 1978 2374 2307 2436; x_wconf 87' lang='lat' dir='ltr'><strong>taneusem,</strong></span> <span class='ocrx_word' id='word_1_394' title='bbox 2332 2371 2486 2425; x_wconf 89' lang='lat' dir='ltr'><strong>sicut</strong></span> <span class='ocrx_word' id='word_1_395' title='bbox 2506 2370 2858 2426; x_wconf 84' lang='lat' dir='ltr'><strong>dividuntur</strong></span> <span class='ocrx_word' id='word_1_396' title='bbox 2890 2371 3029 2443; x_wconf 63' lang='lat' dir='ltr'><strong>ipsa:</strong></span> <span class='ocrx_word' id='word_1_397' title='bbox 3057 2374 3363 2442; x_wconf 73' lang='lat' dir='ltr'><strong>marchiae,</strong></span> <span class='ocrx_word' id='word_1_398' title='bbox 3389 2383 3445 2433; x_wconf 90' lang='lat' dir='ltr'><strong>et</strong></span> <span class='ocrx_word' id='word_1_399' title='bbox 3468 2385 3661 2457; x_wconf 77' lang='lat' dir='ltr'><strong>pergit</strong></span> 
     </span>
    </p>
   </div>
   <div class='ocr_carea' id='block_1_57' title="bbox 1979 2458 2844 2532">
    <p class='ocr_par' dir='ltr' id='par_1_57' title="bbox 1979 2458 2844 2532">
     <span class='ocr_line' id='line_1_57' title="bbox 1979 2458 2844 2532; baseline 0.003 -21"><span class='ocrx_word' id='word_1_400' title='bbox 1979 2474 2170 2529; x_wconf 89' lang='lat' dir='ltr'><strong>usque</strong></span> <span class='ocrx_word' id='word_1_401' title='bbox 2199 2458 2259 2513; x_wconf 92' lang='lat' dir='ltr'><strong>in</strong></span> <span class='ocrx_word' id='word_1_402' title='bbox 2294 2459 2538 2515; x_wconf 86' lang='lat' dir='ltr'><strong>ﬂuvium</strong></span> <span class='ocrx_word' id='word_1_403' title='bbox 2573 2459 2844 2532; x_wconf 88' lang='lat' dir='ltr'><strong>Sigorim.</strong></span> 
     </span>
    </p>
   </div>
   <div class='ocr_carea' id='block_1_58' title="bbox 2052 2546 3657 2625">
    <p class='ocr_par' dir='ltr' id='par_1_58' title="bbox 2052 2546 3657 2625">
     <span class='ocr_line' id='line_1_58' title="bbox 2052 2546 3657 2625; baseline 0.009 -24"><span class='ocrx_word' id='word_1_404' title='bbox 2052 2546 2131 2602; x_wconf 90' lang='lat' dir='ltr'><strong>De</strong></span> <span class='ocrx_word' id='word_1_405' title='bbox 2163 2547 2290 2618; x_wconf 88' lang='lat' dir='ltr'><strong>ipsa</strong></span> <span class='ocrx_word' id='word_1_406' title='bbox 2322 2564 2555 2620; x_wconf 90' lang='lat' dir='ltr'><strong>quoque</strong></span> <span class='ocrx_word' id='word_1_407' title='bbox 2585 2552 2762 2614; x_wconf 89' lang='lat' dir='ltr'><strong>terra,</strong></span> <span class='ocrx_word' id='word_1_408' title='bbox 2795 2546 2884 2602; x_wconf 87' lang='lat' dir='ltr'><strong>vel</strong></span> <span class='ocrx_word' id='word_1_409' title='bbox 2918 2548 3210 2604; x_wconf 89' lang='lat' dir='ltr'><strong>universis</strong></span> <span class='ocrx_word' id='word_1_410' title='bbox 3241 2551 3530 2625; x_wconf 90' lang='lat' dir='ltr'><strong>ecclesiis,</strong></span> <span class='ocrx_word' id='word_1_411' title='bbox 3551 2564 3657 2615; x_wconf 91' lang='lat' dir='ltr'><strong>aut</strong></span> 
     </span>
    </p>
   </div>
   <div class='ocr_carea' id='block_1_59' title="bbox 1980 2635 3651 2714">
    <p class='ocr_par' dir='ltr' id='par_1_59' title="bbox 1980 2635 3651 2714">
     <span class='ocr_line' id='line_1_59' title="bbox 1980 2635 3651 2714; baseline 0.008 -24"><span class='ocrx_word' id='word_1_412' title='bbox 1980 2635 2297 2706; x_wconf 89' lang='lat' dir='ltr'><strong>parochiis,</strong></span> <span class='ocrx_word' id='word_1_413' title='bbox 2351 2635 2439 2692; x_wconf 90' lang='lat' dir='ltr'><strong>vel</strong></span> <span class='ocrx_word' id='word_1_414' title='bbox 2498 2635 3009 2708; x_wconf 80' lang='lat' dir='ltr'><strong>qualibuscumque</strong></span> <span class='ocrx_word' id='word_1_415' title='bbox 3064 2637 3324 2709; x_wconf 73' lang='lat' dir='ltr'><strong>praediis,</strong></span> <span class='ocrx_word' id='word_1_416' title='bbox 3386 2659 3515 2714; x_wconf 74' lang='lat' dir='ltr'><strong>quae</strong></span> <span class='ocrx_word' id='word_1_417' title='bbox 3577 2649 3651 2704; x_wconf 91' lang='lat' dir='ltr'><strong>ad</strong></span> 
     </span>
    </p>
   </div>
   <div class='ocr_carea' id='block_1_60' title="bbox 1980 2724 3650 2804">
    <p class='ocr_par' dir='ltr' id='par_1_60' title="bbox 1980 2724 3650 2804">
     <span class='ocr_line' id='line_1_60' title="bbox 1980 2724 3650 2804; baseline 0.006 -25"><span class='ocrx_word' id='word_1_418' title='bbox 1980 2724 2321 2780; x_wconf 88' lang='lat' dir='ltr'><strong>canonicam</strong></span> <span class='ocrx_word' id='word_1_419' title='bbox 2355 2724 2621 2795; x_wconf 86' lang='lat' dir='ltr'><strong>ejusdem</strong></span> <span class='ocrx_word' id='word_1_420' title='bbox 2673 2724 2831 2779; x_wconf 88' lang='lat' dir='ltr'><strong>sedis</strong></span> <span class='ocrx_word' id='word_1_421' title='bbox 2864 2724 2924 2779; x_wconf 93' lang='lat' dir='ltr'><strong>B.</strong></span> <span class='ocrx_word' id='word_1_422' title='bbox 2960 2724 3116 2780; x_wconf 88' lang='lat' dir='ltr'><strong>Petri</strong></span> <span class='ocrx_word' id='word_1_423' title='bbox 3161 2727 3411 2798; x_wconf 87' lang='lat' dir='ltr'><strong>apostoli</strong></span> <span class='ocrx_word' id='word_1_424' title='bbox 3464 2734 3650 2804; x_wconf 89' lang='lat' dir='ltr'><strong>perti-</strong></span> 
     </span>
    </p>
   </div>
   <div class='ocr_carea' id='block_1_61' title="bbox 1982 2812 3649 2889">
    <p class='ocr_par' dir='ltr' id='par_1_61' title="bbox 1982 2812 3649 2889">
     <span class='ocr_line' id='line_1_61' title="bbox 1982 2812 3649 2889; baseline 0.005 -20"><span class='ocrx_word' id='word_1_425' title='bbox 1982 2818 2143 2881; x_wconf 90' lang='lat' dir='ltr'><strong>nent,</strong></span> <span class='ocrx_word' id='word_1_426' title='bbox 2168 2812 2464 2880; x_wconf 90' lang='lat' dir='ltr'><strong>videlicet,</strong></span> <span class='ocrx_word' id='word_1_427' title='bbox 2491 2813 2647 2884; x_wconf 89' lang='lat' dir='ltr'><strong>quod</strong></span> <span class='ocrx_word' id='word_1_428' title='bbox 2681 2813 2853 2868; x_wconf 88' lang='lat' dir='ltr'><strong>hodie</strong></span> <span class='ocrx_word' id='word_1_429' title='bbox 2894 2814 3059 2883; x_wconf 88' lang='lat' dir='ltr'><strong>juste</strong></span> <span class='ocrx_word' id='word_1_430' title='bbox 3109 2815 3392 2889; x_wconf 86' lang='lat' dir='ltr'><strong>possidet,</strong></span> <span class='ocrx_word' id='word_1_431' title='bbox 3425 2820 3513 2876; x_wconf 91' lang='lat' dir='ltr'><strong>vel</strong></span> <span class='ocrx_word' id='word_1_432' title='bbox 3545 2822 3649 2877; x_wconf 91' lang='lat' dir='ltr'><strong>ab-</strong></span> 
     </span>
    </p>
   </div>
   <div class='ocr_carea' id='block_1_62' title="bbox 1980 2902 3651 2978">
    <p class='ocr_par' dir='ltr' id='par_1_62' title="bbox 1980 2902 3651 2978">
     <span class='ocr_line' id='line_1_62' title="bbox 1980 2902 3651 2978; baseline 0.005 -21"><span class='ocrx_word' id='word_1_433' title='bbox 1980 2902 2120 2958; x_wconf 92' lang='lat' dir='ltr'><strong>hinc</strong></span> <span class='ocrx_word' id='word_1_434' title='bbox 2152 2919 2255 2975; x_wconf 88' lang='lat' dir='ltr'><strong>per</strong></span> <span class='ocrx_word' id='word_1_435' title='bbox 2284 2903 2559 2957; x_wconf 90' lang='lat' dir='ltr'><strong>universa</strong></span> <span class='ocrx_word' id='word_1_436' title='bbox 2589 2905 2851 2973; x_wconf 85' lang='lat' dir='ltr'><strong>tempera</strong></span> <span class='ocrx_word' id='word_1_437' title='bbox 2875 2904 3037 2974; x_wconf 73' lang='lat' dir='ltr'><strong>justo</strong></span> <span class='ocrx_word' id='word_1_438' title='bbox 3071 2904 3417 2978; x_wconf 86' lang='lat' dir='ltr'><strong>possederit,</strong></span> <span class='ocrx_word' id='word_1_439' title='bbox 3442 2908 3531 2964; x_wconf 90' lang='lat' dir='ltr'><strong>vel</strong></span> <span class='ocrx_word' id='word_1_440' title='bbox 3563 2927 3651 2965; x_wconf 86' lang='lat' dir='ltr'><strong>ac-</strong></span> 
     </span>
    </p>
   </div>
   <div class='ocr_carea' id='block_1_63' title="bbox 1982 2990 3648 3068">
    <p class='ocr_par' dir='ltr' id='par_1_63' title="bbox 1982 2990 3648 3068">
     <span class='ocr_line' id='line_1_63' title="bbox 1982 2990 3648 3068; baseline 0.004 -21"><span class='ocrx_word' id='word_1_441' title='bbox 1982 2991 2275 3063; x_wconf 89' lang='lat' dir='ltr'><strong>quisierit,</strong></span> <span class='ocrx_word' id='word_1_442' title='bbox 2298 3008 2401 3062; x_wconf 89' lang='lat' dir='ltr'><strong>per</strong></span> <span class='ocrx_word' id='word_1_443' title='bbox 2447 2990 2855 3046; x_wconf 89' lang='lat' dir='ltr'><strong>auctoritatem</strong></span> <span class='ocrx_word' id='word_1_444' title='bbox 2889 2991 2952 3045; x_wconf 93' lang='lat' dir='ltr'><strong>B.</strong></span> <span class='ocrx_word' id='word_1_445' title='bbox 2988 2991 3138 3046; x_wconf 84' lang='lat' dir='ltr'><strong>Petri</strong></span> <span class='ocrx_word' id='word_1_446' title='bbox 3182 2994 3433 3064; x_wconf 87' lang='lat' dir='ltr'><strong>apostoli</strong></span> <span class='ocrx_word' id='word_1_447' title='bbox 3483 2998 3648 3068; x_wconf 89' lang='lat' dir='ltr'><strong>prin-</strong></span> 
     </span>
    </p>
   </div>
   <div class='ocr_carea' id='block_1_64' title="bbox 1983 3078 3650 3153">
    <p class='ocr_par' dir='ltr' id='par_1_64' title="bbox 1983 3078 3650 3153">
     <span class='ocr_line' id='line_1_64' title="bbox 1983 3078 3650 3153; baseline 0.004 -17"><span class='ocrx_word' id='word_1_448' title='bbox 1983 3081 2151 3153; x_wconf 88' lang='lat' dir='ltr'><strong>cipis,</strong></span> <span class='ocrx_word' id='word_1_449' title='bbox 2186 3084 2241 3135; x_wconf 92' lang='lat' dir='ltr'><strong>ct</strong></span> <span class='ocrx_word' id='word_1_450' title='bbox 2281 3097 2384 3151; x_wconf 91' lang='lat' dir='ltr'><strong>per</strong></span> <span class='ocrx_word' id='word_1_451' title='bbox 2430 3078 2695 3135; x_wconf 86' lang='lat' dir='ltr'><strong>ordinem</strong></span> <span class='ocrx_word' id='word_1_452' title='bbox 2745 3084 3014 3136; x_wconf 85' lang='lat' dir='ltr'><strong>nostrum</strong></span> <span class='ocrx_word' id='word_1_453' title='bbox 3064 3086 3650 3143; x_wconf 81' lang='lat' dir='ltr'><strong>excommunicamus</strong></span> 
     </span>
    </p>
   </div>
   <div class='ocr_carea' id='block_1_65' title="bbox 193 3156 3648 3247">
    <p class='ocr_par' dir='ltr' id='par_1_65' title="bbox 193 3156 3648 3247">
     <span class='ocr_line' id='line_1_65' title="bbox 193 3156 3648 3247; baseline 0.001 -20"><span class='ocrx_word' id='word_1_454' title='bbox 193 3172 355 3239; x_wconf 86' lang='lat' dir='ltr'><strong>buit,</strong></span> <span class='ocrx_word' id='word_1_455' title='bbox 378 3170 471 3226; x_wconf 84' lang='lat' dir='ltr'><strong>vel</strong></span> <span class='ocrx_word' id='word_1_456' title='bbox 506 3169 723 3224; x_wconf 88' lang='lat' dir='ltr'><strong>habere</strong></span> <span class='ocrx_word' id='word_1_457' title='bbox 749 3167 971 3235; x_wconf 86' lang='lat' dir='ltr'><strong>debuit,</strong></span> <span class='ocrx_word' id='word_1_458' title='bbox 1000 3166 1086 3221; x_wconf 90' lang='lat' dir='ltr'><strong>vel</strong></span> <span class='ocrx_word' id='word_1_459' title='bbox 1119 3166 1296 3221; x_wconf 89' lang='lat' dir='ltr'><strong>etiam</strong></span> <span class='ocrx_word' id='word_1_460' title='bbox 1329 3166 1669 3238; x_wconf 89' lang='lat' dir='ltr'><strong>pascuarios</strong></span> <span class='ocrx_word' id='word_1_461' title='bbox 1699 3167 1879 3223; x_wconf 72' lang='lat' dir='ltr'><strong>unde-</strong></span> <span class='ocrx_word' id='word_1_462' title='bbox 1912 3156 1954 3221; x_wconf 85' lang='lat' dir='ltr'>C</span> <span class='ocrx_word' id='word_1_463' title='bbox 1984 3173 2041 3225; x_wconf 87' lang='lat' dir='ltr'><strong>et</strong></span> <span class='ocrx_word' id='word_1_464' title='bbox 2072 3168 2502 3236; x_wconf 89' lang='lat' dir='ltr'><strong>interdicimus,</strong></span> <span class='ocrx_word' id='word_1_465' title='bbox 2538 3174 2777 3240; x_wconf 85' lang='lat' dir='ltr'><strong>excepto</strong></span> <span class='ocrx_word' id='word_1_466' title='bbox 2822 3172 3111 3240; x_wconf 88' lang='lat' dir='ltr'><strong>quantum</strong></span> <span class='ocrx_word' id='word_1_467' title='bbox 3159 3169 3338 3225; x_wconf 87' lang='lat' dir='ltr'><strong>frater</strong></span> <span class='ocrx_word' id='word_1_468' title='bbox 3367 3176 3425 3227; x_wconf 88' lang='lat' dir='ltr'><strong>et</strong></span> <span class='ocrx_word' id='word_1_469' title='bbox 3455 3174 3648 3247; x_wconf 90' lang='lat' dir='ltr'><strong>coepi-</strong></span> 
     </span>
    </p>
   </div>
   <div class='ocr_carea' id='block_1_66' title="bbox 209 3254 1873 3333">
    <p class='ocr_par' dir='ltr' id='par_1_66' title="bbox 209 3254 1873 3333">
     <span class='ocr_line' id='line_1_66' title="bbox 209 3254 1873 3333; baseline -0.004 -16"><span class='ocrx_word' id='word_1_470' title='bbox 209 3276 450 3333; x_wconf 87' lang='lat' dir='ltr'><strong>cunque</strong></span> <span class='ocrx_word' id='word_1_471' title='bbox 484 3259 684 3325; x_wconf 87' lang='lat' dir='ltr'><strong>habet,</strong></span> <span class='ocrx_word' id='word_1_472' title='bbox 706 3255 795 3313; x_wconf 90' lang='lat' dir='ltr'><strong>vel</strong></span> <span class='ocrx_word' id='word_1_473' title='bbox 844 3256 1057 3312; x_wconf 85' lang='lat' dir='ltr'><strong>habere</strong></span> <span class='ocrx_word' id='word_1_474' title='bbox 1087 3256 1278 3324; x_wconf 88' lang='lat' dir='ltr'><strong>debet,</strong></span> <span class='ocrx_word' id='word_1_475' title='bbox 1306 3259 1371 3311; x_wconf 91' lang='lat' dir='ltr'><strong>ut</strong></span> <span class='ocrx_word' id='word_1_476' title='bbox 1420 3254 1478 3310; x_wconf 90' lang='lat' dir='ltr'><strong>in</strong></span> <span class='ocrx_word' id='word_1_477' title='bbox 1528 3259 1873 3327; x_wconf 88' lang='lat' dir='ltr'><strong>perpetuum</strong></span> 
     </span>
    </p>
   </div>
   <div class='ocr_carea' id='block_1_67' title="bbox 200 3343 1875 3421">
    <p class='ocr_par' dir='ltr' id='par_1_67' title="bbox 200 3343 1875 3421">
     <span class='ocr_line' id='line_1_67' title="bbox 200 3343 1875 3421; baseline -0.004 -15"><span class='ocrx_word' id='word_1_478' title='bbox 200 3350 334 3406; x_wconf 80' lang='lat' dir='ltr'><strong>sine</strong></span> <span class='ocrx_word' id='word_1_479' title='bbox 356 3345 764 3421; x_wconf 87' lang='lat' dir='ltr'><strong>quorumlibet</strong></span> <span class='ocrx_word' id='word_1_480' title='bbox 789 3344 1208 3417; x_wconf 87' lang='lat' dir='ltr'><strong>impedimento</strong></span> <span class='ocrx_word' id='word_1_481' title='bbox 1229 3344 1543 3416; x_wconf 88' lang='lat' dir='ltr'><strong>possideat,</strong></span> <span class='ocrx_word' id='word_1_482' title='bbox 1570 3343 1875 3399; x_wconf 88' lang='lat' dir='ltr'><strong>conﬁrma-</strong></span> 
     </span>
    </p>
   </div>
   <div class='ocr_carea' id='block_1_68' title="bbox 206 3433 1871 3507">
    <p class='ocr_par' dir='ltr' id='par_1_68' title="bbox 206 3433 1871 3507">
     <span class='ocr_line' id='line_1_68' title="bbox 206 3433 1871 3507; baseline -0.005 -13"><span class='ocrx_word' id='word_1_483' title='bbox 206 3455 365 3506; x_wconf 88' lang='lat' dir='ltr'><strong>mus,</strong></span> <span class='ocrx_word' id='word_1_484' title='bbox 389 3442 449 3493; x_wconf 88' lang='lat' dir='ltr'><strong>et</strong></span> <span class='ocrx_word' id='word_1_485' title='bbox 481 3440 549 3491; x_wconf 90' lang='lat' dir='ltr'><strong>ut</strong></span> <span class='ocrx_word' id='word_1_486' title='bbox 588 3450 824 3506; x_wconf 90' lang='lat' dir='ltr'><strong>semper</strong></span> <span class='ocrx_word' id='word_1_487' title='bbox 852 3434 1063 3490; x_wconf 89' lang='lat' dir='ltr'><strong>haheat</strong></span> <span class='ocrx_word' id='word_1_488' title='bbox 1093 3433 1411 3507; x_wconf 73' lang='lat' dir='ltr'><strong>statuimus</strong></span> <span class='ocrx_word' id='word_1_489' title='bbox 1442 3436 1733 3488; x_wconf 86' lang='lat' dir='ltr'><strong>monetam</strong></span> <span class='ocrx_word' id='word_1_490' title='bbox 1766 3449 1871 3504; x_wconf 94' lang='lat' dir='ltr'><strong>pu-</strong></span> 
     </span>
    </p>
   </div>
   <div class='ocr_carea' id='block_1_69' title="bbox 202 3512 1872 3597">
    <p class='ocr_par' dir='ltr' id='par_1_69' title="bbox 202 3512 1872 3597">
     <span class='ocr_line' id='line_1_69' title="bbox 202 3512 1872 3597; baseline -0.004 -14"><span class='ocrx_word' id='word_1_491' title='bbox 202 3527 421 3594; x_wconf 84' lang='lat' dir='ltr'><strong>blicam</strong></span> <span class='ocrx_word' id='word_1_492' title='bbox 443 3542 567 3582; x_wconf 86' lang='lat' dir='ltr'><strong>suae</strong></span> <span class='ocrx_word' id='word_1_493' title='bbox 591 3523 868 3597; x_wconf 88' lang='lat' dir='ltr'><strong>regionis,</strong></span> <span class='ocrx_word' id='word_1_494' title='bbox 891 3527 949 3578; x_wconf 88' lang='lat' dir='ltr'><strong>et</strong></span> <span class='ocrx_word' id='word_1_495' title='bbox 979 3521 1277 3578; x_wconf 90' lang='lat' dir='ltr'><strong>teloneum</strong></span> <span class='ocrx_word' id='word_1_496' title='bbox 1300 3521 1370 3576; x_wconf 90' lang='lat' dir='ltr'><strong>de</strong></span> <span class='ocrx_word' id='word_1_497' title='bbox 1391 3512 1664 3576; x_wconf 85' lang='lat' dir='ltr'><strong>marcatis</strong></span> <span class='ocrx_word' id='word_1_498' title='bbox 1684 3520 1872 3592; x_wconf 89' lang='lat' dir='ltr'><strong>ipsius</strong></span> 
     </span>
    </p>
   </div>
   <div class='ocr_carea' id='block_1_70' title="bbox 205 3609 1870 3684">
    <p class='ocr_par' dir='ltr' id='par_1_70' title="bbox 205 3609 1870 3684">
     <span class='ocr_line' id='line_1_70' title="bbox 205 3609 1870 3684; baseline -0.004 -12"><span class='ocrx_word' id='word_1_499' title='bbox 205 3616 316 3672; x_wconf 88' lang='lat' dir='ltr'><strong>loci</strong></span> <span class='ocrx_word' id='word_1_500' title='bbox 348 3621 405 3671; x_wconf 91' lang='lat' dir='ltr'><strong>et</strong></span> <span class='ocrx_word' id='word_1_501' title='bbox 435 3613 757 3680; x_wconf 73' lang='lat' dir='ltr'><strong>Minorisae,</strong></span> <span class='ocrx_word' id='word_1_502' title='bbox 788 3617 854 3667; x_wconf 90' lang='lat' dir='ltr'><strong>ut</strong></span> <span class='ocrx_word' id='word_1_503' title='bbox 900 3628 1134 3684; x_wconf 87' lang='lat' dir='ltr'><strong>semper</strong></span> <span class='ocrx_word' id='word_1_504' title='bbox 1181 3610 1459 3678; x_wconf 87' lang='lat' dir='ltr'><strong>obtineat,</strong></span> <span class='ocrx_word' id='word_1_505' title='bbox 1487 3609 1645 3664; x_wconf 90' lang='lat' dir='ltr'><strong>omni</strong></span> <span class='ocrx_word' id='word_1_506' title='bbox 1699 3611 1870 3666; x_wconf 91' lang='lat' dir='ltr'><strong>modo</strong></span> 
     </span>
    </p>
   </div>
   <div class='ocr_carea' id='block_1_71' title="bbox 211 3705 582 3761">
    <p class='ocr_par' dir='ltr' id='par_1_71' title="bbox 211 3705 582 3761">
     <span class='ocr_line' id='line_1_71' title="bbox 211 3705 582 3761; baseline -0.011 0"><span class='ocrx_word' id='word_1_507' title='bbox 211 3705 582 3761; x_wconf 87' lang='lat' dir='ltr'><strong>roboramus.</strong></span> 
     </span>
    </p>
   </div>
   <div class='ocr_carea' id='block_1_72' title="bbox 274 3789 1869 3863">
    <p class='ocr_par' dir='ltr' id='par_1_72' title="bbox 274 3789 1869 3863">
     <span class='ocr_line' id='line_1_72' title="bbox 274 3789 1869 3863; baseline -0.005 -13"><span class='ocrx_word' id='word_1_508' title='bbox 274 3790 692 3849; x_wconf 86' lang='lat' dir='ltr'><strong>Interdicimus</strong></span> <span class='ocrx_word' id='word_1_509' title='bbox 714 3806 946 3863; x_wconf 91' lang='lat' dir='ltr'><strong>quoque</strong></span> <span class='ocrx_word' id='word_1_510' title='bbox 970 3790 1138 3862; x_wconf 90' lang='lat' dir='ltr'><strong>justa</strong></span> <span class='ocrx_word' id='word_1_511' title='bbox 1165 3792 1385 3846; x_wconf 87' lang='lat' dir='ltr'><strong>statuta</strong></span> <span class='ocrx_word' id='word_1_512' title='bbox 1408 3789 1745 3847; x_wconf 88' lang='lat' dir='ltr'><strong>sanctorum</strong></span> <span class='ocrx_word' id='word_1_513' title='bbox 1770 3802 1869 3842; x_wconf 89' lang='lat' dir='ltr'><strong>ea-</strong></span> 
     </span>
    </p>
   </div>
   <div class='ocr_carea' id='block_1_73' title="bbox 210 3874 1871 3950">
    <p class='ocr_par' dir='ltr' id='par_1_73' title="bbox 210 3874 1871 3950">
     <span class='ocr_line' id='line_1_73' title="bbox 210 3874 1871 3950; baseline -0.006 -12"><span class='ocrx_word' id='word_1_514' title='bbox 210 3899 447 3947; x_wconf 90' lang='lat' dir='ltr'><strong>nonum,</strong></span> <span class='ocrx_word' id='word_1_515' title='bbox 464 3885 522 3936; x_wconf 91' lang='lat' dir='ltr'><strong>et</strong></span> <span class='ocrx_word' id='word_1_516' title='bbox 543 3877 952 3935; x_wconf 90' lang='lat' dir='ltr'><strong>auctoritatem</strong></span> <span class='ocrx_word' id='word_1_517' title='bbox 981 3878 1361 3950; x_wconf 90' lang='lat' dir='ltr'><strong>antiquorum</strong></span> <span class='ocrx_word' id='word_1_518' title='bbox 1380 3877 1639 3945; x_wconf 86' lang='lat' dir='ltr'><strong>Patrum,</strong></span> <span class='ocrx_word' id='word_1_519' title='bbox 1656 3877 1721 3929; x_wconf 91' lang='lat' dir='ltr'><strong>ut</strong></span> <span class='ocrx_word' id='word_1_520' title='bbox 1747 3874 1871 3929; x_wconf 85' lang='lat' dir='ltr'><strong>nul-</strong></span> 
     </span>
    </p>
   </div>
   <div class='ocr_carea' id='block_1_74' title="bbox 209 3962 1868 4044">
    <p class='ocr_par' dir='ltr' id='par_1_74' title="bbox 209 3962 1868 4044">
     <span class='ocr_line' id='line_1_74' title="bbox 209 3962 1868 4044; baseline -0.004 -19"><span class='ocrx_word' id='word_1_521' title='bbox 209 3970 296 4027; x_wconf 90' lang='lat' dir='ltr'><strong>lus</strong></span> <span class='ocrx_word' id='word_1_522' title='bbox 325 3967 736 4044; x_wconf 88' lang='lat' dir='ltr'><strong>quorumlibet</strong></span> <span class='ocrx_word' id='word_1_523' title='bbox 762 3967 1110 4039; x_wconf 88' lang='lat' dir='ltr'><strong>pontiﬁcum</strong></span> <span class='ocrx_word' id='word_1_524' title='bbox 1152 3966 1306 4022; x_wconf 89' lang='lat' dir='ltr'><strong>intra</strong></span> <span class='ocrx_word' id='word_1_525' title='bbox 1350 3966 1495 4021; x_wconf 85' lang='lat' dir='ltr'><strong>fines</strong></span> <span class='ocrx_word' id='word_1_526' title='bbox 1527 3962 1714 4036; x_wconf 88' lang='lat' dir='ltr'><strong>ipsius</strong></span> <span class='ocrx_word' id='word_1_527' title='bbox 1743 3963 1868 4035; x_wconf 84' lang='lat' dir='ltr'><strong>epi-</strong></span> 
     </span>
    </p>
   </div>
   <div class='ocr_carea' id='block_1_75' title="bbox 210 4052 1870 4132">
    <p class='ocr_par' dir='ltr' id='par_1_75' title="bbox 210 4052 1870 4132">
     <span class='ocr_line' id='line_1_75' title="bbox 210 4052 1870 4132; baseline -0.006 -16"><span class='ocrx_word' id='word_1_528' title='bbox 210 4063 479 4132; x_wconf 85' lang='lat' dir='ltr'><strong>scopatus</strong></span> <span class='ocrx_word' id='word_1_529' title='bbox 505 4055 819 4114; x_wconf 87' lang='lat' dir='ltr'><strong>ecclesiam</strong></span> <span class='ocrx_word' id='word_1_530' title='bbox 843 4054 1303 4122; x_wconf 87' lang='lat' dir='ltr'><strong>consecrare,vel</strong></span> <span class='ocrx_word' id='word_1_531' title='bbox 1338 4052 1684 4126; x_wconf 82' lang='lat' dir='ltr'><strong>pcenitentes</strong></span> <span class='ocrx_word' id='word_1_532' title='bbox 1712 4052 1870 4123; x_wconf 86' lang='lat' dir='ltr'><strong>ejus-</strong></span> 
     </span>
    </p>
   </div>
   <div class='ocr_carea' id='block_1_76' title="bbox 211 4140 1871 4221">
    <p class='ocr_par' dir='ltr' id='par_1_76' title="bbox 211 4140 1871 4221">
     <span class='ocr_line' id='line_1_76' title="bbox 211 4140 1871 4221; baseline -0.005 -16"><span class='ocrx_word' id='word_1_533' title='bbox 211 4149 334 4205; x_wconf 88' lang='lat' dir='ltr'><strong>dem</strong></span> <span class='ocrx_word' id='word_1_534' title='bbox 382 4144 651 4221; x_wconf 88' lang='lat' dir='ltr'><strong>episcopi</strong></span> <span class='ocrx_word' id='word_1_535' title='bbox 684 4144 998 4217; x_wconf 89' lang='lat' dir='ltr'><strong>suscipere,</strong></span> <span class='ocrx_word' id='word_1_536' title='bbox 1024 4160 1130 4200; x_wconf 90' lang='lat' dir='ltr'><strong>nec</strong></span> <span class='ocrx_word' id='word_1_537' title='bbox 1161 4144 1289 4215; x_wconf 88' lang='lat' dir='ltr'><strong>ejus</strong></span> <span class='ocrx_word' id='word_1_538' title='bbox 1330 4142 1571 4199; x_wconf 89' lang='lat' dir='ltr'><strong>clericos</strong></span> <span class='ocrx_word' id='word_1_539' title='bbox 1601 4140 1871 4196; x_wconf 90' lang='lat' dir='ltr'><strong>ordinare</strong></span> 
     </span>
    </p>
   </div>
   <div class='ocr_carea' id='block_1_77' title="bbox 209 4229 1870 4309">
    <p class='ocr_par' dir='ltr' id='par_1_77' title="bbox 209 4229 1870 4309">
     <span class='ocr_line' id='line_1_77' title="bbox 209 4229 1870 4309; baseline -0.004 -17"><span class='ocrx_word' id='word_1_540' title='bbox 209 4240 524 4309; x_wconf 65' lang='lat' dir='ltr'><strong>praesumat</strong></span> <span class='ocrx_word' id='word_1_541' title='bbox 583 4234 698 4290; x_wconf 90' lang='lat' dir='ltr'><strong>nisi</strong></span> <span class='ocrx_word' id='word_1_542' title='bbox 756 4234 901 4290; x_wconf 90' lang='lat' dir='ltr'><strong>forte</strong></span> <span class='ocrx_word' id='word_1_543' title='bbox 957 4231 1172 4306; x_wconf 67' lang='lat' dir='ltr'><strong>praesul</strong></span> <span class='ocrx_word' id='word_1_544' title='bbox 1229 4230 1664 4305; x_wconf 65' lang='lat' dir='ltr'><strong>pranominata:</strong></span> <span class='ocrx_word' id='word_1_545' title='bbox 1714 4229 1870 4285; x_wconf 91' lang='lat' dir='ltr'><strong>sedis</strong></span> 
     </span>
    </p>
   </div>
   <div class='ocr_carea' id='block_1_78' title="bbox 211 4317 1871 4396">
    <p class='ocr_par' dir='ltr' id='par_1_78' title="bbox 211 4317 1871 4396">
     <span class='ocr_line' id='line_1_78' title="bbox 211 4317 1871 4396; baseline -0.004 -13"><span class='ocrx_word' id='word_1_546' title='bbox 211 4341 516 4383; x_wconf 75' lang='lat' dir='ltr'><strong>assensum</strong></span> <span class='ocrx_word' id='word_1_547' title='bbox 547 4326 870 4395; x_wconf 87' lang='lat' dir='ltr'><strong>spontanee</strong></span> <span class='ocrx_word' id='word_1_548' title='bbox 915 4323 1186 4396; x_wconf 81' lang='lat' dir='ltr'><strong>praebeat.</strong></span> <span class='ocrx_word' id='word_1_549' title='bbox 1221 4321 1400 4377; x_wconf 90' lang='lat' dir='ltr'><strong>Nemo</strong></span> <span class='ocrx_word' id='word_1_550' title='bbox 1432 4319 1651 4393; x_wconf 66' lang='lat' dir='ltr'><strong>praedia</strong></span> <span class='ocrx_word' id='word_1_551' title='bbox 1681 4317 1871 4390; x_wconf 91' lang='lat' dir='ltr'><strong>ipsius</strong></span> 
     </span>
    </p>
   </div>
   <div class='ocr_carea' id='block_1_79' title="bbox 209 4407 1866 4484">
    <p class='ocr_par' dir='ltr' id='par_1_79' title="bbox 209 4407 1866 4484">
     <span class='ocr_line' id='line_1_79' title="bbox 209 4407 1866 4484; baseline -0.003 -15"><span class='ocrx_word' id='word_1_552' title='bbox 209 4414 478 4483; x_wconf 65' lang='lat' dir='ltr'><strong>ecclesiae,</strong></span> <span class='ocrx_word' id='word_1_553' title='bbox 498 4412 842 4484; x_wconf 88' lang='lat' dir='ltr'><strong>ubicunque</strong></span> <span class='ocrx_word' id='word_1_554' title='bbox 857 4412 1057 4468; x_wconf 83' lang='lat' dir='ltr'><strong>debita</strong></span> <span class='ocrx_word' id='word_1_555' title='bbox 1074 4409 1162 4465; x_wconf 90' lang='lat' dir='ltr'><strong>illi</strong></span> <span class='ocrx_word' id='word_1_556' title='bbox 1183 4407 1614 4478; x_wconf 88' lang='lat' dir='ltr'><strong>noverit,celare</strong></span> <span class='ocrx_word' id='word_1_557' title='bbox 1635 4408 1866 4475; x_wconf 88' lang='lat' dir='ltr'><strong>audeat,</strong></span> 
     </span>
    </p>
   </div>
   <div class='ocr_carea' id='block_1_80' title="bbox 1983 3256 3650 3330">
    <p class='ocr_par' dir='ltr' id='par_1_80' title="bbox 1983 3256 3650 3330">
     <span class='ocr_line' id='line_1_80' title="bbox 1983 3256 3650 3330; baseline 0.002 -16"><span class='ocrx_word' id='word_1_558' title='bbox 1983 3275 2197 3330; x_wconf 90' lang='lat' dir='ltr'><strong>scepus</strong></span> <span class='ocrx_word' id='word_1_559' title='bbox 2259 3262 2456 3313; x_wconf 89' lang='lat' dir='ltr'><strong>noster</strong></span> <span class='ocrx_word' id='word_1_560' title='bbox 2514 3258 2769 3313; x_wconf 89' lang='lat' dir='ltr'><strong>domnus</strong></span> <span class='ocrx_word' id='word_1_561' title='bbox 2819 3256 2981 3313; x_wconf 90' lang='lat' dir='ltr'><strong>Oliva</strong></span> <span class='ocrx_word' id='word_1_562' title='bbox 3037 3256 3295 3323; x_wconf 88' lang='lat' dir='ltr'><strong>solverit,</strong></span> <span class='ocrx_word' id='word_1_563' title='bbox 3329 3264 3395 3314; x_wconf 91' lang='lat' dir='ltr'><strong>ut</strong></span> <span class='ocrx_word' id='word_1_564' title='bbox 3449 3261 3650 3318; x_wconf 89' lang='lat' dir='ltr'><strong>nullus</strong></span> 
     </span>
    </p>
   </div>
   <div class='ocr_carea' id='block_1_81' title="bbox 1982 3345 3646 3417">
    <p class='ocr_par' dir='ltr' id='par_1_81' title="bbox 1982 3345 3646 3417">
     <span class='ocr_line' id='line_1_81' title="bbox 1982 3345 3646 3417; baseline 0.004 -17"><span class='ocrx_word' id='word_1_565' title='bbox 1982 3346 2158 3402; x_wconf 90' lang='lat' dir='ltr'><strong>homo</strong></span> <span class='ocrx_word' id='word_1_566' title='bbox 2191 3345 2508 3417; x_wconf 86' lang='lat' dir='ltr'><strong>cujuslibet</strong></span> <span class='ocrx_word' id='word_1_567' title='bbox 2539 3347 2867 3417; x_wconf 88' lang='lat' dir='ltr'><strong>potestatis,</strong></span> <span class='ocrx_word' id='word_1_568' title='bbox 2894 3349 2996 3401; x_wconf 89' lang='lat' dir='ltr'><strong>aut</strong></span> <span class='ocrx_word' id='word_1_569' title='bbox 3026 3362 3201 3402; x_wconf 86' lang='lat' dir='ltr'><strong>sexus</strong></span> <span class='ocrx_word' id='word_1_570' title='bbox 3249 3350 3353 3402; x_wconf 90' lang='lat' dir='ltr'><strong>aut</strong></span> <span class='ocrx_word' id='word_1_571' title='bbox 3399 3349 3646 3414; x_wconf 86' lang='lat' dir='ltr'><strong>ordinis,</strong></span> 
     </span>
    </p>
   </div>
   <div class='ocr_carea' id='block_1_82' title="bbox 1982 3433 3648 3506">
    <p class='ocr_par' dir='ltr' id='par_1_82' title="bbox 1982 3433 3648 3506">
     <span class='ocr_line' id='line_1_82' title="bbox 1982 3433 3648 3506; baseline 0.004 -16"><span class='ocrx_word' id='word_1_572' title='bbox 1982 3433 2203 3506; x_wconf 88' lang='lat' dir='ltr'><strong>aliquid</strong></span> <span class='ocrx_word' id='word_1_573' title='bbox 2266 3434 2402 3490; x_wconf 91' lang='lat' dir='ltr'><strong>inde</strong></span> <span class='ocrx_word' id='word_1_574' title='bbox 2454 3434 2667 3489; x_wconf 88' lang='lat' dir='ltr'><strong>audeat</strong></span> <span class='ocrx_word' id='word_1_575' title='bbox 2727 3434 2945 3503; x_wconf 87' lang='lat' dir='ltr'><strong>tollere,</strong></span> <span class='ocrx_word' id='word_1_576' title='bbox 2982 3439 3085 3491; x_wconf 90' lang='lat' dir='ltr'><strong>aut</strong></span> <span class='ocrx_word' id='word_1_577' title='bbox 3132 3434 3409 3506; x_wconf 87' lang='lat' dir='ltr'><strong>alienare,</strong></span> <span class='ocrx_word' id='word_1_578' title='bbox 3443 3438 3532 3495; x_wconf 87' lang='lat' dir='ltr'><strong>vel</strong></span> <span class='ocrx_word' id='word_1_579' title='bbox 3576 3440 3648 3496; x_wconf 91' lang='lat' dir='ltr'><strong>ad</strong></span> 
     </span>
    </p>
   </div>
   <div class='ocr_carea' id='block_1_83' title="bbox 1983 3522 3648 3595">
    <p class='ocr_par' dir='ltr' id='par_1_83' title="bbox 1983 3522 3648 3595">
     <span class='ocr_line' id='line_1_83' title="bbox 1983 3522 3648 3595; baseline 0.004 -19"><span class='ocrx_word' id='word_1_580' title='bbox 1983 3522 2268 3577; x_wconf 88' lang='lat' dir='ltr'><strong>damnum</strong></span> <span class='ocrx_word' id='word_1_581' title='bbox 2298 3522 2585 3594; x_wconf 64' lang='lat' dir='ltr'><strong>praedictae</strong></span> <span class='ocrx_word' id='word_1_582' title='bbox 2617 3523 2906 3579; x_wconf 63' lang='lat' dir='ltr'><strong>canonica;</strong></span> <span class='ocrx_word' id='word_1_583' title='bbox 2940 3522 3204 3595; x_wconf 88' lang='lat' dir='ltr'><strong>quolibet</strong></span> <span class='ocrx_word' id='word_1_584' title='bbox 3249 3524 3424 3580; x_wconf 91' lang='lat' dir='ltr'><strong>modo</strong></span> <span class='ocrx_word' id='word_1_585' title='bbox 3454 3529 3648 3582; x_wconf 89' lang='lat' dir='ltr'><strong>trans-</strong></span> 
     </span>
    </p>
   </div>
   <div class='ocr_carea' id='block_1_84' title="bbox 1980 3609 3648 3685">
    <p class='ocr_par' dir='ltr' id='par_1_84' title="bbox 1980 3609 3648 3685">
     <span class='ocr_line' id='line_1_84' title="bbox 1980 3609 3648 3685; baseline 0.004 -21"><span class='ocrx_word' id='word_1_586' title='bbox 1980 3610 2151 3680; x_wconf 89' lang='lat' dir='ltr'><strong>ferre,</strong></span> <span class='ocrx_word' id='word_1_587' title='bbox 2176 3609 2263 3666; x_wconf 91' lang='lat' dir='ltr'><strong>vel</strong></span> <span class='ocrx_word' id='word_1_588' title='bbox 2297 3615 2681 3667; x_wconf 90' lang='lat' dir='ltr'><strong>commutare.</strong></span> <span class='ocrx_word' id='word_1_589' title='bbox 2720 3613 2834 3668; x_wconf 79' lang='lat' dir='ltr'><strong>Hoc</strong></span> <span class='ocrx_word' id='word_1_590' title='bbox 2879 3611 3079 3684; x_wconf 88' lang='lat' dir='ltr'><strong>ipsum</strong></span> <span class='ocrx_word' id='word_1_591' title='bbox 3126 3627 3282 3680; x_wconf 90' lang='lat' dir='ltr'><strong>vero,</strong></span> <span class='ocrx_word' id='word_1_592' title='bbox 3307 3613 3467 3685; x_wconf 91' lang='lat' dir='ltr'><strong>quod</strong></span> <span class='ocrx_word' id='word_1_593' title='bbox 3491 3614 3648 3685; x_wconf 89' lang='lat' dir='ltr'><strong>juris</strong></span> 
     </span>
    </p>
   </div>
   <div class='ocr_carea' id='block_1_85' title="bbox 1978 3697 3647 3775">
    <p class='ocr_par' dir='ltr' id='par_1_85' title="bbox 1978 3697 3647 3775">
     <span class='ocr_line' id='line_1_85' title="bbox 1978 3697 3647 3775; baseline 0.002 -22"><span class='ocrx_word' id='word_1_594' title='bbox 1978 3697 2169 3771; x_wconf 88' lang='lat' dir='ltr'><strong>ipsius</strong></span> <span class='ocrx_word' id='word_1_595' title='bbox 2198 3698 2465 3755; x_wconf 89' lang='lat' dir='ltr'><strong>canonici</strong></span> <span class='ocrx_word' id='word_1_596' title='bbox 2506 3699 2625 3754; x_wconf 90' lang='lat' dir='ltr'><strong>fore</strong></span> <span class='ocrx_word' id='word_1_597' title='bbox 2671 3699 3067 3774; x_wconf 86' lang='lat' dir='ltr'><strong>dignoscitur,</strong></span> <span class='ocrx_word' id='word_1_598' title='bbox 3098 3716 3165 3756; x_wconf 93' lang='lat' dir='ltr'><strong>eo</strong></span> <span class='ocrx_word' id='word_1_599' title='bbox 3196 3703 3397 3757; x_wconf 90' lang='lat' dir='ltr'><strong>tenore</strong></span> <span class='ocrx_word' id='word_1_600' title='bbox 3426 3700 3647 3775; x_wconf 91' lang='lat' dir='ltr'><strong>obliga-</strong></span> 
     </span>
    </p>
   </div>
   <div class='ocr_carea' id='block_1_86' title="bbox 1979 3787 3646 3863">
    <p class='ocr_par' dir='ltr' id='par_1_86' title="bbox 1979 3787 3646 3863">
     <span class='ocr_line' id='line_1_86' title="bbox 1979 3787 3646 3863; baseline 0.003 -21"><span class='ocrx_word' id='word_1_601' title='bbox 1979 3804 2134 3853; x_wconf 91' lang='lat' dir='ltr'><strong>mus,</strong></span> <span class='ocrx_word' id='word_1_602' title='bbox 2162 3791 2227 3842; x_wconf 93' lang='lat' dir='ltr'><strong>ut</strong></span> <span class='ocrx_word' id='word_1_603' title='bbox 2249 3788 2747 3860; x_wconf 88' lang='lat' dir='ltr'><strong>quemadmodum</strong></span> <span class='ocrx_word' id='word_1_604' title='bbox 2799 3787 3203 3862; x_wconf 88' lang='lat' dir='ltr'><strong>supradictum</strong></span> <span class='ocrx_word' id='word_1_605' title='bbox 3226 3792 3336 3857; x_wconf 88' lang='lat' dir='ltr'><strong>est,</strong></span> <span class='ocrx_word' id='word_1_606' title='bbox 3359 3790 3646 3863; x_wconf 86' lang='lat' dir='ltr'><strong>quidquid</strong></span> 
     </span>
    </p>
   </div>
   <div class='ocr_carea' id='block_1_87' title="bbox 1979 3875 3649 3949">
    <p class='ocr_par' dir='ltr' id='par_1_87' title="bbox 1979 3875 3649 3949">
     <span class='ocr_line' id='line_1_87' title="bbox 1979 3875 3649 3949; baseline 0.004 -18"><span class='ocrx_word' id='word_1_607' title='bbox 1979 3875 2186 3941; x_wconf 80' lang='lat' dir='ltr'><strong>exinde</strong></span> <span class='ocrx_word' id='word_1_608' title='bbox 2235 3877 2512 3948; x_wconf 68' lang='lat' dir='ltr'><strong>praefatus</strong></span> <span class='ocrx_word' id='word_1_609' title='bbox 2562 3878 2822 3949; x_wconf 82' lang='lat' dir='ltr'><strong>pontifex</strong></span> <span class='ocrx_word' id='word_1_610' title='bbox 2853 3878 3015 3934; x_wconf 88' lang='lat' dir='ltr'><strong>Oliva</strong></span> <span class='ocrx_word' id='word_1_611' title='bbox 3069 3875 3330 3946; x_wconf 92' lang='lat' dir='ltr'><strong>solverit,</strong></span> <span class='ocrx_word' id='word_1_612' title='bbox 3386 3878 3649 3937; x_wconf 90' lang='lat' dir='ltr'><strong>solutum</strong></span> 
     </span>
    </p>
   </div>
   <div class='ocr_carea' id='block_1_88' title="bbox 1980 3964 3646 4038">
    <p class='ocr_par' dir='ltr' id='par_1_88' title="bbox 1980 3964 3646 4038">
     <span class='ocr_line' id='line_1_88' title="bbox 1980 3964 3646 4038; baseline 0.002 -18"><span class='ocrx_word' id='word_1_613' title='bbox 1980 3968 2343 4038; x_wconf 82' lang='lat' dir='ltr'><strong>permaneat,</strong></span> <span class='ocrx_word' id='word_1_614' title='bbox 2369 3965 2659 4038; x_wconf 88' lang='lat' dir='ltr'><strong>quidquid</strong></span> <span class='ocrx_word' id='word_1_615' title='bbox 2695 3967 2917 4023; x_wconf 87' lang='lat' dir='ltr'><strong>solvere</strong></span> <span class='ocrx_word' id='word_1_616' title='bbox 2948 3964 3221 4033; x_wconf 89' lang='lat' dir='ltr'><strong>noluerit,</strong></span> <span class='ocrx_word' id='word_1_617' title='bbox 3245 3968 3646 4024; x_wconf 81' lang='lat' dir='ltr'><strong>excommuni-</strong></span> 
     </span>
    </p>
   </div>
   <div class='ocr_carea' id='block_1_89' title="bbox 1980 4052 3145 4127">
    <p class='ocr_par' dir='ltr' id='par_1_89' title="bbox 1980 4052 3145 4127">
     <span class='ocr_line' id='line_1_89' title="bbox 1980 4052 3145 4127; baseline -0.001 -18"><span class='ocrx_word' id='word_1_618' title='bbox 1980 4058 2179 4109; x_wconf 89' lang='lat' dir='ltr'><strong>catum</strong></span> <span class='ocrx_word' id='word_1_619' title='bbox 2213 4052 2534 4125; x_wconf 87' lang='lat' dir='ltr'><strong>pontiﬁcali</strong></span> <span class='ocrx_word' id='word_1_620' title='bbox 2567 4071 2820 4111; x_wconf 90' lang='lat' dir='ltr'><strong>censura</strong></span> <span class='ocrx_word' id='word_1_621' title='bbox 2850 4053 3145 4127; x_wconf 88' lang='lat' dir='ltr'><strong>persistat.</strong></span> 
     </span>
    </p>
   </div>
   <div class='ocr_carea' id='block_1_90' title="bbox 2055 4141 3643 4214">
    <p class='ocr_par' dir='ltr' id='par_1_90' title="bbox 2055 4141 3643 4214">
     <span class='ocr_line' id='line_1_90' title="bbox 2055 4141 3643 4214; baseline 0.001 -17"><span class='ocrx_word' id='word_1_622' title='bbox 2055 4141 2238 4214; x_wconf 91' lang='lat' dir='ltr'><strong>Igitur</strong></span> <span class='ocrx_word' id='word_1_623' title='bbox 2268 4141 2420 4197; x_wconf 92' lang='lat' dir='ltr'><strong>hanc</strong></span> <span class='ocrx_word' id='word_1_624' title='bbox 2452 4142 2787 4198; x_wconf 90' lang='lat' dir='ltr'><strong>universam</strong></span> <span class='ocrx_word' id='word_1_625' title='bbox 2830 4146 3043 4198; x_wconf 70' lang='lat' dir='ltr'><strong>nostris</strong></span> <span class='ocrx_word' id='word_1_626' title='bbox 3072 4141 3511 4199; x_wconf 89' lang='lat' dir='ltr'><strong>constitutionis</strong></span> <span class='ocrx_word' id='word_1_627' title='bbox 3542 4143 3643 4199; x_wconf 91' lang='lat' dir='ltr'><strong>do-</strong></span> 
     </span>
    </p>
   </div>
   <div class='ocr_carea' id='block_1_91' title="bbox 1982 4228 3644 4305">
    <p class='ocr_par' dir='ltr' id='par_1_91' title="bbox 1982 4228 3644 4305">
     <span class='ocr_line' id='line_1_91' title="bbox 1982 4228 3644 4305; baseline 0 -18"><span class='ocrx_word' id='word_1_628' title='bbox 1982 4236 2101 4287; x_wconf 89' lang='lat' dir='ltr'><strong>tem</strong></span> <span class='ocrx_word' id='word_1_629' title='bbox 2134 4229 2407 4302; x_wconf 90' lang='lat' dir='ltr'><strong>superius</strong></span> <span class='ocrx_word' id='word_1_630' title='bbox 2439 4230 2874 4305; x_wconf 88' lang='lat' dir='ltr'><strong>premulgatam</strong></span> <span class='ocrx_word' id='word_1_631' title='bbox 2907 4228 3149 4304; x_wconf 88' lang='lat' dir='ltr'><strong>perenni</strong></span> <span class='ocrx_word' id='word_1_632' title='bbox 3176 4229 3306 4303; x_wconf 89' lang='lat' dir='ltr'><strong>lege</strong></span> <span class='ocrx_word' id='word_1_633' title='bbox 3334 4230 3644 4288; x_wconf 90' lang='lat' dir='ltr'><strong>valituram</strong></span> 
     </span>
    </p>
   </div>
   <div class='ocr_carea' id='block_1_92' title="bbox 1983 4317 3643 4391">
    <p class='ocr_par' dir='ltr' id='par_1_92' title="bbox 1983 4317 3643 4391">
     <span class='ocr_line' id='line_1_92' title="bbox 1983 4317 3643 4391; baseline 0 -15"><span class='ocrx_word' id='word_1_634' title='bbox 1983 4335 2325 4386; x_wconf 88' lang='lat' dir='ltr'><strong>censemus;</strong></span> <span class='ocrx_word' id='word_1_635' title='bbox 2346 4334 2702 4391; x_wconf 89' lang='lat' dir='ltr'><strong>omnemque</strong></span> <span class='ocrx_word' id='word_1_636' title='bbox 2720 4319 3019 4375; x_wconf 91' lang='lat' dir='ltr'><strong>hominem</strong></span> <span class='ocrx_word' id='word_1_637' title='bbox 3038 4317 3199 4374; x_wconf 89' lang='lat' dir='ltr'><strong>illam</strong></span> <span class='ocrx_word' id='word_1_638' title='bbox 3215 4319 3643 4389; x_wconf 85' lang='lat' dir='ltr'><strong>observantem,</strong></span> 
     </span>
    </p>
   </div>
   <div class='ocr_carea' id='block_1_93' title="bbox 1983 4406 3644 4482">
    <p class='ocr_par' dir='ltr' id='par_1_93' title="bbox 1983 4406 3644 4482">
     <span class='ocr_line' id='line_1_93' title="bbox 1983 4406 3644 4482; baseline -0.001 -16"><span class='ocrx_word' id='word_1_639' title='bbox 1983 4413 2040 4466; x_wconf 89' lang='lat' dir='ltr'><strong>et</strong></span> <span class='ocrx_word' id='word_1_640' title='bbox 2070 4411 2134 4464; x_wconf 90' lang='lat' dir='ltr'><strong>ut</strong></span> <span class='ocrx_word' id='word_1_641' title='bbox 2164 4406 2395 4464; x_wconf 87' lang='lat' dir='ltr'><strong>stabilis</strong></span> <span class='ocrx_word' id='word_1_642' title='bbox 2426 4412 2770 4480; x_wconf 89' lang='lat' dir='ltr'><strong>permaneat</strong></span> <span class='ocrx_word' id='word_1_643' title='bbox 2800 4409 3174 4481; x_wconf 82' lang='lat' dir='ltr'><strong>adiuvantem</strong></span> <span class='ocrx_word' id='word_1_644' title='bbox 3209 4426 3311 4482; x_wconf 91' lang='lat' dir='ltr'><strong>pro</strong></span> <span class='ocrx_word' id='word_1_645' title='bbox 3342 4425 3516 4482; x_wconf 87' lang='lat' dir='ltr'><strong>posse</strong></span> <span class='ocrx_word' id='word_1_646' title='bbox 3544 4409 3644 4465; x_wconf 89' lang='lat' dir='ltr'><strong>be-</strong></span> 
     </span>
    </p>
   </div>
   <div class='ocr_carea' id='block_1_94' title="bbox 212 4496 3649 4581">
    <p class='ocr_par' dir='ltr' id='par_1_94' title="bbox 212 4496 3649 4581">
     <span class='ocr_line' id='line_1_94' title="bbox 212 4496 3649 4581; baseline -0.001 -22"><span class='ocrx_word' id='word_1_647' title='bbox 212 4505 303 4559; x_wconf 86' lang='lat' dir='ltr'><strong>sed</strong></span> <span class='ocrx_word' id='word_1_648' title='bbox 333 4520 470 4560; x_wconf 81' lang='lat' dir='ltr'><strong>mox</strong></span> <span class='ocrx_word' id='word_1_649' title='bbox 502 4501 608 4557; x_wconf 92' lang='lat' dir='ltr'><strong>ubi</strong></span> <span class='ocrx_word' id='word_1_650' title='bbox 654 4501 1008 4574; x_wconf 90' lang='lat' dir='ltr'><strong>cognoverit,</strong></span> <span class='ocrx_word' id='word_1_651' title='bbox 1039 4501 1111 4554; x_wconf 91' lang='lat' dir='ltr'><strong>ad</strong></span> <span class='ocrx_word' id='word_1_652' title='bbox 1153 4500 1480 4572; x_wconf 90' lang='lat' dir='ltr'><strong>profectum</strong></span> <span class='ocrx_word' id='word_1_653' title='bbox 1530 4496 1690 4552; x_wconf 92' lang='lat' dir='ltr'><strong>illius</strong></span> <span class='ocrx_word' id='word_1_654' title='bbox 1739 4514 1878 4553; x_wconf 89' lang='lat' dir='ltr'><strong>cen-</strong></span> <span class='ocrx_word' id='word_1_655' title='bbox 1908 4516 1954 4581; x_wconf 73' lang='grc' dir='ltr'><strong>ι)</strong></span> <span class='ocrx_word' id='word_1_656' title='bbox 1985 4496 2335 4562; x_wconf 88' lang='lat' dir='ltr'><strong>nedicimus,</strong></span> <span class='ocrx_word' id='word_1_657' title='bbox 2369 4501 2426 4552; x_wconf 89' lang='lat' dir='ltr'><strong>et</strong></span> <span class='ocrx_word' id='word_1_658' title='bbox 2472 4501 2538 4551; x_wconf 89' lang='lat' dir='ltr'><strong>ut</strong></span> <span class='ocrx_word' id='word_1_659' title='bbox 2586 4498 3041 4555; x_wconf 88' lang='lat' dir='ltr'><strong>diuturnitatem</strong></span> <span class='ocrx_word' id='word_1_660' title='bbox 3085 4498 3214 4553; x_wconf 69' lang='lat' dir='ltr'><strong>vita:</strong></span> <span class='ocrx_word' id='word_1_661' title='bbox 3258 4497 3562 4572; x_wconf 62' lang='lat' dir='ltr'><strong>praesentis</strong></span> <span class='ocrx_word' id='word_1_662' title='bbox 3590 4502 3649 4555; x_wconf 89' lang='lat' dir='ltr'><strong>et</strong></span> 
     </span>
    </p>
   </div>
   <div class='ocr_carea' id='block_1_95' title="bbox 213 4586 1883 4663">
    <p class='ocr_par' dir='ltr' id='par_1_95' title="bbox 213 4586 1883 4663">
     <span class='ocr_line' id='line_1_95' title="bbox 213 4586 1883 4663; baseline -0.002 -16"><span class='ocrx_word' id='word_1_663' title='bbox 213 4592 397 4648; x_wconf 87' lang='lat' dir='ltr'><strong>festim</strong></span> <span class='ocrx_word' id='word_1_664' title='bbox 420 4589 809 4648; x_wconf 87' lang='lat' dir='ltr'><strong>manifestare</strong></span> <span class='ocrx_word' id='word_1_665' title='bbox 826 4606 941 4645; x_wconf 90' lang='lat' dir='ltr'><strong>non</strong></span> <span class='ocrx_word' id='word_1_666' title='bbox 960 4586 1399 4663; x_wconf 88' lang='lat' dir='ltr'><strong>pigeat.Nullus</strong></span> <span class='ocrx_word' id='word_1_667' title='bbox 1418 4586 1883 4659; x_wconf 88' lang='lat' dir='ltr'><strong>princeps,nulla</strong></span> 
     </span>
    </p>
   </div>
   <div class='ocr_carea' id='block_1_96' title="bbox 212 4674 1878 4753">
    <p class='ocr_par' dir='ltr' id='par_1_96' title="bbox 212 4674 1878 4753">
     <span class='ocr_line' id='line_1_96' title="bbox 212 4674 1878 4753; baseline -0.005 -18"><span class='ocrx_word' id='word_1_668' title='bbox 212 4680 481 4753; x_wconf 68' lang='lat' dir='ltr'><strong>quaelibet</strong></span> <span class='ocrx_word' id='word_1_669' title='bbox 512 4680 780 4751; x_wconf 85' lang='lat' dir='ltr'><strong>potestas</strong></span> <span class='ocrx_word' id='word_1_670' title='bbox 813 4695 1029 4751; x_wconf 87' lang='lat' dir='ltr'><strong>magna</strong></span> <span class='ocrx_word' id='word_1_671' title='bbox 1061 4677 1149 4733; x_wconf 89' lang='lat' dir='ltr'><strong>vel</strong></span> <span class='ocrx_word' id='word_1_672' title='bbox 1182 4694 1376 4750; x_wconf 87' lang='lat' dir='ltr'><strong>parva,</strong></span> <span class='ocrx_word' id='word_1_673' title='bbox 1405 4692 1512 4731; x_wconf 91' lang='lat' dir='ltr'><strong>nec</strong></span> <span class='ocrx_word' id='word_1_674' title='bbox 1542 4674 1757 4748; x_wconf 90' lang='lat' dir='ltr'><strong>aliquis</strong></span> <span class='ocrx_word' id='word_1_675' title='bbox 1778 4693 1878 4731; x_wconf 90' lang='lat' dir='ltr'><strong>cu-</strong></span> 
     </span>
    </p>
   </div>
   <div class='ocr_carea' id='block_1_97' title="bbox 208 4764 1878 4842">
    <p class='ocr_par' dir='ltr' id='par_1_97' title="bbox 208 4764 1878 4842">
     <span class='ocr_line' id='line_1_97' title="bbox 208 4764 1878 4842; baseline -0.003 -16"><span class='ocrx_word' id='word_1_676' title='bbox 208 4770 549 4842; x_wconf 86' lang='lat' dir='ltr'><strong>juscunque</strong></span> <span class='ocrx_word' id='word_1_677' title='bbox 579 4767 905 4839; x_wconf 89' lang='lat' dir='ltr'><strong>dignitatis,</strong></span> <span class='ocrx_word' id='word_1_678' title='bbox 939 4772 1041 4823; x_wconf 91' lang='lat' dir='ltr'><strong>aut</strong></span> <span class='ocrx_word' id='word_1_679' title='bbox 1088 4784 1282 4832; x_wconf 85' lang='lat' dir='ltr'><strong>sexus,</strong></span> <span class='ocrx_word' id='word_1_680' title='bbox 1306 4770 1407 4821; x_wconf 88' lang='lat' dir='ltr'><strong>aut</strong></span> <span class='ocrx_word' id='word_1_681' title='bbox 1449 4764 1672 4821; x_wconf 90' lang='lat' dir='ltr'><strong>ordinis</strong></span> <span class='ocrx_word' id='word_1_682' title='bbox 1704 4765 1878 4821; x_wconf 90' lang='lat' dir='ltr'><strong>homo</strong></span> 
     </span>
    </p>
   </div>
   <div class='ocr_carea' id='block_1_98' title="bbox 210 4854 1871 4929">
    <p class='ocr_par' dir='ltr' id='par_1_98' title="bbox 210 4854 1871 4929">
     <span class='ocr_line' id='line_1_98' title="bbox 210 4854 1871 4929; baseline -0.003 -15"><span class='ocrx_word' id='word_1_683' title='bbox 210 4859 490 4915; x_wconf 83' lang='lat' dir='ltr'><strong>terminos</strong></span> <span class='ocrx_word' id='word_1_684' title='bbox 526 4855 721 4928; x_wconf 87' lang='lat' dir='ltr'><strong>ipsius</strong></span> <span class='ocrx_word' id='word_1_685' title='bbox 766 4856 1135 4929; x_wconf 88' lang='lat' dir='ltr'><strong>episcopatus</strong></span> <span class='ocrx_word' id='word_1_686' title='bbox 1166 4854 1502 4910; x_wconf 87' lang='lat' dir='ltr'><strong>abbreviare</strong></span> <span class='ocrx_word' id='word_1_687' title='bbox 1532 4858 1871 4924; x_wconf 66' lang='lat' dir='ltr'><strong>praesumat,</strong></span> 
     </span>
    </p>
   </div>
   <div class='ocr_carea' id='block_1_99' title="bbox 206 4942 1877 5016">
    <p class='ocr_par' dir='ltr' id='par_1_99' title="bbox 206 4942 1877 5016">
     <span class='ocr_line' id='line_1_99' title="bbox 206 4942 1877 5016; baseline -0.001 -16"><span class='ocrx_word' id='word_1_688' title='bbox 206 4964 305 5002; x_wconf 90' lang='lat' dir='ltr'><strong>nec</strong></span> <span class='ocrx_word' id='word_1_689' title='bbox 323 4948 394 5002; x_wconf 87' lang='lat' dir='ltr'><strong>ad</strong></span> <span class='ocrx_word' id='word_1_690' title='bbox 418 4947 716 5002; x_wconf 88' lang='lat' dir='ltr'><strong>damnum</strong></span> <span class='ocrx_word' id='word_1_691' title='bbox 744 4946 990 5016; x_wconf 71' lang='lat' dir='ltr'><strong>prazfatze</strong></span> <span class='ocrx_word' id='word_1_692' title='bbox 1014 4944 1170 4999; x_wconf 89' lang='lat' dir='ltr'><strong>sedis</strong></span> <span class='ocrx_word' id='word_1_693' title='bbox 1193 4942 1455 5016; x_wconf 88' lang='lat' dir='ltr'><strong>quolibet</strong></span> <span class='ocrx_word' id='word_1_694' title='bbox 1478 4943 1648 4997; x_wconf 90' lang='lat' dir='ltr'><strong>modo</strong></span> <span class='ocrx_word' id='word_1_695' title='bbox 1679 4946 1877 4998; x_wconf 86' lang='lat' dir='ltr'><strong>trans-</strong></span> 
     </span>
    </p>
   </div>
   <div class='ocr_carea' id='block_1_100' title="bbox 215 5032 1133 5092">
    <p class='ocr_par' dir='ltr' id='par_1_100' title="bbox 215 5032 1133 5092">
     <span class='ocr_line' id='line_1_100' title="bbox 215 5032 1133 5092; baseline -0.002 -3"><span class='ocrx_word' id='word_1_696' title='bbox 215 5035 356 5092; x_wconf 83' lang='lat' dir='ltr'><strong>ferre</strong></span> <span class='ocrx_word' id='word_1_697' title='bbox 386 5035 476 5091; x_wconf 90' lang='lat' dir='ltr'><strong>vel</strong></span> <span class='ocrx_word' id='word_1_698' title='bbox 512 5032 771 5089; x_wconf 87' lang='lat' dir='ltr'><strong>alienare</strong></span> <span class='ocrx_word' id='word_1_699' title='bbox 803 5034 1133 5089; x_wconf 88' lang='lat' dir='ltr'><strong>contendat.</strong></span> 
     </span>
    </p>
   </div>
   <div class='ocr_carea' id='block_1_101' title="bbox 275 5121 1882 5194">
    <p class='ocr_par' dir='ltr' id='par_1_101' title="bbox 275 5121 1882 5194">
     <span class='ocr_line' id='line_1_101' title="bbox 275 5121 1882 5194; baseline -0.002 -14"><span class='ocrx_word' id='word_1_700' title='bbox 275 5124 601 5181; x_wconf 81' lang='lat' dir='ltr'><strong>Terminus</strong></span> <span class='ocrx_word' id='word_1_701' title='bbox 621 5138 756 5177; x_wconf 90' lang='lat' dir='ltr'><strong>vero</strong></span> <span class='ocrx_word' id='word_1_702' title='bbox 789 5122 970 5179; x_wconf 87' lang='lat' dir='ltr'><strong>totius</strong></span> <span class='ocrx_word' id='word_1_703' title='bbox 1001 5122 1415 5194; x_wconf 86' lang='lat' dir='ltr'><strong>expiscopatus</strong></span> <span class='ocrx_word' id='word_1_704' title='bbox 1435 5125 1491 5174; x_wconf 88' lang='lat' dir='ltr'><strong>S.</strong></span> <span class='ocrx_word' id='word_1_705' title='bbox 1515 5121 1882 5176; x_wconf 89' lang='lat' dir='ltr'><strong>Ausonensis</strong></span> 
     </span>
    </p>
   </div>
   <div class='ocr_carea' id='block_1_102' title="bbox 213 5199 1884 5283">
    <p class='ocr_par' dir='ltr' id='par_1_102' title="bbox 213 5199 1884 5283">
     <span class='ocr_line' id='line_1_102' title="bbox 213 5199 1884 5283; baseline -0.002 -16"><span class='ocrx_word' id='word_1_706' title='bbox 213 5212 482 5269; x_wconf 71' lang='lat' dir='ltr'><strong>Ecclesiae</strong></span> <span class='ocrx_word' id='word_1_707' title='bbox 534 5210 749 5283; x_wconf 89' lang='lat' dir='ltr'><strong>incipit</strong></span> <span class='ocrx_word' id='word_1_708' title='bbox 777 5227 812 5266; x_wconf 89' lang='lat' dir='ltr'><strong>a</strong></span> <span class='ocrx_word' id='word_1_709' title='bbox 840 5211 1058 5266; x_wconf 86' lang='lat' dir='ltr'><strong>ﬁnibus</strong></span> <span class='ocrx_word' id='word_1_710' title='bbox 1107 5209 1422 5281; x_wconf 87' lang='lat' dir='ltr'><strong>Bergitani,</strong></span> <span class='ocrx_word' id='word_1_711' title='bbox 1447 5212 1503 5264; x_wconf 90' lang='lat' dir='ltr'><strong>et</strong></span> <span class='ocrx_word' id='word_1_712' title='bbox 1542 5199 1884 5264; x_wconf 58' lang='lat' dir='ltr'><strong>conscendit</strong></span> 
     </span>
    </p>
   </div>
   <div class='ocr_carea' id='block_1_103' title="bbox 214 5296 1878 5373">
    <p class='ocr_par' dir='ltr' id='par_1_103' title="bbox 214 5296 1878 5373">
     <span class='ocr_line' id='line_1_103' title="bbox 214 5296 1878 5373; baseline -0.001 -18"><span class='ocrx_word' id='word_1_713' title='bbox 214 5317 397 5373; x_wconf 88' lang='lat' dir='ltr'><strong>usque</strong></span> <span class='ocrx_word' id='word_1_714' title='bbox 428 5301 492 5355; x_wconf 91' lang='lat' dir='ltr'><strong>in</strong></span> <span class='ocrx_word' id='word_1_715' title='bbox 522 5303 812 5366; x_wconf 89' lang='lat' dir='ltr'><strong>mentem,</strong></span> <span class='ocrx_word' id='word_1_716' title='bbox 832 5298 933 5370; x_wconf 92' lang='lat' dir='ltr'><strong>qui</strong></span> <span class='ocrx_word' id='word_1_717' title='bbox 962 5297 1178 5354; x_wconf 90' lang='lat' dir='ltr'><strong>dicitur</strong></span> <span class='ocrx_word' id='word_1_718' title='bbox 1206 5296 1495 5363; x_wconf 87' lang='lat' dir='ltr'><strong>Eramala,</strong></span> <span class='ocrx_word' id='word_1_719' title='bbox 1521 5300 1577 5352; x_wconf 91' lang='lat' dir='ltr'><strong>et</strong></span> <span class='ocrx_word' id='word_1_720' title='bbox 1605 5314 1791 5369; x_wconf 87' lang='lat' dir='ltr'><strong>usque</strong></span> <span class='ocrx_word' id='word_1_721' title='bbox 1821 5297 1878 5373; x_wconf 84' lang='lat' dir='ltr'><strong>in</strong></span> 
     </span>
    </p>
   </div>
   <div class='ocr_carea' id='block_1_104' title="bbox 218 5372 1881 5460">
    <p class='ocr_par' dir='ltr' id='par_1_104' title="bbox 218 5372 1881 5460">
     <span class='ocr_line' id='line_1_104' title="bbox 218 5372 1881 5460; baseline -0.002 -16"><span class='ocrx_word' id='word_1_722' title='bbox 218 5372 476 5446; x_wconf 89' lang='lat' dir='ltr'><strong>montem</strong></span> <span class='ocrx_word' id='word_1_723' title='bbox 510 5391 757 5455; x_wconf 89' lang='lat' dir='ltr'><strong>Sureca,</strong></span> <span class='ocrx_word' id='word_1_724' title='bbox 783 5391 839 5443; x_wconf 90' lang='lat' dir='ltr'><strong>et</strong></span> <span class='ocrx_word' id='word_1_725' title='bbox 869 5387 1027 5443; x_wconf 89' lang='lat' dir='ltr'><strong>venit</strong></span> <span class='ocrx_word' id='word_1_726' title='bbox 1058 5403 1247 5460; x_wconf 88' lang='lat' dir='ltr'><strong>usque</strong></span> <span class='ocrx_word' id='word_1_727' title='bbox 1296 5386 1367 5442; x_wconf 86' lang='lat' dir='ltr'><strong>ad</strong></span> <span class='ocrx_word' id='word_1_728' title='bbox 1423 5389 1657 5458; x_wconf 87' lang='lat' dir='ltr'><strong>pratum</strong></span> <span class='ocrx_word' id='word_1_729' title='bbox 1690 5372 1881 5457; x_wconf 88' lang='lat' dir='ltr'><strong>campi</strong></span> 
     </span>
    </p>
   </div>
   <div class='ocr_carea' id='block_1_105' title="bbox 220 5472 1880 5549">
    <p class='ocr_par' dir='ltr' id='par_1_105' title="bbox 220 5472 1880 5549">
     <span class='ocr_line' id='line_1_105' title="bbox 220 5472 1880 5549; baseline -0.002 -15"><span class='ocrx_word' id='word_1_730' title='bbox 220 5475 497 5543; x_wconf 83' lang='lat' dir='ltr'><strong>Rotundi,</strong></span> <span class='ocrx_word' id='word_1_731' title='bbox 528 5475 808 5547; x_wconf 89' lang='lat' dir='ltr'><strong>vaditque</strong></span> <span class='ocrx_word' id='word_1_732' title='bbox 859 5492 961 5548; x_wconf 90' lang='lat' dir='ltr'><strong>per</strong></span> <span class='ocrx_word' id='word_1_733' title='bbox 1006 5474 1196 5549; x_wconf 90' lang='lat' dir='ltr'><strong>ipsam</strong></span> <span class='ocrx_word' id='word_1_734' title='bbox 1247 5475 1500 5541; x_wconf 89' lang='lat' dir='ltr'><strong>Serram,</strong></span> <span class='ocrx_word' id='word_1_735' title='bbox 1525 5472 1678 5529; x_wconf 90' lang='lat' dir='ltr'><strong>sicut</strong></span> <span class='ocrx_word' id='word_1_736' title='bbox 1715 5492 1880 5547; x_wconf 65' lang='lat' dir='ltr'><strong>aqua:</strong></span> 
     </span>
    </p>
   </div>
   <div class='ocr_carea' id='block_1_106' title="bbox 224 5562 1883 5636">
    <p class='ocr_par' dir='ltr' id='par_1_106' title="bbox 224 5562 1883 5636">
     <span class='ocr_line' id='line_1_106' title="bbox 224 5562 1883 5636; baseline 0 -17"><span class='ocrx_word' id='word_1_737' title='bbox 224 5564 516 5622; x_wconf 88' lang='lat' dir='ltr'><strong>divertunt</strong></span> <span class='ocrx_word' id='word_1_738' title='bbox 539 5581 645 5636; x_wconf 89' lang='lat' dir='ltr'><strong>per</strong></span> <span class='ocrx_word' id='word_1_739' title='bbox 664 5563 855 5636; x_wconf 86' lang='lat' dir='ltr'><strong>ipsam</strong></span> <span class='ocrx_word' id='word_1_740' title='bbox 875 5581 1079 5636; x_wconf 89' lang='lat' dir='ltr'><strong>rupem</strong></span> <span class='ocrx_word' id='word_1_741' title='bbox 1097 5565 1167 5620; x_wconf 91' lang='lat' dir='ltr'><strong>de</strong></span> <span class='ocrx_word' id='word_1_742' title='bbox 1188 5562 1445 5632; x_wconf 86' lang='lat' dir='ltr'><strong>Latione,</strong></span> <span class='ocrx_word' id='word_1_743' title='bbox 1460 5562 1883 5636; x_wconf 89' lang='lat' dir='ltr'><strong>descenditque</strong></span> 
     </span>
    </p>
   </div>
   <div class='ocr_carea' id='block_1_107' title="bbox 1992 4586 3649 4661">
    <p class='ocr_par' dir='ltr' id='par_1_107' title="bbox 1992 4586 3649 4661">
     <span class='ocr_line' id='line_1_107' title="bbox 1992 4586 3649 4661; baseline 0.001 -19"><span class='ocrx_word' id='word_1_744' title='bbox 1992 4586 2437 4659; x_wconf 88' lang='lat' dir='ltr'><strong>perpetuitatem</strong></span> <span class='ocrx_word' id='word_1_745' title='bbox 2473 4602 2707 4659; x_wconf 89' lang='lat' dir='ltr'><strong>semper</strong></span> <span class='ocrx_word' id='word_1_746' title='bbox 2737 4588 3031 4644; x_wconf 88' lang='lat' dir='ltr'><strong>manentis</strong></span> <span class='ocrx_word' id='word_1_747' title='bbox 3062 4588 3343 4656; x_wconf 89' lang='lat' dir='ltr'><strong>obtineat,</strong></span> <span class='ocrx_word' id='word_1_748' title='bbox 3370 4591 3649 4661; x_wconf 61' lang='lat' dir='ltr'><strong>praeopta-</strong></span> 
     </span>
    </p>
   </div>
   <div class='ocr_carea' id='block_1_108' title="bbox 1989 4675 3647 4748">
    <p class='ocr_par' dir='ltr' id='par_1_108' title="bbox 1989 4675 3647 4748">
     <span class='ocr_line' id='line_1_108' title="bbox 1989 4675 3647 4748; baseline -0.001 -16"><span class='ocrx_word' id='word_1_749' title='bbox 1989 4692 2145 4732; x_wconf 88' lang='lat' dir='ltr'><strong>mus.</strong></span> <span class='ocrx_word' id='word_1_750' title='bbox 2176 4675 2504 4731; x_wconf 88' lang='lat' dir='ltr'><strong>Statuimus</strong></span> <span class='ocrx_word' id='word_1_751' title='bbox 2537 4680 2732 4732; x_wconf 85' lang='lat' dir='ltr'><strong>autem</strong></span> <span class='ocrx_word' id='word_1_752' title='bbox 2786 4678 2896 4733; x_wconf 91' lang='lat' dir='ltr'><strong>sub</strong></span> <span class='ocrx_word' id='word_1_753' title='bbox 2950 4675 3125 4732; x_wconf 90' lang='lat' dir='ltr'><strong>divini</strong></span> <span class='ocrx_word' id='word_1_754' title='bbox 3151 4676 3358 4748; x_wconf 87' lang='lat' dir='ltr'><strong>judicii</strong></span> <span class='ocrx_word' id='word_1_755' title='bbox 3392 4677 3647 4732; x_wconf 86' lang='lat' dir='ltr'><strong>obtesta-</strong></span> 
     </span>
    </p>
   </div>
   <div class='ocr_carea' id='block_1_109' title="bbox 1988 4763 3650 4836">
    <p class='ocr_par' dir='ltr' id='par_1_109' title="bbox 1988 4763 3650 4836">
     <span class='ocr_line' id='line_1_109' title="bbox 1988 4763 3650 4836; baseline -0.001 -16"><span class='ocrx_word' id='word_1_756' title='bbox 1988 4764 2145 4821; x_wconf 88' lang='lat' dir='ltr'><strong>tione</strong></span> <span class='ocrx_word' id='word_1_757' title='bbox 2182 4768 2239 4819; x_wconf 89' lang='lat' dir='ltr'><strong>et</strong></span> <span class='ocrx_word' id='word_1_758' title='bbox 2286 4764 2678 4820; x_wconf 88' lang='lat' dir='ltr'><strong>anathematis</strong></span> <span class='ocrx_word' id='word_1_759' title='bbox 2710 4765 3137 4833; x_wconf 88' lang='lat' dir='ltr'><strong>interdictione,</strong></span> <span class='ocrx_word' id='word_1_760' title='bbox 3165 4770 3230 4821; x_wconf 93' lang='lat' dir='ltr'><strong>ut</strong></span> <span class='ocrx_word' id='word_1_761' title='bbox 3276 4765 3325 4821; x_wconf 92' lang='lat' dir='ltr'><strong>si</strong></span> <span class='ocrx_word' id='word_1_762' title='bbox 3370 4763 3650 4836; x_wconf 89' lang='lat' dir='ltr'><strong>quislibet</strong></span> 
     </span>
    </p>
   </div>
   <div class='ocr_carea' id='block_1_110' title="bbox 1988 4849 3644 4925">
    <p class='ocr_par' dir='ltr' id='par_1_110' title="bbox 1988 4849 3644 4925">
     <span class='ocr_line' id='line_1_110' title="bbox 1988 4849 3644 4925; baseline -0.003 -17"><span class='ocrx_word' id='word_1_763' title='bbox 1988 4852 2163 4908; x_wconf 91' lang='lat' dir='ltr'><strong>homo</strong></span> <span class='ocrx_word' id='word_1_764' title='bbox 2194 4853 2600 4925; x_wconf 89' lang='lat' dir='ltr'><strong>cujuscunque</strong></span> <span class='ocrx_word' id='word_1_765' title='bbox 2631 4853 2935 4925; x_wconf 86' lang='lat' dir='ltr'><strong>potestatis</strong></span> <span class='ocrx_word' id='word_1_766' title='bbox 2974 4859 3079 4908; x_wconf 92' lang='lat' dir='ltr'><strong>aut</strong></span> <span class='ocrx_word' id='word_1_767' title='bbox 3117 4852 3340 4908; x_wconf 90' lang='lat' dir='ltr'><strong>ordinis</strong></span> <span class='ocrx_word' id='word_1_768' title='bbox 3371 4851 3522 4906; x_wconf 90' lang='lat' dir='ltr'><strong>hanc</strong></span> <span class='ocrx_word' id='word_1_769' title='bbox 3551 4849 3644 4904; x_wconf 89' lang='lat' dir='ltr'><strong>di-</strong></span> 
     </span>
    </p>
   </div>
   <div class='ocr_carea' id='block_1_111' title="bbox 1989 4938 3644 5014">
    <p class='ocr_par' dir='ltr' id='par_1_111' title="bbox 1989 4938 3644 5014">
     <span class='ocr_line' id='line_1_111' title="bbox 1989 4938 3644 5014; baseline -0.002 -18"><span class='ocrx_word' id='word_1_770' title='bbox 1989 4957 2261 5014; x_wconf 87' lang='lat' dir='ltr'><strong>rumpere</strong></span> <span class='ocrx_word' id='word_1_771' title='bbox 2312 4941 2398 4998; x_wconf 89' lang='lat' dir='ltr'><strong>vel</strong></span> <span class='ocrx_word' id='word_1_772' title='bbox 2449 4940 2665 4997; x_wconf 87' lang='lat' dir='ltr'><strong>violare</strong></span> <span class='ocrx_word' id='word_1_773' title='bbox 2724 4943 2891 4998; x_wconf 89' lang='lat' dir='ltr'><strong>nisus</strong></span> <span class='ocrx_word' id='word_1_774' title='bbox 2952 4942 3144 5007; x_wconf 91' lang='lat' dir='ltr'><strong>fuerit,</strong></span> <span class='ocrx_word' id='word_1_775' title='bbox 3176 4946 3277 4996; x_wconf 88' lang='lat' dir='ltr'><strong>aut</strong></span> <span class='ocrx_word' id='word_1_776' title='bbox 3335 4938 3644 5012; x_wconf 88' lang='lat' dir='ltr'><strong>diruperit,</strong></span> 
     </span>
    </p>
   </div>
   <div class='ocr_carea' id='block_1_112' title="bbox 1989 5028 3644 5103">
    <p class='ocr_par' dir='ltr' id='par_1_112' title="bbox 1989 5028 3644 5103">
     <span class='ocr_line' id='line_1_112' title="bbox 1989 5028 3644 5103; baseline -0.002 -17"><span class='ocrx_word' id='word_1_777' title='bbox 1989 5034 2093 5086; x_wconf 89' lang='lat' dir='ltr'><strong>aut</strong></span> <span class='ocrx_word' id='word_1_778' title='bbox 2116 5030 2439 5101; x_wconf 89' lang='lat' dir='ltr'><strong>violaverit,</strong></span> <span class='ocrx_word' id='word_1_779' title='bbox 2466 5030 2561 5086; x_wconf 90' lang='lat' dir='ltr'><strong>hic</strong></span> <span class='ocrx_word' id='word_1_780' title='bbox 2592 5030 2662 5087; x_wconf 89' lang='lat' dir='ltr'><strong>de</strong></span> <span class='ocrx_word' id='word_1_781' title='bbox 2689 5037 2854 5103; x_wconf 88' lang='lat' dir='ltr'><strong>parte</strong></span> <span class='ocrx_word' id='word_1_782' title='bbox 2896 5030 2993 5087; x_wconf 90' lang='lat' dir='ltr'><strong>Dei</strong></span> <span class='ocrx_word' id='word_1_783' title='bbox 3032 5028 3469 5102; x_wconf 88' lang='lat' dir='ltr'><strong>omnipotentis,</strong></span> <span class='ocrx_word' id='word_1_784' title='bbox 3494 5032 3552 5083; x_wconf 89' lang='lat' dir='ltr'><strong>et</strong></span> <span class='ocrx_word' id='word_1_785' title='bbox 3582 5028 3644 5082; x_wconf 91' lang='lat' dir='ltr'><strong>B.</strong></span> 
     </span>
    </p>
   </div>
   <div class='ocr_carea' id='block_1_113' title="bbox 1992 5119 3647 5193">
    <p class='ocr_par' dir='ltr' id='par_1_113' title="bbox 1992 5119 3647 5193">
     <span class='ocr_line' id='line_1_113' title="bbox 1992 5119 3647 5193; baseline -0.002 -18"><span class='ocrx_word' id='word_1_786' title='bbox 1992 5119 2142 5176; x_wconf 90' lang='lat' dir='ltr'><strong>Petri</strong></span> <span class='ocrx_word' id='word_1_787' title='bbox 2174 5120 2421 5192; x_wconf 87' lang='lat' dir='ltr'><strong>apostoli</strong></span> <span class='ocrx_word' id='word_1_788' title='bbox 2445 5119 2827 5193; x_wconf 87' lang='lat' dir='ltr'><strong>omniumque</strong></span> <span class='ocrx_word' id='word_1_789' title='bbox 2850 5125 3213 5187; x_wconf 88' lang='lat' dir='ltr'><strong>sanctorum,</strong></span> <span class='ocrx_word' id='word_1_790' title='bbox 3234 5123 3293 5175; x_wconf 89' lang='lat' dir='ltr'><strong>et</strong></span> <span class='ocrx_word' id='word_1_791' title='bbox 3320 5120 3521 5174; x_wconf 90' lang='lat' dir='ltr'><strong>nostra</strong></span> <span class='ocrx_word' id='word_1_792' title='bbox 3550 5133 3647 5172; x_wconf 84' lang='lat' dir='ltr'><strong>ex-</strong></span> 
     </span>
    </p>
   </div>
   <div class='ocr_carea' id='block_1_114' title="bbox 1993 5204 3647 5282">
    <p class='ocr_par' dir='ltr' id='par_1_114' title="bbox 1993 5204 3647 5282">
     <span class='ocr_line' id='line_1_114' title="bbox 1993 5204 3647 5282; baseline -0.001 -19"><span class='ocrx_word' id='word_1_793' title='bbox 1993 5209 2464 5266; x_wconf 87' lang='lat' dir='ltr'><strong>communicatus</strong></span> <span class='ocrx_word' id='word_1_794' title='bbox 2499 5213 2927 5282; x_wconf 86' lang='lat' dir='ltr'><strong>permaneat,et</strong></span> <span class='ocrx_word' id='word_1_795' title='bbox 2959 5213 3241 5265; x_wconf 86' lang='lat' dir='ltr'><strong>conventu</strong></span> <span class='ocrx_word' id='word_1_796' title='bbox 3270 5213 3325 5263; x_wconf 90' lang='lat' dir='ltr'><strong>S.</strong></span> <span class='ocrx_word' id='word_1_797' title='bbox 3357 5204 3647 5272; x_wconf 61' lang='lat' dir='ltr'><strong>Ecclesia,</strong></span> 
     </span>
    </p>
   </div>
   <div class='ocr_carea' id='block_1_115' title="bbox 1991 5295 3649 5364">
    <p class='ocr_par' dir='ltr' id='par_1_115' title="bbox 1991 5295 3649 5364">
     <span class='ocr_line' id='line_1_115' title="bbox 1991 5295 3649 5364; baseline -0.002 -11"><span class='ocrx_word' id='word_1_798' title='bbox 1991 5301 2048 5353; x_wconf 89' lang='lat' dir='ltr'><strong>et</strong></span> <span class='ocrx_word' id='word_1_799' title='bbox 2078 5299 2345 5354; x_wconf 89' lang='lat' dir='ltr'><strong>omnium</strong></span> <span class='ocrx_word' id='word_1_800' title='bbox 2374 5299 2835 5354; x_wconf 88' lang='lat' dir='ltr'><strong>Christianorum</strong></span> <span class='ocrx_word' id='word_1_801' title='bbox 2867 5298 3094 5355; x_wconf 89' lang='lat' dir='ltr'><strong>alienus</strong></span> <span class='ocrx_word' id='word_1_802' title='bbox 3124 5298 3356 5364; x_wconf 80' lang='lat' dir='ltr'><strong>existat,</strong></span> <span class='ocrx_word' id='word_1_803' title='bbox 3378 5295 3649 5351; x_wconf 88' lang='lat' dir='ltr'><strong>tartareis</strong></span> 
     </span>
    </p>
   </div>
   <div class='ocr_carea' id='block_1_116' title="bbox 1992 5383 3651 5461">
    <p class='ocr_par' dir='ltr' id='par_1_116' title="bbox 1992 5383 3651 5461">
     <span class='ocr_line' id='line_1_116' title="bbox 1992 5383 3651 5461; baseline -0.004 -18"><span class='ocrx_word' id='word_1_804' title='bbox 1992 5387 2242 5444; x_wconf 89' lang='lat' dir='ltr'><strong>vinculis</strong></span> <span class='ocrx_word' id='word_1_805' title='bbox 2292 5388 2608 5444; x_wconf 89' lang='lat' dir='ltr'><strong>innodatus</strong></span> <span class='ocrx_word' id='word_1_806' title='bbox 2656 5388 2977 5444; x_wconf 85' lang='lat' dir='ltr'><strong>inferorum</strong></span> <span class='ocrx_word' id='word_1_807' title='bbox 3039 5404 3242 5461; x_wconf 76' lang='lat' dir='ltr'><strong>pmnas</strong></span> <span class='ocrx_word' id='word_1_808' title='bbox 3301 5383 3651 5441; x_wconf 65' lang='lat' dir='ltr'><strong>eternaliter</strong></span> 
     </span>
    </p>
   </div>
   <div class='ocr_carea' id='block_1_117' title="bbox 1993 5470 3647 5550">
    <p class='ocr_par' dir='ltr' id='par_1_117' title="bbox 1993 5470 3647 5550">
     <span class='ocr_line' id='line_1_117' title="bbox 1993 5470 3647 5550; baseline -0.005 -17"><span class='ocrx_word' id='word_1_809' title='bbox 1993 5478 2235 5546; x_wconf 89' lang='lat' dir='ltr'><strong>sentiat;</strong></span> <span class='ocrx_word' id='word_1_810' title='bbox 2264 5477 2420 5549; x_wconf 90' lang='lat' dir='ltr'><strong>quod</strong></span> <span class='ocrx_word' id='word_1_811' title='bbox 2452 5477 2500 5533; x_wconf 92' lang='lat' dir='ltr'><strong>si</strong></span> <span class='ocrx_word' id='word_1_812' title='bbox 2523 5477 2593 5533; x_wconf 90' lang='lat' dir='ltr'><strong>ab</strong></span> <span class='ocrx_word' id='word_1_813' title='bbox 2626 5475 2855 5550; x_wconf 88' lang='lat' dir='ltr'><strong>incepto</strong></span> <span class='ocrx_word' id='word_1_814' title='bbox 2874 5477 3138 5546; x_wconf 85' lang='lat' dir='ltr'><strong>desistat,</strong></span> <span class='ocrx_word' id='word_1_815' title='bbox 3165 5481 3223 5532; x_wconf 90' lang='lat' dir='ltr'><strong>et</strong></span> <span class='ocrx_word' id='word_1_816' title='bbox 3251 5475 3428 5548; x_wconf 89' lang='lat' dir='ltr'><strong>digna</strong></span> <span class='ocrx_word' id='word_1_817' title='bbox 3460 5470 3647 5546; x_wconf 66' lang='lat' dir='ltr'><strong>paeni-</strong></span> 
     </span>
    </p>
   </div>
   <div class='ocr_carea' id='block_1_118' title="bbox 1991 5562 3646 5633">
    <p class='ocr_par' dir='ltr' id='par_1_118' title="bbox 1991 5562 3646 5633">
     <span class='ocr_line' id='line_1_118' title="bbox 1991 5562 3646 5633; baseline -0.004 -12"><span class='ocrx_word' id='word_1_818' title='bbox 1991 5566 2195 5622; x_wconf 85' lang='lat' dir='ltr'><strong>tudine</strong></span> <span class='ocrx_word' id='word_1_819' title='bbox 2217 5566 2397 5622; x_wconf 88' lang='lat' dir='ltr'><strong>simul</strong></span> <span class='ocrx_word' id='word_1_820' title='bbox 2428 5570 2483 5622; x_wconf 91' lang='lat' dir='ltr'><strong>et</strong></span> <span class='ocrx_word' id='word_1_821' title='bbox 2510 5565 2914 5624; x_wconf 89' lang='lat' dir='ltr'><strong>emendatione</strong></span> <span class='ocrx_word' id='word_1_822' title='bbox 2943 5565 3286 5633; x_wconf 83' lang='lat' dir='ltr'><strong>satisfaciat,</strong></span> <span class='ocrx_word' id='word_1_823' title='bbox 3310 5562 3525 5620; x_wconf 18' lang='lat' dir='ltr'><strong>abvhac</strong></span> <span class='ocrx_word' id='word_1_824' title='bbox 3548 5575 3646 5615; x_wconf 82' lang='lat' dir='ltr'><strong>ex-</strong></span> 
     </span>
    </p>
   </div>
  </div>
