4098 6164
495 293 612 359 6οἹ

1241 293 1504 357 οιινιΕ
1545 292 1906 357 VIGENSIS
1951 294 2310 380 EP'ISCOPI
2355 293 2775 360 SYNODICA.
2823 296 3170 363 SCPIPTA.

3737 310 3840 373 608

496 423 1027 518 communicatione
1054 422 1331 518 solvatur.
1355 429 1414 484 et
1444 425 1582 518 hac
1628 427 1830 484 nostra
1857 427 2144 518 constitu-
2173 429 2228 498 Α
2255 428 2532 518 Arnallus
2551 425 3050 508 archipresbyter;
3075 398 3400 492 Willclmus
3422 434 3838 518 archidiaconus;

496 516 582 574 tio
627 515 1046 590 irrefragabilis
1092 520 1150 572 et
1191 515 1534 574 inconvulsa
1579 516 1994 590 perpetualiter
2039 517 2144 574 ha-

496 606 724 664 bentur.

566 697 774 753 Actum
820 699 910 752 est
953 693 1146 751 hocin
1180 695 1320 752 sede
1375 695 1684 752 beatorum
1743 695 2143 769 apostolorum

494 783 649 841 Petri
677 790 736 840 et
775 783 936 840 Pauli
971 784 1230 840 secundo
1258 784 1652 842 Kalendarum
1684 785 2141 858 Septembrium,

494 890 590 929 an.
609 875 643 928 8
664 871 827 946 regni
859 871 1010 944 regis
1039 873 1290 942 Henrici,
1316 873 1601 946 scriptum
1624 889 1803 930 manu
1835 874 2144 930 Ermemiri

491 961 754 1034 ejusdem
774 960 932 1016 sedis
962 961 1226 1018 canonici
1265 967 1324 1018 et
1351 963 1696 1036 presbyteri,
1720 963 1792 1018 ad
1824 963 2009 1018 vicem
2039 965 2145 1018 Ar-

492 1048 673 1116 ualdi,
705 1049 878 1106 Oliva
918 1049 1212 1122 pontificis
1260 1051 1491 1106 notarii.
1527 1051 1908 1108 Raimbaldus
1947 1052 2144 1108 Arela-

490 1139 676 1196 tensis
707 1138 1214 1212 archiepiscopus;
1251 1139 1490 1196 Pontius
1525 1141 1817 1214 Agnensis
1859 1141 2145 1214 archiepi-

491 1235 736 1301 scopus;
762 1228 1078 1286 Guil'rcdus
1108 1233 1164 1284 S.
1196 1229 1596 1286 Narbonensis
1636 1229 1902 1286 Ecclesia
1949 1230 2145 1286 archi-

491 1317 824 1390 episcopus,
859 1317 956 1386 qui
1011 1317 1162 1372 hanc
1193 1317 1500 1374 ecclesiam
1549 1323 1761 1374 nostra
1809 1319 2146 1390 metropolis

2255 517 2549 575 Godebalo
2589 517 2662 574 dc
2701 518 2976 588 Bisaura;
3009 519 3175 578 Folco
3223 523 3576 594 vicecomite;
3607 529 3842 588 Raimun-

2255 607 2366 662 dus
2401 623 2598 663 comes
2625 612 2684 663 et
2732 607 3022 677 marcliio;
3072 610 3418 668 Adalbertus
3466 613 3660 682 Levita,
3687 617 3774 690 qui
3798 623 3844 675 et

2254 695 2631 768 praepositus;
2664 696 3030 754 Ermesindis
3059 698 3246 771 gratia
3285 699 3385 756 Dei
3414 703 3712 773 comitissa;
3739 709 3843 762 Wi-

2253 785 2453 841 fredus
2472 784 2660 857 gratia
2683 785 2784 841 Dei
2800 789 3282 845 Carcassonensis
3307 790 3539 862 praesul;
3563 792 3738 850 Petrus
3751 795 3846 868 epi-

2254 891 2496 946 scOpus;
2529 873 2806 930 Arnallus
2835 874 3177 949 episcopus;
3211 878 3586 952 Berengarius
3613 887 3739 939 nutu
3765 884 3846 940 Dei

2253 967 2310 1020 S;
2335 963 2638 1019 Elenensis
2659 962 2928 1020 Ecclesia
2960 964 3173 1037 prasul
3198 966 3320 1023 hac
3351 969 3720 1042 suprascripta
3737 989 3846 1028 con-

2255 1053 2464 1108 ﬁrmo:
2500 1052 2832 1108 Bernardus
2863 1054 3051 1126 gratia
3082 1055 3180 1112 Dei
3213 1056 3522 1129 epiSCOpus
3553 1057 3850 1117 Coseranen-

2254 1141 2370 1210 sis;
2395 1141 2728 1197 Bernardus
2747 1143 2838 1210 T.;
2863 1142 3128 1199 Gerallus
3149 1143 3496 1213 vicecomes;
3520 1147 3847 1218 Ermerimus,

2255 1229 2524 1302 quamvis
2549 1229 2848 1302 indignus,
2877 1233 3167 1302 sacerdos,
3196 1235 3378 1306 quiin
3398 1236 3708 1306 supradicto
3726 1255 3849 1294 anno

2253 1319 2340 1374 vel
2373 1318 2467 1374 die
2499 1318 2708 1391 scripsi
2754 1319 2896 1388 hac,
2923 1339 3052 1393 qua
3092 1324 3366 1395 superius
3411 1323 3561 1380 dicta
3603 1331 3723 1382 sunt
3763 1329 3850 1384 sub

492 1405 784 1470 dedicavi,
819 1405 979 1460 Olim
1023 1403 1359 1477 cpiscopus;
1393 1405 1786 1462 Guislibertus
1825 1407 2016 1479 gratia
2045 1407 2145 1464 Dei
2245 1409 2424 1480 jussu
2458 1407 2834 1480 prafatorum
2885 1411 3227 1482 pontiﬁcum
3260 1416 3326 1470 et'
3366 1425 3675 1486 procerum,
3703 1418 3753 1471 et
3776 1433 3852 1472 co-

491 1492 982 1551 Barohinonensis
1039 1491 1378 1566 episcopus;
1437 1493 1730 1552 Eriballus
1798 1495 2144 1570 episcopus;

2256 1495 2400 1552 mite
2433 1496 2766 1554 Raimundo
2796 1501 2853 1554 et
2882 1499 2994 1554 sub
3024 1501 3092 1557 Τ.

2157 1813 2261 1918 V

1129 2027 1654 2144 CONGlLll
1722 2023 2582 2143 NARBONENSIS
2661 2029 3270 2152 SYNODIGA

1073 2237 1371 2302 Adversus
1398 2258 1598 2302 rerum
1623 2255 1932 2300 sacrarum
1973 2237 2294 2312 incusares,
2321 2238 2429 2300 sub
2459 2243 2656 2306 OLIVA
2685 2243 2732 2307 A
2749 2246 3026 2308 usonensz’
3052 2247 3334 2328 praesule.

561 2551 884 2610 Wlm'nnus
911 2557 967 2610 8.
993 2551 1195 2626 prima
1224 2549 1381 2608 sedis
1418 2549 1817 2607 Narbonensis
1856 2549 2138 2624 archiepi-
2168 2555 2216 2620 B
2245 2553 2676 2622 auctoritatem,
2709 2557 2766 2610 et
2813 2571 2916 2611 vos
2960 2553 3250 2628 dirigendi
3308 2556 3656 2625 facultatem,
3683 2560 3733 2612 et
3773 2571 3854 2628 per

493 2652 728 2716 scapus.
739 2683 752 2698 .
763 2683 777 2698 .
791 2641 1060 2700 convenit
1075 2641 1230 2716 apud
1246 2642 1578 2696 Narbonem
1601 2640 1881 2714 synodus,
1897 2639 2146 2697 dilectis-

492 2730 661 2789 simis
691 2731 750 2788 in
780 2731 1014 2788 Christo
1061 2730 1198 2788 {iliis
1241 2731 1572 2787 Bermundo
1601 2729 1927 2786 vicecomiti
1957 2731 2144 2786 Auso-

492 2821 682 2890 nensi,
713 2820 942 2879 Gerallo
969 2819 1357 2894 Caprariensi,
1387 2820 1682 2876 Bernardo
1712 2818 2148 2888 Gurbensi,Wi-

493 2910 634 2967 sado
690 2909 987 2978 Elle'mari,
1045 2909 1378 2966 Bermundo
1443 2907 1838 2977 Foratellensi,
1886 2908 2144 2965 Witardo

493 2999 864 3067 Mauricensi,
906 2999 1116 3056 Mironi
1156 2998 1751 3072 Salliforcnsi,Ugoni
1789 2997 2142 3066 Cervulensi,

491 3089 717 3147 Elorico
741 3087 1068 3155 Aurisensi,
1089 3087 1428 3145 Seniofredo
1453 3086 1862 3155 Lausianensi,
1889 3087 2148 3145 Wil‘redo

491 3179 868 3248 Balciazensi,
891 3178 1184 3235 Bernardo
1231 3177 1598 3246 Renvirensi,
1621 3175 1892 3233 Wilelmo
1921 3175 2145 3232 Monta-

490 3267 760 3337 niolensi,
785 3266 1078 3324 Bernardo
1101 3266 1350 3324 Tovensi
1371 3265 1621 3322 salutem
1647 3264 2056 3322 charissimam
2089 3269 2149 3322 et

490 3355 962 3414 benedictionem
992 3360 1355 3429 perpetuam.

559 3445 705 3501 Cum
735 3445 796 3499 in
831 3443 928 3500 Dei
971 3443 1388 3516 omnipotentis
1433 3444 1669 3501 nomine
1701 3443 2041 3518 congregati
2073 3444 2146 3500 de

493 3531 842 3592 necessariis
872 3549 1067 3590 rerum
1100 3533 1298 3589 causis
1329 3549 1582 3607 cunque.
1621 3575 1634 3588 .
1661 3550 1743 3590 re.
1779 3574 1792 3588 .
1831 3575 1844 3588 .
1881 3575 1895 3589 .
1929 3549 2145 3601 remur,

495 3622 749 3681 surrexit
784 3622 846 3678 in
877 3621 1069 3678 medio
1101 3627 1366 3678 nostrum
1417 3621 1841 3678 dilectissimus
1889 3622 2066 3678 frater
2094 3626 2152 3678 et

495 3711 874 3786 coepiscopus
921 3715 1121 3767 noster
1167 3708 1351 3778 Oliva,
1401 3727 1651 3767 narrans
1697 3710 1949 3782 qualiter
1995 3711 2149 3767 beati

495 3799 894 3876 apostolorum
948 3795 1228 3872 principis
1276 3799 1495 3872 pradia
1542 3799 1802 3866 fidelium
1854 3799 1965 3855 sibi
1998 3800 2148 3856 dono

496 3895 800 3994 concessa;
831 3885 995 3947 vobis
1043 3887 1288 3961 [illicite]
1311 3889 1642 3994 ‘usurpetis’,
1674 3891 1734 3945 et
1769 3889 2144 3994 .i‘nuvesrt‘ros,
2177 3925 2220 3994 C

496 3979 654 4052 quod
684 3978 921 4048 Dei'est,
941 3991 1086 4035 usus
1105 3978 1428 4052 expendere
1460 3994 1576 4034 non
1609 3977 1959 4034 formidetis.
1993 3978 2148 4043 Quo-

495 4070 670 4138 circa,
694 4067 1084 4136 dilectissimi,
1109 4067 1358 4124 nimium
1391 4067 1680 4124 miramur
1699 4067 1841 4140 quid
1866 4067 1966 4134 sit,
1992 4068 2148 4140 quod

496 4156 724 4216 Deo-sio
755 4157 1130 4225 suaztollatis,
1150 4155 1242 4213 vel
1263 4173 1465 4229 quare,
1487 4156 1644 4228 quod
1677 4170 1888 4229 parum
1913 4156 2005 4212 sui
2037 4159 2147 4223 est,

497 4265 613 4305 non
643 4246 729 4303 illi
761 4243 1113 4320 relinquitis,
1149 4250 1214 4303 ut
1242 4247 1420 4303 vestri
1471 4245 1727 4302 multum
1771 4244 2144 4318 possidentis.

495 4340 582 4394 An
615 4337 717 4411 qui
741 4335 910 4392 vobis
939 4341 1030 4393 est
1074 4335 1332 4409 pontifex
1359 4335 1686 4402 ordinatus,
1711 4351 1839 4407 qua
1885 4335 1981 4390 Dei
2011 4338 2154 4391 sunt

499 4443 602 4500 pro
631 4425 846 4494 debito,
870 4425 954 4482 sic
986 4425 1308 4498 diapensat,
1333 4430 1398 4482 ut
1418 4425 1477 4481 in
1507 4439 1697 4497 prava
1725 4423 2043 4482 voluntatis
2075 4423 2154 4480 fa-

500 4513 800 4572 cinoribus
824 4512 932 4570 .illa
951 4513 1274 4570 distrahat?
1294 4513 1594 4578 Quomodo
1615 4518 1814 4570 autem
1835 4529 1938 4570 vos
1961 4512 2153 4570 Eccle-

502 4605 602 4661 sia
661 4603 770 4677 pia
827 4602 1030 4660 matris
1083 4602 1234 4659 ﬁiios
1291 4603 1620 4671 astimatis,
1651 4601 1740 4660 vel
1773 4603 2035 4659 debitum
2087 4606 2153 4658 ut

503 4691 677 4751 matri
705 4695 763 4749 et
793 4691 1232 4748 convenientem
1265 4691 1542 4749 honorem
1579 4691 1938 4764 impenditis,
1974 4691 2024 4748 si
2055 4707 2153 4748 ex-

500 4785 761 4838 terorum
783 4795 944 4837 more
968 4779 1029 4835 in
1051 4782 1248 4854 partes
1269 4779 1499 4838 trahitis
1519 4779 1676 4852 quod
1699 4779 1774 4834 ab
1804 4778 1907 4834 illa
1933 4778 2152 4835 violen-

501 4875 591 4928 ter
615 4869 890 4928 aufertis!
915 4867 1120 4926 Videte
1149 4872 1346 4924 autem
1377 4871 1664 4942 quantum
1695 4869 1851 4940 quod
1885 4868 2059 4941 agitis
2081 4869 2155 4925 ab

502 4962 663 5018 omni
691 4959 1064 5018 rectitudinis
1085 4958 1260 5016 distet
1280 4958 1534 5027 tramite,
1557 4961 1614 5013 et
1629 4975 1728 5014 vos
1757 4956 2074 5032 immergat
2093 4957 2154 5014 in

502 5050 746 5123 laqueos
774 5049 1098 5124 injustitia,
1125 5050 1290 5119 dum,
1317 5048 1470 5122 quod
1505 5046 2013 5104 sanctissimorum
2045 5048 2155 5104 Pa-

503 5144 662 5195 trum
683 5139 1051 5196 severissima
1071 5143 1300 5196 constat
1321 5135 1926 5194 excommunicatione
1945 5137 2158 5193 ﬁrmis-

505 5226 747 5296 simum,
771 5227 856 5283 sic
885 5227 1187 5283 deducatis
1209 5229 1281 5283 ad
1313 5227 1589 5293 nihilum,
1613 5231 1678 5282 ut
1707 5240 1809 5282 vos
1829 5225 1966 5282 talis
1995 5226 2160 5282 dam-

2253 2643 2520 2698 omnium
2552 2647 2818 2699 nostrum
2867 2643 3036 2700 nobis
3084 2643 3312 2718 ligandi
3343 2651 3400 2703 et
3439 2646 3680 2703 solvendi
3709 2663 3738 2701 a
3760 2645 3852 2701 Deo

2251 2731 2530 2787 traditam
2562 2735 2930 2804 potestatem,
2965 2737 3034 2789 ut
3074 2733 3518 2792 reminiscentes
3563 2733 3689 2790 mali
3729 2733 3852 2807 quod

2253 2820 2464 2889 facitis,
2489 2821 2632 2876 dum
2651 2821 2754 2878 Dei
2775 2823 3008 2894 justum
3021 2823 3204 2894 juste,
3229 2824 3454 2896 injuste
3476 2824 3689 2892 tenetis,
3703 2836 3852 2895 usque

2254 2910 2326 2965 ad
2359 2915 2842 2982 superventuram
2873 2915 2930 2965 S.
2959 2911 3202 2968 Joannis
3235 2913 3510 2986 Baptista
3539 2914 3762 2986 primam
3789 2911 3850 2966 fe-

2255 2999 2574 3055 stivitatem
2633 3000 2890 3056 reddatis
2946 3004 3059 3056 Deo
3117 3001 3509 3076 Ecclesiaque
3537 3001 3692 3058 matri
3730 2999 3851 3072 quod

2257 3086 2530 3159 perdidit,
2564 3091 2629 3143 ut
2658 3089 2814 3144 Deus
2857 3089 3022 3146 vobis
3052 3094 3245 3147 vestra
3288 3091 3590 3159 custodiat,
3611 3106 3724 3162 qua
3747 3103 3854 3144 con-

2256 3175 2450 3232 cessit.
2495 3176 2554 3232 Si
2597 3179 3000 3250 autem,quob
3047 3178 3224 3246 absit,
3253 3162 3517 3238 nostram
3562 3175 3854 3236 admonitio-

2257 3281 2392 3320 nem
2423 3265 2930 3339 parvipenderitis,
2955 3270 3016 3322 et
3035 3267 3495 3340 increpationem
3523 3262 3854 3341 neglexeritis,

2257 3371 2363 3410 nos
2395 3361 2737 3410 sanctorum
2785 3355 3026 3412 Patrum
3075 3357 3327 3430 vestigia
3373 3361 3685 3431 sequentes,
3714 3358 3767 3410 ut
3790 3351 3852 3408 illi

2255 3442 2397 3500 talia
2427 3443 2874 3511 interdixerunt,
2906 3443 3342 3518 interdicimus,
3377 3449 3434 3504 et
3471 3464 3570 3520 per
3599 3447 3788 3502 Patrem
3811 3443 3856 3495 et

2257 3529 2470 3588 Filium
2519 3537 2575 3589 et
2621 3532 2908 3606 Spiritum
2959 3539 3252 3602 sanctum,
3307 3535 3422 3594 nisi
3480 3535 3680 3592 nostris
3719 3528 3855 3588 dictis

2256 3621 2641 3691 credideritis,
2675 3639 2775 3679 vos
2804 3627 2862 3679 et
2889 3623 2990 3696 qui
3035 3623 3178 3680 talia
3215 3625 3525 3682 vobiscum
3563 3623 3757 3698 egerint
3779 3633 3852 3674 ex-

2257 3711 2788 3780 communicamus,
2822 3717 2882 3768 et
2929 3730 2964 3768 a
3010 3711 3326 3770 liminibus
3383 3718 3603 3771 sancta
3642 3703 3852 3767 Ecclesiae

2255 3817 2356 3856 vos
2385 3805 2690 3856 extraneos
2715 3799 3082 3874 judicamus,
3109 3805 3166 3858 et
3190 3819 3400 3860 omnes
3431 3799 3764 3876 presbyteros
3786 3793 3852 3850 vel

2257 3890 2662 3962 cujuscunque
2693 3889 2919 3946 ordinis
2959 3890 3222 3960 clericos,
3255 3893 3361 3966 qui
3393 3891 3480 3950 vel
3517 3890 3685 3955 vobis,
3711 3883 3781 3942 vel
3807 3882 3850 3937 in

2257 3979 2521 4050 ecclesia,
2570 3979 2630 4034 in
2679 3995 2799 4051 qua
2845 3997 2946 4037 vos
2991 3980 3241 4049 fueritis,
3275 3967 3712 4039 ecclesiasticum
3751 3972 3851 4028 ofﬁ-

2258 4066 2417 4123 cium
2445 4067 2632 4123 facere
2671 4068 3174 4142 prasumpserint,
3204 4069 3478 4128 similiter
3513 4057 3851 4127 excommuni-

2259 4172 2484 4212 camus.
2517 4157 2680 4222 Quod
2739 4160 2934 4214 autem
2991 4157 3168 4215 frater
3201 4162 3259 4216 et
3287 4161 3653 4234 coepiscopus
3699 4153 3854 4210 noster

2259 4244 2422 4302 Oliva
2449 4245 2653 4302 exinde
2697 4245 2954 4317 solverit,
2989 4246 3096 4304 hoc
3147 4265 3254 4305 nos
3307 4249 3603 4315 solvimus,
3633 4249 3683 4302 et
3732 4234 3852 4312 qubd

2261 4334 2547 4410 ligaverit,
2581 4335 2692 4390 hoc
2724 4334 3316 4409 ﬁgamus-Domuum
3353 4355 3481 4395 vero
3513 4329 3853 4392 Ermesindam

2261 4423 2646 4490 comitissam,
2679 4427 2736 4479 et
2764 4423 2954 4480 ﬁlium
2994 4425 3122 4496 ejus
3171 4427 3584 4502 Bcrengarium
3627 4424 3694 4480 ab
3730 4411 3854 4490 omni

2261 4513 2374 4568 ista
2404 4511 3004 4570 excommunicaticne
3042 4514 3392 4588 excipimus,
3424 4511 3697 4584 simulque
3724 4505 3852 4562 illam

2261 4619 2366 4675 per
2393 4602 2579 4658 Deum
2609 4605 2667 4658 et
2708 4618 2988 4676 rogamus
3019 4607 3075 4660 et
3105 4620 3566 4672 commonemus,
3598 4605 3656 4657 ut
3695 4594 3854 4652 sancto

2265 4692 2432 4748 Petro
2454 4707 2678 4764 suoque
2699 4692 2963 4764 pontiﬁci
2991 4692 3271 4750 honorem
3300 4695 3560 4751 debitum
3590 4680 3852 4760 impendat.

2263 4795 2368 4838 nec
2426 4777 2594 4836 illum
2650 4781 2931 4852 patiatur,
2966 4781 3025 4836 in
3067 4787 3360 4854 quantum
3419 4784 3617 4856 potest,
3665 4774 3854 4864 disperit

2262 4869 2428 4926 dium
2461 4870 2750 4928 sustinere
2782 4871 3048 4944 justitia.
3085 4871 3250 4928 Sicut
3279 4854 3476 4930 autem
3525 4883 3648 4926 eum
3691 4854 3856 4944 viderit

2263 4959 2527 5016 divinum
2559 4976 2707 5032 opus
2756 4943 3021 5018 exercere
3049 4959 3194 5018 velle
3241 4978 3348 5034 pro
3399 4973 3580 5034 posse,
3613 4953 3696 5041 sic
3729 4943 3856 5041 curet

2262 5047 2348 5104 illi
2394 5053 2669 5105 nocentes
2729 5049 3072 5122 potestative
3129 5033 3440 5122 corrigere,
3469 5055 3520 5106 et
3557 5033 3854 5102 omnimodis

2264 5138 2562 5210 adjuvare,
2593 5136 2784 5195 sciens
2833 5138 2944 5195 sibi
2985 5139 3286 5212 provenire
3315 5139 3388 5195 ad
3435 5137 3672 5199 lucrum,
3697 5125 3742 5182 si
3765 5134 3854 5178 non

2264 5243 2398 5283 eum
2429 5244 2606 5300 passa
2661 5227 2836 5284 fuerit
2893 5227 2987 5283 sui
3044 5227 3334 5284 sustinere
3373 5224 3558 5285 solatii
3598 5213 3858 5276 detrimen-

507 5315 686 5384 natio,
726 5315 840 5372 nisi
897 5316 1051 5384 Deus
1109 5319 1351 5386 avertat,
1387 5315 1682 5388 possideat
1735 5315 1794 5370 in
1851 5319 2154 5371 aeternum.
2189 5301 2235 5368 D
2265 5318 2552 5372 mentum.
2629 5315 2944 5374 Guifredus
3017 5320 3229 5374 sancta
3303 5316 3501 5391 prima
3574 5305 3854 5366 Narbonen-

507 5404 906 5491 Admonemus
937 5404 1117 5479 igitur
1145 5421 1246 5460 vos
1278 5420 1380 5476 per
1409 5403 1616 5472 Patris,
1640 5409 1698 5460 et
1725 5403 1875 5470 Filii,
1899 5408 1958 5460 et
1981 5403 2160 5476 Spiri-

508 5499 606 5550 tus
637 5494 820 5550 sancti
853 5493 1270 5566 sempiternam
1317 5511 1613 5566 unamque
1643 5494 1940 5562 deitatem,
1972 5497 2030 5550 ct
2059 5510 2164 5567 per

508 5583 662 5646 beati
685 5581 935 5660 apostoli
957 5582 1131 5652 Petri,
1153 5584 1323 5657 cujus
1343 5583 1526 5642 vicem
1548 5583 1844 5641 immerito
1867 5586 2162 5652 tenemus,

2269 5404 2352 5462 sis
2421 5403 2688 5462 Ecclesia
2759 5406 3092 5480 episcopus.
3163 5405 3509 5463 Adalbertus
3575 5397 3852 5490 (φίεοίξρυξσ

2271 5493 2604 5568 Stephanus
2633 5495 2946 5569 episcopus
2975 5495 3300 5570 Agatensis.
3336 5492 3649 5569 Stephanus
3674 5490 3852 5554 episco-

2271 5601 2408 5658 pus.
