3986 6164
3491 339 3611 402 610

1553 680 1709 719 ANNO
1749 679 1955 720 DOMINI
1995 681 2237 721 MXLVIII.

1111 824 1967 940 RODULFUS
2042 828 2708 941 GLABEB

1424 1016 1937 1075 CLUNIACENSIS
1977 1019 2387 1077 MONACHUS.

1690 1169 2106 1185 ρ--υ-

931 1287 1273 1358 NOTITIA
1329 1288 1788 1360 HISTORICA
1841 1292 1929 1361 IN
1984 1290 2444 1363 RODULFUM
2496 1290 2913 1363 GLABRUM

756 1460 1008 1533 (Monum.
1045 1462 1222 1519 Germ.
1254 1464 1414 1519 hist.
1446 1463 1657 1537 Script.
1690 1468 1834 1537 tom,
1856 1465 1978 1535 VII,
2008 1482 2077 1521 ex
2106 1466 2265 1539 praef.
2300 1466 2367 1522 G.
2400 1465 2591 1522 Waitz
2620 1464 2681 1522 in
2714 1464 3077 1537 Rodulfum.)

261 1764 506 1823 Sscculis
529 1781 566 1819 x
594 1772 646 1821 et
672 1781 749 1833 x1,
783 1765 976 1838 quibus
1007 1766 1067 1820 in
1095 1767 1345 1823 omnibus
1372 1767 1492 1842 fere
1542 1768 1857 1827 Germania;-
1884 1772 1940 1838 Α
1969 1770 2130 1825 dicto.
2164 1770 2396 1825 Litteras
2436 1768 2691 1824 celeriter
2735 1776 2787 1825 et
2832 1785 2949 1824 non
2993 1770 3113 1826 sine
3156 1771 3342 1841 fructu
3370 1770 3627 1829 didicisse

194 1855 504 1927 provinciis
536 1854 739 1910 litterae
765 1854 920 1909 valde
944 1863 1213 1927 provectae
1252 1862 1413 1912 erant
1458 1866 1510 1913 et
1546 1860 1865 1931 praesertim

198 1960 280 1999 res
313 1948 433 1999 tam
462 1943 531 1998 ab
579 1944 823 2016 antiquis
867 1959 1032 2015 quam
1078 1960 1111 1998 a
1142 1947 1338 2000 cogeris
1377 1954 1544 2015 gestae
1588 1949 1779 2019 sarpius
1815 1955 1870 2003 et

198 2032 413 2089 diverso
443 2031 601 2089 modo
624 2033 902 2087 memoriae
932 2032 1309 2103 tradebantur,
1342 2036 1527 2091 Gallia
1555 2037 1653 2091 vix
1690 2053 1866 2091 unum

200 2123 282 2177 rel
312 2122 559 2179 alterum
596 2121 831 2194 protulit
876 2123 1218 2193 scriptorem,
1250 2125 1349 2196 qui
1394 2141 1429 2179 a
1476 2125 1717 2194 caligine
1755 2142 1867 2197 qua

200 2220 310 2269 tota
358 2211 559 2267 obruta
605 2217 724 2267 erat
766 2211 1052 2282 provincia
1102 2220 1423 2285 emergeret,
1473 2212 1867 2287 historiamque

202 2303 293 2357 sui
343 2301 608 2373 temporis
654 2300 1033 2356 conscriberet.
1080 2305 1212 2357 Post
1259 2300 1640 2367 Ftodoardum,
1674 2304 1866 2359 Ricbe-

202 2409 331 2448 rum
378 2399 433 2447 et
482 2390 787 2458 Dudonem,
815 2405 917 2462 per
963 2391 1369 2462 quinquaginta
1425 2408 1620 2463 annos,
1664 2401 1870 2464 praeter

202 2480 540 2538 Ademarum
568 2480 957 2551 Aquitanicam
1004 2488 1057 2535 et
1090 2479 1441 2537 Odorannum
1486 2480 1864 2548 Senonensem,

199 2573 307 2643 qui
337 2570 683 2626 brevissimus
712 2572 931 2625 tantum
957 2570 1232 2641 nimisque
1246 2569 1465 2641 jejunos
1493 2571 1722 2627 annales
1740 2587 1868 2626 con-

197 2659 399 2729 gessit,
423 2658 646 2725 nullum
676 2658 919 2713 invenies
950 2659 1046 2729 qui
1093 2659 1192 2713 hoc
1238 2675 1467 2714 munere
1511 2662 1738 2733 functus
1773 2661 1865 2715 sit.

199 2748 457 2820 Denique
484 2747 687 2803 εει-ιιιο
717 2763 773 2801 x1
804 2746 979 2801 medio
1014 2746 1311 2803 monachus
1360 2748 1584 2818 quidam
1634 2750 1875 2805 Clunia-

198 2837 387 2893 censis
416 2836 709 2891 historiam
736 2836 1103 2892 uniuersalem
1119 2836 1463 2893 scribendam
1481 2837 1872 2909 suscepit,inde

206 2943 249 2979 α
276 2925 444 2982 Beda?
463 2933 514 2981 et
542 2925 710 2980 Pauli
754 2926 985 2980 Diaconi
1040 2927 1372 2997 temporibus
1420 2928 1565 2982 nihil
1606 2927 1873 2999 ejusmodi

218 3021 486 3075 tentatum
515 3031 625 3071 esse
649 3031 960 3086 persuasus.
994 3046 1062 3054 —
1091 3014 1353 3087 Rodulfus
1380 3018 1698 3087 cognomine
1741 3016 1870 3073 Gla-

219 3106 312 3160 ber
341 3107 445 3177 (l),
480 3107 543 3160 in
565 3104 890 3176 Burgundia
940 3112 1000 3159 ut
1040 3104 1259 3159 videtur
1287 3112 1468 3171 natus,
1491 3107 1613 3177 jam
1663 3105 1866 3162 duode-

214 3197 351 3251 cimo
384 3210 537 3250 anno
567 3194 634 3249 ab
661 3193 932 3249 avunculo
979 3193 1243 3249 monacho
1294 3194 1603 3265 disciplina:
1632 3195 1873 3250 traditus

214 3288 293 3340 est
348 3283 674 3340 monasticae
729 3284 790 3338 in
846 3282 1089 3338 carnobio
1135 3282 1191 3337 S.
1223 3283 1537 3355 Leodegarii
1586 3284 1874 3355 Campellis

288 3424 361 3495 (l)
395 3423 460 3499 Id
487 3427 579 3499 est
608 3424 843 3499 calvus;
874 3424 946 3480 cf.
980 3424 1051 3499 de
1078 3424 1135 3479 1a
1163 3424 1352 3499 carne
1383 3425 1454 3480 de
1485 3424 1777 3499 St-Peiay'e
1815 3426 1872 3499 in

223 3496 367 3550 Hem.
397 3495 467 3550 de
499 3495 702 3551 l’Acad.
734 3496 823 3551 des
854 3498 1207 3568 inscriptions
1226 3496 1373 3567 VIII,
1407 3514 1464 3568 p.
1497 3496 1622 3568 549.
1658 3495 1874 3552 Rodul-

225 3569 340 3621 t'um
359 3583 582 3639 rerum,
609 3568 736 3639 ejus
767 3585 980 3623 nomen
1012 3567 1194 3639 fuisse
1223 3568 1355 3624 Vita
1386 3567 1661 3626 Willelmi
1683 3573 1873 3624 osten-

225 3639 325 3704 dit,
356 3637 469 3711 hoc
501 3637 967 3711 solo'iuscripta;
998 3638 1133 3694 vide
1161 3638 1335 3711 infra.

288 3710 522 3836 Si“!
564 3711 751 3766 :Nam
772 3710 905 3766 dum
952 3710 1250 3782 aliquando
1297 3713 1359 3765 in
1410 3712 1556 3767 beati
1604 3712 1873 3783 martyris

288 3802 289 3807 η
383 3783 538 3836 aarii
564 3784 892 3836 monasterio
933 3782 1075 3836 quod
1118 3782 1409 3836 Camnellis
1456 3785 1873 3836 cognominatur

225 3782 538 3852 Leodegarii
564 3784 892 3837 monasterio
933 3782 1075 3853 quod
1118 3782 1409 3853 Campellis
1456 3782 1876 3851 cognominatur

226 3854 302 3921 (in
328 3853 565 3909 dimcesi
601 3854 977 3924 Lingonensi)
1003 3856 1210 3925 positus
1237 3855 1503 3922 degerem.
1532 3896 1544 3907 .
1572 3896 1584 3908 .
1615 3897 1627 3909 .
1658 3856 1875 3910 Interea

227 3925 473 3994 conﬁteri
500 3941 613 3980 non
639 3927 910 3990 erubesco,
944 3942 1029 3980 me
1057 3942 1169 3980 non
1196 3927 1371 3981 solum
1416 3928 1475 3980 in
1521 3928 1753 3997 peccatis
1779 3943 1876 3997 pa-

227 4005 439 4050 rentum
465 4012 709 4051 meorum
738 3998 986 4066 genitum
1011 3999 1203 4067 fuisse,
1218 4013 1408 4052 verum
1437 3998 1607 4051 etiam
1632 3998 1874 4052 moribus

228 4068 599 4137 importunum
627 4075 678 4123 et
706 4069 915 4123 actibus
947 4069 1352 4125 intolerabilem
1376 4068 1504 4139 plus
1533 4084 1697 4138 quam
1739 4085 1873 4124 nar—

227 4141 337 4191 rari
364 4147 529 4209 queat
559 4140 846 4194 exstitisse.
888 4141 946 4193 l'i
971 4141 1141 4194 etiam
1169 4139 1454 4210 cujusdam
1482 4140 1876 4205 monachi,mei

223 4210 426 4265 scilicet
492 4211 776 4274 avunculi,
830 4212 1128 4266 abstractus
1174 4227 1208 4266 a
1249 4212 1680 4282 perversissima,
1706 4227 1873 4283 quam

218 4296 327 4349 pra
374 4283 594 4337 (veteris
640 4283 886 4350 agebam,
916 4283 1206 4338 saecularis
1254 4284 1382 4338 vitae
1438 4282 1727 4351 vanitate,
1749 4298 1874 4337 cum

216 4367 383 4425 essem
409 4357 586 4425 ferme
613 4353 893 4419 duodenis,
910 4362 1070 4425 atque
1090 4354 1390 4409 monachili
1411 4353 1633 4409 indutus
1653 4354 1869 4421 habitu,

221 4421 319 4477 heu
344 4421 487 4495 proh
516 4424 703 4480 dolor!
735 4421 993 4496 quoniam
1024 4429 1165 4480 veste
1189 4425 1544 4491 solummodo,
1562 4440 1671 4480 non
1697 4433 1875 4480 mente

220 4499 478 4582 mutatus.
515 4500 871 4582 Quaecunque
896 4497 1043 4582 enim
1076 4514 1108 4551 a
1127 4496 1385 4582 patribus
1414 4496 1872 4582 velospiritalibus
1899 4515 1943 4582 ρ

219 4566 488 4632 fratribus
517 4567 756 4623 modesta
780 4566 837 4623 et
864 4572 1058 4623 sancta
1087 4566 1406 4624 cbaritative
1431 4567 1574 4621 mihi
1608 4584 1869 4638 suggere-

222 4646 428 4706 rentur,
461 4640 761 4695 truculenti
789 4640 967 4693 animi
1005 4640 1290 4708 inﬂatione
1340 4638 1621 4709 turgidum
1659 4647 1870 4694 scutum

218 4708 391 4764 cordis
419 4725 633 4780 gerens,
668 4710 907 4767 dictante
935 4711 1209 4781 superbia,
1242 4727 1313 4764 ne
1339 4708 1588 4764 salubria
1615 4726 1701 4765 me
1740 4726 1868 4765 con-

221 4781 514 4853 tingerent,
568 4782 922 4853 opponebam.
974 4781 1178 4836 Dehinc
1222 4781 1529 4836 senioribus
1580 4797 1690 4835 non
1745 4782 1867 4838 obe-

220 4849 392 4918 diens,
448 4849 820 4925 coaequalibus
882 4854 1156 4919 molestus,
1214 4852 1864 4925 junioribusonerosus,

218 4929 396 4993 atque,
420 4928 483 4980 ut
515 4924 634 4993 vere
658 4926 860 4995 fatear,
874 4926 1145 4979 universis
1174 4926 1285 4980 mei
1298 4924 1597 4995 prazsentia
1626 4924 1867 4992 gravedo

220 5003 349 5059 erat,
386 4995 635 5051 levamen
660 4994 663 4995 ⁷
684 4997 949 5051 absentia.
1003 5000 1277 5052 Praeterea
1323 4996 1409 5049 his
1456 4998 1509 5049 et
1555 4994 1870 5065 hujusmodi

215 5065 471 5138 praedicti
501 5068 608 5122 loci
634 5068 836 5137 fratres
866 5068 1122 5136 instigati
1148 5067 1478 5138 expulerunt
1508 5081 1594 5120 me
1621 5082 1655 5121 a
1684 5075 1871 5138 contu-

221 5134 400 5192 bernio
442 5154 559 5193 suae
606 5134 989 5204 habitationis,
1007 5134 1480 5194 tamen—scientes
1526 5153 1637 5192 non
1687 5136 1869 5208 de/ore

218 5208 356 5263 mihi
377 5209 559 5264 locum
590 5211 900 5281 quempiam
925 5210 1305 5266 commanendi
1326 5218 1536 5267 tantum
1567 5208 1632 5264 ob
1654 5208 1866 5264 littera-

220 5284 413 5335 toriam
436 5282 733 5336 notionem.

284 5351 358 5419 (3)
392 5351 587 5424 Pergit
614 5351 741 5407 loco
772 5351 1007 5408 laudato
1041 5368 1053 5407 :
1089 5358 1216 5408 Post
1239 5352 1336 5407 hoc
1367 5353 1541 5422 igitur
1579 5353 1637 5406 in
1675 5366 1865 5406 mona-

219 5423 373 5545 ἔξω
400 5423 590 5478 sancti
631 5425 867 5495 Benigni
924 5424 1278 5481 Divionensis
1323 5424 1589 5495 martyris
1636 5423 1863 5489 ιοεαιαδ,

222 5504 321 5547 etc.

286 5563 357 5636 (4)
392 5565 543 5640 Loco
571 5564 809 5623 laudato
843 5582 857 5621 :
895 5568 1066 5624 Tertio
1095 5583 1305 5640 quoque
1331 5583 1458 5622 cum
1504 5564 1649 5637 apud
1694 5580 1865 5620 εωηο-

224 5631 365 5692 nam
405 5637 581 5696 beata:
626 5653 939 5713 semperque
991 5631 1234 5710 Virginis
1275 5640 1482 5696 Mariae
1518 5631 1865 5706 cognomento

1976 1860 2220 1925 videtur;
2248 1858 2339 1914 sed
2363 1866 2587 1930 propter
2613 1859 2865 1913 animum
2894 1859 3081 1925 levem,
3114 1859 3395 1917 turbidum
3420 1870 3474 1918 et
3509 1866 3624 1917 tra-

1973 1949 2269 2015 culentum,
2294 1950 2408 2020 ipso
2438 1955 2586 2014 teste,
2617 1964 2648 2002 a
2678 1948 2951 2018 fratribus
2980 1949 3236 2020 expulsus
3254 1958 3331 2007 est
3361 1951 3437 2022 (2)
3480 1951 3628 2008 Unde

1977 2039 2158 2109 ipsum
2202 2053 2302 2109 per
2353 2037 2521 2109 plura
2576 2037 2912 2094 monasteria
2968 2038 3294 2108 profectum,
3349 2037 3506 2094 modo
3566 2041 3626 2094 in

1971 2127 2031 2181 S.
2065 2127 2305 2197 Benigni
2333 2126 2649 2182 Divionensi
2679 2126 2780 2197 (3),
2815 2125 2969 2181 modo
3019 2127 3082 2182 in
3129 2124 3479 2184 Heteredensi
3525 2128 3626 2200 (li).

1972 2217 2035 2270 in
2072 2214 2128 2271 S.
2164 2215 2424 2271 Germani
2479 2214 2943 2271 Antissiodorensi
2979 2214 3053 2287 (5)
3101 2217 3156 2270 et
3210 2215 3473 2271 Besuensi
3526 2217 3627 2289 (6),

1975 2304 2208 2376 denique
2243 2304 2499 2360 Cluniaci
2544 2303 2752 2373 degisse
2794 2302 3062 2358 videmus.
3093 2303 3321 2361 Divione
3372 2305 3633 2363 Willelmi

1976 2392 2186 2448 abbatis
2210 2392 2553 2448 celeberrimi
2576 2392 3019 2463 familiaritatem
3053 2392 3277 2464 adeptus
3302 2398 3403 2462 est,
3434 2396 3633 2468 quippe

1976 2497 2137 2552 quem
2172 2482 2380 2538 Christi
2409 2498 2555 2536 anno
2588 2482 2727 2536 1028
2759 2483 2818 2537 in
2862 2480 3084 2537 Italiam
3126 2483 3414 2543 comitatus
3454 2485 3526 2540 sit
3553 2485 3631 2558 (7)

1976 2576 2136 2641 atque
2177 2570 2331 2641 cujus
2384 2571 2556 2627 Vitam
2606 2571 2723 2641 ipso
2767 2578 2979 2625 mortuo
3024 2572 3407 2644 conscripserit
3447 2573 3634 2647 (quam

1978 2658 2193 2714 edimus
2221 2660 2419 2730 infra).
2457 2659 2678 2716 Ultimis
2707 2660 2838 2716 vitae
2865 2661 3033 2714 annis
3061 2661 3120 2715 in
3154 2660 3503 2717 Cluniacensi
3518 2680 3634 2719 mo-

1976 2750 2238 2813 nasterio,
2271 2748 2413 2820 quod
2463 2756 2593 2804 tunc
2638 2749 2740 2803 sub
2789 2746 3016 2804 0dilone
3062 2750 3308 2819 florebat,
3360 2753 3502 2807 vixit
3530 2751 3631 2824 (8),

1978 2838 2164 2894 abbati
2193 2838 2283 2893 illi
2311 2838 2649 2908 conjunctus,
2681 2837 2838 2909 cujus
2859 2836 3023 2907 jussu
3066 2841 3413 2911 fratrumque
3453 2842 3634 2912 preci-

1981 2926 2079 2981 bus
2109 2925 2375 2981 adductus
2403 2934 2500 2993 est,
2529 2933 2589 2980 ut
2631 2926 2945 2993 Historiam,
2969 2925 3091 2996 jam
3148 2926 3407 2982 Willelmi
3450 2937 3635 2986 aucto-

1976 3016 2140 3069 ritate
2170 3012 2567 3085 inceptam‘(9),
2600 3013 2896 3069 absolveret
2928 3013 3063 3084 (10).
3097 3015 3196 3069 Res
3232 3017 3379 3071 circa
3422 3026 3475 3073 et
3514 3026 3637 3090 post

1981 3120 2191 3158 annum
2220 3104 2579 3159 millesimum
2608 3104 2665 3157 in
2698 3110 2932 3174 quatuor
2957 3102 3154 3158 mundi
3177 3105 3432 3174 partibus
3457 3115 3637 3175 gestas

1989 3194 2332 3250 conscribere
2362 3193 2473 3263 ipsi
2495 3192 2833 3264 propositum
2854 3191 2987 3262 fuit,
3009 3207 3146 3262 quas
3192 3193 3353 3250 initio
3399 3194 3635 3262 brevius,

1978 3290 2159 3353 postea
2183 3282 2493 3337 accuratius
2521 3281 2789 3353 exposuit,
2822 3281 2903 3335 ita
2931 3286 2991 3336 ut
3032 3296 3200 3353 usque
3235 3281 3307 3337 ad
3343 3299 3438 3339 an.
3472 3284 3632 3355 {044,

1987 3423 2348 3480 Meleredense
2376 3423 2708 3489 demorarer,
2740 3426 2847 3478 etc.
2883 3422 3160 3493 (Moutiers
3211 3423 3267 3479 in
3318 3424 3483 3482 dicnc.
3516 3428 3633 3482 Au-

1980 3495 2434 3563 tissiodorensi.)

2055 3577 2132 3645 (5)
2160 3575 2229 3629 v.
2263 3574 2316 3631 4.

2055 3646 2132 3717 (6)
2158 3645 2251 3713 IV,
2269 3647 2336 3701 6:
2366 3646 2532 3719 Cujus
2562 3646 2701 3701 socii
2725 3648 3049 3719 revertentes
3068 3645 3224 3709 nobis
3243 3661 3369 3719 qua)
3386 3647 3634 3704 diximus

1983 3716 2292 3790 retulerunt
2306 3716 2506 3790 positis
2536 3721 2668 3790 tunc
2695 3716 2841 3790 apud
2880 3718 3076 3775 Besuse
3118 3716 3532 3775 monasterium.
3570 3723 3633 3776 In

1983 3788 2201 3863 Majore
2251 3789 2609 3863 monasterio
2659 3788 3044 3863 (Marmoutier
3098 3791 3633 3863 propedTuronos)

1982 3859 2180 3932 ipsum
2210 3860 2423 3915 vixisse
2448 3878 2562 3915 non
2595 3860 2871 3932 putarim.
2901 3859 3048 3916 Nam
3078 3859 3255 3915 verba
3293 3861 3359 3919 V.
3396 3864 3420 3917 1
3459 3880 3471 3917 :
3504 3859 3636 3919 Erat

1980 3933 2269 4003 siquidem,
2293 3942 2353 3986 ut
2378 3933 2487 4003 ipsi
2513 3933 2915 4003 perspeximus,
2947 3948 3060 3987 mos
3091 3933 3247 4003 illius
3275 3936 3527 4001 camobii,
3561 3935 3631 3991 ad

1982 4001 2363 4058 Cl‘uniacense
2393 4001 2656 4074 Spectaré
2685 4002 2973 4057 videntur.
3005 4003 3067 4057 In
3091 4001 3271 4059 altero
3301 4005 3459 4060 enim
3480 4006 3636 4061 codi-

1983 4091 2047 4129 ce
2077 4074 2307 4130 nonnisi
2341 4073 2645 4129 recentiori
2668 4090 2847 4147 manu
2873 4089 3007 4145 pro:
3029 4074 3318 4129 Cluniense
3344 4076 3631 4147 scriptum

1981 4149 2072 4201 est
2104 4162 2116 4201 :
2148 4147 2390 4218 Majoris
2417 4146 2767 4201 Monasterii.
3210 4206 3215 4211 λ

2052 4234 2131 4305 (7)
2166 4234 2258 4301 IV,
2289 4234 2323 4288 3
2350 4252 2363 4288 :
2388 4234 2545 4306 (Nam
2587 4241 2639 4290 et
2679 4239 2885 4306 egomet
2924 4248 3050 4306 cum
3102 4234 3301 4306 stepius
3350 4237 3631 4292 nominato

1981 4305 2171 4361 abbate
2198 4305 2335 4378 illuc
2361 4305 2649 4378 dezeniens
2680 4305 2994 4378 intereram.
3012 4305 3391 4378 ImpoStorem
3424 4322 3630 4378 quem-

1981 4379 2137 4447 dam,
2171 4376 2271 4448 qui
2306 4376 2584 4447 reliquias
2614 4376 2836 4446 ﬁxerat,
2869 4375 3187 4447 redarguit.

2051 4465 2127 4537 (8)
2160 4466 2254 4533 III,
2288 4465 2358 4520 3:
2392 4466 2531 4520 Nam
2557 4481 2681 4519 cum
2708 4480 2802 4535 ego
2830 4464 3169 4537 postmodum
3198 4466 3257 4519 in
3298 4470 3630 4524 monasterio

1982 4536 2329 4593 Cluniacensi
2364 4552 2490 4592 cum
2538 4538 2753 4593 caeteris
2779 4538 3050 4607 fratribus
3078 4536 3321 4606 degerem
3371 4554 3629 4595 convene-

1978 4617 2110 4664 runt
2138 4608 2273 4663 illuc
2301 4609 2371 4663 ab
2400 4608 2682 4680 Hispaniis
2730 4608 3083 4680 quamplures
3128 4608 3369 4665 honesta?
3406 4626 3626 4666 conver-

1976 4680 2206 4804 sationif
2220 4683 2353 4763 jam
2379 4678 2585 4734 dudum
2630 4678 2779 4735 more
2822 4678 3058 4735 viventes
3091 4682 3337 4751 proer
3386 4684 3627 4751 regionis

1978 4768 2172 4804 monac
2192 4768 2252 4804 η.

1978 4768 2252 4808 monachi.

2050 4841 2128 4915 (9)
2157 4839 2289 4895 Vita
2316 4838 2589 4915 Willelmi
2621 4840 2785 4915 o~.AA2__7_r
2807 4856 2830 4915 :_
2850 4838 3134 4915 Quondam
3180 4854 3426 4915 meorum
3449 4841 3626 4915 culpis

1975 4909 2290 4981 facinorum
2339 4912 2570 4982 offensus
2618 4909 3019 4981 (Willelr'nus),
3051 4917 3111 4982 ut
3156 4910 3303 4982 sensi
3350 4909 3511 4965 illum
3538 4909 3625 4967 'ad

1978 4980 2169 5037 horam
2197 4980 2800 5053 amaricatum,secessi
2828 4983 2885 5053 in
2914 4980 3071 5034 aliud
3090 4980 3399 5053 coenobium
3452 4983 3625 5053 ipsius

1976 5054 2178 5108 ditioni
2205 5054 2436 5109 minime
2464 5052 2780 5117 subditum;
2810 5051 3044 5122 dumque
3074 5051 3195 5106 illic
3237 5051 3503 5123 degerem,
3533 5055 3627 5110 ad-

1975 5127 2179 5180 stitisse
2207 5124 2352 5179 mihi
2384 5141 2497 5179 una
2526 5128 2681 5179 nocte
2722 5124 2868 5195 visus
2915 5130 2991 5195 est
3036 5126 3257 5194 aspectu
3293 5123 3529 5195 placido,
3560 5142 3626 5182 ac

1974 5212 2149 5269 manu
2176 5197 2373 5269 injecta
2401 5203 2563 5269 caput
2589 5194 2731 5249 mihi
2756 5192 3065 5269 demulcens
3097 5192 3332 5269 :aiebat':
3353 5192 3519 5269 (Rogo
3553 5214 3625 5253 ne

1974 5284 2062 5322 me
2116 5265 2347 5333 deseras,
2369 5268 2420 5322 si
2464 5265 2573 5321 non
2614 5269 2667 5320 te
2710 5280 2898 5338 amare
2945 5265 3217 5337 ﬁngebas;
3264 5267 3401 5337 quin
3440 5265 3624 5338 potius

1974 5354 2224 5420 exercere
2252 5347 2311 5420 te.
2330 5340 2483 5420 cupis
2514 5351 2639 5410 qua?
2662 5337 3008 5420 promiseras.
3037 5338 3223 5420 Ipsius-
3238 5337 3488 5420 namque
3505 5341 3624 5420 .im-

1970 5412 2130 5483 peric
2154 5409 2405 5483 maxima
2423 5409 2643 5483 jamea;
2657 5416 2815 5483 parte
2832 5416 3341 5483 eventorumatque
3350 5409 3625 5481 prodigio-

1972 5480 2098 5537 rum
2128 5497 2254 5553 quae
2279 5480 2433 5553 circa
2454 5488 2507 5553 et
2541 5481 2695 5553 infra
2742 5482 3023 5535 incarnati
3068 5480 3367 5537 Saluatoris
3414 5497 3625 5537 annum

1973 5550 2245 5623 contigere
2270 5550 2631 5612 millesimum
2654 5550 3069 5626 descripseram.

2046 5633 2158 5711 (10)
2187 5632 2330 5690 Vide
2359 5630 2781 5725 praefationem.
