3986 6164
254 349 365 408 613

1154 343 1701 411 HISTORIARUM
1745 348 1953 409 LIBRI
1999 340 2367 419 QUINQUE.
2403 379 2479 389 --
2509 338 2655 408 LIB.
2702 341 2752 405 Ῑ.

3535 340 3654 406 GM

256 482 531 555 temporis
564 499 677 537 non
711 482 1006 556 quispiam
1034 482 1325 550 existeret,
1361 482 1459 555 qui
1506 482 1721 538 futuris
1771 486 1900 554 post
1930 482 1983 549 Α
2015 497 2080 536 ac
2120 479 2385 536 fraternae
2434 477 2719 535 voluntati
2770 478 2997 544 obcdio,
3046 476 3323 549 primitus
3372 477 3661 534 duntaxat

256 589 358 628 nos
388 570 743 644 multiplicia
770 573 892 627 bsic
909 590 1034 645 quae
1062 572 1336 628 videntur
1354 572 1475 627 ﬁeri
1494 576 1611 627 tam
1635 571 1691 626 in
1708 570 1897 626 Eccle-

254 662 353 716 siis
385 660 510 729 Dei,
543 677 719 733 quam
752 660 810 716 in
842 660 1134 733 plebibus,
1157 660 1401 717 minime
1428 661 1697 718 abdenda
1711 659 1899 733 quali-

253 767 484 823 cunque
536 750 669 823 styli
728 750 1129 824 pernotatione
1186 751 1521 807 mandaret:
1573 750 1899 824 praesertim

252 857 406 906 cum,
453 838 747 897 Salvatore
793 844 961 908 teste,
1011 857 1197 913 usque
1227 840 1287 895 in
1336 838 1608 895 ultimam
1658 840 1899 896 extremi

254 928 363 984 diei
394 929 621 997 horam,
654 934 854 985 sancto
870 930 1087 1003 Spiritu
1107 929 1609 1002 cooperante,ipse
1640 928 1900 984 facturus

253 1017 327 1075 sit
356 1019 416 1073 in
451 1020 671 1075 mundo
694 1036 841 1075 nova
856 1036 990 1075 cum
1021 1019 1207 1075 Patre.
1231 1020 1299 1075 Et
1330 1018 1685 1092 quoniamin
1712 1018 1900 1090 spatio

252 1108 366 1164 fere
396 1108 786 1164 ducentorum
810 1125 1099 1164 annorum
1126 1108 1424 1164 nemoista
1436 1112 1716 1181 appetens
1734 1107 1904 1163 exsti-

252 1198 339 1265 tit,
372 1196 433 1252 id
464 1201 574 1265 est,
609 1202 741 1270 post
771 1199 986 1254 Bedam
1010 1198 1323 1254 Britanniae
1345 1198 1771 1271 presbyterum,
1797 1213 1902 1252 seu

252 1285 427 1341 ltalize
460 1286 733 1353 Paulum,
764 1288 861 1360 qui
892 1286 1271 1343 bistorialiter
1302 1285 1603 1360 quidpiam
1654 1285 1902 1358 posteris

252 1374 513 1431 misisset
541 1376 856 1448 scriptum:
886 1393 1138 1449 quorum
1170 1382 1414 1448 uterque
1438 1375 1742 1431 historiam
1776 1392 1904 1448 pro-

250 1464 384 1536 priae
415 1465 632 1537 gentis,
663 1464 751 1520 vel
784 1466 981 1537 patria:
1003 1465 1285 1522 condidit.
1307 1466 1456 1520 Dum
1484 1463 1751 1520 videlicet
1772 1482 1903 1519 con-

251 1557 361 1609 stet
390 1558 516 1609 tam
547 1554 606 1609 in
639 1554 777 1609 orbe
828 1555 1109 1619 Romano,
1164 1570 1339 1626 quam
1378 1552 1435 1608 in
1487 1551 1903 1609 transmarinis

251 1658 348 1697 seu
383 1642 656 1699 barbaris
687 1643 1001 1715 provinciis
1032 1643 1307 1716 perplura
1338 1642 1659 1710 devenisse,
1702 1659 1830 1714 quae
1853 1641 1901 1695 si

248 1732 547 1787 memoria?
574 1733 1125 1788 commendarentur
1154 1732 1414 1804 proficua
1446 1731 1694 1786 nimium
1719 1730 1904 1785 homi-

249 1820 425 1875 nibus
460 1820 670 1885 forent,
703 1826 875 1893 atque
906 1822 978 1875 ad
1018 1820 1511 1876 commodandum
1562 1820 1897 1891 quibusque

249 1909 492 1965 cautelae
520 1910 781 1964 studium
816 1910 1190 1983 potissimum
1216 1912 1509 1980 juvarent.
1542 1909 1666 1963 Non
1710 1909 1902 1964 secius

249 2016 384 2071 ergo
411 2016 544 2072 quae
575 1999 872 2066 dicuntur,
905 2000 1048 2071 quin
1092 1998 1263 2054 solito
1314 1996 1697 2069 multiplicius
1748 1996 1903 2052 circa

251 2087 633 2144 millesimum
655 2088 960 2144 bumanati
978 2087 1514 2144 ChristiSalvatoris
1532 2086 1903 2159 contigerunt

252 2193 493 2233 annum.
527 2178 595 2233 Et
626 2176 840 2234 idcirco
871 2183 1045 2251 prout
1072 2176 1233 2233 valeo
1276 2181 1479 2233 vestrae
1527 2174 1899 2249 prmceptioni

2008 574 2373 636 ostensurus,
2398 585 2738 642 quanquam
2765 567 2926 624 salus
2953 584 3239 623 annorum
3275 584 3307 622 a
3330 567 3658 623 mundiori-

2007 659 2140 732 giue
2172 663 2478 732 pernotata
2521 657 2844 714 secundum
2896 656 3268 711 Hebraeorum
3316 656 3592 713 historias
3624 674 3659 712 a

2007 744 3178 822 Septuagintainterpretumtranslatione
3191 746 3655 818 discrepet.lllud

2008 841 2204 893 tamen
2237 838 2563 909 certissime
2576 836 3079 899 commendamus,
3096 836 3248 907 quod
3265 852 3455 891 annus
3474 835 3661 892 incar-

2010 926 2130 981 nati
2158 926 2333 982 Verbi
2366 925 2720 983 millesimus
2748 926 3043 982 secundus
3062 924 3185 997 ipse
3208 924 3286 980 sit
3312 925 3470 998 regni
3505 929 3659 981 Hen-

2010 1015 2114 1071 rici
2146 1020 2435 1072 Saxonum
2469 1016 2624 1089 regis
2666 1016 2914 1087 primus.
2949 1015 3141 1070 Isdem
3185 1030 3418 1087 quoque
3466 1032 3659 1072 annus

2011 1104 2244 1160 Domini
2279 1103 2631 1161 millesimus
2663 1104 2772 1160 fuit
2802 1104 2964 1178 regni
2998 1103 3256 1160 Rotberti
3301 1104 3655 1162 Francorum

2013 1194 2165 1266 regis
2196 1195 2406 1251 tertius
2431 1192 2716 1250 decimus.
2751 1193 2854 1248 Isti
2886 1192 3064 1265 igitur
3094 1194 3209 1250 duo
3242 1194 3299 1249 in
3333 1199 3533 1252 nostro
3583 1196 3661 1253 ci-

2011 1285 2100 1339 tra
2131 1284 2356 1339 marino
2389 1283 2527 1339 orbe
2559 1286 2699 1338 tunc
2748 1282 3234 1339 Christianissimi
3298 1288 3474 1357 atque
3513 1302 3659 1358 pras-

2012 1372 2253 1428 maximi
2309 1371 2699 1427 habebantur.
2752 1372 3011 1437 Quorum
3076 1372 3325 1444 primus,
3390 1373 3661 1430 videlicet

2012 1461 2316 1530 Henricus,
2361 1460 2691 1516 Romanum
2742 1461 3115 1533 postmodum
3167 1462 3423 1535 sumpsit
3472 1461 3660 1535 impe-

2013 1551 2188 1607 rium.
2258 1549 2436 1606 lcirco
2467 1566 2600 1605 vero
2644 1548 2879 1605 illorum
2928 1548 3269 1605 memoriale
3319 1550 3490 1606 seriei
3511 1556 3661 1607 tem-

2011 1657 2222 1712 porum
2256 1638 2664 1694 stAbilivimus.
2690 1638 2971 1695 Praeterea
2994 1638 3273 1710 quoniam
3306 1639 3377 1695 de
3408 1644 3664 1711 quatuor

2014 1728 2297 1783 mundani
2331 1729 2491 1783 orbis
2523 1728 2779 1799 partium
2809 1728 3113 1783 eventibus
3146 1727 3385 1784 relaturi
3429 1745 3659 1796 sumus,

2011 1816 2255 1889 dignum
2287 1817 2517 1873 videtur
2547 1821 2610 1871 ut
2641 1816 2800 1872 cordi
2832 1821 2940 1883 est,
2988 1818 3088 1889 qui
3122 1816 3324 1889 utique
3371 1817 3662 1891 religiosis

2013 1906 2328 1978 loquimur,
2363 1910 2428 1962 ut
2458 1906 2574 1960 vim
2606 1906 2812 1961 divinae
2836 1910 2890 1960 et
2903 1906 3205 1961 abstractze
3229 1906 3659 1978 quaternitatis,

2011 1996 2255 2068 ejusque
2282 1996 2640 2051 conformem
2682 1994 3175 2079 convenientiam,
3222 1993 3469 2050 Domino
3515 2012 3660 2067 prte-

2012 2090 2204 2152 cunte,
2238 2088 2511 2157 suscepto
2544 2083 2702 2157 operi
2735 2081 3089 2139 inseramus.

1560 2573 1880 2657 LIBER
1942 2570 2366 2659 PRIMUS

1325 2725 1688 2817 INCIPJ'UNT
1728 2747 2077 2804 CAPITULA
2120 2747 2313 2802 LIBRI
2356 2748 2568 2803 PlthI.

472 2886 513 2937 l.
625 2883 700 2937 De
733 2881 929 2937 divino
950 2881 1360 2953 quaternitate.

468 2956 539 3009 ll.
623 2960 704 3007 De
734 2954 979 3024 Rodul/‘o
1004 2969 1158 3024 rego.

469 3025 563 3097 Ill.
647 3029 725 3080 De
757 3026 1027 3080 Lothurio
1054 3042 1210 3097 rege.

468 3095 563 3151 IV.
641 3097 753 3167 Qui
779 3094 1139 3166 postmodum
1174 3102 1360 3153 Roma?
1392 3098 1779 3167 imperatores
1807 3094 2160 3152 exui/crint.

467 3171 536 3221 V.
642 3173 722 3223 De
746 3184 1107 3239 paganorum
1137 3169 1341 3239 plagis.

791 3426 1024 3482 CAPUT
1060 3426 1369 3482 PRIMUM.

723 3516 798 3571 De
826 3515 1015 3571 divina
1054 3518 1443 3587 quaternitate.

337 3602 758 3676 Multiplicibus
818 3605 1023 3676 ﬁguris
1075 3604 1395 3676 formisque
1441 3604 1595 3659 Deus
1644 3603 1910 3659 conditor

272 3692 670 3749 universorum
721 3693 1091 3765 distinguens
1139 3709 1358 3766 eaquae
1411 3692 1560 3763 fecit,
1614 3696 1680 3748 ut
1709 3709 1812 3765 per
1840 3708 1910 3748 ea

269 3796 387 3851 quae
410 3781 611 3837 vident
639 3780 814 3853 oculi,
836 3781 919 3838 vel
955 3782 1226 3855 intelligit
1271 3782 1526 3848 animus,
1577 3780 1910 3838 sublevaret

267 3866 556 3925 hominem
581 3870 876 3926 eruditum
899 3871 971 3926 ad
986 3871 1313 3943 simplicem
1330 3870 1571 3928 Deitatis
1603 3870 1904 3926 intuitum.

268 3955 324 4012 lu
343 3957 435 4014 his
450 3975 590 4031 ergo
617 3960 1057 4031 perscrutaudis
1078 3960 1616 4032 pernoscendisque
1633 3958 1908 4032 primitus

268 4045 512 4103 claruere
573 4048 770 4103 Patres
827 4052 1158 4104 Grzecorum
1215 4046 1483 4105 catholici
1541 4046 1911 4104 mediocriter

267 4133 610 4208 phil030phi.
644 4134 790 4191 Cum
804 4135 960 4191 enim
992 4135 1049 4190 in
1068 4134 1339 4209 plurimis
1356 4136 1700 4193 exercitatos
1731 4135 1908 4192 habe-

268 4228 389 4279 rent
418 4242 634 4281 sensus
665 4225 904 4297 perinde
936 4226 993 4281 in
1017 4226 1410 4297 quarumdam
1433 4226 1907 4299 quaeternitatum

270 4312 681 4383 speculatione,
714 4330 815 4386 per
846 4331 1025 4387 quam
1056 4332 1316 4387 praesens
1346 4315 1607 4371 mundus
1635 4314 1908 4370 infirmus

270 4402 637 4474 mundusque
652 4402 709 4457 fu
718 4407 885 4459 turus
899 4403 1329 4478 daturintelligi
1348 4405 1908 4476 supernus.0uatcr-

267 4488 471 4548 nitates
498 4508 636 4549 vero
677 4507 900 4561 earum,
953 4510 1081 4565 quas
1113 4492 1171 4548 in
1202 4510 1330 4549 sese
1382 4492 1654 4559 reﬂexus,
1701 4492 1843 4547 dum
1875 4508 1909 4547 a

266 4580 424 4636 nobis
445 4581 756 4652 despertiri
776 4581 1465 4655 immobilitercmperint,
1488 4587 1713 4638 mentes
1730 4579 1908 4637 simul

265 4673 428 4740 atque
446 4668 782 4725 intellectus
794 4687 856 4726 se
869 4669 1301 4743 speculantium
1316 4669 1625 4727 alacriores
1637 4670 1904 4726 reddent.

264 4756 516 4819 Quatuor
546 4758 727 4832 igitur
754 4763 891 4815 sunt
919 4759 1250 4833 Evangelia,
1284 4776 1412 4833 quae
1453 4758 1819 4816 constituunt
1847 4757 1906 4813 in

267 4847 476 4903 nostris
508 4848 809 4904 mentibus
859 4866 1181 4922 supernum
1232 4849 1541 4905 mundum.
1594 4848 1704 4904 Tot
1752 4847 1909 4903 enim

266 4941 534 4993 constant
558 4935 866 5007 elementa,
899 4954 1026 5011 quae
1059 4939 1371 5011 perﬁciunt
1398 4938 1580 4995 istum
1613 4937 1909 4993 infimum.

266 5022 521 5087 Quatuor
550 5042 784 5099 quoque
822 5027 1089 5096 virtutes,
1139 5045 1268 5100 qua:
1317 5032 1655 5084 caeterarum
1704 5031 1919 5099 gerunt

264 5113 679 5187 principatum,
709 5132 933 5189 nosque
965 5132 1069 5189 per
1083 5116 1535 5173 admirationem
1549 5115 1641 5172 sui
1671 5115 1743 5172 ad
1757 5119 1918 5172 caete-

267 5218 357 5257 ras
388 5203 732 5260 informant.
765 5205 897 5262 Pari
928 5207 1103 5263 etiam
1138 5207 1362 5263 ratione
1412 5210 1664 5279 quatuor
1707 5221 1917 5262 sensus

263 5290 515 5348 existunt
549 5294 809 5366 corporis
840 5300 1049 5367 praeter
1076 5300 1322 5365 tactum,
1357 5295 1458 5368 qui
1507 5293 1915 5352 subtilioribus

266 5376 584 5437 famulatur
623 5383 865 5439 ceteris.
917 5385 1080 5450 Quod
1129 5388 1219 5441 est
1266 5401 1402 5458 ergo
1451 5383 1630 5440 aether
1676 5383 1915 5457 igneum

267 5466 616 5527 elementum
650 5471 709 5527 in
743 5473 964 5528 mundo
994 5474 1283 5543 sensibili,
1314 5474 1468 5530 idem
1502 5477 1591 5530 cst
1606 5472 1919 5545 prudentia

268 5555 324 5611 in
352 5556 754 5617 intellectuali.
786 5561 1035 5618 Sursum
1049 5579 1305 5636 namque
1322 5580 1449 5620 sese
1468 5564 1719 5637 erigens,
1743 5561 1918 5618 anhe-

268 5643 505 5728 lansque
536 5649 941 5710 desideranter
958 5667 1084 5711 esse
1107 5653 1260 5712 circa
1282 5651 1486 5711 Deum.
1512 5651 1660 5709 Illud
1683 5666 1917 5727 quoque

1940 4805 1987 4871 D

1936 3429 1979 3494 ί]
2017 3426 2171 3497 quod
2202 3442 2301 3480 aer
2329 3424 2387 3480 in
2422 3426 2641 3481 mundo
2672 3425 2979 3499 corporali,
3014 3428 3271 3501 idipsum
3304 3430 3580 3488 fortitudo
3604 3431 3664 3488 in

2017 3512 2415 3579 intellectuali,
2450 3514 2549 3586 qui
2605 3520 2818 3570 cuncta
2872 3516 3125 3573 viventia
3170 3524 3464 3593 vegetans,
3521 3520 3666 3577 etin

2018 3619 2429 3675 quemcunque
2460 3608 2660 3660 actum
2705 3607 3110 3678 promoventia
3165 3608 3421 3667 roborat.
3472 3611 3664 3667 Simili

2017 3692 2233 3772 quippe
2262 3692 2434 3748 modo
2467 3693 2622 3765 quod
2653 3692 2804 3767 gerit
2831 3711 2985 3768 aqua
3011 3695 3072 3751 in
3105 3698 3326 3755 mundo
3356 3699 3663 3772 corporali,

2016 3770 2607 3853 idem'temperantia
2645 3782 2704 3839 in
2755 3783 3155 3842 intellectuali.
3205 3786 3412 3844 Nutrix
3452 3770 3667 3861 quippe

2016 3875 2105 3925 est
2132 3871 2439 3939 bonorum,
2473 3871 2833 3945 etferensque
2865 3874 3092 3947 capiam
3121 3876 3427 3945 virtutum,
3452 3894 3520 3934 ac
3550 3895 3669 3935 ser-

2015 3976 2159 4014 vans
2191 3959 2364 4014 ﬁdem
2397 3975 2501 4032 per
2529 3960 2707 4016 divini
2730 3961 2947 4017 amoris
2993 3963 3370 4021 desiderium.
3424 3966 3666 4023 Confer-

2018 4064 2173 4103 mem
2207 4064 2440 4120 quoque
2453 4051 2607 4103 terra
2616 4048 2764 4121 gerit
2777 4051 3030 4122 speciem
3046 4052 3251 4108 mundi
3268 4052 3282 4106 i
3292 4053 3510 4126 nfimi,j
3520 4056 3670 4111 usti-

2016 4137 2111 4192 tize
2143 4136 2353 4209 speciei
2403 4136 2463 4191 in
2498 4136 3669 4216 intellectuali.Scilicetsubsistensatque

2018 4224 2340 4281 immobilis
2372 4224 2674 4282 collocatio
2700 4230 2867 4283 recta:
2886 4226 3338 4286 distributionis.
3370 4229 3669 4303 Dignosci-

2018 4317 2115 4369 tur
2144 4331 2398 4386 namque
2430 4330 2533 4386 per
2562 4315 2761 4371 omnia
2791 4315 3005 4373 similis
3029 4317 3478 4391 Evangeliorum
3508 4336 3668 4377 com-

2017 4402 2204 4475 plexio
2236 4402 2538 4475 spiritalis.
2571 4404 2949 4478 Evangelium
2980 4405 3177 4479 itaque
3208 4408 3464 4465 Matthmi
3503 4412 3669 4466 terra:

2018 4492 2329 4561 mysticam
2343 4491 2600 4549 continet
2612 4492 3170 4566 ﬁguram,quoniam
3182 4496 3398 4554 Christi
3412 4498 3672 4555 hominis

2017 4580 2237 4636 caeteris
2251 4582 2506 4654 apertius
2519 4582 2882 4638 demonstrat
2893 4583 3086 4641 carnis
3099 4586 3671 4645 substantiam.lllud

2018 4673 2215 4724 autem
2249 4671 2575 4726 secundum
2609 4670 2871 4728 Marcum
2902 4674 3325 4746 temperantia,
3357 4694 3484 4749 qum
3506 4693 3675 4750 aqua:

2019 4758 2273 4831 speciem
2305 4758 2472 4832 gerit,
2496 4776 2630 4815 cum
2661 4776 2729 4816 ex
2744 4761 2988 4818 Joannis
3006 4762 3360 4836 baptismate
3392 4765 3674 4837 pmniten-

2020 4847 2162 4903 tiam
2192 4852 2583 4921 temperanter
2611 4849 2835 4907 indicit.
2852 4848 3004 4907 Illud
3019 4868 3251 4923 quoque
3272 4853 3442 4924 juxta
3456 4854 3674 4912 Lucam

2025 4937 2294 5010 aerisque
2323 4941 2381 4992 et
2411 4937 2773 4994 fortitudinis
2806 4939 3676 5015 prmfertsimilitudinem,quo-

2024 5025 2183 5081 niam
2196 5025 2494 5099 spatiatim
2507 5026 3207 5101 ditl'usum,plurimisque
3217 5029 3577 5089 esthistoriis
3591 5049 3677 5090 ro-

2023 5114 2474 5170 boratum.lllud
2486 5132 2619 5171 vero
2631 5116 3249 5175 secundumJoannem
3263 5118 3485 5193 igniﬁci
3498 5122 3674 5180 ethe-

2025 5203 2105 5258 ris
2135 5203 2479 5275 prudentie,
2513 5203 2786 5277 quodque
2816 5206 3041 5262 caeteris
3071 5212 3303 5265 constat
3332 5208 3675 5282 sublimius,

2023 5292 2274 5348 formam
2308 5292 2611 5366 signanter
2662 5292 2958 5366 exprimit,
3010 5295 3155 5351 dum
3214 5296 3544 5370 simplicem
3574 5299 3677 5355 Dei

2024 5381 2291 5437 notitiam
2324 5385 2381 5437 et
2394 5380 2568 5436 ﬁdem
2589 5381 2898 5438 insinuans
2912 5383 3248 5443 introducit.
3264 5387 3488 5454 Quibus
3499 5388 3676 5445 etiam

2027 5469 2403 5543 speculativis
2449 5471 2932 5540 connexionidus,
2987 5472 3409 5532 elementorum
3458 5475 3677 5533 scilicet

2027 5576 2093 5615 ac
2123 5558 2434 5629 virtutum,
2490 5557 3073 5634 Evangeliorumque,
3122 5561 3221 5620 ille
3272 5563 3679 5621 convenienter

2029 5648 2310 5717 sociatur,
2338 5646 2607 5706 videlicet
2638 5647 2833 5721 homo,
2868 5650 3038 5725 cuius
3056 5649 3380 5712 hecinvisa
3399 5665 3679 5715 concessa
