3986 6164
457 315 574 376 615

1431 312 1772 378 RODULFl
1818 313 2101 377 GLABRI
2147 311 2497 376 MONACHI
2543 309 2898 376 CLUNIAC.

3665 318 3776 389 .616

459 451 593 519 sunt
629 445 930 519 obsequio.
961 447 1223 520 Namque
1247 446 1407 502 illius
1430 447 1557 502 vitae
1580 447 1912 502 substantia
1930 446 2108 502 Graeci
2140 450 2192 514 Α
2225 444 2568 501 viviﬁcantis
2599 443 2796 500 omnia
2824 441 2996 499 Verbi
3027 442 3099 498 ad
3119 458 3222 498 nos
3248 459 3439 515 usque,
3456 446 3544 517 qui
3569 445 3780 516 clarae”

459 537 792 612 philosophi
828 545 1177 610 μικρόκοσμον,
1209 535 1266 591 id
1298 541 1387 592 est
1416 553 1682 608 parvum.
1707 536 1996 592 mundum
2024 533 2110 590 di-

457 629 688 681 xerunt.
723 625 898 681 Visus
929 625 1144 698 quippe
1171 629 1228 681 et
1256 625 1516 681 auditus.
1543 624 1643 697 qui
1671 624 2034 680 intellectum
2055 627 2112 680 et

459 715 746 770 rationem
778 713 1137 780 ministrant,
1173 713 1456 786 superiori
1489 713 1846 770 conveniunt
1887 713 2107 778 aetheri,

459 803 613 876 quod
643 807 873 858 constat
903 801 1181 858 subtilius
1211 803 1270 858 in
1293 801 1906 876 elementis,qnodque
1930 819 2111 875 quan-

455 897 583 948 tum
616 891 836 948 ceteris
891 890 1232 959 sublimius,
1279 909 1345 948 eo
1376 892 1683 949 honestius
1715 908 1781 947 ac
1831 891 2104 947 lucidius.

455 981 844 1054 Subsequitur
871 998 1004 1037 vero
1032 980 1299 1050 oltactus,
1329 981 1428 1054 qui
1457 981 1608 1038 aeris
1656 985 1714 1036 et
1744 979 2106 1036 fortitudinis

455 1069 907 1142 significantiam
933 1073 1088 1124 sorte
1118 1069 1408 1141 exprimit.
1440 1073 1660 1126 Gustus
1683 1085 1938 1140 namque
1959 1068 2106 1124 satis

453 1159 863 1215 convenienter
893 1175 1056 1230 aquae
1089 1162 1146 1214 et
1173 1159 1575 1230 temperantiae
1592 1174 1792 1230 parem
1809 1157 2106 1230 portendit

453 1247 930 1322 significantiam.
963 1249 1180 1304 Tactus
1219 1263 1376 1320 ergo,
1427 1247 1527 1320 qui
1561 1246 1826 1302 omnium
1877 1248 2106 1301 constat

454 1334 716 1406 inﬁmus,
749 1337 1090 1407 ceterisque
1114 1335 1360 1392 solidius
1384 1351 1460 1407 ac
1497 1334 1792 1406 stabilius,
1825 1338 1988 1390 terra:
2037 1350 2104 1389 ac

421 1425 691 1496 justitiaa
725 1425 1254 1498 congruentissime
1287 1425 1516 1496 praefert
1545 1423 1850 1480 indicium'
1885 1424 1972 1478 Ab
2011 1421 2104 1478 his

452 1513 632 1586 igitur
661 1511 1114 1570 evidentissimis
1147 1512 1547 1586 complexibus
1595 1528 1788 1568 rerum
1838 1515 2104 1585 patenter

421 1655 424 1659 .
453 1607 510 1656 et
538 1601 930 1676 pulcherrime
962 1601 1318 1674 silenterque
1350 1601 1698 1675 praedicatur
1746 1605 1919 1668 Deus,
1955 1615 2100 1672 quo-

453 1689 612 1746 niam
645 1690 786 1746 dum
819 1689 1014 1745 stabili
1043 1694 1206 1746 motu
1235 1689 1293 1744 in
1312 1706 1439 1746 sese
1456 1689 1712 1746 vicissim
1733 1706 1851 1745 una
1871 1694 2101 1762 porten-

453 1777 1010 1884 dit-alteram,suuni
1035 1778 1353 1852 principale
1376 1779 1763 1852 primordium
1782 1777 2100 1884 p‘raidican-
2131 1819 2178 1884 Β

451 1869 545 1934 do,
577 1886 612 1925 a
640 1885 756 1946 quo
788 1873 1216 1940 processerunt,
1251 1871 1548 1941 expetunt,
1583 1871 1647 1922 ut
1675 1867 1734 1922 in
1767 1865 2097 1922 illoiterum

449 1957 775 2030 quiescant.
799 1957 1040 2014 Constat
1068 1957 1245 2014 etiam
1263 1959 1434 2030 juxta
1463 1956 1750 2030 praedicta:
1773 1953 2099 2029 stipulatio-

449 2046 542 2104 nis
573 2048 910 2104 condictum
960 2051 1156 2122 mente
1203 2053 1374 2102 cauta
1417 2045 1630 2104 intueri
1681 2045 1944 2112 ﬂuvium,
1995 2043 2098 2117 qui

449 2141 650 2192 manat
681 2154 750 2192 ex
777 2137 934 2191 Eden
958 2135 1230 2200 Orientis,
1254 2134 1687 2206 partiturquein
1705 2133 2100 2189 nominatissi-

452 2241 580 2280 mos
609 2230 862 2296 quatuor
893 2240 1118 2279 amnes.
1149 2224 1371 2278 Horum
1415 2223 1597 2296 igitur
1627 2221 1872 2295 primus,
1918 2221 1972 2276 id
2007 2225 2100 2278 est

449 2313 690 2378 Phison,
722 2313 819 2384 qui
843 2315 955 2367 oris
983 2311 1454 2383 aperitiodicitur,
1477 2311 1850 2384 prudentiam
1881 2309 2097 2382 signat,

451 2417 578 2473 quae
609 2417 840 2474 semper
869 2405 957 2456 est
985 2401 1041 2454 in
1073 2399 1312 2472 optimis
1329 2399 1614 2454 diil'usaet
1630 2398 2099 2454 utilis.Periner-

450 2487 592 2545 tiam
624 2489 840 2562 quippe
864 2488 1172 2560 paradisus
1191 2487 1462 2544 sublatus
1491 2486 1815 2544 esthomini
1833 2505 1845 2556 ;
1864 2502 2098 2542 necesse

451 2577 647 2646 habet,
684 2581 748 2633 ut
771 2581 1030 2652 praeunte
1064 2578 1378 2650 prudentia
1425 2581 1738 2650 repetatur.
1793 2575 2097 2632 Secundus

449 2669 628 2734 Geon,
661 2667 762 2740 qui
791 2675 960 2724 terrm
1005 2667 1192 2722 hiat-us
1235 2665 1603 2739 intelligitur,
1649 2653 2134 2738 temperantiam‘

451 2755 668 2830 signat,
717 2756 1006 2812 nutricem
1069 2755 1273 2828 utique
1325 2755 1636 2819 castitatis,
1699 2771 1826 2827 quae
1875 2753 2100 2810 scilicet

452 2846 688 2902 frondes
699 2845 1604 2918 salubriterexstirpatvitiorum.
1621 2845 1852 2901 Tertius
1864 2859 2098 2916 quoque

451 2933 662 3006 Tigris,
697 2951 872 3008 quem
904 2933 1166 2990 incolunt
1216 2934 1458 3007 Assyrii,
1493 2934 1593 3006 qui
1641 2932 2100 3005 interpretantur

450 3023 766 3095 dirigentes.
802 3023 909 3078 Per
929 3022 1086 3079 hunc
1102 3021 1486 3078 nihilominus
1507 3023 1777 3096 signatur
1795 3021 2094 3088 lortitudo,

451 3129 578 3184 quae
611 3111 854 3180 scilicet,
879 3112 1108 3184 rejectis
1129 3111 1608 3186 praevaricatoriis
1627 3111 1806 3176 vitiis,
1839 3109 2098 3183 dirigens

2221 535 2328 591 viri
2360 535 2418 590 in
2469 534 2730 590 Romano
2778 531 3047 588 videlicet
3085 533 3220 588 orbe
3261 531 3500 606 insignes
3530 536 3780 602 catholica

2221 623 2378 690 ﬁdei,
2412 623 2780 694 cultoresque
2783 623 2808 694 j
2819 622 3050 688 ustitiae,
3066 625 3237 694 prout
3248 625 3395 678 certa
3404 621 3650 680 relatione
3663 641 3783 687 com-

2219 711 2501 784 perimus,
2533 711 2622 766 vel
2654 709 2835 766 visuri
2863 709 3294 783 superfuimus;
3325 726 3422 765 seu
3449 711 3603 768 etiam
3621 713 3704 785 qui
3719 731 3784 776 re-

2219 819 2352 858 rum
2383 807 2738 874 eventusque
2766 799 2855 856 vel
2886 799 3058 873 plura
3086 799 3442 873 contigerunt
3469 805 3786 862 memoranda

2217 895 2339 946 tam
2369 890 2428 946 in
2459 891 2644 948 sacris
2660 889 2952 956 Ecclesiis,
2973 904 3150 960 quam
3169 891 3228 944 in
3251 892 3482 960 utroque
3502 889 3684 960 populo
3698 893 3784 964 pri-

2217 979 2398 1036 mitus
2429 980 2499 1034 ad
2531 979 2678 1034 illud
2695 977 2876 1035 totius
2891 979 3186 1051 quondam
3207 977 3786 1052 orbisimperiumprin-

2216 1068 2420 1140 cipale,
2441 1067 2661 1126 scilicet
2678 1068 3032 1132 Romanum,
3047 1065 3432 1122 convertimus
3447 1065 3656 1138 stylum.
3670 1068 3782 1128 Cum

2215 1174 2350 1230 ergo
2379 1156 2797 1229 omnipotentis
2829 1154 3043 1212 Christi
3091 1154 3276 1212 virtus
3322 1155 3513 1228 utique
3550 1159 3786 1224 terrarum

2215 1245 2506 1319 principes
2539 1246 2610 1301 ad
2629 1262 2803 1301 suum
2835 1245 3198 1300 incurvasset
3212 1243 3527 1317 imperium,
3547 1248 3684 1299 tanta
3704 1245 3786 1300 ini-

2214 1352 2328 1392 nus
2357 1333 2540 1407 viguit
2567 1338 2753 1390 terror
2781 1337 3094 1401 Caesarum,
3117 1336 3334 1406 quanto
3354 1333 3484 1403 jura
3502 1331 3702 1398 illorum
3714 1350 3789 1390 ve-

2213 1423 2408 1480 racius
2437 1422 2911 1495 comprobantur,
2942 1419 3076 1494 plus
3092 1421 3380 1477 exstitisse
3397 1437 3463 1476 ex
3478 1419 3662 1476 timore
3677 1420 3789 1476 {ero-

2212 1512 2426 1580 citatis,
2449 1528 2628 1585 quam
2641 1529 2710 1568 ex
2725 1525 2922 1567 amore
2941 1510 3048 1584 piae
3067 1509 3472 1566 humanitatis.
3485 1509 3571 1565 Sic
3587 1509 3788 1581 denique

2208 1605 2332 1658 tota
2343 1599 2623 1674 paulatim
2636 1599 2872 1656 illorum
2885 1599 3066 1672 stirps
3081 1617 3114 1655 a
3130 1599 3368 1672 praefato
3380 1597 3605 1670 imperio
3619 1596 3790 1669 disper-

2207 1689 2316 1746 tita
2347 1694 2523 1762 atque
2553 1694 2849 1758 evacuate,
2883 1693 2948 1744 ut
2971 1689 3164 1760 majus
3185 1687 3466 1760 indigeret
3480 1685 3564 1743 sui
3581 1685 3788 1742 dominio

2209 1779 2352 1835 urbs
2365 1779 2902 1851 Romana,ejusque
2914 1795 2987 1851 po
2992 1777 3373 1850 pulus,quam
3386 1779 3446 1832 ut
3459 1775 3585 1832 olim
3601 1791 3790 1831 consue-

2209 1873 2370 1925 verat
2397 1884 2664 1940 promere
2685 1867 2843 1942 leges
2872 1873 2928 1924 et
2945 1868 3086 1939 jura
3113 1865 3368 1923 externis
3395 1863 3585 1937 patriis
3614 1879 3670 1920 ac
3685 1863 3789 1918 civi-

2208 1957 2340 2013 bus.
2378 1956 2806 2029 Cmperuntque
2839 1955 2984 2029 pluri
3007 1973 3034 2012 s
3064 1973 3133 2012 ex
3176 1954 3468 2027 gentibus,
3511 1969 3642 2025 quas
3665 1951 3788 2024 prius

2208 2045 2572 2114 subdiderat,
2623 2046 2842 2102 crebris
2893 2044 3052 2100 illam
3103 2041 3565 2100 infestationibus
3613 2056 3788 2106 vexare,

2207 2134 2368 2191 illius
2400 2151 2613 2191 nomen
2644 2134 2820 2190 etiam
2864 2133 3093 2206 imperii
3116 2132 3498 2206 praeripiendo
3541 2144 3790 2200 usurpare.

2201 2223 2470 2280 nonnulli
2501 2239 2570 2278 ex
2594 2222 3101 2294 circumjectarum
3136 2219 3558 2293 provinciarum
3603 2216 3791 2290 regibus

2206 2314 2370 2368 Tunc
2401 2311 2640 2384 perinde
2668 2309 3016 2368 valentiores
3038 2315 3095 2366 et
3114 2305 3792 2382 praemaximiregesgentis

2207 2401 2565 2456 Francorum
2596 2399 3056 2456 Christianitatis
3066 2398 3308 2472 justitia
3329 2396 3618 2470 pollebant,
3647 2409 3791 2449 armo-

2206 2505 2456 2562 rumque
2486 2489 2781 2545 industria
2811 2505 2876 2544 ac
2907 2487 3150 2544 militari
3169 2488 3378 2543 robore
3391 2481 3794 2541 caeterisexcelle-

2206 2580 2367 2635 bant.
2410 2579 2669 2644 Quorum
2715 2576 2985 2633 videlicet
3033 2576 3247 2632 ditioni
3295 2571 3694 2648 triumphaliter
3716 2586 3793 2642 per

2205 2668 2402 2740 plures
2433 2683 2620 2724 annos
2649 2665 3004 2739 applicatum
3037 2669 3126 2722 est
3151 2669 3348 2721 totum
3378 2661 3587 2736 imperii
3607 2660 3792 2716 culmen

2205 2761 2365 2812 Inter
2385 2772 2532 2829 quos
2547 2755 2723 2811 etiam
2737 2753 3225 2812 excellentissime
3245 2753 3578 2818 micuerunt,
3602 2746 3791 2804 Carolus

2207 2844 2445 2912 scilicet,
2477 2845 2576 2918 qui
2611 2845 2804 2901 dictus
2835 2848 2924 2901 est
2949 2844 3223 2916 Magnus,
3263 2859 3367 2898 nec
3396 2845 3569 2898 nonet
3596 2835 3792 2895 Ludovi-

2205 2951 2310 2991 cus
2343 2939 2726 3007 cognomento
2754 2934 2913 2990 Pius.
2947 2933 3017 2990 Hi
3047 2933 3308 3005 denique
3328 2930 3584 3006 prudenti
3597 2924 3793 2984 consilio

2207 3030 2263 3080 et
2288 3024 2503 3080 virtute
2533 3039 2798 3096 quosque
2829 3023 3046 3096 inger
3065 3021 3354 3078 belliones
3375 3021 3453 3076 ita
3472 3017 3679 3094 preprio
3691 3014 3794 3071 sub-

2198 3114 2481 3187 jugavere
2511 3113 2792 3193 dominio,
2822 3117 2889 3168 ut
2915 3111 3085 3184 quasi
3103 3129 3225 3168 una
3243 3112 3451 3168 domus
3475 3105 3792 3164 famularetur

451 3201 720 3258 homines
749 3217 854 3274 per
883 3201 984 3256 Dei
1014 3185 1298 3256 auxilium
1331 3201 1402 3256 ad
1435 3200 1635 3256 aeterni
1666 3199 1829 3272 regni
1861 3198 2096 3272 gaudia.
2127 3185 2169 3252 C
2208 3185 2332 3258 suis
2364 3185 2818 3276 imperatoribus
2849 3201 3006 3257 orbis
3039 3201 3375 3268 Romanus;
3410 3198 3794 3272 potiusqueres-

449 3291 704 3355 Quartus
727 3306 860 3346 vero
889 3289 1232 3362 Euphrates,
1265 3289 1434 3361 cujus
1464 3289 1639 3346 etiam
1672 3305 1882 3344 nomen
1922 3287 2098 3343 abun-

450 3379 702 3436 dantiam
731 3384 920 3448 sonat,
949 3383 1214 3450 patenter
1234 3378 1530 3452 justitiam
1549 3379 1838 3451 designat,
1858 3394 1984 3450 qua
2005 3393 2102 3448 pa-

454 3469 564 3524 scit
593 3485 658 3524 ac
687 3468 876 3524 reﬁcit
919 3483 1152 3522 omnem
1203 3467 1462 3523 animam
1493 3465 1656 3522 illam
1704 3466 2104 3528 desideranter

455 3560 773 3614 amantem.
803 3556 946 3612 Cum
961 3555 1141 3630 igitur
1160 3555 1551 3628 signiﬁcantia
1564 3555 1772 3610 horum
1790 3553 2100 3610 ﬂuminum

455 3650 619 3720 gerat
640 3646 699 3700 in
713 3661 774 3700 se
788 3643 1010 3718 species
1023 3644 1430 3718 praedictarum
1443 3643 1746 3710 virtutum,
1771 3643 2102 3716 pariterque

455 3736 706 3808 ﬁguram
740 3737 991 3806 quatuor
1015 3731 1481 3805 Evangeliorum,
1507 3749 1616 3788 non
1640 3733 1836 3788 minus
1867 3732 2101 3788 easdem

455 3823 699 3878 virtutes
733 3821 1056 3894 figuraliter
1084 3827 1296 3894 gerunt
1325 3825 1589 3894 tempora
1609 3819 1893 3877 mundani
1924 3819 2103 3892 hujus

457 3910 655 3968 szsculi
685 3910 872 3966 divisa
902 3927 1005 3982 per
1029 3911 1344 3984 quadrum.
1370 3913 1414 3964 A
1435 3909 1640 3965 mundi
1663 3926 1916 3984 namque
1937 3908 2103 3964 initio

457 4017 644 4072 usque
675 3999 746 4056 ad
779 3999 1064 4056 ultionem
1095 3998 1316 4068 diluvii,
1351 3997 1410 4054 in
1442 3998 1536 4054 his
1566 3999 1869 4066 duntaxat,
1895 3997 1998 4070 qui
2035 4013 2103 4053 ex

456 4089 740 4164 simplicis
759 4093 977 4144 naturae
995 4089 1247 4145 amando
1264 4105 1440 4145 suum
1463 4090 1858 4160 cognoverunt
1873 4087 2104 4144 Creato-

456 4197 600 4246 rem,
633 4178 894 4234 bonitate
925 4178 1237 4251 prudentia
1258 4178 1464 4250 viguit,
1498 4182 1565 4234 ut
1596 4177 1653 4232 in
1685 4175 1846 4244 Abel,
1885 4175 2101 4245 Enoch,

455 4269 594 4336 Noe,
625 4267 714 4323 vel
753 4266 810 4324 in
841 4267 1087 4336 caeteris,
1118 4267 1218 4340 qui
1264 4267 1480 4324 mentis
1525 4265 1750 4322 ratione
1797 4263 2103 4338 pollentes,

455 4352 622 4413 utilia
647 4374 772 4430 quas
803 4360 1040 4428 agerent
1069 4356 1498 4412 intellexerunt.
1529 4356 1614 4411 Ab
1637 4354 1932 4410 Abraham
1947 4371 2102 4422 vero,

456 4453 513 4503 ct
541 4447 600 4502 in
633 4445 874 4518 reliquis
903 4445 1269 4516 patriarchis,
1311 4445 1413 4518 qui
1464 4433 1648 4517 signis
1681 4448 1737 4500 et
1781 4444 2106 4499 visionibus

2208 3289 2443 3363 publica
2481 3291 2552 3346 de
2593 3294 2834 3362 paterno
2885 3287 3288 3362 gratularetur
3334 3289 3609 3361 provectu,
3651 3295 3790 3354 quam

2207 3383 2334 3436 tuta
2362 3380 2690 3452 pompatice
2719 3378 3090 3435 extolleretur
3118 3379 3536 3452 imperatorum
3558 3367 3792 3431 metuSed

2211 3469 2349 3541 quia
2364 3468 2574 3525 horum
2587 3472 2751 3542 gesta
2762 3484 2878 3524 non
2890 3466 3150 3540 disposui
3160 3484 3320 3536 mus,
3337 3483 3439 3523 seu
3456 3459 3790 3539 genealogiam

2209 3557 2495 3614 historiali
2522 3575 2682 3614 more
2711 3572 2967 3625 narrare,
2991 3556 3064 3612 ad
3095 3573 3278 3629 quem
3318 3561 3512 3614 tamen
3559 3553 3707 3608 ﬁnem
3731 3563 3795 3602 re-

2211 3647 2430 3720 gnandi
2459 3645 2546 3702 vel
2580 3646 2908 3720 imperandi
2925 3645 3162 3702 illorum
3187 3661 3382 3718 genus
3401 3638 3682 3704 devenerit,
3696 3637 3794 3690 bre-

2209 3735 2358 3793 viter
2386 3735 2720 3792 curavimus
2750 3735 3042 3791 intimare.
3064 3735 3470 3792 .Perduravere
3497 3730 3656 3805 igitur
3672 3736 3794 3797 reges

2210 3841 2280 3880 ex
2308 3839 2507 3880 eorum
2541 3823 2814 3896 prosapia
2842 3823 3227 3896 imperatores
3257 3827 3379 3879 tam
3401 3821 3459 3877 in
3490 3817 3639 3876 Italia
3662 3827 3796 3888 quam

2211 3913 2272 3968 in
2302 3911 2526 3980 Galliis,
2559 3929 2748 3986 usque
2771 3911 2843 3968 ad
2875 3910 3150 3968 ultimum
3173 3925 3374 3984 regem
3396 3908 3646 3967 Carolum
3663 3901 3800 3960 Hebe-

2209 4005 2326 4058 tem
2359 4001 2860 4075 cognominatum.
2881 4005 2937 4056 Is
2961 3999 3217 4073 denique
3236 4001 3488 4056 habebat
3503 4011 3664 4056 unum
3681 3991 3799 4046 inter

2212 4090 2376 4164 regni
2407 4089 2499 4146 sui
2523 4090 2802 4163 primates
2831 4089 3149 4162 quemdam
3181 4089 3568 4153 Hcribertum,
3596 4082 3736 4153 cujus
3749 4091 3800 4164 et!

2213 4163 2378 4236 sacro
2409 4179 2567 4235 fonte
2597 4177 2786 4234 ﬁlium
2815 4181 3175 4250 susceperat,
3209 4177 3314 4250 qui
3345 4182 3534 4233 tamen
3558 4172 3602 4229 ei
3629 4163 3802 4226 callidi-

2212 4272 2330 4325 tate
2356 4286 2466 4324 sua
2494 4266 2818 4324 certissime
2849 4271 3160 4340 suspectus
3189 4283 3322 4323 esse
3351 4264 3639 4339 potuisset,
3654 4255 3696 4314 si
3711 4267 3799 4309 non

2213 4357 2546 4431 excogitatae
2569 4355 2791 4414 fraudis
2805 4353 3080 4411 simultas
3092 4354 3520 4411 intervenisset.
3537 4353 3664 4407 Cum
3680 4341 3801 4431 enim

2215 4429 2570 4502 decrevisset
2601 4443 2756 4500 idem
2787 4443 3124 4500 Heribertus
3163 4443 3506 4516 praedictum
3535 4450 3702 4510 regem
3726 4429 3802 4484 de-

456 4535 617 4591 fruiti
649 4539 809 4601 sunt,
843 4540 906 4589 ut
936 4535 994 4589 in
1027 4535 1206 4604 Isaac,
1237 4535 1436 4602 Jacob,
1489 4533 1729 4606 Joseph,
1756 4537 1813 4588 et
1843 4533 1900 4587 in
1932 4537 2099 4620 caete-
2133 4556 2180 4620 Β
2213 4535 2424 4609 cipere,
2459 4534 2686 4608 ﬁngens
2725 4533 3034 4605 cujusdam
3082 4530 3444 4588 deliberandi
3493 4524 3802 4620 occasionem

459 4625 560 4696 ris,
594 4623 982 4696 temperantia
1013 4623 1374 4678 conformata
1403 4623 1706 4696 probatur,
1750 4623 1848 4694 qui
1881 4619 2104 4677 scilicet

459 4715 612 4770 inter
640 4713 881 4768 adversa
909 4715 965 4766 et
1006 4728 1282 4786 prospera
1332 4712 1636 4784 proprium
1685 4727 1862 4782 super
1909 4711 2107 4766 omnia

428 4793 432 4796 ’
457 4801 784 4859 dilexerunt
814 4807 1134 4858 auctorem.
1167 4802 1213 4855 A
1243 4801 1436 4874 Moyse
1467 4800 1843 4874 quoqueetin
1862 4798 2104 4872 reliquis

455 4891 781 4965 Prophetis,
814 4891 954 4946 viris
1002 4888 1270 4946 videlicet
1325 4889 1779 4956 robustissimis,
1825 4887 2102 4962 legalium

457 4986 879 5052 praceptorum
909 4978 1384 5034 institutionibus
1408 4977 1590 5041 luitis,
1615 4977 1892 5034 fortitudo
1915 4976 2101 5034 sanci-

458 5075 572 5136 tur,
607 5069 748 5124 dum
781 5068 1071 5124 laboriosa
1091 5066 1540 5142 siquidemlegis
1552 5071 1837 5140 praecepta
1857 5066 2108 5144 sollicite

459 5155 530 5210 ab
559 5155 643 5212 eis
673 5158 985 5214 exercitata
1015 5162 1436 5214 monstrantur.
1469 5157 1554 5212 Ab
1586 5157 1837 5213 adventu
1858 5155 2108 5228 denique

457 5244 743 5302 incarnati
775 5245 948 5301 Verbi
980 5263 1047 5304 ac
1071 5246 1347 5320 deinceps
1379 5262 1551 5304 omne
1572 5245 1850 5302 saeculum
1875 5245 2110 5316 justitia

461 5332 666 5408 implet
695 5334 978 5407 regitque,
1000 5335 1326 5392 circumdat
1340 5333 1515 5392 veluti
1528 5339 1870 5392 caeterarum
1887 5335 2022 5390 ﬁnis
2041 5351 2108 5390 ac

459 5423 933 5492 fundamentum,
965 5423 1118 5478 sicut
1139 5423 1284 5480 dixit
1307 5440 1414 5482 suo
1441 5424 1716 5496 Baptista
1736 5421 1995 5479 Veritas:
2014 5424 2110 5480 De-

457 5521 556 5583 cet,
589 5512 884 5588 inquiens,
915 5529 1013 5572 nos
1043 5513 1270 5586 implere
1297 5529 1512 5570 omnem
1527 5514 1836 5588 justitiam.

529 5603 750 5664 Dicturi
782 5603 964 5680 igitur
994 5601 1066 5663 ab
1095 5619 1248 5663 anno
1270 5603 1378 5661 900
1422 5600 1710 5662 incarnati
1760 5601 2012 5661 creantis
2041 5618 2108 5661 ac

2200 4603 2448 4698 negotii,
2481 4603 2732 4694 qualiter
2762 4603 2955 4688 illum,
2985 4621 3444 4693 utpostmodum
3467 4615 3612 4681 fecit,
3629 4603 3806 4667 demul-

2215 4712 2398 4768 cendo
2428 4711 2487 4766 in
2521 4727 2707 4766 unum
2740 4715 3068 4767 castrorum
3099 4708 3347 4766 suorum
3369 4702 3805 4790 introducerentc

2211 4799 2574 4858 vinculatum
2607 4799 2820 4856 carceri
2854 4799 3247 4872 manciparet;
3282 4798 3516 4855 tandem
3539 4798 3807 4857 veroaqlﬂ'

2210 4891 2462 4947 busdam
2490 4893 2835 4963 suggestum
2852 4893 2942 4944 est
2961 4888 3102 4962 regi,
3127 4887 3543 4944 utcautissime
3565 4874 3806 4963 seagerel.

2214 4997 2285 5036 ne
2317 4962 2600 5035 Heriberti
2629 4975 3358 5034 involvereturfraudibus.
3381 4975 3633 5043 Dumque
3659 4962 3809 5020 illae:

2212 5068 2322 5125 hoc
2381 5067 2536 5140 quod
2569 5066 2850 5132 audierat,
2883 5064 3179 5134 credulus,
3211 5063 3497 5122 cautelam
3518 5057 3620 5117 sibi
3647 5047 3811 5142 delle-

2219 5139 2434 5214 riberto
2464 5154 2738 5212 adhibere
2769 5153 3138 5223 decrevisset,
3171 5153 3416 5227 contigit
3430 5167 3545 5208 una
3569 5145 3652 5202 die
3667 5139 3808 5230 nimis

2217 5245 2483 5319 expedite
2505 5243 2779 5301 eumdem
2800 5243 3170 5300 Hcribertum
3198 5257 3465 5299 cumsuo
3493 5235 3604 5294 ﬁlio
3619 5233 3672 5288 in
3687 5236 3809 5319 regis

2217 5315 2503 5408 palatium
2527 5331 2813 5390 devenire.
2838 5333 3097 5406 Surgens
3138 5331 3340 5405 itaque
3387 5346 3484 5385 rex
3511 5325 3559 5382 ei
3586 5315 3808 5379 osoulllm

2217 5423 2490 5498 porrexit.
2524 5422 2622 5480 Ille
2651 5439 2786 5480 vero
2818 5427 2936 5479 toto
2966 5438 3029 5478 se
3057 5420 3383 5478 humilians
3403 5417 3811 5498 corpore,o_8t=ll'

2217 5493 2338 5570 lum
2372 5513 2526 5588 regis
2553 5511 2829 5585 suscepit.
2845 5511 3062 5568 Deinde
3075 5527 3208 5568 cum
3220 5509 3272 5582 ej
3283 5505 3544 5580 usﬁlium
3561 5493 3810 5588 (ιεριιιαξῇιθ

2214 5579 2469 5673 fuisset:
2479 5579 3013 5676 stansquejuvenis
3037 5579 3307 5676 quamvis
3329 5579 3590 5658 conscius
3605 5579 3811 5651 fraudis:
