4098 6164
1075 251 1640 313 HISTORIARUM
1685 251 1890 312 LIBRI
1937 250 2327 322 QUINQUE.
2375 285 2452 296 ——
2494 253 2641 313 LIB.
2690 255 2738 314 Ι.

3513 257 3628 317 622

184 384 510 444 mandavit.
542 383 708 448 Quod
759 382 962 456 utique
1013 385 1150 439 dum
1187 383 1316 439 sine
1350 400 1524 439 mora
1555 387 1856 456 peractum
1889 385 1944 450 Α
1975 382 2031 437 lo
2058 382 2283 438 inventi
2309 385 3206 454 fuerant,trucidatis,miserunt
3225 389 3295 446 ad
3319 389 3629 464 imperato-

184 475 418 542 fuisset,
443 472 794 546 pergrandis
815 471 1160 528 calamitatis
1187 471 1421 528 occasio
1448 471 1693 528 exstitit.
1719 472 1854 526 Erat

180 565 344 620 enim
369 563 613 636 quidam
638 562 1028 629 Crescentius,
1045 547 1446 616 Romanorum
1470 561 1852 633 civispraepo-

177 658 335 721 tens,
371 653 494 725 qui,
528 657 596 706 ut
627 651 889 708 illlorum
921 669 1049 707 mos
1079 654 1186 717 est,
1221 655 1516 722 quantum
1551 649 1856 704 onerosior

176 741 466 814 pecuniis,
497 744 732 796 tantum
765 740 1002 813 pronior
1032 739 1286 794 serviens
1308 737 1590 794 avaritiae.
1622 737 1724 792 Hic
1756 755 1851 792 au-

175 835 305 888 tem
338 847 454 886 non
487 829 684 902 plane,
715 833 782 884 ut
812 829 894 884 rei
927 828 1191 902 probavit
1215 832 1482 892 eventus,
1519 825 1668 898 parti
1701 826 1851 880 fave-

176 922 287 976 bat
321 917 572 976 Ottonis.
605 919 754 972 Nam
790 917 984 988 ipsum
1014 917 1368 990 pontificem,
1398 918 1681 988 quem,ut
1711 913 1856 968 dixi-

177 1027 346 1074 mus,
363 1006 648 1073 ordinari,
669 1006 803 1062 Otto
821 1006 1100 1078 jusserat,
1127 1006 1279 1061 idem
1301 1003 1671 1060 Crescentius
1693 1002 1855 1057 omni

178 1098 541 1154 destitutum
574 1095 800 1151 honore
833 1112 868 1150 a
898 1095 1033 1150 sede
1062 1093 1302 1167 expulit,
1338 1093 1708 1162 alterumque
1730 1107 1857 1162 pro-

179 1186 405 1242 caciter
449 1184 508 1239 in
557 1185 688 1256 ejus
739 1183 868 1239 loco
929 1184 1286 1256 subrogavit.
1319 1183 1430 1238 Sed
1463 1199 1599 1242 mox
1632 1185 1693 1235 ut
1722 1180 1854 1234 Otto

179 1275 301 1335 hoc
327 1275 543 1329 factum
570 1271 881 1344 comperit,
905 1271 992 1328 ira
1013 1289 1311 1337 accensus,
1335 1288 1471 1327 cum
1496 1268 1855 1342 permaximo

178 1363 449 1418 exercitu
473 1361 720 1417 Romam
747 1361 1100 1434 properavit.
1126 1361 1285 1424 Quod
1319 1377 1456 1416 cum
1487 1356 1858 1431 cognovisset

179 1450 582 1516 Crescentius,
617 1449 791 1505 illum
826 1449 1050 1506 scilicet
1090 1448 1219 1504 urbi
1268 1449 1684 1522 propinquare,
1717 1463 1854 1501 con-

180 1541 480 1597 seendens
507 1556 642 1595 cum
687 1538 818 1594 suis
865 1538 1076 1593 turrim
1107 1555 1233 1610 quae
1265 1538 1380 1594 sita
1409 1542 1500 1594 est
1523 1541 1682 1592 extra
1713 1534 1857 1590 civi-

180 1636 370 1686 tatem
396 1634 560 1684 trans
591 1627 968 1692 Tiberim,ob
999 1626 1368 1683 altitudinem
1401 1626 1492 1681 sui
1523 1623 1856 1681 Interccnlos

180 1724 474 1785 vocatam,
507 1717 747 1773 vallavit
795 1733 948 1785 eam,
992 1716 1338 1772 defensurus
1383 1732 1486 1798 pro
1531 1715 1668 1770 vita.
1702 1715 1854 1769 Tan-

1968 488 2097 527 rem
2136 472 2278 542 quid
2307 473 2379 528 de
2401 490 2468 529 eo
2495 475 2848 547 praeciperet.
2873 477 2978 541 Qui
3003 477 3112 534 ait:
3140 479 3289 534 «Per
3309 479 3628 552 superiora,

1966 559 2193 630 inquit,
2210 563 2652 634 propugnacula
2669 563 2836 619 illum
2855 565 3084 636 dejicite
3106 573 3323 640 aperte,
3349 586 3419 624 ne
3439 566 3637 622 dicant

1968 647 2226 703 Romani
2263 668 2440 706 suum
2475 653 2735 724 princem
2767 670 2874 708 nos
2909 654 3126 711 furatos
3156 656 3396 714 fuisse.»
3428 658 3631 721 Quem.

1968 740 2036 790 ut
2058 737 2311 806 jussum
2369 740 2576 810 fuerat,
2621 741 3012 815 projicientes,
3044 743 3253 800 deinde
3304 749 3434 818 post
3469 746 3639 809 terga

1961 823 2156 880 boum
2189 826 2502 900 religatum
2536 848 2640 902 per
2660 830 2904 903 paludes
2933 832 3160 888 viarum
3192 833 3511 906 plurimum
3538 825 3640 880 de-

1965 911 2296 981 volventes,
2329 918 2400 972 ad
2434 917 2709 974 ultimum
2740 936 2872 976 vero
2912 921 2970 976 in
3021 927 3336 996 conspectu
3384 913 3638 975 civitatis

1967 999 2029 1055 in
2059 1003 2230 1059 trabe
2265 1006 2495 1062 excelsa
2543 1010 2794 1080 pendere
2843 1010 3212 1069 dimiserunt.
3247 1013 3350 1068 His
3382 1001 3640 1074 denique

1969 1089 2054 1144 ita
2079 1094 2288 1162 gestis,
2306 1097 2633 1152 accersiens
2657 1097 2974 1169 imperator
2989 1101 3337 1158 Gerbertum
3366 1090 3646 1151 videlicet

1969 1177 2264 1235 Ravenna:
2297 1185 2828 1258 archiepiscopum,
2863 1190 3171 1246 constituit
3213 1190 3386 1247 illum
3425 1179 3652 1254 princi-

1968 1266 2166 1337 palem
2223 1271 2621 1330 Romanorum
2673 1279 3030 1348 pontiﬁcem.
3067 1283 3240 1352 Isque
3267 1275 3604 1337 Gerbertus
3627 1295 3660 1341 e

1968 1353 2178 1412 Galliis
2202 1361 2492 1420 oriundus
2515 1363 2752 1432 exstitit,
2773 1367 3068 1424 minorum
3086 1369 3272 1425 etiam
3291 1380 3670 1447 gereuspro.

1969 1443 2223 1546 sapiam,
2259 1451 2360 1506 sed
2395 1457 2592 1508 tamen
2639 1453 2872 1527 ingenio
2921 1456 3278 1527 acerrimus,
3314 1443 3680 1546 artiumque

1966 1528 2306 1630 liberalium
2350 1539 2567 1596 studiis
2617 1542 2955 1613 plenissime
3005 1547 3377 1605 instructus.
3424 1528 3688 1630 Proinde

1966 1620 2296 1682 Remorum
2331 1629 2512 1684 etiam
2544 1647 2578 1685 a
2606 1648 2738 1704 rege
2769 1634 3126 1690 Francorum
3176 1636 3472 1710 Hugone
3503 1620 3691 1722 tua};

1967 1715 2331 1821 constitutus
2383 1718 2664 1788 pontifex.
2715 1723 2824 1821 Sed
2886 1725 3189 1821 quoniam,
3244 1731 3317 1821 Ui
3373 1715 3721 1821 diximug,‘

182 1811 325 1867 dem
355 1824 490 1862 cum
532 1805 897 1879 pervenisset
943 1805 1260 1878 imperator
1288 1807 1358 1860 ad
1394 1793 1622 1869 urbem,
1657 1802 1857 1874 primi-
1892 1777 1938 1841 Β
1967 1805 2138 1860 valde
2171 1810 2298 1861 erat
2328 1823 2468 1862 acer
2497 1825 2562 1864 ac
2592 1777 3250 1886 providus,intelligens
3272 1777 3670 1901 Arnulpzllx;

183 1904 284 1955 tus
298 1895 483 1968 jussit
505 1894 1006 1968 comprehendere
1025 1893 1192 1948 illum
1218 1893 1368 1949 male
1387 1909 1662 1950 securum
1679 1892 1866 1966 ponti-

190 1990 389 2052 licem,
423 1983 690 2040 videlicet
722 1983 1041 2039 Crescentii
1074 1984 1406 2056 arrogantia
1443 1984 1856 2038 constitutum.

188 2073 1267 2147 Comprehensumque,przecepitejus
1282 2089 1494 2128 manus
1509 2071 1677 2142 quasi
1691 2072 1864 2127 sacri-

191 2163 363 2236 legas
394 2161 716 2235 amputari,
750 2160 961 2216 deinde
992 2177 1123 2215 vero
1173 2179 1342 2217 aures
1390 2159 1654 2216 abscindi
1689 2166 1862 2232 atque

195 2251 405 2308 oculos
454 2249 668 2323 expelli
708 2251 774 2322 [ι.
803 2248 1015 2322 evelli].
1048 2250 1182 2304 Post
1228 2250 1348 2306 haec
1395 2249 1651 2321 denique
1699 2267 1862 2305 com-

196 2341 436 2414 periens
485 2339 912 2406 Crescentium,
945 2343 1008 2393 ut
1039 2338 1312 2406 diximus,
1345 2344 1509 2394 turre
1559 2336 1859 2405 vallatum,

192 2447 325 2504 quae
348 2428 577 2488 scilicet
599 2427 776 2501 paulo
798 2433 933 2499 post
961 2427 1128 2486 illum
1159 2428 1380 2484 crudeli
1414 2432 1540 2482 erat
1566 2427 1865 2483 redditura

197 2519 348 2586 neci,
367 2517 652 2592 praecepit
678 2517 946 2572 eamdem
973 2517 1320 2574 circumdari
1347 2518 1531 2573 densa
1563 2515 1865 2572 obsidione

191 2609 276 2664 sui
313 2606 635 2672 exercitus,
672 2621 743 2661 ne
777 2604 1043 2662 videlicet
1071 2607 1396 2668 Crescentio
1428 2621 1666 2678 quoquo
1692 2607 1863 2661 modo

194 2698 275 2753 loc
287 2713 357 2751 us
382 2695 630 2762 daretur
661 2693 939 2766 confugii.
966 2695 1208 2763 Interea,
1223 2699 1470 2768 jubente
1490 2694 1862 2766 imperatore,

196 2787 634 2841 construuntur
665 2783 724 2837 in
756 2799 898 2856 gyro
939 2784 1222 2839 machinae
1266 2802 1334 2841 ex
1366 2784 1545 2857 lignis
1573 2783 1862 2839 celsarum

200 2875 462 2930 abietum
493 2871 747 2928 nimium
771 2871 1080 2928 artificiose
1094 2874 1866 2947 compositaﬂernensquo-

202 2981 311 3036 que
341 2961 727 3018 Crescentius
760 2959 982 3016 nullam
1017 2980 1187 3034 posse
1218 2963 1500 3020 evadendi
1522 2960 1673 3018 viam
1701 2979 1865 3035 repe-

200 3053 332 3118 rire,
358 3052 501 3107 licet
526 3050 760 3106 tardius
782 3050 1161 3122 paenitudinis
1183 3052 1482 3108 adinvenit
1515 3053 1860 3120 consilium;

1973 1896 2241 1967 ejusdem
2277 1895 2453 1952 urbis
2483 1899 3005 1974 archiepiscopum,
3025 1919 3140 1975 quo
3160 1903 3403 1966 vivente
3428 1895 3664 1979 οιῖάίηα,

1975 1988 2072 2040 tus
2101 1985 2290 2040 fuerat
2312 2001 2390 2039 ex
2418 2003 2705 2045 consensu
2735 1991 3000 2061 ejusdem
3036 1993 3210 2065 regis,
3230 1993 3340 2050 niti
3368 1997 3432 2054 in
3456 2005 3654 2073 pristi-

1972 2090 2114 2129 nam
2149 2074 2462 2130 reformari
2494 2079 2714 2144 sedem,
2748 2084 2914 2135 caute
2944 2081 3054 2136 iter
3083 2081 3376 2153 arripiens
3405 2089 3478 2143 ad
3505 2107 3650 2160 prae-

1973 2163 2199 2218 dictum
2225 2163 2465 2220 devenit
2485 2167 2898 2235 0ttonem.Qui
2921 2171 3064 2226 satis
3086 2169 3407 2230 honorifice
3438 2175 3512 2230 ab
3544 2193 3640 2232 eo-

1973 2251 2108 2307 dem
2124 2257 2464 2323 susceptus;
2483 2273 2656 2327 quem
2669 2256 2843 2313 etiam
2859 2259 3058 2314 statim
3073 2259 3380 2330 Ravennae,
3395 2261 3532 2320 inde
3542 2281 3638 2320 ve-

1973 2357 2060 2410 ro,
2078 2341 2437 2410 utdiximus,
2455 2345 2730 2400 Romanis
2749 2345 2911 2402 urbis
2929 2345 3266 2404 sublimavit
3277 2351 3633 2422 pontificem.

2047 2429 2300 2503 Contigit
2319 2431 2504 2504 igitur
2523 2433 2649 2504 ipso
2673 2433 2732 2488 in
2755 2439 3016 2508 tempore
3034 2442 3098 2492 ut
3118 2437 3274 2495 idem
3294 2439 3632 2513 imperator,

1973 2525 2326 2591 suggerente
2343 2525 2464 2578 tam
2483 2522 2610 2594 ipso
2629 2524 2902 2594 pontifice
2934 2542 3113 2597 quam
3135 2527 3270 2585 aliis
3301 2528 3634 2602 quibusque

1973 2608 2161 2664 zelum
2195 2609 2494 2680 profectus
2545 2611 2848 2682 religionis
2897 2614 3111 2670 domus
3141 2617 3240 2672 Dei
3271 2618 3630 2691 gerentibus,

1975 2713 2242 2768 quosque
2273 2697 2333 2752 in
2371 2700 2520 2754 beati
2548 2699 2710 2755 Pauli
2742 2701 3001 2757 Ecclesia
3033 2705 3272 2762 nomine
3299 2713 3471 2763 tenus
3502 2723 3632 2762 mo-

1977 2782 2217 2849 nachos,
2260 2790 2533 2840 caeterum
2592 2785 2786 2856 prave
2816 2789 3114 2860 degentes,
3168 2792 3304 2849 inde
3347 2793 3633 2866 expellere

1973 2871 2242 2937 deberet;
2279 2889 2346 2927 ac
2385 2874 2624 2929 alterius
2669 2875 2944 2943 instituti,
2979 2894 3127 2948 quos
3159 2881 3427 2938 videlicet
3455 2899 3631 2938 cano-

1975 2958 2136 3014 nicos
2167 2959 2441 3028 dicimus,
2476 2963 2534 3016 in
2566 2963 2768 3018 eodem
2801 2963 2928 3020 loco
2959 2967 3298 3038 servituros,
3333 2974 3398 3025 ut
3421 2970 3471 3024 ei
3495 2987 3630 3044 sug-

1973 3053 2203 3122 gestum
2219 3049 2867 3116 fuerat,substituturus
2878 3055 3321 3128 esset.Cumque
3335 3058 3442 3113 hoc
3455 3074 3626 3131 appe-

198 3159 310 3198 non
343 3147 548 3197 tamen
582 3139 635 3195 ei
670 3139 939 3212 praastitit
970 3141 1280 3198 miserendi
1313 3142 1561 3198 aditum.
1595 3141 1858 3206 Quadam
1891 3147 1935 3214 ο
1973 3141 2118 3192 teret
2140 3136 2382 3208 implere
2404 3139 2722 3208 decretum,
2743 3142 3015 3214 apparuit
3033 3144 3084 3199 ei
3111 3149 3287 3201 noctu
3311 3161 3415 3218 per
3431 3146 3624 3202 visum

194 3229 377 3303 igitur
399 3230 515 3292 die,
550 3228 912 3300 quibusdam
945 3229 1014 3284 de
1042 3229 1411 3302 imperatoris
1444 3229 1698 3285 exercitu
1730 3248 1859 3285 con-

198 3319 617 3384 sentientibus,
674 3317 982 3390 egrediens
1037 3317 1283 3376 latenter
1337 3319 1728 3386 Crescentius,
1787 3319 1859 3374 de

200 3415 358 3463 turre
402 3406 650 3472 scilicet,
686 3406 846 3461 birro
878 3406 1140 3476 indutus,
1190 3414 1245 3464 et
1275 3414 1476 3482 operto
1511 3408 1720 3479 capite,
1764 3425 1862 3463 ve-

203 3497 485 3569 niensque
517 3494 881 3568 improvisus
912 3498 1127 3552 corruit
1157 3499 1227 3553 ad
1260 3497 1631 3570 imperatoris
1663 3497 1861 3568 pedes,

203 3602 491 3658 oransque
518 3602 582 3641 se
615 3585 691 3640 ab
718 3584 1087 3656 imperatoris
1113 3587 1328 3660 pietate
1353 3588 1482 3642 vitae
1513 3586 1752 3642 servari.

283 3676 453 3741 Quem
483 3691 625 3731 cum
679 3674 1034 3746 respexisset
1075 3677 1411 3749 imperator,
1445 3692 1760 3732 conversus
1790 3677 1864 3731 ad

214 3781 241 3818 s
255 3779 372 3830 uos,
385 3769 448 3819 ut
464 3767 594 3820 erat
619 3780 825 3819 amaro
843 3763 1056 3832 animo,
1073 3765 1244 3822 dixit:
1263 3789 1289 3816 «
1307 3771 1439 3836 Cur,
1457 3764 1866 3838 inquiens,Ro-

210 3868 512 3909 manorum
542 3851 898 3926 principem,
925 3852 1346 3926 imperatorum
1371 3856 1748 3920 decretorem,
1773 3855 1870 3910 da-

211 3944 504 4014 toremque
528 3943 758 4016 legum,
775 3946 951 4014 atque
973 3943 1367 4001 ordinatorem
1386 3943 1753 4017 pontificum,
1779 3945 1869 4000 in-

212 4034 360 4084 trare
381 4030 609 4086 sinistis
632 4028 888 4100 magalia
913 4029 1424 4088 Saxonum7Nunc
1446 4048 1678 4104 quoque
1700 4031 1871 4087 redu-

211 4115 324 4172 cite
351 4134 482 4174 eum
513 4118 591 4174 ad
627 4117 911 4174 thronum
945 4136 1063 4175 suae
1094 4119 1498 4189 sublimitatis,
1533 4122 1716 4176 donec
1746 4122 1873 4192 ejus

214 4206 408 4264 honori
441 4207 806 4280 condignam
837 4207 1104 4265 videlicet
1136 4227 1532 4284 przeparemus
1558 4212 1878 4283 susceptio-

217 4312 360 4352 nem.
393 4321 420 4348 ››
454 4297 567 4364 Qui
623 4296 1017 4369 suscipientes
1071 4298 1260 4368 illum,
1297 4300 1519 4356 scilicet
1552 4304 1614 4354 ut
1635 4301 1876 4370 jussum

216 4383 412 4452 fuerat,
463 4385 726 4442 illaesum
779 4386 1138 4444 reduxerunt
1185 4390 1255 4444 ad
1309 4389 1488 4444 turris
1544 4389 1874 4445 introitum.

225 4476 648 4548 Ingressusque
683 4475 976 4531 nuntiavit
1005 4493 1205 4533 secum
1237 4479 1454 4550 pariter
1475 4476 1720 4534 reclusis
1739 4497 1878 4551 quo-

228 4563 372 4618 niam
403 4564 788 4620 solummodo
839 4568 1068 4622 tantum
1119 4567 1481 4641 contingeret
1528 4567 1645 4623 illis
1687 4569 1876 4626 vivere

223 4653 470 4720 quandiu
487 4655 624 4726 ipsa
640 4653 823 4709 turris
837 4653 986 4710 tueri
1001 4654 1216 4712 valeret
1227 4657 1298 4712 ab
1317 4656 1574 4713 hostium
1589 4659 1874 4730 captione,

229 4755 323 4795 nec
354 4741 536 4798 ullam
561 4759 811 4815 prorsus
845 4741 1093 4799 salutem
1117 4745 1326 4802 debere
1350 4745 1505 4802 ultra
1527 4763 1782 4819 sperare.
1806 4749 1880 4803 At

229 4827 590 4902 imperatoris
649 4831 939 4888 exercitus
978 4851 1011 4888 a
1055 4833 1195 4889 foris
1248 4836 1507 4908 urgendo
1569 4836 1878 4909 impellens

231 4919 555 4988 machinas;
575 4919 983 4995 paulatimque
1013 4927 1218 4979 euntes
1235 4923 1534 4996 applicatis
1552 4930 1693 4981 sunt
1709 4927 1876 4982 turri.

234 5005 430 5080 Sicque
460 5027 676 5082 pugnas
707 5009 850 5068 inito
871 5012 1207 5081 certamine,
1227 5015 1485 5085 dumque
1506 5013 1604 5070 alii
1633 5015 1884 5088 desuper

238 5099 643 5155 contendentes
671 5099 906 5171 intrare,
923 5100 1018 5157 alii
1040 5118 1356 5175 prorupere
1373 5095 1443 5158 ad
1467 5103 1684 5160 ostium
1700 5093 1882 5162 turris

243 5181 500 5259 illudque
531 5188 904 5246 considentes
935 5190 1208 5259 evellunt,
1236 5209 1590 5266 sursumque
1620 5195 1884 5251 certatim

245 5275 589 5344 gradientes,
617 5278 691 5333 ad
717 5279 896 5335 turris
922 5281 1224 5352 superiora
1252 5288 1657 5353 pervenerunt.
1690 5285 1886 5357 Respi-

243 5358 386 5418 ciens
414 5381 649 5438 quoque
666 5367 1034 5425 Crescentius
1048 5371 1229 5426 cernit
1241 5388 1303 5426 se
1324 5373 1506 5426 teneri
1531 5372 1600 5427 ab
1623 5372 1716 5428 his
1738 5391 1886 5446 quos

250 5452 479 5518 putabat
502 5458 821 5529 pugnando
842 5457 1076 5532 longius
1095 5459 1276 5516 arceri
1293 5477 1486 5532 posse.
1511 5462 1688 5536 Capto
1720 5480 1885 5520 nam-

251 5551 349 5612 que
365 5539 490 5615 ipso
507 5559 574 5603 ac
589 5547 1171 5621 gravitervulnerato,
1187 5550 1546 5629 ueterisque,
1565 5553 1661 5628 qui
1677 5569 1810 5614 cum
1826 5558 1890 5617 il-

1969 3225 2349 3282 beatissimus
2369 3227 2668 3298 apostolus
2690 3230 2928 3298 Paulus,
2950 3235 3127 3304 atque
3150 3235 3421 3289 eumdem
3444 3234 3626 3308 impe-

1969 3320 2221 3370 ratorem
2255 3314 2597 3387 hujusmodi
2634 3335 2870 3375 monere
2917 3321 3160 3377 curavit.
3194 3345 3221 3371 ‹‹
3256 3323 3315 3378 Si
3346 3339 3496 3392 vere,
3528 3323 3624 3379 in-

1973 3402 2203 3474 quiens,
2234 3403 2393 3461 zelus
2453 3405 2663 3462 divinae
2710 3408 3010 3466 servitutis
3057 3403 3266 3480 optimi
3326 3411 3519 3484 operis
3566 3417 3624 3468 te

1973 3492 2324 3558 adurit,vide
2344 3511 2417 3550 ne
2440 3493 2618 3564 hujus
2639 3496 2921 3568 propositi
2943 3497 3278 3554 institutum
3301 3516 3626 3573 praesumus

1961 3582 2035 3637 in
2051 3582 2680 3640 monachisimmutare
2692 3585 3200 3657 expellendis.Non
3214 3589 3372 3644 enim
3385 3589 3625 3645 omnino

1976 3670 2210 3743 expedit
2237 3673 2527 3745 cujusque
2571 3673 2948 3731 ecclesiastici
3000 3676 3225 3732 ordinis
3255 3679 3524 3749 quamvis
3557 3694 3627 3734 ex

1978 3765 2145 3833 parte
2174 3761 2492 3834 depravati,
2528 3763 2828 3836 preprium
2862 3781 3123 3836 unquam
3163 3765 3337 3837 abjici
3380 3782 3483 3822 seu
3516 3768 3634 3822 im~

1979 3850 2195 3906 mutari
2245 3851 2630 3924 propositum.
2683 3854 2745 3907 In
2794 3870 2860 3908 eo
2914 3869 3172 3924 namque
3221 3855 3633 3928 unusquisque

1972 3939 2333 4012 judicandus
2389 3945 2479 3996 est
2535 3943 2757 4008 ordine,
2792 3942 2850 3996 in
2902 3959 3017 4013 quo
3075 3959 3137 3998 se
3196 3943 3468 4014 primitus
3515 3945 3633 4000 Deo

1980 4029 2136 4086 vovit
2191 4029 2424 4085 servire.
2489 4030 2870 4088 Reemendari
2941 4034 3138 4086 tamen
3217 4029 3352 4086 licet
3427 4048 3670 4109 corru-g

1984 4125 2083 4192 pto
2114 4119 2323 4191 cuique
2376 4119 2435 4174 in
2483 4119 2686 4175 eadem
2736 4119 2981 4192 propria
3027 4119 3346 4177 vocationis
3393 4124 3568 4178 sorte.
3602 4143 3632 4172 »

1985 4207 2202 4264 Taliter
2231 4208 2447 4280 quippe
2473 4208 2752 4274 monitus,
2782 4208 3099 4281 imperator
3123 4208 3322 4264 retulit
3352 4209 3480 4266 suis
3505 4226 3634 4282 quis

1986 4297 2251 4352 audierat
2280 4297 2352 4352 ab
2379 4295 2676 4368 Apostolo,
2699 4312 3020 4369 curamque
3049 4313 3228 4370 agens
3258 4297 3511 4371 qualiter
3538 4315 3633 4356 eo-

1988 4385 2257 4442 rumdem
2280 4385 2640 4454 institutum,
2662 4385 2886 4441 scilicet
2904 4385 3348 4456 monachorum,
3377 4389 3636 4461 quivisse

1990 4477 2062 4532 ad
2111 4475 2322 4530 melius
2378 4475 2714 4542 informare,
2749 4491 2864 4530 non
2921 4475 3208 4548 expellere
3263 4495 3300 4538 a
3348 4477 3472 4535 loco
3526 4495 3636 4534 vox

1986 4566 2319 4621 immutare.
2361 4568 2589 4619 Interea
2639 4563 2838 4620 minus
2895 4566 3102 4621 idoneo
3162 4582 3311 4636 usus
3367 4567 3633 4633 consilio,

1988 4653 2246 4728 prmdicti
2277 4652 2590 4709 Crescentii
2641 4652 2885 4708 Joannis
2916 4653 2974 4708 in
3006 4670 3175 4710 suam
3206 4671 3445 4712 uxorem
3476 4671 3640 4710 assu-

1988 4759 2177 4812 mens,
2194 4759 2372 4814 quam
2389 4741 2564 4797 etiam
2584 4739 2758 4813 paulo
2790 4747 2941 4814 post,
2965 4747 3031 4796 ut
3051 4742 3381 4801 inconsulte
3396 4756 3633 4814 accepe-

1987 4837 2098 4902 rat,
2130 4832 2443 4887 divortium
2476 4846 2655 4902 agens
2709 4829 2956 4886 dimisit.
2989 4830 3252 4885 Tandem
3285 4845 3516 4902 quoque
3547 4828 3636 4884 ni-

1989 4927 2121 4978 tens
2152 4936 2409 4977 remeare
2438 4921 2509 4975 ad
2559 4918 2891 4984 Saxoniam,
2935 4922 3120 4974 morte
3167 4917 3633 4990 superveniente,

1991 5012 2049 5066 in
2107 5009 2272 5066 Italia
2322 5009 2483 5066 obiit.
2521 5012 2774 5063 Cernens
2831 5023 3062 5080 quoque
3117 5007 3426 5076 exercitus,
3459 5023 3636 5080 quem

1990 5118 2188 5158 secum
2211 5101 2472 5165 duxerat,
2489 5113 2550 5154 se
2562 5113 2668 5154 suo
2689 5096 2924 5152 domino
2947 5096 3641 5171 destitutum,coegerunt

1992 5209 2053 5249 se
2084 5189 2298 5265 pariter
2327 5189 2386 5242 in
2419 5202 2602 5242 unum
2636 5201 2866 5258 agmen,
2889 5201 2961 5241 ne
2992 5184 3064 5240 ab
3095 5185 3166 5240 iis
3199 5203 3348 5258 quos
3378 5187 3438 5242 in
3469 5185 3638 5243 Italia

1993 5282 2328 5356 presserant
2350 5276 2802 5342 trucidarentur,
2835 5273 3110 5347 imposito
3132 5280 3269 5332 ante
3301 5293 3363 5332 se
3392 5275 3452 5331 in
3486 5290 3636 5348 equo

1997 5369 2250 5427 defuncti
2309 5365 2678 5440 imperatoris
2729 5381 2985 5437 corpore.
3022 5364 3234 5438 Sicque
3279 5365 3337 5421 in
3387 5367 3638 5438 patriam

1995 5461 2108 5518 tuti
2138 5457 2535 5534 pervenientes
2575 5455 2634 5510 in
2673 5454 3025 5511 monasterio
3055 5455 3236 5512 beatae
3268 5471 3502 5530 semper
3527 5454 3638 5510 vir-

1998 5550 2152 5627 ginis
2183 5547 2374 5610 Mariae
2404 5543 2788 5624 Aquisgranis
2820 5542 3088 5604 decenter
3115 5545 3490 5627 sepelierunt.
3509 5544 3643 5604 Sus-
