  <div class='ocr_page' id='page_1' title='image "/cluster/home/n/w/nwhite01/storage/ocr_20150623/142/hvd.32044054760020/317.png"; bbox 0 0 4036 6172; ppageno 0'>
   <div class='ocr_carea' id='block_1_1' title="bbox 463 304 3771 390">
    <p class='ocr_par' dir='ltr' id='par_1_1' title="bbox 463 304 3771 390">
     <span class='ocr_line' id='line_1_1' title="bbox 463 304 3771 390; baseline 0.005 -17"><span class='ocrx_word' id='word_1_1' title='bbox 463 304 579 382; x_wconf 67' lang='lat'><strong>623</strong></span> <span class='ocrx_word' id='word_1_2' title='bbox 1429 319 1772 388; x_wconf 79' lang='lat' dir='ltr'><strong>RODIILFI</strong></span> <span class='ocrx_word' id='word_1_3' title='bbox 1818 318 2099 379; x_wconf 82' lang='lat' dir='ltr'><strong>GLABRI</strong></span> <span class='ocrx_word' id='word_1_4' title='bbox 2143 315 2507 378; x_wconf 83' lang='lat' dir='ltr'><strong>MONACHI</strong></span> <span class='ocrx_word' id='word_1_5' title='bbox 2551 317 2914 380; x_wconf 80' lang='lat' dir='ltr'><strong>CLUNIAC.</strong></span> <span class='ocrx_word' id='word_1_6' title='bbox 3674 308 3771 390; x_wconf 67' lang='lat' dir='ltr'><strong>et</strong></span> 
     </span>
    </p>
   </div>
   <div class='ocr_carea' id='block_1_2' title="bbox 466 446 3774 524">
    <p class='ocr_par' dir='ltr' id='par_1_2' title="bbox 466 446 3774 524">
     <span class='ocr_line' id='line_1_2' title="bbox 466 446 3774 524; baseline 0.003 -17"><span class='ocrx_word' id='word_1_7' title='bbox 466 448 621 523; x_wconf 86' lang='lat' dir='ltr'><strong>cepit</strong></span> <span class='ocrx_word' id='word_1_8' title='bbox 638 449 838 523; x_wconf 82' lang='lat' dir='ltr'><strong>igitur.</strong></span> <span class='ocrx_word' id='word_1_9' title='bbox 853 452 987 523; x_wconf 87' lang='lat' dir='ltr'><strong>post</strong></span> <span class='ocrx_word' id='word_1_10' title='bbox 1006 446 1275 508; x_wconf 84' lang='lat' dir='ltr'><strong>Ottonem</strong></span> <span class='ocrx_word' id='word_1_11' title='bbox 1295 446 1560 508; x_wconf 79' lang='lat' dir='ltr'><strong>videlicet</strong></span> <span class='ocrx_word' id='word_1_12' title='bbox 1577 450 1837 520; x_wconf 87' lang='lat' dir='ltr'><strong>tertium,</strong></span> <span class='ocrx_word' id='word_1_13' title='bbox 1861 465 2111 523; x_wconf 84' lang='lat' dir='ltr'><strong>regnum</strong></span> <span class='ocrx_word' id='word_1_14' title='bbox 2140 450 2196 517; x_wconf 78' lang='grc' dir='ltr'><strong>Α</strong></span> <span class='ocrx_word' id='word_1_15' title='bbox 2225 463 2430 522; x_wconf 89' lang='lat' dir='ltr'><strong>perum</strong></span> <span class='ocrx_word' id='word_1_16' title='bbox 2454 452 2788 522; x_wconf 87' lang='lat' dir='ltr'><strong>parentum,</strong></span> <span class='ocrx_word' id='word_1_17' title='bbox 2808 449 2984 524; x_wconf 87' lang='lat' dir='ltr'><strong>elegit</strong></span> <span class='ocrx_word' id='word_1_18' title='bbox 2997 448 3159 507; x_wconf 86' lang='lat' dir='ltr'><strong>exsul</strong></span> <span class='ocrx_word' id='word_1_19' title='bbox 3182 449 3295 507; x_wconf 90' lang='lat' dir='ltr'><strong>fore</strong></span> <span class='ocrx_word' id='word_1_20' title='bbox 3318 450 3612 512; x_wconf 73' lang='lat' dir='ltr'><strong>dominandi</strong></span> <span class='ocrx_word' id='word_1_21' title='bbox 3627 458 3774 520; x_wconf 81' lang='lat' dir='ltr'><strong>victu‘s</strong></span> 
     </span>
    </p>
   </div>
   <div class='ocr_carea' id='block_1_3' title="bbox 467 536 3757 614">
    <p class='ocr_par' dir='ltr' id='par_1_3' title="bbox 467 536 3757 614">
     <span class='ocr_line' id='line_1_3' title="bbox 467 536 3757 614; baseline -0.001 -18"><span class='ocrx_word' id='word_1_22' title='bbox 467 540 763 597; x_wconf 76' lang='lat' dir='ltr'><strong>Saxonum</strong></span> <span class='ocrx_word' id='word_1_23' title='bbox 796 539 955 596; x_wconf 89' lang='lat' dir='ltr'><strong>illius</strong></span> <span class='ocrx_word' id='word_1_24' title='bbox 976 541 1449 614; x_wconf 84' lang='lat' dir='ltr'><strong>consanguineus</strong></span> <span class='ocrx_word' id='word_1_25' title='bbox 1470 540 1778 608; x_wconf 82' lang='lat' dir='ltr'><strong>Henricus,</strong></span> <span class='ocrx_word' id='word_1_26' title='bbox 1794 540 1915 613; x_wconf 85' lang='lat' dir='ltr'><strong>qui,</strong></span> <span class='ocrx_word' id='word_1_27' title='bbox 1939 540 2117 596; x_wconf 89' lang='lat' dir='ltr'><strong>etiam</strong></span> <span class='ocrx_word' id='word_1_28' title='bbox 2226 536 2521 611; x_wconf 86' lang='lat' dir='ltr'><strong>cupidine.</strong></span> <span class='ocrx_word' id='word_1_29' title='bbox 3756 558 3757 561; x_wconf 46' lang='grc' dir='ltr'><strong>η</strong></span> 
     </span>
    </p>
   </div>
   <div class='ocr_carea' id='block_1_4' title="bbox 466 626 3781 702">
    <p class='ocr_par' dir='ltr' id='par_1_4' title="bbox 466 626 3781 702">
     <span class='ocr_line' id='line_1_4' title="bbox 466 626 3781 702; baseline 0.003 -17"><span class='ocrx_word' id='word_1_30' title='bbox 466 644 585 685; x_wconf 90' lang='lat' dir='ltr'><strong>non</strong></span> <span class='ocrx_word' id='word_1_31' title='bbox 602 628 764 702; x_wconf 81' lang='lat' dir='ltr'><strong>regni</strong></span> <span class='ocrx_word' id='word_1_32' title='bbox 784 628 878 685; x_wconf 90' lang='lat' dir='ltr'><strong>sui</strong></span> <span class='ocrx_word' id='word_1_33' title='bbox 889 628 1227 700; x_wconf 91' lang='lat' dir='ltr'><strong>[dominus],</strong></span> <span class='ocrx_word' id='word_1_34' title='bbox 1243 629 1564 702; x_wconf 82' lang='lat' dir='ltr'><strong>imperator</strong></span> <span class='ocrx_word' id='word_1_35' title='bbox 1583 629 1771 686; x_wconf 88' lang='lat' dir='ltr'><strong>factus</strong></span> <span class='ocrx_word' id='word_1_36' title='bbox 1797 634 1885 686; x_wconf 89' lang='lat' dir='ltr'><strong>est</strong></span> <span class='ocrx_word' id='word_1_37' title='bbox 1906 628 2116 684; x_wconf 81' lang='lat' dir='ltr'><strong>Roma-</strong></span> <span class='ocrx_word' id='word_1_38' title='bbox 2301 626 2557 699; x_wconf 85' lang='lat' dir='ltr'><strong>Denique</strong></span> <span class='ocrx_word' id='word_1_39' title='bbox 2583 627 2733 684; x_wconf 89' lang='lat' dir='ltr'><strong>clam</strong></span> <span class='ocrx_word' id='word_1_40' title='bbox 2758 627 3063 702; x_wconf 88' lang='lat' dir='ltr'><strong>egrediens</strong></span> <span class='ocrx_word' id='word_1_41' title='bbox 3080 629 3151 685; x_wconf 89' lang='lat' dir='ltr'><strong>ad</strong></span> <span class='ocrx_word' id='word_1_42' title='bbox 3170 628 3478 702; x_wconf 63' lang='lat' dir='ltr'><strong>praedictam</strong></span> <span class='ocrx_word' id='word_1_43' title='bbox 3495 628 3781 695; x_wconf 64' lang='lat' dir='ltr'><strong>Normanni)-</strong></span> 
     </span>
    </p>
   </div>
   <div class='ocr_carea' id='block_1_5' title="bbox 469 714 3786 793">
    <p class='ocr_par' dir='ltr' id='par_1_5' title="bbox 469 714 3786 793">
     <span class='ocr_line' id='line_1_5' title="bbox 469 714 3786 793; baseline 0.003 -19"><span class='ocrx_word' id='word_1_44' title='bbox 469 716 831 775; x_wconf 86' lang='lat' dir='ltr'><strong>norum.Sed</strong></span> <span class='ocrx_word' id='word_1_45' title='bbox 852 717 1087 774; x_wconf 80' lang='lat' dir='ltr'><strong>interim</strong></span> <span class='ocrx_word' id='word_1_46' title='bbox 1107 714 1973 792; x_wconf 84' lang='lat' dir='ltr'><strong>libetexpartecommemorare</strong></span> <span class='ocrx_word' id='word_1_47' title='bbox 1994 716 2121 790; x_wconf 77' lang='lat' dir='ltr'><strong>qui-</strong></span> <span class='ocrx_word' id='word_1_48' title='bbox 2226 731 2357 771; x_wconf 90' lang='lat' dir='ltr'><strong>rum</strong></span> <span class='ocrx_word' id='word_1_49' title='bbox 2400 720 2662 789; x_wconf 87' lang='lat' dir='ltr'><strong>gentem,</strong></span> <span class='ocrx_word' id='word_1_50' title='bbox 2695 716 2815 772; x_wconf 83' lang='lat' dir='ltr'><strong>illis</strong></span> <span class='ocrx_word' id='word_1_51' title='bbox 2860 718 3264 774; x_wconf 78' lang='lat' dir='ltr'><strong>tantummodo</strong></span> <span class='ocrx_word' id='word_1_52' title='bbox 3310 719 3554 793; x_wconf 78' lang='lat' dir='ltr'><strong>primitus</strong></span> <span class='ocrx_word' id='word_1_53' title='bbox 3594 722 3786 783; x_wconf 77' lang='lat' dir='ltr'><strong>adhaesit</strong></span> 
     </span>
    </p>
   </div>
   <div class='ocr_carea' id='block_1_6' title="bbox 467 803 3787 882">
    <p class='ocr_par' dir='ltr' id='par_1_6' title="bbox 467 803 3787 882">
     <span class='ocr_line' id='line_1_6' title="bbox 467 803 3787 882; baseline 0.002 -20"><span class='ocrx_word' id='word_1_54' title='bbox 467 806 580 862; x_wconf 85' lang='lat' dir='ltr'><strong>bus</strong></span> <span class='ocrx_word' id='word_1_55' title='bbox 592 805 851 862; x_wconf 87' lang='lat' dir='ltr'><strong>vicissim</strong></span> <span class='ocrx_word' id='word_1_56' title='bbox 866 805 1156 878; x_wconf 90' lang='lat' dir='ltr'><strong>cladibus,</strong></span> <span class='ocrx_word' id='word_1_57' title='bbox 1173 807 1647 882; x_wconf 63' lang='lat' dir='ltr'><strong>prascriptorum</strong></span> <span class='ocrx_word' id='word_1_58' title='bbox 1669 822 1873 882; x_wconf 88' lang='lat' dir='ltr'><strong>regum</strong></span> <span class='ocrx_word' id='word_1_59' title='bbox 1890 810 2118 878; x_wconf 90' lang='lat' dir='ltr'><strong>tempo-</strong></span> <span class='ocrx_word' id='word_1_60' title='bbox 2227 804 2349 877; x_wconf 90' lang='lat' dir='ltr'><strong>qui,</strong></span> <span class='ocrx_word' id='word_1_61' title='bbox 2381 803 2622 862; x_wconf 89' lang='lat' dir='ltr'><strong>assiduo</strong></span> <span class='ocrx_word' id='word_1_62' title='bbox 2646 805 2844 879; x_wconf 89' lang='lat' dir='ltr'><strong>raptui</strong></span> <span class='ocrx_word' id='word_1_63' title='bbox 2878 806 3214 873; x_wconf 84' lang='lat' dir='ltr'><strong>servientes,</strong></span> <span class='ocrx_word' id='word_1_64' title='bbox 3236 807 3435 863; x_wconf 89' lang='lat' dir='ltr'><strong>victum</strong></span> <span class='ocrx_word' id='word_1_65' title='bbox 3455 810 3641 868; x_wconf 69' lang='lat' dir='ltr'><strong>ceteris</strong></span> <span class='ocrx_word' id='word_1_66' title='bbox 3658 813 3787 870; x_wconf 82' lang='lat' dir='ltr'><strong>mini-</strong></span> 
     </span>
    </p>
   </div>
   <div class='ocr_carea' id='block_1_7' title="bbox 467 893 3787 970">
    <p class='ocr_par' dir='ltr' id='par_1_7' title="bbox 467 893 3787 970">
     <span class='ocr_line' id='line_1_7' title="bbox 467 893 3787 970; baseline 0.002 -19"><span class='ocrx_word' id='word_1_67' title='bbox 467 895 651 963; x_wconf 85' lang='lat' dir='ltr'><strong>r&#39;rbus,</strong></span> <span class='ocrx_word' id='word_1_68' title='bbox 666 898 788 951; x_wconf 88' lang='lat' dir='ltr'><strong>tam</strong></span> <span class='ocrx_word' id='word_1_69' title='bbox 804 896 1059 952; x_wconf 83' lang='lat' dir='ltr'><strong>externis</strong></span> <span class='ocrx_word' id='word_1_70' title='bbox 1082 912 1261 970; x_wconf 88' lang='lat' dir='ltr'><strong>quam</strong></span> <span class='ocrx_word' id='word_1_71' title='bbox 1283 895 1579 954; x_wconf 87' lang='lat' dir='ltr'><strong>intestinis</strong></span> <span class='ocrx_word' id='word_1_72' title='bbox 1600 900 2024 968; x_wconf 88' lang='lat' dir='ltr'><strong>consequenter</strong></span> <span class='ocrx_word' id='word_1_73' title='bbox 2044 895 2120 950; x_wconf 87' lang='lat' dir='ltr'><strong>sit</strong></span> <span class='ocrx_word' id='word_1_74' title='bbox 2228 895 2518 961; x_wconf 83' lang='lat' dir='ltr'><strong>strabant,</strong></span> <span class='ocrx_word' id='word_1_75' title='bbox 2532 911 2682 966; x_wconf 91' lang='lat' dir='ltr'><strong>quos</strong></span> <span class='ocrx_word' id='word_1_76' title='bbox 2698 893 2877 950; x_wconf 88' lang='lat' dir='ltr'><strong>etiam</strong></span> <span class='ocrx_word' id='word_1_77' title='bbox 2891 893 2975 949; x_wconf 87' lang='lat' dir='ltr'><strong>illi</strong></span> <span class='ocrx_word' id='word_1_78' title='bbox 2988 896 3370 953; x_wconf 83' lang='lat' dir='ltr'><strong>communiter</strong></span> <span class='ocrx_word' id='word_1_79' title='bbox 3389 897 3591 954; x_wconf 75' lang='lat' dir='ltr'><strong>Flauum</strong></span> <span class='ocrx_word' id='word_1_80' title='bbox 3608 906 3787 959; x_wconf 80' lang='lat' dir='ltr'><strong>vocant.</strong></span> 
     </span>
    </p>
   </div>
   <div class='ocr_carea' id='block_1_8' title="bbox 468 981 3792 1060">
    <p class='ocr_par' dir='ltr' id='par_1_8' title="bbox 468 981 3792 1060">
     <span class='ocr_line' id='line_1_8' title="bbox 468 981 3792 1060; baseline 0.002 -20"><span class='ocrx_word' id='word_1_81' title='bbox 468 983 795 1057; x_wconf 86' lang='lat' dir='ltr'><strong>ﬂagellatns</strong></span> <span class='ocrx_word' id='word_1_82' title='bbox 806 985 965 1042; x_wconf 87' lang='lat' dir='ltr'><strong>orbis</strong></span> <span class='ocrx_word' id='word_1_83' title='bbox 988 986 1308 1043; x_wconf 78' lang='lat' dir='ltr'><strong>Romanus.</strong></span> <span class='ocrx_word' id='word_1_84' title='bbox 1325 987 1563 1044; x_wconf 86' lang='lat' dir='ltr'><strong>Constat</strong></span> <span class='ocrx_word' id='word_1_85' title='bbox 1583 986 1767 1060; x_wconf 84' lang='lat' dir='ltr'><strong>igitur</strong></span> <span class='ocrx_word' id='word_1_86' title='bbox 1778 986 1851 1042; x_wconf 92' lang='lat' dir='ltr'><strong>ab</strong></span> <span class='ocrx_word' id='word_1_87' title='bbox 1868 984 2119 1040; x_wconf 88' lang='lat' dir='ltr'><strong>anterio-</strong></span> <span class='ocrx_word' id='word_1_88' title='bbox 2229 981 2450 1055; x_wconf 88' lang='lat' dir='ltr'><strong>Illoque</strong></span> <span class='ocrx_word' id='word_1_89' title='bbox 2468 981 2810 1055; x_wconf 84' lang='lat' dir='ltr'><strong>aliquandiu</strong></span> <span class='ocrx_word' id='word_1_90' title='bbox 2824 983 2964 1040; x_wconf 87' lang='lat' dir='ltr'><strong>huic</strong></span> <span class='ocrx_word' id='word_1_91' title='bbox 2977 986 3230 1057; x_wconf 83' lang='lat' dir='ltr'><strong>nequam</strong></span> <span class='ocrx_word' id='word_1_92' title='bbox 3245 985 3383 1042; x_wconf 89' lang='lat' dir='ltr'><strong>mori</strong></span> <span class='ocrx_word' id='word_1_93' title='bbox 3394 985 3792 1057; x_wconf 60' lang='lat' dir='ltr'><strong>inservientem-</strong></span> 
     </span>
    </p>
   </div>
   <div class='ocr_carea' id='block_1_9' title="bbox 467 1070 3794 1149">
    <p class='ocr_par' dir='ltr' id='par_1_9' title="bbox 467 1070 3794 1149">
     <span class='ocr_line' id='line_1_9' title="bbox 467 1070 3794 1149; baseline 0.001 -21"><span class='ocrx_word' id='word_1_94' title='bbox 467 1072 2122 1148; x_wconf 82' lang='lat' dir='ltr'><strong>ribusilludprincipaletotiusorbisimperiumluissedi-</strong></span> <span class='ocrx_word' id='word_1_95' title='bbox 2231 1070 2317 1144; x_wconf 89' lang='lat' dir='ltr'><strong>pit</strong></span> <span class='ocrx_word' id='word_1_96' title='bbox 2338 1071 2612 1144; x_wconf 88' lang='lat' dir='ltr'><strong>pessimis</strong></span> <span class='ocrx_word' id='word_1_97' title='bbox 2642 1071 3147 1131; x_wconf 85' lang='lat' dir='ltr'><strong>commilitonibus</strong></span> <span class='ocrx_word' id='word_1_98' title='bbox 3176 1078 3333 1130; x_wconf 86' lang='lat' dir='ltr'><strong>tanto</strong></span> <span class='ocrx_word' id='word_1_99' title='bbox 3361 1074 3579 1130; x_wconf 83' lang='lat' dir='ltr'><strong>existere</strong></span> <span class='ocrx_word' id='word_1_100' title='bbox 3606 1074 3794 1149; x_wconf 81' lang='lat' dir='ltr'><strong>diligen-</strong></span> 
     </span>
    </p>
   </div>
   <div class='ocr_carea' id='block_1_10' title="bbox 466 1159 3795 1237">
    <p class='ocr_par' dir='ltr' id='par_1_10' title="bbox 466 1159 3795 1237">
     <span class='ocr_line' id='line_1_10' title="bbox 466 1159 3795 1237; baseline 0.001 -20"><span class='ocrx_word' id='word_1_101' title='bbox 466 1161 681 1231; x_wconf 88' lang='lat' dir='ltr'><strong>visum,</strong></span> <span class='ocrx_word' id='word_1_102' title='bbox 698 1163 1019 1233; x_wconf 88' lang='lat' dir='ltr'><strong>scilicetut,</strong></span> <span class='ocrx_word' id='word_1_103' title='bbox 1035 1164 1532 1237; x_wconf 85' lang='lat' dir='ltr'><strong>quemadmodum</strong></span> <span class='ocrx_word' id='word_1_104' title='bbox 1547 1164 1828 1220; x_wconf 67' lang='lat' dir='ltr'><strong>universae</strong></span> <span class='ocrx_word' id='word_1_105' title='bbox 1844 1162 2123 1219; x_wconf 86' lang='lat' dir='ltr'><strong>Latinita-</strong></span> <span class='ocrx_word' id='word_1_106' title='bbox 2229 1159 2362 1228; x_wconf 88' lang='lat' dir='ltr'><strong>tior,</strong></span> <span class='ocrx_word' id='word_1_107' title='bbox 2389 1163 2608 1233; x_wconf 88' lang='lat' dir='ltr'><strong>quanto</strong></span> <span class='ocrx_word' id='word_1_108' title='bbox 2631 1160 2994 1217; x_wconf 84' lang='lat' dir='ltr'><strong>efﬁciebatur</strong></span> <span class='ocrx_word' id='word_1_109' title='bbox 3018 1160 3795 1236; x_wconf 77' lang='lat' dir='ltr'><strong>ﬂagitiosior.Paulatimquero-</strong></span> 
     </span>
    </p>
   </div>
   <div class='ocr_carea' id='block_1_11' title="bbox 468 1247 3797 1327">
    <p class='ocr_par' dir='ltr' id='par_1_11' title="bbox 468 1247 3797 1327">
     <span class='ocr_line' id='line_1_11' title="bbox 468 1247 3797 1327; baseline 0.001 -20"><span class='ocrx_word' id='word_1_110' title='bbox 468 1251 548 1307; x_wconf 88' lang='lat' dir='ltr'><strong>tis</strong></span> <span class='ocrx_word' id='word_1_111' title='bbox 572 1252 755 1307; x_wconf 79' lang='lat' dir='ltr'><strong>Roma</strong></span> <span class='ocrx_word' id='word_1_112' title='bbox 774 1267 973 1325; x_wconf 87' lang='lat' dir='ltr'><strong>gerere</strong></span> <span class='ocrx_word' id='word_1_113' title='bbox 995 1252 1231 1309; x_wconf 87' lang='lat' dir='ltr'><strong>deberet</strong></span> <span class='ocrx_word' id='word_1_114' title='bbox 1263 1252 1780 1327; x_wconf 87' lang='lat' dir='ltr'><strong>principatum,ita</strong></span> <span class='ocrx_word' id='word_1_115' title='bbox 1799 1248 2123 1308; x_wconf 88' lang='lat' dir='ltr'><strong>Constanti-</strong></span> <span class='ocrx_word' id='word_1_116' title='bbox 2231 1247 2462 1304; x_wconf 83' lang='lat' dir='ltr'><strong>bustior</strong></span> <span class='ocrx_word' id='word_1_117' title='bbox 2491 1249 2713 1305; x_wconf 74' lang='lat' dir='ltr'><strong>czeteris</strong></span> <span class='ocrx_word' id='word_1_118' title='bbox 2742 1249 2966 1308; x_wconf 84' lang='lat' dir='ltr'><strong>viribus</strong></span> <span class='ocrx_word' id='word_1_119' title='bbox 2999 1267 3065 1306; x_wconf 92' lang='lat' dir='ltr'><strong>ac</strong></span> <span class='ocrx_word' id='word_1_120' title='bbox 3086 1251 3260 1309; x_wconf 88' lang='lat' dir='ltr'><strong>rebus</strong></span> <span class='ocrx_word' id='word_1_121' title='bbox 3289 1251 3712 1321; x_wconf 79' lang='lat' dir='ltr'><strong>eﬂ‘ectus,omnes</strong></span> <span class='ocrx_word' id='word_1_122' title='bbox 3725 1270 3797 1326; x_wconf 78' lang='lat' dir='ltr'><strong>pa-</strong></span> 
     </span>
    </p>
   </div>
   <div class='ocr_carea' id='block_1_12' title="bbox 472 1335 3798 1416">
    <p class='ocr_par' dir='ltr' id='par_1_12' title="bbox 472 1335 3798 1416">
     <span class='ocr_line' id='line_1_12' title="bbox 472 1335 3798 1416; baseline 0 -21"><span class='ocrx_word' id='word_1_123' title='bbox 472 1339 846 1414; x_wconf 69' lang='lat' dir='ltr'><strong>nopolis’tam</strong></span> <span class='ocrx_word' id='word_1_124' title='bbox 869 1341 1202 1398; x_wconf 67' lang='lat' dir='ltr'><strong>Graecorum</strong></span> <span class='ocrx_word' id='word_1_125' title='bbox 1224 1342 1476 1413; x_wconf 87' lang='lat' dir='ltr'><strong>speciale</strong></span> <span class='ocrx_word' id='word_1_126' title='bbox 1502 1340 1754 1415; x_wconf 85' lang='lat' dir='ltr'><strong>caputin</strong></span> <span class='ocrx_word' id='word_1_127' title='bbox 1779 1338 2125 1397; x_wconf 86' lang='lat' dir='ltr'><strong>transmari-</strong></span> <span class='ocrx_word' id='word_1_128' title='bbox 2232 1335 2373 1393; x_wconf 89' lang='lat' dir='ltr'><strong>riter</strong></span> <span class='ocrx_word' id='word_1_129' title='bbox 2402 1335 2569 1393; x_wconf 91' lang='lat' dir='ltr'><strong>illum</strong></span> <span class='ocrx_word' id='word_1_130' title='bbox 2621 1338 2981 1396; x_wconf 87' lang='lat' dir='ltr'><strong>constituere</strong></span> <span class='ocrx_word' id='word_1_131' title='bbox 3032 1343 3188 1397; x_wconf 90' lang='lat' dir='ltr'><strong>terra</strong></span> <span class='ocrx_word' id='word_1_132' title='bbox 3234 1340 3483 1415; x_wconf 88' lang='lat' dir='ltr'><strong>marique</strong></span> <span class='ocrx_word' id='word_1_133' title='bbox 3520 1339 3798 1416; x_wconf 83' lang='lat' dir='ltr'><strong>principem.</strong></span> 
     </span>
    </p>
   </div>
   <div class='ocr_carea' id='block_1_13' title="bbox 472 1424 3802 1502">
    <p class='ocr_par' dir='ltr' id='par_1_13' title="bbox 472 1424 3802 1502">
     <span class='ocr_line' id='line_1_13' title="bbox 472 1424 3802 1502; baseline 0.001 -19"><span class='ocrx_word' id='word_1_134' title='bbox 472 1428 568 1484; x_wconf 88' lang='lat' dir='ltr'><strong>nis</strong></span> <span class='ocrx_word' id='word_1_135' title='bbox 579 1428 820 1485; x_wconf 79' lang='lat' dir='ltr'><strong>orientis</strong></span> <span class='ocrx_word' id='word_1_136' title='bbox 831 1429 1097 1502; x_wconf 86' lang='lat' dir='ltr'><strong>partibus</strong></span> <span class='ocrx_word' id='word_1_137' title='bbox 1110 1446 1288 1501; x_wconf 87' lang='lat' dir='ltr'><strong>quam</strong></span> <span class='ocrx_word' id='word_1_138' title='bbox 1303 1430 1776 1486; x_wconf 61' lang='lat' dir='ltr'><strong>creterorumﬁed</strong></span> <span class='ocrx_word' id='word_1_139' title='bbox 1790 1430 1930 1485; x_wconf 91' lang='lat' dir='ltr'><strong>dum</strong></span> <span class='ocrx_word' id='word_1_140' title='bbox 1945 1426 2124 1485; x_wconf 88' lang='lat' dir='ltr'><strong>semel</strong></span> <span class='ocrx_word' id='word_1_141' title='bbox 2232 1424 2605 1483; x_wconf 86' lang='lat' dir='ltr'><strong>Constitutus</strong></span> <span class='ocrx_word' id='word_1_142' title='bbox 2636 1431 2835 1484; x_wconf 88' lang='lat' dir='ltr'><strong>autem</strong></span> <span class='ocrx_word' id='word_1_143' title='bbox 2862 1427 3232 1500; x_wconf 69' lang='lat' dir='ltr'><strong>huju&#39;sm‘odi,</strong></span> <span class='ocrx_word' id='word_1_144' title='bbox 3248 1427 3512 1502; x_wconf 89' lang='lat' dir='ltr'><strong>ampliore</strong></span> <span class='ocrx_word' id='word_1_145' title='bbox 3530 1424 3802 1486; x_wconf 72' lang='lat' dir='ltr'><strong>crudelitate</strong></span> 
     </span>
    </p>
   </div>
   <div class='ocr_carea' id='block_1_14' title="bbox 472 1510 3802 1592">
    <p class='ocr_par' dir='ltr' id='par_1_14' title="bbox 472 1510 3802 1592">
     <span class='ocr_line' id='line_1_14' title="bbox 472 1510 3802 1592; baseline 0.001 -21"><span class='ocrx_word' id='word_1_146' title='bbox 472 1516 532 1572; x_wconf 87' lang='lat' dir='ltr'><strong>in</strong></span> <span class='ocrx_word' id='word_1_147' title='bbox 555 1533 683 1574; x_wconf 88' lang='lat' dir='ltr'><strong>sese</strong></span> <span class='ocrx_word' id='word_1_148' title='bbox 712 1517 872 1574; x_wconf 90' lang='lat' dir='ltr'><strong>novit</strong></span> <span class='ocrx_word' id='word_1_149' title='bbox 896 1518 1224 1591; x_wconf 87' lang='lat' dir='ltr'><strong>dispertiri,</strong></span> <span class='ocrx_word' id='word_1_150' title='bbox 1255 1520 1634 1592; x_wconf 90' lang='lat' dir='ltr'><strong>postmodum</strong></span> <span class='ocrx_word' id='word_1_151' title='bbox 1669 1518 1953 1592; x_wconf 84' lang='lat' dir='ltr'><strong>paulatim</strong></span> <span class='ocrx_word' id='word_1_152' title='bbox 1988 1534 2125 1591; x_wconf 88' lang='lat' dir='ltr'><strong>pars</strong></span> <span class='ocrx_word' id='word_1_153' title='bbox 2234 1516 2561 1587; x_wconf 77' lang='lat' dir='ltr'><strong>aSSUmpta,</strong></span> <span class='ocrx_word' id='word_1_154' title='bbox 2596 1515 2757 1588; x_wconf 90' lang='lat' dir='ltr'><strong>parvi</strong></span> <span class='ocrx_word' id='word_1_155' title='bbox 2811 1516 3079 1588; x_wconf 88' lang='lat' dir='ltr'><strong>pendens</strong></span> <span class='ocrx_word' id='word_1_156' title='bbox 3122 1510 3531 1591; x_wconf 72' lang='lat' dir='ltr'><strong>praeteritorum</strong></span> <span class='ocrx_word' id='word_1_157' title='bbox 3564 1517 3802 1584; x_wconf 66' lang='lat' dir='ltr'><strong>saevitiam,</strong></span> 
     </span>
    </p>
   </div>
   <div class='ocr_carea' id='block_1_15' title="bbox 471 1601 3807 1680">
    <p class='ocr_par' dir='ltr' id='par_1_15' title="bbox 471 1601 3807 1680">
     <span class='ocr_line' id='line_1_15' title="bbox 471 1601 3807 1680; baseline 0.001 -20"><span class='ocrx_word' id='word_1_158' title='bbox 471 1606 723 1679; x_wconf 74' lang='lat' dir='ltr'><strong>utraque</strong></span> <span class='ocrx_word' id='word_1_159' title='bbox 782 1607 1056 1665; x_wconf 86' lang='lat' dir='ltr'><strong>usitatius</strong></span> <span class='ocrx_word' id='word_1_160' title='bbox 1110 1607 1314 1664; x_wconf 89' lang='lat' dir='ltr'><strong>didicit</strong></span> <span class='ocrx_word' id='word_1_161' title='bbox 1366 1608 1578 1679; x_wconf 91' lang='lat' dir='ltr'><strong>minui,</strong></span> <span class='ocrx_word' id='word_1_162' title='bbox 1622 1607 1888 1665; x_wconf 88' lang='lat' dir='ltr'><strong>videlicet</strong></span> <span class='ocrx_word' id='word_1_163' title='bbox 1943 1606 2127 1664; x_wconf 90' lang='lat' dir='ltr'><strong>donec</strong></span> <span class='ocrx_word' id='word_1_164' title='bbox 2234 1601 2409 1675; x_wconf 83' lang='lat' dir='ltr'><strong>coepit</strong></span> <span class='ocrx_word' id='word_1_165' title='bbox 2434 1619 2611 1660; x_wconf 90' lang='lat' dir='ltr'><strong>suum</strong></span> <span class='ocrx_word' id='word_1_166' title='bbox 2634 1602 2693 1659; x_wconf 88' lang='lat' dir='ltr'><strong>in</strong></span> <span class='ocrx_word' id='word_1_167' title='bbox 2717 1604 3080 1678; x_wconf 89' lang='lat' dir='ltr'><strong>longinquas</strong></span> <span class='ocrx_word' id='word_1_168' title='bbox 3110 1605 3371 1680; x_wconf 86' lang='lat' dir='ltr'><strong>gladium</strong></span> <span class='ocrx_word' id='word_1_169' title='bbox 3398 1604 3807 1679; x_wconf 71' lang='lat' dir='ltr'><strong>dilatareprovin-</strong></span> 
     </span>
    </p>
   </div>
   <div class='ocr_carea' id='block_1_16' title="bbox 475 1682 3809 1771">
    <p class='ocr_par' dir='ltr' id='par_1_16' title="bbox 475 1682 3809 1771">
     <span class='ocr_line' id='line_1_16' title="bbox 475 1682 3809 1771; baseline -0 -20"><span class='ocrx_word' id='word_1_170' title='bbox 475 1695 839 1769; x_wconf 87' lang='lat' dir='ltr'><strong>contingeret</strong></span> <span class='ocrx_word' id='word_1_171' title='bbox 880 1695 1027 1752; x_wconf 90' lang='lat' dir='ltr'><strong>illud</strong></span> <span class='ocrx_word' id='word_1_172' title='bbox 1059 1697 1337 1754; x_wconf 90' lang='lat' dir='ltr'><strong>amodum</strong></span> <span class='ocrx_word' id='word_1_173' title='bbox 1365 1696 1649 1755; x_wconf 87' lang='lat' dir='ltr'><strong>coarctari</strong></span> <span class='ocrx_word' id='word_1_174' title='bbox 1679 1696 1915 1771; x_wconf 83' lang='lat' dir='ltr'><strong>praeliis,</strong></span> <span class='ocrx_word' id='word_1_175' title='bbox 1948 1699 2014 1753; x_wconf 91' lang='lat' dir='ltr'><strong>ut</strong></span> <span class='ocrx_word' id='word_1_176' title='bbox 2042 1696 2127 1752; x_wconf 84' lang='lat' dir='ltr'><strong>fo-</strong></span> <span class='ocrx_word' id='word_1_177' title='bbox 2166 1682 2169 1689; x_wconf 62' lang='grc'><em>’</em></span> <span class='ocrx_word' id='word_1_178' title='bbox 2237 1691 2378 1748; x_wconf 88' lang='lat' dir='ltr'><strong>cias.</strong></span> <span class='ocrx_word' id='word_1_179' title='bbox 2404 1692 2785 1751; x_wconf 89' lang='lat' dir='ltr'><strong>Postmodum</strong></span> <span class='ocrx_word' id='word_1_180' title='bbox 2809 1694 2984 1751; x_wconf 90' lang='lat' dir='ltr'><strong>etiam</strong></span> <span class='ocrx_word' id='word_1_181' title='bbox 3009 1711 3144 1752; x_wconf 90' lang='lat' dir='ltr'><strong>cum</strong></span> <span class='ocrx_word' id='word_1_182' title='bbox 3167 1695 3439 1752; x_wconf 84' lang='lat' dir='ltr'><strong>universa</strong></span> <span class='ocrx_word' id='word_1_183' title='bbox 3456 1695 3687 1768; x_wconf 87' lang='lat' dir='ltr'><strong>pene,cui</strong></span> <span class='ocrx_word' id='word_1_184' title='bbox 3704 1711 3809 1767; x_wconf 67' lang='lat' dir='ltr'><strong>prai-</strong></span> 
     </span>
    </p>
   </div>
   <div class='ocr_carea' id='block_1_17' title="bbox 475 1781 3806 1863">
    <p class='ocr_par' dir='ltr' id='par_1_17' title="bbox 475 1781 3806 1863">
     <span class='ocr_line' id='line_1_17' title="bbox 475 1781 3806 1863; baseline 0 -25"><span class='ocrx_word' id='word_1_185' title='bbox 475 1784 564 1839; x_wconf 91' lang='lat' dir='ltr'><strong>ret</strong></span> <span class='ocrx_word' id='word_1_186' title='bbox 592 1783 845 1854; x_wconf 88' lang='lat' dir='ltr'><strong>brevius,</strong></span> <span class='ocrx_word' id='word_1_187' title='bbox 879 1790 936 1841; x_wconf 88' lang='lat' dir='ltr'><strong>et</strong></span> <span class='ocrx_word' id='word_1_188' title='bbox 962 1785 1123 1843; x_wconf 91' lang='lat' dir='ltr'><strong>istud</strong></span> <span class='ocrx_word' id='word_1_189' title='bbox 1156 1791 1456 1860; x_wconf 89' lang='lat' dir='ltr'><strong>appeteret</strong></span> <span class='ocrx_word' id='word_1_190' title='bbox 1474 1786 1761 1844; x_wconf 90' lang='lat' dir='ltr'><strong>moderari</strong></span> <span class='ocrx_word' id='word_1_191' title='bbox 1792 1791 2123 1843; x_wconf 82' lang='lat' dir='ltr'><strong>extraneus.</strong></span> <span class='ocrx_word' id='word_1_192' title='bbox 2154 1823 2203 1863; x_wconf 62' lang='grc' dir='ltr'><strong>η</strong></span> <span class='ocrx_word' id='word_1_193' title='bbox 2236 1783 2564 1854; x_wconf 82' lang='lat' dir='ltr'><strong>erat,gente</strong></span> <span class='ocrx_word' id='word_1_194' title='bbox 2582 1782 3062 1840; x_wconf 85' lang='lat' dir='ltr'><strong>conscendensad</strong></span> <span class='ocrx_word' id='word_1_195' title='bbox 3076 1783 3405 1858; x_wconf 87' lang='lat' dir='ltr'><strong>superiores</strong></span> <span class='ocrx_word' id='word_1_196' title='bbox 3418 1781 3697 1841; x_wconf 85' lang='lat' dir='ltr'><strong>Galliarum</strong></span> <span class='ocrx_word' id='word_1_197' title='bbox 3709 1798 3806 1854; x_wconf 83' lang='lat' dir='ltr'><strong>par-</strong></span> 
     </span>
    </p>
   </div>
   <div class='ocr_carea' id='block_1_18' title="bbox 472 1868 3811 1949">
    <p class='ocr_par' dir='ltr' id='par_1_18' title="bbox 472 1868 3811 1949">
     <span class='ocr_line' id='line_1_18' title="bbox 472 1868 3811 1949; baseline 0 -22"><span class='ocrx_word' id='word_1_198' title='bbox 472 1872 543 1928; x_wconf 89' lang='lat' dir='ltr'><strong>Et</strong></span> <span class='ocrx_word' id='word_1_199' title='bbox 558 1872 836 1945; x_wconf 85' lang='lat' dir='ltr'><strong>quoniam</strong></span> <span class='ocrx_word' id='word_1_200' title='bbox 861 1874 1051 1948; x_wconf 88' lang='lat' dir='ltr'><strong>magis</strong></span> <span class='ocrx_word' id='word_1_201' title='bbox 1074 1872 1451 1948; x_wconf 88' lang='lat' dir='ltr'><strong>contingebat</strong></span> <span class='ocrx_word' id='word_1_202' title='bbox 1482 1874 1787 1949; x_wconf 81' lang='lat' dir='ltr'><strong>tyrannide</strong></span> <span class='ocrx_word' id='word_1_203' title='bbox 1816 1874 2124 1948; x_wconf 87' lang='lat' dir='ltr'><strong>imperare,</strong></span> <span class='ocrx_word' id='word_1_204' title='bbox 2141 1868 2204 1889; x_wconf 78' lang='lat'><strong>&#39;&quot;</strong></span> <span class='ocrx_word' id='word_1_205' title='bbox 2235 1872 2344 1936; x_wconf 83' lang='lat' dir='ltr'><strong>tes,</strong></span> <span class='ocrx_word' id='word_1_206' title='bbox 2370 1871 2640 1941; x_wconf 85' lang='lat' dir='ltr'><strong>quamvis</strong></span> <span class='ocrx_word' id='word_1_207' title='bbox 2663 1871 2903 1944; x_wconf 81' lang='lat' dir='ltr'><strong>pestifer</strong></span> <span class='ocrx_word' id='word_1_208' title='bbox 2922 1888 3134 1944; x_wconf 89' lang='lat' dir='ltr'><strong>parens</strong></span> <span class='ocrx_word' id='word_1_209' title='bbox 3166 1872 3427 1929; x_wconf 88' lang='lat' dir='ltr'><strong>nativum</strong></span> <span class='ocrx_word' id='word_1_210' title='bbox 3449 1868 3586 1928; x_wconf 88' lang='lat' dir='ltr'><strong>male</strong></span> <span class='ocrx_word' id='word_1_211' title='bbox 3603 1887 3811 1945; x_wconf 74' lang='lat' dir='ltr'><strong>quarens</strong></span> 
     </span>
    </p>
   </div>
   <div class='ocr_carea' id='block_1_19' title="bbox 474 1957 3812 2038">
    <p class='ocr_par' dir='ltr' id='par_1_19' title="bbox 474 1957 3812 2038">
     <span class='ocr_line' id='line_1_19' title="bbox 474 1957 3812 2038; baseline -0.001 -21"><span class='ocrx_word' id='word_1_212' title='bbox 474 1976 651 2034; x_wconf 86' lang='lat' dir='ltr'><strong>quam</strong></span> <span class='ocrx_word' id='word_1_213' title='bbox 683 1961 1028 2020; x_wconf 79' lang='lat' dir='ltr'><strong>vel&#39;liberali</strong></span> <span class='ocrx_word' id='word_1_214' title='bbox 1077 1964 1309 2037; x_wconf 89' lang='lat' dir='ltr'><strong>pietate,</strong></span> <span class='ocrx_word' id='word_1_215' title='bbox 1344 1965 1433 2021; x_wconf 90' lang='lat' dir='ltr'><strong>vel</strong></span> <span class='ocrx_word' id='word_1_216' title='bbox 1477 1963 1745 2038; x_wconf 88' lang='lat' dir='ltr'><strong>originali</strong></span> <span class='ocrx_word' id='word_1_217' title='bbox 1785 1963 2123 2038; x_wconf 89' lang='lat' dir='ltr'><strong>propagine,</strong></span> <span class='ocrx_word' id='word_1_218' title='bbox 2237 1957 2483 2014; x_wconf 74' lang='lat' dir='ltr'><strong>I‘GVisel&#39;e</strong></span> <span class='ocrx_word' id='word_1_219' title='bbox 2522 1959 2737 2016; x_wconf 79' lang='lat' dir='ltr'><strong>solum.</strong></span> <span class='ocrx_word' id='word_1_220' title='bbox 2771 1959 2881 2024; x_wconf 87' lang='lat' dir='ltr'><strong>Qui</strong></span> <span class='ocrx_word' id='word_1_221' title='bbox 2920 1977 3054 2017; x_wconf 85' lang='lat' dir='ltr'><strong>cum</strong></span> <span class='ocrx_word' id='word_1_222' title='bbox 3100 1961 3376 2029; x_wconf 82' lang='lat' dir='ltr'><strong>venisset,</strong></span> <span class='ocrx_word' id='word_1_223' title='bbox 3407 1959 3585 2035; x_wconf 90' lang='lat' dir='ltr'><strong>gladio</strong></span> <span class='ocrx_word' id='word_1_224' title='bbox 3627 1963 3676 2016; x_wconf 88' lang='lat' dir='ltr'><strong>et</strong></span> <span class='ocrx_word' id='word_1_225' title='bbox 3712 1959 3812 2032; x_wconf 81' lang='lat' dir='ltr'><strong>igne</strong></span> 
     </span>
    </p>
   </div>
   <div class='ocr_carea' id='block_1_20' title="bbox 476 2045 3815 2125">
    <p class='ocr_par' dir='ltr' id='par_1_20' title="bbox 476 2045 3815 2125">
     <span class='ocr_line' id='line_1_20' title="bbox 476 2045 3815 2125; baseline 0.001 -24"><span class='ocrx_word' id='word_1_226' title='bbox 476 2049 694 2107; x_wconf 74' lang='lat' dir='ltr'><strong>idcirco</strong></span> <span class='ocrx_word' id='word_1_227' title='bbox 743 2068 850 2125; x_wconf 78' lang='lat' dir='ltr'><strong>par</strong></span> <span class='ocrx_word' id='word_1_228' title='bbox 895 2057 1022 2110; x_wconf 72' lang='lat' dir='ltr'><strong>erat</strong></span> <span class='ocrx_word' id='word_1_229' title='bbox 1080 2052 1290 2109; x_wconf 76' lang='lat' dir='ltr'><strong>talium</strong></span> <span class='ocrx_word' id='word_1_230' title='bbox 1349 2054 1780 2110; x_wconf 73' lang='lat' dir='ltr'><strong>contumaciam</strong></span> <span class='ocrx_word' id='word_1_231' title='bbox 1830 2069 1965 2110; x_wconf 83' lang='lat' dir='ltr'><strong>cum</strong></span> <span class='ocrx_word' id='word_1_232' title='bbox 2014 2051 2127 2109; x_wconf 79' lang='lat' dir='ltr'><strong>sibi</strong></span> <span class='ocrx_word' id='word_1_233' title='bbox 2237 2045 2393 2102; x_wconf 90' lang='lat' dir='ltr'><strong>ultra</strong></span> <span class='ocrx_word' id='word_1_234' title='bbox 2423 2062 2659 2103; x_wconf 90' lang='lat' dir='ltr'><strong>omnem</strong></span> <span class='ocrx_word' id='word_1_235' title='bbox 2697 2047 2959 2105; x_wconf 90' lang='lat' dir='ltr'><strong>hostium</strong></span> <span class='ocrx_word' id='word_1_236' title='bbox 2991 2049 3217 2106; x_wconf 90' lang='lat' dir='ltr'><strong>cladem</strong></span> <span class='ocrx_word' id='word_1_237' title='bbox 3249 2050 3514 2106; x_wconf 89' lang='lat' dir='ltr'><strong>universa</strong></span> <span class='ocrx_word' id='word_1_238' title='bbox 3539 2048 3815 2114; x_wconf 78' lang='lat' dir='ltr'><strong>demoliens,</strong></span> 
     </span>
    </p>
   </div>
   <div class='ocr_carea' id='block_1_21' title="bbox 477 2135 3814 2217">
    <p class='ocr_par' dir='ltr' id='par_1_21' title="bbox 477 2135 3814 2217">
     <span class='ocr_line' id='line_1_21' title="bbox 477 2135 3814 2217; baseline -0.001 -22"><span class='ocrx_word' id='word_1_239' title='bbox 477 2140 735 2198; x_wconf 87' lang='lat' dir='ltr'><strong>subditis</strong></span> <span class='ocrx_word' id='word_1_240' title='bbox 767 2141 984 2198; x_wconf 87' lang='lat' dir='ltr'><strong>crebris</strong></span> <span class='ocrx_word' id='word_1_241' title='bbox 1013 2142 1453 2199; x_wconf 89' lang='lat' dir='ltr'><strong>infestationum</strong></span> <span class='ocrx_word' id='word_1_242' title='bbox 1484 2143 1676 2217; x_wconf 91' lang='lat' dir='ltr'><strong>plagis</strong></span> <span class='ocrx_word' id='word_1_243' title='bbox 1706 2147 1973 2200; x_wconf 90' lang='lat' dir='ltr'><strong>attercre.</strong></span> <span class='ocrx_word' id='word_1_244' title='bbox 2238 2135 2472 2191; x_wconf 79' lang='lat' dir='ltr'><strong>nemine</strong></span> <span class='ocrx_word' id='word_1_245' title='bbox 2494 2142 2875 2211; x_wconf 81' lang='lat' dir='ltr'><strong>repugnante,</strong></span> <span class='ocrx_word' id='word_1_246' title='bbox 2900 2138 3124 2195; x_wconf 88' lang='lat' dir='ltr'><strong>diutius</strong></span> <span class='ocrx_word' id='word_1_247' title='bbox 3149 2138 3530 2212; x_wconf 90' lang='lat' dir='ltr'><strong>consumpsit.</strong></span> <span class='ocrx_word' id='word_1_248' title='bbox 3553 2136 3694 2194; x_wconf 86' lang='lat' dir='ltr'><strong>Tunc</strong></span> <span class='ocrx_word' id='word_1_249' title='bbox 3709 2151 3814 2210; x_wconf 85' lang='lat' dir='ltr'><strong>quo-</strong></span> 
     </span>
    </p>
   </div>
   <div class='ocr_carea' id='block_1_22' title="bbox 1131 2225 3820 2301">
    <p class='ocr_par' dir='ltr' id='par_1_22' title="bbox 1131 2225 3820 2301">
     <span class='ocr_line' id='line_1_22' title="bbox 1131 2225 3820 2301; baseline -0.003 -14"><span class='ocrx_word' id='word_1_250' title='bbox 1131 2231 1363 2288; x_wconf 85' lang='lat' dir='ltr'><strong>CAPUT</strong></span> <span class='ocrx_word' id='word_1_251' title='bbox 1400 2232 1468 2288; x_wconf 89' lang='lat' dir='ltr'><strong>V.</strong></span> <span class='ocrx_word' id='word_1_252' title='bbox 2237 2240 2350 2297; x_wconf 87' lang='lat' dir='ltr'><strong>que</strong></span> <span class='ocrx_word' id='word_1_253' title='bbox 2376 2225 2589 2282; x_wconf 89' lang='lat' dir='ltr'><strong>domus</strong></span> <span class='ocrx_word' id='word_1_254' title='bbox 2613 2225 3005 2284; x_wconf 89' lang='lat' dir='ltr'><strong>Ecelesiarum</strong></span> <span class='ocrx_word' id='word_1_255' title='bbox 3036 2244 3140 2301; x_wconf 91' lang='lat' dir='ltr'><strong>per</strong></span> <span class='ocrx_word' id='word_1_256' title='bbox 3168 2227 3392 2286; x_wconf 88' lang='lat' dir='ltr'><strong>Gallias</strong></span> <span class='ocrx_word' id='word_1_257' title='bbox 3418 2227 3691 2300; x_wconf 69' lang='lat' dir='ltr'><strong>universe,</strong></span> <span class='ocrx_word' id='word_1_258' title='bbox 3716 2232 3820 2299; x_wconf 71' lang='lat' dir='ltr'><strong>pra-</strong></span> 
     </span>
    </p>
   </div>
   <div class='ocr_carea' id='block_1_23' title="bbox 626 2314 3818 2393">
    <p class='ocr_par' dir='ltr' id='par_1_23' title="bbox 626 2314 3818 2393">
     <span class='ocr_line' id='line_1_23' title="bbox 626 2314 3818 2393; baseline -0.001 -22"><span class='ocrx_word' id='word_1_259' title='bbox 626 2381 629 2384; x_wconf 10' lang='lat'><strong>,</strong></span> <span class='ocrx_word' id='word_1_260' title='bbox 966 2320 1041 2375; x_wconf 82' lang='lat' dir='ltr'><strong>De</strong></span> <span class='ocrx_word' id='word_1_261' title='bbox 1064 2336 1412 2392; x_wconf 80' lang='lat' dir='ltr'><strong>paganorum</strong></span> <span class='ocrx_word' id='word_1_262' title='bbox 1435 2321 1637 2393; x_wconf 75' lang='lat' dir='ltr'><strong>plagis.</strong></span> <span class='ocrx_word' id='word_1_263' title='bbox 2235 2316 2325 2369; x_wconf 89' lang='lat' dir='ltr'><strong>ter</strong></span> <span class='ocrx_word' id='word_1_264' title='bbox 2345 2330 2494 2386; x_wconf 91' lang='lat' dir='ltr'><strong>quas</strong></span> <span class='ocrx_word' id='word_1_265' title='bbox 2524 2314 2851 2389; x_wconf 90' lang='lat' dir='ltr'><strong>municipia</strong></span> <span class='ocrx_word' id='word_1_266' title='bbox 2879 2316 3185 2373; x_wconf 85' lang='lat' dir='ltr'><strong>civitatum</strong></span> <span class='ocrx_word' id='word_1_267' title='bbox 3219 2317 3309 2374; x_wconf 89' lang='lat' dir='ltr'><strong>vel</strong></span> <span class='ocrx_word' id='word_1_268' title='bbox 3340 2320 3645 2374; x_wconf 88' lang='lat' dir='ltr'><strong>castrorum</strong></span> <span class='ocrx_word' id='word_1_269' title='bbox 3670 2330 3818 2371; x_wconf 82' lang='lat' dir='ltr'><strong>serva-</strong></span> 
     </span>
    </p>
   </div>
   <div class='ocr_carea' id='block_1_24' title="bbox 550 2404 3820 2482">
    <p class='ocr_par' dir='ltr' id='par_1_24' title="bbox 550 2404 3820 2482">
     <span class='ocr_line' id='line_1_24' title="bbox 550 2404 3820 2482; baseline 0.002 -19"><span class='ocrx_word' id='word_1_270' title='bbox 550 2404 813 2480; x_wconf 91' lang='lat' dir='ltr'><strong>Deniquc</strong></span> <span class='ocrx_word' id='word_1_271' title='bbox 859 2406 1011 2463; x_wconf 87' lang='lat' dir='ltr'><strong>circa</strong></span> <span class='ocrx_word' id='word_1_272' title='bbox 1056 2409 1567 2482; x_wconf 88' lang='lat' dir='ltr'><strong>nongentesimum</strong></span> <span class='ocrx_word' id='word_1_273' title='bbox 1617 2409 1790 2466; x_wconf 91' lang='lat' dir='ltr'><strong>Verbi</strong></span> <span class='ocrx_word' id='word_1_274' title='bbox 1844 2409 2127 2466; x_wconf 87' lang='lat' dir='ltr'><strong>incarnati</strong></span> <span class='ocrx_word' id='word_1_275' title='bbox 2236 2406 2394 2468; x_wconf 72' lang='lat' dir='ltr'><strong>I‘unt.</strong></span> <span class='ocrx_word' id='word_1_276' title='bbox 2419 2404 2775 2461; x_wconf 80' lang='lat' dir='ltr'><strong>omnimodis</strong></span> <span class='ocrx_word' id='word_1_277' title='bbox 2797 2404 3195 2464; x_wconf 64' lang='lat' dir='ltr'><strong>dehonestatm</strong></span> <span class='ocrx_word' id='word_1_278' title='bbox 3232 2410 3409 2481; x_wconf 72' lang='lat' dir='ltr'><strong>atque</strong></span> <span class='ocrx_word' id='word_1_279' title='bbox 3437 2407 3563 2480; x_wconf 83' lang='lat' dir='ltr'><strong>igne</strong></span> <span class='ocrx_word' id='word_1_280' title='bbox 3589 2414 3820 2462; x_wconf 54' lang='lat' dir='ltr'><strong>euocet!“</strong></span> 
     </span>
    </p>
   </div>
   <div class='ocr_carea' id='block_1_25' title="bbox 481 2492 3823 2571">
    <p class='ocr_par' dir='ltr' id='par_1_25' title="bbox 481 2492 3823 2571">
     <span class='ocr_line' id='line_1_25' title="bbox 481 2492 3823 2571; baseline -0.001 -23"><span class='ocrx_word' id='word_1_281' title='bbox 481 2513 724 2566; x_wconf 85' lang='lat' dir='ltr'><strong>annum,</strong></span> <span class='ocrx_word' id='word_1_282' title='bbox 758 2512 1031 2570; x_wconf 82' lang='lat' dir='ltr'><strong>egressus</strong></span> <span class='ocrx_word' id='word_1_283' title='bbox 1080 2497 1152 2553; x_wconf 84' lang='lat' dir='ltr'><strong>ab</strong></span> <span class='ocrx_word' id='word_1_284' title='bbox 1202 2497 1483 2570; x_wconf 81' lang='lat' dir='ltr'><strong>Hispania</strong></span> <span class='ocrx_word' id='word_1_285' title='bbox 1530 2516 1629 2555; x_wconf 77' lang='lat' dir='ltr'><strong>rex</strong></span> <span class='ocrx_word' id='word_1_286' title='bbox 1675 2499 2127 2556; x_wconf 75' lang='lat' dir='ltr'><strong>Sarracenorum</strong></span> <span class='ocrx_word' id='word_1_287' title='bbox 2237 2496 2397 2548; x_wconf 90' lang='lat' dir='ltr'><strong>sunt.</strong></span> <span class='ocrx_word' id='word_1_288' title='bbox 2424 2492 2723 2550; x_wconf 86' lang='lat' dir='ltr'><strong>Universis</strong></span> <span class='ocrx_word' id='word_1_289' title='bbox 2754 2494 3044 2567; x_wconf 89' lang='lat' dir='ltr'><strong>siquidem</strong></span> <span class='ocrx_word' id='word_1_290' title='bbox 3076 2496 3403 2571; x_wconf 84' lang='lat' dir='ltr'><strong>peragratis</strong></span> <span class='ocrx_word' id='word_1_291' title='bbox 3433 2494 3636 2565; x_wconf 87' lang='lat' dir='ltr'><strong>Galliis,</strong></span> <span class='ocrx_word' id='word_1_292' title='bbox 3653 2493 3823 2567; x_wconf 81' lang='lat' dir='ltr'><strong>opima-</strong></span> 
     </span>
    </p>
   </div>
   <div class='ocr_carea' id='block_1_26' title="bbox 476 2581 3825 2660">
    <p class='ocr_par' dir='ltr' id='par_1_26' title="bbox 476 2581 3825 2660">
     <span class='ocr_line' id='line_1_26' title="bbox 476 2581 3825 2660; baseline 0.001 -20"><span class='ocrx_word' id='word_1_293' title='bbox 476 2584 709 2658; x_wconf 86' lang='lat' dir='ltr'><strong>Algalif,</strong></span> <span class='ocrx_word' id='word_1_294' title='bbox 725 2585 1083 2659; x_wconf 84' lang='lat' dir='ltr'><strong>veniensque</strong></span> <span class='ocrx_word' id='word_1_295' title='bbox 1101 2603 1234 2642; x_wconf 91' lang='lat' dir='ltr'><strong>cum</strong></span> <span class='ocrx_word' id='word_1_296' title='bbox 1258 2587 1511 2643; x_wconf 82' lang='lat' dir='ltr'><strong>exercitu</strong></span> <span class='ocrx_word' id='word_1_297' title='bbox 1534 2587 1862 2644; x_wconf 86' lang='lat' dir='ltr'><strong>maximoin</strong></span> <span class='ocrx_word' id='word_1_298' title='bbox 1878 2588 2125 2657; x_wconf 88' lang='lat' dir='ltr'><strong>Italiam,</strong></span> <span class='ocrx_word' id='word_1_299' title='bbox 2234 2597 2349 2653; x_wconf 89' lang='lat' dir='ltr'><strong>que</strong></span> <span class='ocrx_word' id='word_1_300' title='bbox 2370 2581 2729 2639; x_wconf 87' lang='lat' dir='ltr'><strong>diversarum</strong></span> <span class='ocrx_word' id='word_1_301' title='bbox 2754 2600 2949 2640; x_wconf 90' lang='lat' dir='ltr'><strong>rerum</strong></span> <span class='ocrx_word' id='word_1_302' title='bbox 2973 2586 3196 2658; x_wconf 89' lang='lat' dir='ltr'><strong>potitus</strong></span> <span class='ocrx_word' id='word_1_303' title='bbox 3224 2585 3431 2660; x_wconf 87' lang='lat' dir='ltr'><strong>spolia,</strong></span> <span class='ocrx_word' id='word_1_304' title='bbox 3452 2585 3522 2641; x_wconf 89' lang='lat' dir='ltr'><strong>ad</strong></span> <span class='ocrx_word' id='word_1_305' title='bbox 3542 2582 3825 2658; x_wconf 62' lang='lat' dir='ltr'><strong>propriave-</strong></span> 
     </span>
    </p>
   </div>
   <div class='ocr_carea' id='block_1_27' title="bbox 478 2670 3827 2750">
    <p class='ocr_par' dir='ltr' id='par_1_27' title="bbox 478 2670 3827 2750">
     <span class='ocr_line' id='line_1_27' title="bbox 478 2670 3827 2750; baseline 0.001 -19"><span class='ocrx_word' id='word_1_306' title='bbox 478 2672 699 2731; x_wconf 85' lang='lat' dir='ltr'><strong>scilicet</strong></span> <span class='ocrx_word' id='word_1_307' title='bbox 714 2673 1040 2732; x_wconf 87' lang='lat' dir='ltr'><strong>traditurus</strong></span> <span class='ocrx_word' id='word_1_308' title='bbox 1056 2674 1349 2731; x_wconf 88' lang='lat' dir='ltr'><strong>humanas</strong></span> <span class='ocrx_word' id='word_1_309' title='bbox 1368 2692 1459 2733; x_wconf 88' lang='lat' dir='ltr'><strong>res</strong></span> <span class='ocrx_word' id='word_1_310' title='bbox 1476 2692 1610 2732; x_wconf 88' lang='lat' dir='ltr'><strong>cum</strong></span> <span class='ocrx_word' id='word_1_311' title='bbox 1630 2677 1755 2733; x_wconf 91' lang='lat' dir='ltr'><strong>suis</strong></span> <span class='ocrx_word' id='word_1_312' title='bbox 1771 2678 1830 2732; x_wconf 92' lang='lat' dir='ltr'><strong>in</strong></span> <span class='ocrx_word' id='word_1_313' title='bbox 1847 2677 2126 2750; x_wconf 70' lang='lat' dir='ltr'><strong>praedam,</strong></span> <span class='ocrx_word' id='word_1_314' title='bbox 2237 2670 2403 2725; x_wconf 78' lang='lat' dir='ltr'><strong>duxit</strong></span> <span class='ocrx_word' id='word_1_315' title='bbox 2429 2670 2767 2727; x_wconf 77' lang='lat' dir='ltr'><strong>exercitum.</strong></span> <span class='ocrx_word' id='word_1_316' title='bbox 2800 2672 3008 2746; x_wconf 86' lang='lat' dir='ltr'><strong>Sicque</strong></span> <span class='ocrx_word' id='word_1_317' title='bbox 3056 2673 3341 2749; x_wconf 85' lang='lat' dir='ltr'><strong>deinceps</strong></span> <span class='ocrx_word' id='word_1_318' title='bbox 3371 2680 3488 2730; x_wconf 85' lang='lat' dir='ltr'><strong>tam</strong></span> <span class='ocrx_word' id='word_1_319' title='bbox 3522 2672 3588 2729; x_wconf 86' lang='lat' dir='ltr'><strong>ab</strong></span> <span class='ocrx_word' id='word_1_320' title='bbox 3615 2672 3721 2746; x_wconf 84' lang='lat' dir='ltr'><strong>ipso</strong></span> <span class='ocrx_word' id='word_1_321' title='bbox 3742 2670 3827 2725; x_wconf 76' lang='lat' dir='ltr'><strong>AS-</strong></span> 
     </span>
    </p>
   </div>
   <div class='ocr_carea' id='block_1_28' title="bbox 476 2756 3828 2837">
    <p class='ocr_par' dir='ltr' id='par_1_28' title="bbox 476 2756 3828 2837">
     <span class='ocr_line' id='line_1_28' title="bbox 476 2756 3828 2837; baseline 0.001 -18"><span class='ocrx_word' id='word_1_322' title='bbox 476 2779 612 2819; x_wconf 90' lang='lat' dir='ltr'><strong>cum</strong></span> <span class='ocrx_word' id='word_1_323' title='bbox 643 2762 839 2837; x_wconf 88' lang='lat' dir='ltr'><strong>gladio</strong></span> <span class='ocrx_word' id='word_1_324' title='bbox 869 2769 1045 2837; x_wconf 87' lang='lat' dir='ltr'><strong>atque</strong></span> <span class='ocrx_word' id='word_1_325' title='bbox 1082 2764 1353 2821; x_wconf 86' lang='lat' dir='ltr'><strong>incendio</strong></span> <span class='ocrx_word' id='word_1_326' title='bbox 1403 2764 1822 2822; x_wconf 86' lang='lat' dir='ltr'><strong>demoliendas.</strong></span> <span class='ocrx_word' id='word_1_327' title='bbox 1858 2766 2126 2833; x_wconf 87' lang='lat' dir='ltr'><strong>Quicum</strong></span> <span class='ocrx_word' id='word_1_328' title='bbox 2237 2759 2401 2832; x_wconf 80' lang='lat' dir='ltr'><strong>tingo</strong></span> <span class='ocrx_word' id='word_1_329' title='bbox 2432 2775 2609 2832; x_wconf 81' lang='lat' dir='ltr'><strong>quam</strong></span> <span class='ocrx_word' id='word_1_330' title='bbox 2645 2761 2718 2817; x_wconf 81' lang='lat' dir='ltr'><strong>ab</strong></span> <span class='ocrx_word' id='word_1_331' title='bbox 2748 2762 2877 2834; x_wconf 85' lang='lat' dir='ltr'><strong>ejus</strong></span> <span class='ocrx_word' id='word_1_332' title='bbox 2922 2765 3391 2833; x_wconf 85' lang='lat' dir='ltr'><strong>successoribus,</strong></span> <span class='ocrx_word' id='word_1_333' title='bbox 3423 2760 3573 2819; x_wconf 86' lang='lat' dir='ltr'><strong>illius</strong></span> <span class='ocrx_word' id='word_1_334' title='bbox 3617 2756 3828 2816; x_wconf 62' lang='lat' dir='ltr'><strong>videlicet</strong></span> 
     </span>
    </p>
   </div>
   <div class='ocr_carea' id='block_1_29' title="bbox 478 2847 3824 2928">
    <p class='ocr_par' dir='ltr' id='par_1_29' title="bbox 478 2847 3824 2928">
     <span class='ocr_line' id='line_1_29' title="bbox 478 2847 3824 2928; baseline -0 -25"><span class='ocrx_word' id='word_1_335' title='bbox 478 2851 754 2922; x_wconf 81' lang='lat' dir='ltr'><strong>venisset,</strong></span> <span class='ocrx_word' id='word_1_336' title='bbox 792 2852 1155 2926; x_wconf 82' lang='lat' dir='ltr'><strong>depopulans</strong></span> <span class='ocrx_word' id='word_1_337' title='bbox 1181 2857 1363 2910; x_wconf 80' lang='lat' dir='ltr'><strong>totam</strong></span> <span class='ocrx_word' id='word_1_338' title='bbox 1403 2853 1700 2927; x_wconf 74' lang='lat' dir='ltr'><strong>regionem</strong></span> <span class='ocrx_word' id='word_1_339' title='bbox 1731 2871 1922 2928; x_wconf 75' lang='lat' dir='ltr'><strong>usque</strong></span> <span class='ocrx_word' id='word_1_340' title='bbox 1949 2855 2130 2912; x_wconf 79' lang='lat' dir='ltr'><strong>Bene-</strong></span> <span class='ocrx_word' id='word_1_341' title='bbox 2237 2847 2428 2921; x_wconf 88' lang='lat' dir='ltr'><strong>gentis</strong></span> <span class='ocrx_word' id='word_1_342' title='bbox 2457 2847 2846 2923; x_wconf 88' lang='lat' dir='ltr'><strong>principibus,</strong></span> <span class='ocrx_word' id='word_1_343' title='bbox 2870 2852 2929 2907; x_wconf 91' lang='lat' dir='ltr'><strong>in</strong></span> <span class='ocrx_word' id='word_1_344' title='bbox 2958 2852 3149 2926; x_wconf 89' lang='lat' dir='ltr'><strong>spatio</strong></span> <span class='ocrx_word' id='word_1_345' title='bbox 3182 2853 3309 2910; x_wconf 83' lang='lat' dir='ltr'><strong>fere</strong></span> <span class='ocrx_word' id='word_1_346' title='bbox 3339 2857 3567 2909; x_wconf 89' lang='lat' dir='ltr'><strong>centum</strong></span> <span class='ocrx_word' id='word_1_347' title='bbox 3594 2861 3824 2907; x_wconf 83' lang='lat' dir='ltr'><strong>annorum</strong></span> 
     </span>
    </p>
   </div>
   <div class='ocr_carea' id='block_1_30' title="bbox 478 2930 3827 3018">
    <p class='ocr_par' dir='ltr' id='par_1_30' title="bbox 478 2930 3827 3018">
     <span class='ocr_line' id='line_1_30' title="bbox 478 2930 3827 3018; baseline 0 -21"><span class='ocrx_word' id='word_1_348' title='bbox 478 2945 716 2997; x_wconf 86' lang='lat' dir='ltr'><strong>ventum</strong></span> <span class='ocrx_word' id='word_1_349' title='bbox 746 2956 1092 3016; x_wconf 87' lang='lat' dir='ltr'><strong>progressus</strong></span> <span class='ocrx_word' id='word_1_350' title='bbox 1123 2946 1230 2998; x_wconf 91' lang='lat' dir='ltr'><strong>est.</strong></span> <span class='ocrx_word' id='word_1_351' title='bbox 1247 2943 1326 2998; x_wconf 83' lang='lat' dir='ltr'><strong>Ex</strong></span> <span class='ocrx_word' id='word_1_352' title='bbox 1357 2943 1655 3016; x_wconf 81' lang='lat' dir='ltr'><strong>aliquibus</strong></span> <span class='ocrx_word' id='word_1_353' title='bbox 1674 2948 1905 2999; x_wconf 89' lang='lat' dir='ltr'><strong>tantum</strong></span> <span class='ocrx_word' id='word_1_354' title='bbox 1937 2943 2130 3000; x_wconf 87' lang='lat' dir='ltr'><strong>civita—</strong></span> <span class='ocrx_word' id='word_1_355' title='bbox 2237 2936 2582 3009; x_wconf 78' lang='lat' dir='ltr'><strong>hUJusmodi</strong></span> <span class='ocrx_word' id='word_1_356' title='bbox 2624 2938 2819 2997; x_wconf 85' lang='lat' dir='ltr'><strong>clades</strong></span> <span class='ocrx_word' id='word_1_357' title='bbox 2867 2939 3032 2998; x_wconf 89' lang='lat' dir='ltr'><strong>illata</strong></span> <span class='ocrx_word' id='word_1_358' title='bbox 3069 2946 3159 2998; x_wconf 91' lang='lat' dir='ltr'><strong>est</strong></span> <span class='ocrx_word' id='word_1_359' title='bbox 3188 2941 3369 3018; x_wconf 87' lang='lat' dir='ltr'><strong>longe</strong></span> <span class='ocrx_word' id='word_1_360' title='bbox 3400 2930 3619 3015; x_wconf 84' lang='lat' dir='ltr'><strong>lateque</strong></span> <span class='ocrx_word' id='word_1_361' title='bbox 3645 2932 3827 3013; x_wconf 80' lang='lat' dir='ltr'><strong>populis</strong></span> 
     </span>
    </p>
   </div>
   <div class='ocr_carea' id='block_1_31' title="bbox 480 3025 3830 3105">
    <p class='ocr_par' dir='ltr' id='par_1_31' title="bbox 480 3025 3830 3105">
     <span class='ocr_line' id='line_1_31' title="bbox 480 3025 3830 3105; baseline -0.002 -19"><span class='ocrx_word' id='word_1_362' title='bbox 480 3029 639 3086; x_wconf 85' lang='lat' dir='ltr'><strong>tibus</strong></span> <span class='ocrx_word' id='word_1_363' title='bbox 687 3028 864 3086; x_wconf 82' lang='lat' dir='ltr'><strong>Italiae</strong></span> <span class='ocrx_word' id='word_1_364' title='bbox 915 3030 1219 3103; x_wconf 89' lang='lat' dir='ltr'><strong>primates,</strong></span> <span class='ocrx_word' id='word_1_365' title='bbox 1254 3030 1493 3088; x_wconf 90' lang='lat' dir='ltr'><strong>collecto</strong></span> <span class='ocrx_word' id='word_1_366' title='bbox 1542 3032 1794 3105; x_wconf 89' lang='lat' dir='ltr'><strong>agmine,</strong></span> <span class='ocrx_word' id='word_1_367' title='bbox 1828 3032 1941 3089; x_wconf 87' lang='lat' dir='ltr'><strong>nisi</strong></span> <span class='ocrx_word' id='word_1_368' title='bbox 1992 3036 2132 3089; x_wconf 90' lang='lat' dir='ltr'><strong>sunt</strong></span> <span class='ocrx_word' id='word_1_369' title='bbox 2238 3025 2580 3083; x_wconf 78' lang='lat' dir='ltr'><strong>Galliarum.</strong></span> <span class='ocrx_word' id='word_1_370' title='bbox 2609 3028 2740 3085; x_wconf 73' lang='lat' dir='ltr'><strong>H2130</strong></span> <span class='ocrx_word' id='word_1_371' title='bbox 2771 3044 3024 3103; x_wconf 89' lang='lat' dir='ltr'><strong>quoque,</strong></span> <span class='ocrx_word' id='word_1_372' title='bbox 3059 3048 3186 3105; x_wconf 64' lang='lat' dir='ltr'><strong>qua:</strong></span> <span class='ocrx_word' id='word_1_373' title='bbox 3226 3030 3554 3099; x_wconf 89' lang='lat' dir='ltr'><strong>retulimus,</strong></span> <span class='ocrx_word' id='word_1_374' title='bbox 3577 3046 3668 3104; x_wconf 90' lang='lat' dir='ltr'><strong>per</strong></span> <span class='ocrx_word' id='word_1_375' title='bbox 3692 3027 3830 3082; x_wconf 84' lang='lat' dir='ltr'><strong>inter-</strong></span> 
     </span>
    </p>
   </div>
   <div class='ocr_carea' id='block_1_32' title="bbox 485 3110 3829 3196">
    <p class='ocr_par' dir='ltr' id='par_1_32' title="bbox 485 3110 3829 3196">
     <span class='ocr_line' id='line_1_32' title="bbox 485 3110 3829 3196; baseline -0.001 -22"><span class='ocrx_word' id='word_1_376' title='bbox 485 3119 763 3175; x_wconf 85' lang='lat' dir='ltr'><strong>adversus</strong></span> <span class='ocrx_word' id='word_1_377' title='bbox 792 3119 1134 3191; x_wconf 70' lang='lat' dir='ltr'><strong>prmdictum</strong></span> <span class='ocrx_word' id='word_1_378' title='bbox 1155 3118 1373 3192; x_wconf 80' lang='lat' dir='ltr'><strong>Algalif</strong></span> <span class='ocrx_word' id='word_1_379' title='bbox 1386 3120 1533 3176; x_wconf 91' lang='lat' dir='ltr'><strong>inire</strong></span> <span class='ocrx_word' id='word_1_380' title='bbox 1554 3134 1835 3194; x_wconf 88' lang='lat' dir='ltr'><strong>pugnam.</strong></span> <span class='ocrx_word' id='word_1_381' title='bbox 1859 3122 1969 3177; x_wconf 91' lang='lat' dir='ltr'><strong>Sed</strong></span> <span class='ocrx_word' id='word_1_382' title='bbox 1994 3132 2128 3177; x_wconf 87' lang='lat' dir='ltr'><strong>eum</strong></span> <span class='ocrx_word' id='word_1_383' title='bbox 2175 3195 2186 3196; x_wconf 16' lang='grc' dir='ltr'>ί</span> <span class='ocrx_word' id='word_1_384' title='bbox 2236 3114 2386 3172; x_wconf 82' lang='lat' dir='ltr'><strong>valla</strong></span> <span class='ocrx_word' id='word_1_385' title='bbox 2417 3117 2824 3175; x_wconf 82' lang='lat' dir='ltr'><strong>defunctorum</strong></span> <span class='ocrx_word' id='word_1_386' title='bbox 2856 3136 3058 3193; x_wconf 89' lang='lat' dir='ltr'><strong>regum</strong></span> <span class='ocrx_word' id='word_1_387' title='bbox 3091 3137 3195 3177; x_wconf 91' lang='lat' dir='ltr'><strong>seu</strong></span> <span class='ocrx_word' id='word_1_388' title='bbox 3233 3121 3645 3196; x_wconf 86' lang='lat' dir='ltr'><strong>imperatorum</strong></span> <span class='ocrx_word' id='word_1_389' title='bbox 3669 3110 3829 3172; x_wconf 84' lang='lat' dir='ltr'><strong>tamin</strong></span> 
     </span>
    </p>
   </div>
   <div class='ocr_carea' id='block_1_33' title="bbox 483 3195 3855 3284">
    <p class='ocr_par' dir='ltr' id='par_1_33' title="bbox 483 3195 3855 3284">
     <span class='ocr_line' id='line_1_33' title="bbox 483 3195 3855 3284; baseline 0.001 -20"><span class='ocrx_word' id='word_1_390' title='bbox 483 3208 2128 3284; x_wconf 78' lang='lat' dir='ltr'><strong>secernerentexercitunimiumimpares,utsaepiusmos</strong></span> <span class='ocrx_word' id='word_1_391' title='bbox 2158 3195 2202 3263; x_wconf 87' lang='lat' dir='ltr'><strong><em>C</em></strong></span> <span class='ocrx_word' id='word_1_392' title='bbox 2238 3204 2402 3262; x_wconf 78' lang='lat' dir='ltr'><strong>italia</strong></span> <span class='ocrx_word' id='word_1_393' title='bbox 2432 3222 2610 3279; x_wconf 90' lang='lat' dir='ltr'><strong>quam</strong></span> <span class='ocrx_word' id='word_1_394' title='bbox 2639 3206 2699 3263; x_wconf 93' lang='lat' dir='ltr'><strong>in</strong></span> <span class='ocrx_word' id='word_1_395' title='bbox 2741 3206 2965 3274; x_wconf 89' lang='lat' dir='ltr'><strong>Galliis,</strong></span> <span class='ocrx_word' id='word_1_396' title='bbox 2999 3195 3358 3284; x_wconf 86' lang='lat' dir='ltr'><strong>priusquam</strong></span> <span class='ocrx_word' id='word_1_397' title='bbox 3408 3207 3855 3271; x_wconf 56' lang='lat' dir='ltr'><strong>restaurarenllﬂ&#39;u</strong></span> 
     </span>
    </p>
   </div>
   <div class='ocr_carea' id='block_1_34' title="bbox 484 3293 3829 3373">
    <p class='ocr_par' dir='ltr' id='par_1_34' title="bbox 484 3293 3829 3373">
     <span class='ocr_line' id='line_1_34' title="bbox 484 3293 3829 3373; baseline 0.001 -21"><span class='ocrx_word' id='word_1_398' title='bbox 484 3297 713 3353; x_wconf 86' lang='lat' dir='ltr'><strong>estistis</strong></span> <span class='ocrx_word' id='word_1_399' title='bbox 735 3298 1035 3354; x_wconf 89' lang='lat' dir='ltr'><strong>modernis</strong></span> <span class='ocrx_word' id='word_1_400' title='bbox 1056 3297 1292 3366; x_wconf 87' lang='lat' dir='ltr'><strong>Italicis,</strong></span> <span class='ocrx_word' id='word_1_401' title='bbox 1318 3298 1467 3371; x_wconf 64' lang='lat' dir='ltr'><strong>fuga;</strong></span> <span class='ocrx_word' id='word_1_402' title='bbox 1489 3299 1684 3372; x_wconf 89' lang='lat' dir='ltr'><strong>potius</strong></span> <span class='ocrx_word' id='word_1_403' title='bbox 1711 3315 1888 3372; x_wconf 85' lang='lat' dir='ltr'><strong>quam</strong></span> <span class='ocrx_word' id='word_1_404' title='bbox 1909 3299 2130 3356; x_wconf 91' lang='lat' dir='ltr'><strong>bellum</strong></span> <span class='ocrx_word' id='word_1_405' title='bbox 2240 3293 2455 3367; x_wconf 67' lang='lat' dir='ltr'><strong>Stepius</strong></span> <span class='ocrx_word' id='word_1_406' title='bbox 2477 3296 2863 3372; x_wconf 82' lang='lat' dir='ltr'><strong>contigerunt.</strong></span> <span class='ocrx_word' id='word_1_407' title='bbox 2887 3297 2999 3354; x_wconf 89' lang='lat' dir='ltr'><strong>Sed</strong></span> <span class='ocrx_word' id='word_1_408' title='bbox 3023 3314 3158 3355; x_wconf 89' lang='lat' dir='ltr'><strong>cum</strong></span> <span class='ocrx_word' id='word_1_409' title='bbox 3183 3297 3419 3356; x_wconf 86' lang='lat' dir='ltr'><strong>interea</strong></span> <span class='ocrx_word' id='word_1_410' title='bbox 3441 3297 3698 3373; x_wconf 65' lang='lat' dir='ltr'><strong>prmdicta</strong></span> <span class='ocrx_word' id='word_1_411' title='bbox 3723 3306 3829 3366; x_wconf 73' lang='lat' dir='ltr'><strong>gen-</strong></span> 
     </span>
    </p>
   </div>
   <div class='ocr_carea' id='block_1_35' title="bbox 488 3380 3837 3462">
    <p class='ocr_par' dir='ltr' id='par_1_35' title="bbox 488 3380 3837 3462">
     <span class='ocr_line' id='line_1_35' title="bbox 488 3380 3837 3462; baseline 0.003 -23"><span class='ocrx_word' id='word_1_412' title='bbox 488 3384 692 3458; x_wconf 87' lang='lat' dir='ltr'><strong>[belli],</strong></span> <span class='ocrx_word' id='word_1_413' title='bbox 725 3386 940 3458; x_wconf 89' lang='lat' dir='ltr'><strong>petiere</strong></span> <span class='ocrx_word' id='word_1_414' title='bbox 964 3387 1323 3459; x_wconf 80' lang='lat' dir='ltr'><strong>praesidium.</strong></span> <span class='ocrx_word' id='word_1_415' title='bbox 1357 3388 1580 3444; x_wconf 86' lang='lat' dir='ltr'><strong>Interea</strong></span> <span class='ocrx_word' id='word_1_416' title='bbox 1619 3388 1831 3445; x_wconf 89' lang='lat' dir='ltr'><strong>reversi</strong></span> <span class='ocrx_word' id='word_1_417' title='bbox 1863 3406 1997 3446; x_wconf 91' lang='lat' dir='ltr'><strong>cum</strong></span> <span class='ocrx_word' id='word_1_418' title='bbox 2024 3408 2131 3447; x_wconf 93' lang='lat' dir='ltr'><strong>suo</strong></span> <span class='ocrx_word' id='word_1_419' title='bbox 2234 3382 2314 3441; x_wconf 75' lang='lat' dir='ltr'><strong>tis</strong></span> <span class='ocrx_word' id='word_1_420' title='bbox 2344 3385 2630 3441; x_wconf 74' lang='lat' dir='ltr'><strong>exercitus</strong></span> <span class='ocrx_word' id='word_1_421' title='bbox 2679 3403 2840 3444; x_wconf 80' lang='lat' dir='ltr'><strong>more</strong></span> <span class='ocrx_word' id='word_1_422' title='bbox 2887 3386 3060 3444; x_wconf 82' lang='lat' dir='ltr'><strong>solito</strong></span> <span class='ocrx_word' id='word_1_423' title='bbox 3104 3388 3177 3445; x_wconf 79' lang='lat' dir='ltr'><strong>ad</strong></span> <span class='ocrx_word' id='word_1_424' title='bbox 3215 3388 3439 3446; x_wconf 77' lang='lat' dir='ltr'><strong>Gallias</strong></span> <span class='ocrx_word' id='word_1_425' title='bbox 3470 3386 3745 3462; x_wconf 62' lang='lat' dir='ltr'><strong>procedere</strong></span> <span class='ocrx_word' id='word_1_426' title='bbox 3766 3380 3837 3436; x_wconf 65' lang='lat' dir='ltr'><strong>de’</strong></span> 
     </span>
    </p>
   </div>
   <div class='ocr_carea' id='block_1_36' title="bbox 481 3467 3834 3554">
    <p class='ocr_par' dir='ltr' id='par_1_36' title="bbox 481 3467 3834 3554">
     <span class='ocr_line' id='line_1_36' title="bbox 481 3467 3834 3554; baseline 0.005 -27"><span class='ocrx_word' id='word_1_427' title='bbox 481 3473 746 3547; x_wconf 88' lang='lat' dir='ltr'><strong>principe</strong></span> <span class='ocrx_word' id='word_1_428' title='bbox 774 3474 848 3529; x_wconf 88' lang='lat' dir='ltr'><strong>ad</strong></span> <span class='ocrx_word' id='word_1_429' title='bbox 876 3475 1131 3531; x_wconf 83' lang='lat' dir='ltr'><strong>Africam</strong></span> <span class='ocrx_word' id='word_1_430' title='bbox 1161 3476 1483 3544; x_wconf 90' lang='lat' dir='ltr'><strong>Sarraceni,</strong></span> <span class='ocrx_word' id='word_1_431' title='bbox 1508 3476 1703 3533; x_wconf 91' lang='lat' dir='ltr'><strong>abillo</strong></span> <span class='ocrx_word' id='word_1_432' title='bbox 1734 3482 1993 3551; x_wconf 88' lang='lat' dir='ltr'><strong>tempore</strong></span> <span class='ocrx_word' id='word_1_433' title='bbox 2015 3497 2131 3536; x_wconf 90' lang='lat' dir='ltr'><strong>non</strong></span> <span class='ocrx_word' id='word_1_434' title='bbox 2238 3474 2529 3544; x_wconf 70' lang='lat' dir='ltr'><strong>crevisset,</strong></span> <span class='ocrx_word' id='word_1_435' title='bbox 2563 3476 2816 3531; x_wconf 71' lang='lat' dir='ltr'><strong>occurrit</strong></span> <span class='ocrx_word' id='word_1_436' title='bbox 2861 3476 2978 3533; x_wconf 81' lang='lat' dir='ltr'><strong>illis</strong></span> <span class='ocrx_word' id='word_1_437' title='bbox 3015 3477 3142 3550; x_wconf 80' lang='lat' dir='ltr'><strong>jam</strong></span> <span class='ocrx_word' id='word_1_438' title='bbox 3172 3476 3422 3554; x_wconf 79' lang='lat' dir='ltr'><strong>longius</strong></span> <span class='ocrx_word' id='word_1_439' title='bbox 3449 3496 3484 3535; x_wconf 73' lang='lat'><strong>8</strong></span> <span class='ocrx_word' id='word_1_440' title='bbox 3514 3474 3626 3533; x_wconf 66' lang='lat'><strong>801°</strong></span> <span class='ocrx_word' id='word_1_441' title='bbox 3650 3467 3834 3548; x_wconf 65' lang='grc' dir='ltr'><strong>ΡΡοΡτῖθ</strong></span> 
     </span>
    </p>
   </div>
   <div class='ocr_carea' id='block_1_37' title="bbox 480 3562 3839 3641">
    <p class='ocr_par' dir='ltr' id='par_1_37' title="bbox 480 3562 3839 3641">
     <span class='ocr_line' id='line_1_37' title="bbox 480 3562 3839 3641; baseline -0.001 -23"><span class='ocrx_word' id='word_1_442' title='bbox 480 3562 832 3618; x_wconf 90' lang='lat' dir='ltr'><strong>destiterunt</strong></span> <span class='ocrx_word' id='word_1_443' title='bbox 886 3562 1235 3637; x_wconf 87' lang='lat' dir='ltr'><strong>impugnare</strong></span> <span class='ocrx_word' id='word_1_444' title='bbox 1291 3564 1585 3637; x_wconf 90' lang='lat' dir='ltr'><strong>regionem</strong></span> <span class='ocrx_word' id='word_1_445' title='bbox 1630 3565 1825 3632; x_wconf 63' lang='lat' dir='ltr'><strong>Italiae,</strong></span> <span class='ocrx_word' id='word_1_446' title='bbox 1862 3568 2130 3640; x_wconf 83' lang='lat' dir='ltr'><strong>qnamvis</strong></span> <span class='ocrx_word' id='word_1_447' title='bbox 2237 3564 2479 3620; x_wconf 87' lang='lat' dir='ltr'><strong>remotis</strong></span> <span class='ocrx_word' id='word_1_448' title='bbox 2511 3565 2856 3623; x_wconf 83' lang='lat' dir='ltr'><strong>venerabilis</strong></span> <span class='ocrx_word' id='word_1_449' title='bbox 2878 3566 3237 3641; x_wconf 71' lang='lat' dir='ltr'><strong>Burgundias</strong></span> <span class='ocrx_word' id='word_1_450' title='bbox 3271 3570 3394 3626; x_wconf 85' lang='lat' dir='ltr'><strong>dux</strong></span> <span class='ocrx_word' id='word_1_451' title='bbox 3415 3564 3732 3631; x_wconf 85' lang='lat' dir='ltr'><strong>Richardus,</strong></span> <span class='ocrx_word' id='word_1_452' title='bbox 3757 3576 3839 3634; x_wconf 82' lang='lat' dir='ltr'><strong>pa-</strong></span> 
     </span>
    </p>
   </div>
   <div class='ocr_carea' id='block_1_38' title="bbox 477 3644 3835 3732">
    <p class='ocr_par' dir='ltr' id='par_1_38' title="bbox 477 3644 3835 3732">
     <span class='ocr_line' id='line_1_38' title="bbox 477 3644 3835 3732; baseline -0.001 -26"><span class='ocrx_word' id='word_1_453' title='bbox 477 3649 755 3724; x_wconf 86' lang='lat' dir='ltr'><strong>plurimis</strong></span> <span class='ocrx_word' id='word_1_454' title='bbox 776 3651 1025 3707; x_wconf 81' lang='lat' dir='ltr'><strong>fuissent</strong></span> <span class='ocrx_word' id='word_1_455' title='bbox 1046 3651 1263 3725; x_wconf 72' lang='lat' dir='ltr'><strong>prmliis</strong></span> <span class='ocrx_word' id='word_1_456' title='bbox 1282 3653 1539 3709; x_wconf 88' lang='lat' dir='ltr'><strong>lacessiti</strong></span> <span class='ocrx_word' id='word_1_457' title='bbox 1562 3657 1682 3709; x_wconf 89' lang='lat' dir='ltr'><strong>tam</strong></span> <span class='ocrx_word' id='word_1_458' title='bbox 1716 3655 1787 3710; x_wconf 90' lang='lat' dir='ltr'><strong>ab</strong></span> <span class='ocrx_word' id='word_1_459' title='bbox 1820 3656 2131 3728; x_wconf 84' lang='lat' dir='ltr'><strong>imperato-</strong></span> <span class='ocrx_word' id='word_1_460' title='bbox 2237 3656 2325 3709; x_wconf 88' lang='lat' dir='ltr'><strong>ter</strong></span> <span class='ocrx_word' id='word_1_461' title='bbox 2354 3652 2577 3710; x_wconf 89' lang='lat' dir='ltr'><strong>scilicet</strong></span> <span class='ocrx_word' id='word_1_462' title='bbox 2605 3654 2758 3728; x_wconf 90' lang='lat' dir='ltr'><strong>regis</strong></span> <span class='ocrx_word' id='word_1_463' title='bbox 2791 3655 3192 3729; x_wconf 81' lang='lat' dir='ltr'><strong>Rodulphi,ut</strong></span> <span class='ocrx_word' id='word_1_464' title='bbox 3210 3674 3399 3732; x_wconf 88' lang='lat' dir='ltr'><strong>supra</strong></span> <span class='ocrx_word' id='word_1_465' title='bbox 3426 3644 3835 3713; x_wconf 83' lang='lat' dir='ltr'><strong>commemoravi-</strong></span> 
     </span>
    </p>
   </div>
   <div class='ocr_carea' id='block_1_39' title="bbox 477 3739 3836 3820">
    <p class='ocr_par' dir='ltr' id='par_1_39' title="bbox 477 3739 3836 3820">
     <span class='ocr_line' id='line_1_39' title="bbox 477 3739 3836 3820; baseline 0.003 -25"><span class='ocrx_word' id='word_1_466' title='bbox 477 3739 645 3796; x_wconf 90' lang='lat' dir='ltr'><strong>ribus</strong></span> <span class='ocrx_word' id='word_1_467' title='bbox 663 3754 840 3812; x_wconf 88' lang='lat' dir='ltr'><strong>quam</strong></span> <span class='ocrx_word' id='word_1_468' title='bbox 859 3740 1373 3812; x_wconf 82' lang='lat' dir='ltr'><strong>apatriaeducibus</strong></span> <span class='ocrx_word' id='word_1_469' title='bbox 1392 3758 1458 3798; x_wconf 89' lang='lat' dir='ltr'><strong>ac</strong></span> <span class='ocrx_word' id='word_1_470' title='bbox 1476 3742 2129 3819; x_wconf 85' lang='lat' dir='ltr'><strong>marchionibus,usque</strong></span> <span class='ocrx_word' id='word_1_471' title='bbox 2236 3758 2391 3797; x_wconf 89' lang='lat' dir='ltr'><strong>mus.</strong></span> <span class='ocrx_word' id='word_1_472' title='bbox 2426 3742 2689 3815; x_wconf 88' lang='lat' dir='ltr'><strong>Initoque</strong></span> <span class='ocrx_word' id='word_1_473' title='bbox 2718 3758 2852 3799; x_wconf 90' lang='lat' dir='ltr'><strong>cum</strong></span> <span class='ocrx_word' id='word_1_474' title='bbox 2896 3743 2980 3801; x_wconf 89' lang='lat' dir='ltr'><strong>eis</strong></span> <span class='ocrx_word' id='word_1_475' title='bbox 3014 3745 3247 3820; x_wconf 75' lang='lat' dir='ltr'><strong>praelia,</strong></span> <span class='ocrx_word' id='word_1_476' title='bbox 3284 3750 3456 3803; x_wconf 87' lang='lat' dir='ltr'><strong>tanta</strong></span> <span class='ocrx_word' id='word_1_477' title='bbox 3485 3743 3629 3802; x_wconf 81' lang='lat' dir='ltr'><strong>caede</strong></span> <span class='ocrx_word' id='word_1_478' title='bbox 3652 3740 3836 3799; x_wconf 74' lang='lat' dir='ltr'><strong>eosdem</strong></span> 
     </span>
    </p>
   </div>
   <div class='ocr_carea' id='block_1_40' title="bbox 476 3822 3837 3909">
    <p class='ocr_par' dir='ltr' id='par_1_40' title="bbox 476 3822 3837 3909">
     <span class='ocr_line' id='line_1_40' title="bbox 476 3822 3837 3909; baseline 0 -22"><span class='ocrx_word' id='word_1_479' title='bbox 476 3829 552 3887; x_wconf 83' lang='lat' dir='ltr'><strong>ad</strong></span> <span class='ocrx_word' id='word_1_480' title='bbox 571 3827 873 3885; x_wconf 85' lang='lat' dir='ltr'><strong>Aitmuzor</strong></span> <span class='ocrx_word' id='word_1_481' title='bbox 897 3828 1135 3885; x_wconf 90' lang='lat' dir='ltr'><strong>illorum</strong></span> <span class='ocrx_word' id='word_1_482' title='bbox 1157 3829 1515 3903; x_wconf 90' lang='lat' dir='ltr'><strong>prinpipem,</strong></span> <span class='ocrx_word' id='word_1_483' title='bbox 1541 3836 1600 3887; x_wconf 92' lang='lat' dir='ltr'><strong>et</strong></span> <span class='ocrx_word' id='word_1_484' title='bbox 1620 3832 1959 3904; x_wconf 67' lang='lat' dir='ltr'><strong>praedictum</strong></span> <span class='ocrx_word' id='word_1_485' title='bbox 1984 3834 2129 3891; x_wconf 88' lang='lat' dir='ltr'><strong>Hen-</strong></span> <span class='ocrx_word' id='word_1_486' title='bbox 2236 3832 2564 3902; x_wconf 88' lang='lat' dir='ltr'><strong>prostravit,</strong></span> <span class='ocrx_word' id='word_1_487' title='bbox 2589 3837 2654 3887; x_wconf 92' lang='lat' dir='ltr'><strong>ut</strong></span> <span class='ocrx_word' id='word_1_488' title='bbox 2683 3833 2957 3906; x_wconf 90' lang='lat' dir='ltr'><strong>perpauci</strong></span> <span class='ocrx_word' id='word_1_489' title='bbox 2989 3850 3058 3891; x_wconf 84' lang='lat' dir='ltr'><strong>ex</strong></span> <span class='ocrx_word' id='word_1_490' title='bbox 3083 3834 3167 3890; x_wconf 90' lang='lat' dir='ltr'><strong>eis</strong></span> <span class='ocrx_word' id='word_1_491' title='bbox 3205 3834 3352 3909; x_wconf 89' lang='lat' dir='ltr'><strong>fuga</strong></span> <span class='ocrx_word' id='word_1_492' title='bbox 3380 3832 3533 3908; x_wconf 88' lang='lat' dir='ltr'><strong>lapsi</strong></span> <span class='ocrx_word' id='word_1_493' title='bbox 3560 3833 3624 3889; x_wconf 88' lang='lat' dir='ltr'><strong>ad</strong></span> <span class='ocrx_word' id='word_1_494' title='bbox 3653 3822 3837 3903; x_wconf 63' lang='lat' dir='ltr'><strong>propria</strong></span> 
     </span>
    </p>
   </div>
   <div class='ocr_carea' id='block_1_41' title="bbox 475 3914 3841 3998">
    <p class='ocr_par' dir='ltr' id='par_1_41' title="bbox 475 3914 3841 3998">
     <span class='ocr_line' id='line_1_41' title="bbox 475 3914 3841 3998; baseline -0.001 -24"><span class='ocrx_word' id='word_1_495' title='bbox 475 3917 663 3974; x_wconf 89' lang='lat' dir='ltr'><strong>ricum</strong></span> <span class='ocrx_word' id='word_1_496' title='bbox 694 3917 1093 3976; x_wconf 80' lang='lat' dir='ltr'><strong>Romanorum</strong></span> <span class='ocrx_word' id='word_1_497' title='bbox 1122 3918 1556 3993; x_wconf 88' lang='lat' dir='ltr'><strong>imperatorem.</strong></span> <span class='ocrx_word' id='word_1_498' title='bbox 1582 3921 1924 3994; x_wconf 71' lang='lat' dir='ltr'><strong>Preascripto</strong></span> <span class='ocrx_word' id='word_1_499' title='bbox 1946 3923 2128 3996; x_wconf 90' lang='lat' dir='ltr'><strong>igitur</strong></span> <span class='ocrx_word' id='word_1_500' title='bbox 2233 3920 2327 3976; x_wconf 84' lang='lat' dir='ltr'><strong>vix</strong></span> <span class='ocrx_word' id='word_1_501' title='bbox 2356 3926 2703 3978; x_wconf 87' lang='lat' dir='ltr'><strong>remearent.</strong></span> <span class='ocrx_word' id='word_1_502' title='bbox 2733 3922 2803 3978; x_wconf 88' lang='lat' dir='ltr'><strong>Et</strong></span> <span class='ocrx_word' id='word_1_503' title='bbox 2846 3922 2982 3979; x_wconf 90' lang='lat' dir='ltr'><strong>licet</strong></span> <span class='ocrx_word' id='word_1_504' title='bbox 3026 3923 3294 3997; x_wconf 66' lang='lat' dir='ltr'><strong>posthaec</strong></span> <span class='ocrx_word' id='word_1_505' title='bbox 3344 3922 3547 3998; x_wconf 79' lang='lat' dir='ltr'><strong>plures</strong></span> <span class='ocrx_word' id='word_1_506' title='bbox 3574 3914 3765 3978; x_wconf 87' lang='lat' dir='ltr'><strong>insulas</strong></span> <span class='ocrx_word' id='word_1_507' title='bbox 3790 3927 3841 3969; x_wconf 78' lang='lat' dir='ltr'><strong>ac</strong></span> 
     </span>
    </p>
   </div>
   <div class='ocr_carea' id='block_1_42' title="bbox 474 3998 3841 4086">
    <p class='ocr_par' dir='ltr' id='par_1_42' title="bbox 474 3998 3841 4086">
     <span class='ocr_line' id='line_1_42' title="bbox 474 3998 3841 4086; baseline -0.001 -22"><span class='ocrx_word' id='word_1_508' title='bbox 474 4011 758 4081; x_wconf 89' lang='lat' dir='ltr'><strong>tempore,</strong></span> <span class='ocrx_word' id='word_1_509' title='bbox 790 4024 906 4064; x_wconf 90' lang='lat' dir='ltr'><strong>non</strong></span> <span class='ocrx_word' id='word_1_510' title='bbox 958 4008 1150 4065; x_wconf 90' lang='lat' dir='ltr'><strong>minor</strong></span> <span class='ocrx_word' id='word_1_511' title='bbox 1195 4008 1391 4066; x_wconf 89' lang='lat' dir='ltr'><strong>clades</strong></span> <span class='ocrx_word' id='word_1_512' title='bbox 1425 4010 1485 4065; x_wconf 92' lang='lat' dir='ltr'><strong>in</strong></span> <span class='ocrx_word' id='word_1_513' title='bbox 1516 4009 1833 4067; x_wconf 87' lang='lat' dir='ltr'><strong>Galliarum</strong></span> <span class='ocrx_word' id='word_1_514' title='bbox 1868 4011 2122 4085; x_wconf 88' lang='lat' dir='ltr'><strong>populis,</strong></span> <span class='ocrx_word' id='word_1_515' title='bbox 2232 4008 2563 4082; x_wconf 88' lang='lat' dir='ltr'><strong>provincias</strong></span> <span class='ocrx_word' id='word_1_516' title='bbox 2593 4010 2741 4067; x_wconf 88' lang='lat' dir='ltr'><strong>mari</strong></span> <span class='ocrx_word' id='word_1_517' title='bbox 2771 4012 3079 4086; x_wconf 88' lang='lat' dir='ltr'><strong>contiguas</strong></span> <span class='ocrx_word' id='word_1_518' title='bbox 3110 4012 3297 4070; x_wconf 89' lang='lat' dir='ltr'><strong>iidem</strong></span> <span class='ocrx_word' id='word_1_519' title='bbox 3328 4012 3554 4072; x_wconf 86' lang='lat' dir='ltr'><strong>scilicet</strong></span> <span class='ocrx_word' id='word_1_520' title='bbox 3578 3998 3841 4066; x_wconf 84' lang='lat' dir='ltr'><strong>Normanni</strong></span> 
     </span>
    </p>
   </div>
   <div class='ocr_carea' id='block_1_43' title="bbox 472 4095 3842 4173">
    <p class='ocr_par' dir='ltr' id='par_1_43' title="bbox 472 4095 3842 4173">
     <span class='ocr_line' id='line_1_43' title="bbox 472 4095 3842 4173; baseline 0 -21"><span class='ocrx_word' id='word_1_521' title='bbox 472 4095 945 4153; x_wconf 87' lang='lat' dir='ltr'><strong>Normannorum</strong></span> <span class='ocrx_word' id='word_1_522' title='bbox 995 4096 1387 4167; x_wconf 86' lang='lat' dir='ltr'><strong>infestatione,</strong></span> <span class='ocrx_word' id='word_1_523' title='bbox 1429 4098 1652 4154; x_wconf 81' lang='lat' dir='ltr'><strong>exstitit</strong></span> <span class='ocrx_word' id='word_1_524' title='bbox 1701 4098 1981 4156; x_wconf 89' lang='lat' dir='ltr'><strong>hostium.</strong></span> <span class='ocrx_word' id='word_1_525' title='bbox 2016 4100 2125 4165; x_wconf 89' lang='lat' dir='ltr'><strong>Qui</strong></span> <span class='ocrx_word' id='word_1_526' title='bbox 2232 4095 2731 4171; x_wconf 86' lang='lat' dir='ltr'><strong>depopulaverint,</strong></span> <span class='ocrx_word' id='word_1_527' title='bbox 2758 4099 2815 4154; x_wconf 88' lang='lat' dir='ltr'><strong>in</strong></span> <span class='ocrx_word' id='word_1_528' title='bbox 2849 4104 3043 4173; x_wconf 86' lang='lat' dir='ltr'><strong>partes</strong></span> <span class='ocrx_word' id='word_1_529' title='bbox 3070 4105 3279 4159; x_wconf 91' lang='lat' dir='ltr'><strong>tamen</strong></span> <span class='ocrx_word' id='word_1_530' title='bbox 3306 4100 3655 4161; x_wconf 86' lang='lat' dir='ltr'><strong>Francorum</strong></span> <span class='ocrx_word' id='word_1_531' title='bbox 3680 4104 3842 4168; x_wconf 79' lang='lat' dir='ltr'><strong>regum</strong></span> 
     </span>
    </p>
   </div>
   <div class='ocr_carea' id='block_1_44' title="bbox 471 4177 3841 4263">
    <p class='ocr_par' dir='ltr' id='par_1_44' title="bbox 471 4177 3841 4263">
     <span class='ocr_line' id='line_1_44' title="bbox 471 4177 3841 4263; baseline -0 -21"><span class='ocrx_word' id='word_1_532' title='bbox 471 4185 741 4243; x_wconf 88' lang='lat' dir='ltr'><strong>videlicet</strong></span> <span class='ocrx_word' id='word_1_533' title='bbox 763 4185 1085 4242; x_wconf 89' lang='lat' dir='ltr'><strong>Normanni</strong></span> <span class='ocrx_word' id='word_1_534' title='bbox 1109 4202 1321 4243; x_wconf 88' lang='lat' dir='ltr'><strong>nomen</strong></span> <span class='ocrx_word' id='word_1_535' title='bbox 1346 4186 1482 4244; x_wconf 91' lang='lat' dir='ltr'><strong>inde</strong></span> <span class='ocrx_word' id='word_1_536' title='bbox 1512 4190 2122 4262; x_wconf 85' lang='lat' dir='ltr'><strong>sumpsere,qnoniam</strong></span> <span class='ocrx_word' id='word_1_537' title='bbox 2232 4190 2390 4243; x_wconf 86' lang='lat' dir='ltr'><strong>sorte</strong></span> <span class='ocrx_word' id='word_1_538' title='bbox 2419 4188 2704 4261; x_wconf 90' lang='lat' dir='ltr'><strong>regendas</strong></span> <span class='ocrx_word' id='word_1_539' title='bbox 2735 4206 2851 4245; x_wconf 88' lang='lat' dir='ltr'><strong>non</strong></span> <span class='ocrx_word' id='word_1_540' title='bbox 2904 4188 3205 4263; x_wconf 90' lang='lat' dir='ltr'><strong>deinceps,</strong></span> <span class='ocrx_word' id='word_1_541' title='bbox 3240 4191 3363 4263; x_wconf 76' lang='lat' dir='ltr'><strong>nisi</strong></span> <span class='ocrx_word' id='word_1_542' title='bbox 3396 4192 3471 4248; x_wconf 88' lang='lat' dir='ltr'><strong>ab</strong></span> <span class='ocrx_word' id='word_1_543' title='bbox 3500 4186 3700 4246; x_wconf 82' lang='lat' dir='ltr'><strong>eisdem</strong></span> <span class='ocrx_word' id='word_1_544' title='bbox 3722 4177 3841 4252; x_wconf 74' lang='lat' dir='ltr'><strong>regl-</strong></span> 
     </span>
    </p>
   </div>
   <div class='ocr_carea' id='block_1_45' title="bbox 473 4261 3846 4351">
    <p class='ocr_par' dir='ltr' id='par_1_45' title="bbox 473 4261 3846 4351">
     <span class='ocr_line' id='line_1_45' title="bbox 473 4261 3846 4351; baseline 0.001 -21"><span class='ocrx_word' id='word_1_545' title='bbox 473 4278 677 4348; x_wconf 88' lang='lat' dir='ltr'><strong>raptns</strong></span> <span class='ocrx_word' id='word_1_546' title='bbox 721 4290 918 4331; x_wconf 88' lang='lat' dir='ltr'><strong>amore</strong></span> <span class='ocrx_word' id='word_1_547' title='bbox 966 4274 1243 4347; x_wconf 88' lang='lat' dir='ltr'><strong>primitus</strong></span> <span class='ocrx_word' id='word_1_548' title='bbox 1295 4277 1513 4350; x_wconf 90' lang='lat' dir='ltr'><strong>egressi</strong></span> <span class='ocrx_word' id='word_1_549' title='bbox 1564 4292 1631 4332; x_wconf 83' lang='lat' dir='ltr'><strong>cx</strong></span> <span class='ocrx_word' id='word_1_550' title='bbox 1682 4261 2123 4350; x_wconf 86' lang='lat' dir='ltr'><strong>aquilonaribus</strong></span> <span class='ocrx_word' id='word_1_551' title='bbox 2231 4276 2344 4333; x_wconf 88' lang='lat' dir='ltr'><strong>bus</strong></span> <span class='ocrx_word' id='word_1_552' title='bbox 2374 4277 2614 4346; x_wconf 89' lang='lat' dir='ltr'><strong>evocati,</strong></span> <span class='ocrx_word' id='word_1_553' title='bbox 2640 4261 3129 4336; x_wconf 54' lang='lat' dir='ltr'><strong>conscenderunt:</strong></span> <span class='ocrx_word' id='word_1_554' title='bbox 3163 4261 3325 4347; x_wconf 79' lang='lat' dir='ltr'><strong>Quin</strong></span> <span class='ocrx_word' id='word_1_555' title='bbox 3358 4279 3537 4337; x_wconf 85' lang='lat' dir='ltr'><strong>etiam</strong></span> <span class='ocrx_word' id='word_1_556' title='bbox 3566 4272 3722 4351; x_wconf 88' lang='lat' dir='ltr'><strong>paulo</strong></span> <span class='ocrx_word' id='word_1_557' title='bbox 3745 4268 3846 4344; x_wconf 71' lang='lat' dir='ltr'><strong>pOSl</strong></span> 
     </span>
    </p>
   </div>
   <div class='ocr_carea' id='block_1_46' title="bbox 471 4361 3842 4442">
    <p class='ocr_par' dir='ltr' id='par_1_46' title="bbox 471 4361 3842 4442">
     <span class='ocr_line' id='line_1_46' title="bbox 471 4361 3842 4442; baseline -0.002 -22"><span class='ocrx_word' id='word_1_558' title='bbox 471 4364 740 4438; x_wconf 82' lang='lat' dir='ltr'><strong>partibus</strong></span> <span class='ocrx_word' id='word_1_559' title='bbox 797 4365 1075 4421; x_wconf 86' lang='lat' dir='ltr'><strong>audacter</strong></span> <span class='ocrx_word' id='word_1_560' title='bbox 1131 4364 1549 4423; x_wconf 86' lang='lat' dir='ltr'><strong>occidentalem</strong></span> <span class='ocrx_word' id='word_1_561' title='bbox 1607 4368 1820 4438; x_wconf 90' lang='lat' dir='ltr'><strong>petiere</strong></span> <span class='ocrx_word' id='word_1_562' title='bbox 1865 4366 2119 4442; x_wconf 88' lang='lat' dir='ltr'><strong>plagam.</strong></span> <span class='ocrx_word' id='word_1_563' title='bbox 2230 4364 2489 4422; x_wconf 90' lang='lat' dir='ltr'><strong>vicissim</strong></span> <span class='ocrx_word' id='word_1_564' title='bbox 2541 4365 2763 4423; x_wconf 88' lang='lat' dir='ltr'><strong>scilicet</strong></span> <span class='ocrx_word' id='word_1_565' title='bbox 2799 4368 3024 4437; x_wconf 80' lang='lat' dir='ltr'><strong>Franci,</strong></span> <span class='ocrx_word' id='word_1_566' title='bbox 3055 4384 3294 4425; x_wconf 89' lang='lat' dir='ltr'><strong>necnon</strong></span> <span class='ocrx_word' id='word_1_567' title='bbox 3323 4373 3384 4426; x_wconf 87' lang='lat' dir='ltr'><strong>et</strong></span> <span class='ocrx_word' id='word_1_568' title='bbox 3412 4361 3842 4442; x_wconf 76' lang='lat' dir='ltr'><strong>Burgundionum</strong></span> 
     </span>
    </p>
   </div>
   <div class='ocr_carea' id='block_1_47' title="bbox 470 4438 3845 4530">
    <p class='ocr_par' dir='ltr' id='par_1_47' title="bbox 470 4438 3845 4530">
     <span class='ocr_line' id='line_1_47' title="bbox 470 4438 3845 4530; baseline -0.001 -19"><span class='ocrx_word' id='word_1_569' title='bbox 470 4454 772 4528; x_wconf 85' lang='lat' dir='ltr'><strong>Siquidem</strong></span> <span class='ocrx_word' id='word_1_570' title='bbox 789 4454 1243 4528; x_wconf 81' lang='lat' dir='ltr'><strong>iinguaillorum</strong></span> <span class='ocrx_word' id='word_1_571' title='bbox 1268 4456 1507 4530; x_wconf 89' lang='lat' dir='ltr'><strong>propria</strong></span> <span class='ocrx_word' id='word_1_572' title='bbox 1521 4438 2118 4530; x_wconf 14' lang='lat' dir='ltr'><strong>Nortaquiloidicitur,</strong></span> <span class='ocrx_word' id='word_1_573' title='bbox 2231 4450 2514 4527; x_wconf 86' lang='lat' dir='ltr'><strong>plerique,</strong></span> <span class='ocrx_word' id='word_1_574' title='bbox 2538 4470 2672 4511; x_wconf 90' lang='lat' dir='ltr'><strong>cum</strong></span> <span class='ocrx_word' id='word_1_575' title='bbox 2706 4455 2996 4528; x_wconf 81' lang='lat' dir='ltr'><strong>praedictis</strong></span> <span class='ocrx_word' id='word_1_576' title='bbox 3025 4456 3426 4529; x_wconf 88' lang='lat' dir='ltr'><strong>Normannis,</strong></span> <span class='ocrx_word' id='word_1_577' title='bbox 3439 4438 3715 4515; x_wconf 75' lang='lat' dir='ltr'><strong>catboliee:</strong></span> <span class='ocrx_word' id='word_1_578' title='bbox 3741 4438 3845 4503; x_wconf 75' lang='lat' dir='ltr'><strong>ﬁdei</strong></span> 
     </span>
    </p>
   </div>
   <div class='ocr_carea' id='block_1_48' title="bbox 470 4534 3847 4640">
    <p class='ocr_par' dir='ltr' id='par_1_48' title="bbox 470 4534 3847 4640">
     <span class='ocr_line' id='line_1_48' title="bbox 470 4534 3847 4640; baseline -0.004 -40"><span class='ocrx_word' id='word_1_579' title='bbox 470 4543 2120 4640; x_wconf 42' lang='lat' dir='ltr'><strong>Mintquoqu-epopulusappellatumlndeveroltiormanni,</strong></span> <span class='ocrx_word' id='word_1_580' title='bbox 2150 4567 2202 4640; x_wconf 67' lang='grc' dir='ltr'>Β</span> <span class='ocrx_word' id='word_1_581' title='bbox 2224 4545 2351 4615; x_wconf 88' lang='lat' dir='ltr'><strong>jam</strong></span> <span class='ocrx_word' id='word_1_582' title='bbox 2380 4543 2601 4640; x_wconf 79' lang='lat' dir='ltr'><strong>effectis</strong></span> <span class='ocrx_word' id='word_1_583' title='bbox 2637 4544 2981 4640; x_wconf 78' lang='lat' dir='ltr'><strong>cultoribus,</strong></span> <span class='ocrx_word' id='word_1_584' title='bbox 3017 4546 3269 4620; x_wconf 82' lang='lat' dir='ltr'><strong>pacifice</strong></span> <span class='ocrx_word' id='word_1_585' title='bbox 3296 4549 3554 4623; x_wconf 81' lang='lat' dir='ltr'><strong>junxere</strong></span> <span class='ocrx_word' id='word_1_586' title='bbox 3584 4534 3847 4640; x_wconf 57' lang='lat' dir='ltr'><strong>cpnnubia3</strong></span> 
     </span>
    </p>
   </div>
   <div class='ocr_carea' id='block_1_49' title="bbox 471 4631 3851 4710">
    <p class='ocr_par' dir='ltr' id='par_1_49' title="bbox 471 4631 3851 4710">
     <span class='ocr_line' id='line_1_49' title="bbox 471 4631 3851 4710; baseline -0.001 -21"><span class='ocrx_word' id='word_1_587' title='bbox 471 4633 641 4708; x_wconf 88' lang='lat' dir='ltr'><strong>quasi</strong></span> <span class='ocrx_word' id='word_1_588' title='bbox 665 4631 1292 4705; x_wconf 87' lang='lat' dir='ltr'><strong>aquilonarispopulus</strong></span> <span class='ocrx_word' id='word_1_589' title='bbox 1307 4634 1856 4691; x_wconf 89' lang='lat' dir='ltr'><strong>denominantur.Hi</strong></span> <span class='ocrx_word' id='word_1_590' title='bbox 1873 4637 2123 4709; x_wconf 87' lang='lat' dir='ltr'><strong>denique</strong></span> <span class='ocrx_word' id='word_1_591' title='bbox 2150 4631 2184 4645; x_wconf 28' lang='grc' dir='ltr'>θ</span> <span class='ocrx_word' id='word_1_592' title='bbox 2232 4636 2408 4705; x_wconf 91' lang='lat' dir='ltr'><strong>atque</strong></span> <span class='ocrx_word' id='word_1_593' title='bbox 2437 4635 2615 4689; x_wconf 91' lang='lat' dir='ltr'><strong>unius</strong></span> <span class='ocrx_word' id='word_1_594' title='bbox 2637 4633 2791 4707; x_wconf 90' lang='lat' dir='ltr'><strong>regis</strong></span> <span class='ocrx_word' id='word_1_595' title='bbox 2821 4651 3068 4709; x_wconf 89' lang='lat' dir='ltr'><strong>regnum</strong></span> <span class='ocrx_word' id='word_1_596' title='bbox 3102 4636 3230 4710; x_wconf 90' lang='lat' dir='ltr'><strong>pari</strong></span> <span class='ocrx_word' id='word_1_597' title='bbox 3268 4652 3570 4694; x_wconf 89' lang='lat' dir='ltr'><strong>consensu</strong></span> <span class='ocrx_word' id='word_1_598' title='bbox 3599 4631 3851 4689; x_wconf 63' lang='lat' dir='ltr'><strong>decrevew</strong></span> 
     </span>
    </p>
   </div>
   <div class='ocr_carea' id='block_1_50' title="bbox 469 4710 3849 4796">
    <p class='ocr_par' dir='ltr' id='par_1_50' title="bbox 469 4710 3849 4796">
     <span class='ocr_line' id='line_1_50' title="bbox 469 4710 3849 4796; baseline -0.001 -16"><span class='ocrx_word' id='word_1_599' title='bbox 469 4724 529 4780; x_wconf 93' lang='lat' dir='ltr'><strong>in</strong></span> <span class='ocrx_word' id='word_1_600' title='bbox 577 4721 769 4796; x_wconf 90' lang='lat' dir='ltr'><strong>primo</strong></span> <span class='ocrx_word' id='word_1_601' title='bbox 818 4735 1058 4795; x_wconf 88' lang='lat' dir='ltr'><strong>egressu</strong></span> <span class='ocrx_word' id='word_1_602' title='bbox 1116 4722 1340 4779; x_wconf 92' lang='lat' dir='ltr'><strong>diutius</strong></span> <span class='ocrx_word' id='word_1_603' title='bbox 1394 4723 1548 4779; x_wconf 90' lang='lat' dir='ltr'><strong>circa</strong></span> <span class='ocrx_word' id='word_1_604' title='bbox 1606 4740 1768 4780; x_wconf 90' lang='lat' dir='ltr'><strong>mare</strong></span> <span class='ocrx_word' id='word_1_605' title='bbox 1824 4724 2120 4782; x_wconf 88' lang='lat' dir='ltr'><strong>Oceanum</strong></span> <span class='ocrx_word' id='word_1_606' title='bbox 2230 4720 2344 4776; x_wconf 92' lang='lat' dir='ltr'><strong>dici</strong></span> <span class='ocrx_word' id='word_1_607' title='bbox 2376 4725 2608 4778; x_wconf 88' lang='lat' dir='ltr'><strong>etesse.</strong></span> <span class='ocrx_word' id='word_1_608' title='bbox 2652 4723 2912 4796; x_wconf 89' lang='lat' dir='ltr'><strong>Indeque</strong></span> <span class='ocrx_word' id='word_1_609' title='bbox 2974 4724 3086 4781; x_wconf 86' lang='lat' dir='ltr'><strong>orti</strong></span> <span class='ocrx_word' id='word_1_610' title='bbox 3145 4724 3338 4783; x_wconf 86' lang='lat' dir='ltr'><strong>duces</strong></span> <span class='ocrx_word' id='word_1_611' title='bbox 3399 4710 3849 4782; x_wconf 66' lang='lat' dir='ltr'><strong>excellentissimi.</strong></span> 
     </span>
    </p>
   </div>
   <div class='ocr_carea' id='block_1_51' title="bbox 469 4803 3851 4888">
    <p class='ocr_par' dir='ltr' id='par_1_51' title="bbox 469 4803 3851 4888">
     <span class='ocr_line' id='line_1_51' title="bbox 469 4803 3851 4888; baseline -0.002 -19"><span class='ocrx_word' id='word_1_612' title='bbox 469 4814 766 4887; x_wconf 85' lang='lat' dir='ltr'><strong>degentes,</strong></span> <span class='ocrx_word' id='word_1_613' title='bbox 786 4810 1061 4868; x_wconf 82' lang='lat' dir='ltr'><strong>brevibus</strong></span> <span class='ocrx_word' id='word_1_614' title='bbox 1093 4812 1349 4868; x_wconf 88' lang='lat' dir='ltr'><strong>contenti</strong></span> <span class='ocrx_word' id='word_1_615' title='bbox 1383 4812 1712 4886; x_wconf 86' lang='lat' dir='ltr'><strong>stipendiis,</strong></span> <span class='ocrx_word' id='word_1_616' title='bbox 1733 4830 2039 4886; x_wconf 85' lang='lat' dir='ltr'><strong>quousque</strong></span> <span class='ocrx_word' id='word_1_617' title='bbox 2060 4815 2121 4870; x_wconf 90' lang='lat' dir='ltr'><strong>in</strong></span> <span class='ocrx_word' id='word_1_618' title='bbox 2228 4809 2588 4868; x_wconf 89' lang='lat' dir='ltr'><strong>Guillermus</strong></span> <span class='ocrx_word' id='word_1_619' title='bbox 2606 4810 2895 4882; x_wconf 89' lang='lat' dir='ltr'><strong>videlicet,</strong></span> <span class='ocrx_word' id='word_1_620' title='bbox 2911 4815 3465 4888; x_wconf 76' lang='lat' dir='ltr'><strong>atquepostipsum</strong></span> <span class='ocrx_word' id='word_1_621' title='bbox 3487 4811 3697 4888; x_wconf 83' lang='lat' dir='ltr'><strong>quique</strong></span> <span class='ocrx_word' id='word_1_622' title='bbox 3708 4803 3851 4862; x_wconf 77' lang='lat' dir='ltr'><strong>deno-</strong></span> 
     </span>
    </p>
   </div>
   <div class='ocr_carea' id='block_1_52' title="bbox 468 4890 3853 4976">
    <p class='ocr_par' dir='ltr' id='par_1_52' title="bbox 468 4890 3853 4976">
     <span class='ocr_line' id='line_1_52' title="bbox 468 4890 3853 4976; baseline -0.003 -19"><span class='ocrx_word' id='word_1_623' title='bbox 468 4905 701 4975; x_wconf 84' lang='lat' dir='ltr'><strong>gentem</strong></span> <span class='ocrx_word' id='word_1_624' title='bbox 751 4899 1017 4956; x_wconf 81' lang='lat' dir='ltr'><strong>coaluere</strong></span> <span class='ocrx_word' id='word_1_625' title='bbox 1060 4917 1175 4956; x_wconf 89' lang='lat' dir='ltr'><strong>non</strong></span> <span class='ocrx_word' id='word_1_626' title='bbox 1226 4899 1540 4956; x_wconf 86' lang='lat' dir='ltr'><strong>modicam.</strong></span> <span class='ocrx_word' id='word_1_627' title='bbox 1575 4901 1956 4958; x_wconf 90' lang='lat' dir='ltr'><strong>Postmodum</strong></span> <span class='ocrx_word' id='word_1_628' title='bbox 1986 4921 2120 4961; x_wconf 89' lang='lat' dir='ltr'><strong>vero</strong></span> <span class='ocrx_word' id='word_1_629' title='bbox 2226 4899 2457 4967; x_wconf 82' lang='lat' dir='ltr'><strong>minati,</strong></span> <span class='ocrx_word' id='word_1_630' title='bbox 2492 4904 2733 4973; x_wconf 89' lang='lat' dir='ltr'><strong>paterno</strong></span> <span class='ocrx_word' id='word_1_631' title='bbox 2779 4917 2883 4958; x_wconf 88' lang='lat' dir='ltr'><strong>seu</strong></span> <span class='ocrx_word' id='word_1_632' title='bbox 2931 4903 3082 4958; x_wconf 90' lang='lat' dir='ltr'><strong>avito</strong></span> <span class='ocrx_word' id='word_1_633' title='bbox 3127 4903 3272 4976; x_wconf 90' lang='lat' dir='ltr'><strong>jure</strong></span> <span class='ocrx_word' id='word_1_634' title='bbox 3328 4890 3853 4959; x_wconf 82' lang='lat' dir='ltr'><strong>Richardi.Illoruln</strong></span> 
     </span>
    </p>
   </div>
   <div class='ocr_carea' id='block_1_53' title="bbox 467 4978 3856 5066">
    <p class='ocr_par' dir='ltr' id='par_1_53' title="bbox 467 4978 3856 5066">
     <span class='ocr_line' id='line_1_53' title="bbox 467 4978 3856 5066; baseline 0 -24"><span class='ocrx_word' id='word_1_635' title='bbox 467 4987 696 5043; x_wconf 86' lang='lat' dir='ltr'><strong>telluris</strong></span> <span class='ocrx_word' id='word_1_636' title='bbox 728 4987 924 5060; x_wconf 89' lang='lat' dir='ltr'><strong>ampla</strong></span> <span class='ocrx_word' id='word_1_637' title='bbox 953 4994 1010 5044; x_wconf 91' lang='lat' dir='ltr'><strong>et</strong></span> <span class='ocrx_word' id='word_1_638' title='bbox 1040 4987 1229 5062; x_wconf 87' lang='lat' dir='ltr'><strong>pelagi</strong></span> <span class='ocrx_word' id='word_1_639' title='bbox 1262 4988 1458 5044; x_wconf 88' lang='lat' dir='ltr'><strong>hostili</strong></span> <span class='ocrx_word' id='word_1_640' title='bbox 1501 5006 1677 5046; x_wconf 90' lang='lat' dir='ltr'><strong>manu</strong></span> <span class='ocrx_word' id='word_1_641' title='bbox 1713 4996 2115 5065; x_wconf 86' lang='lat' dir='ltr'><strong>pervagantes,</strong></span> <span class='ocrx_word' id='word_1_642' title='bbox 2227 4988 2444 5062; x_wconf 87' lang='lat' dir='ltr'><strong>quippe</strong></span> <span class='ocrx_word' id='word_1_643' title='bbox 2464 4988 2794 5046; x_wconf 86' lang='lat' dir='ltr'><strong>ducaminis</strong></span> <span class='ocrx_word' id='word_1_644' title='bbox 2816 4991 3180 5066; x_wconf 89' lang='lat' dir='ltr'><strong>principatus</strong></span> <span class='ocrx_word' id='word_1_645' title='bbox 3201 4992 3325 5049; x_wconf 82' lang='lat' dir='ltr'><strong>fuit</strong></span> <span class='ocrx_word' id='word_1_646' title='bbox 3339 4978 3856 5064; x_wconf 64' lang='lat' dir='ltr'><strong>metropoliscivim</strong></span> 
     </span>
    </p>
   </div>
   <div class='ocr_carea' id='block_1_54' title="bbox 469 5074 2750 5154">
    <p class='ocr_par' dir='ltr' id='par_1_54' title="bbox 469 5074 2750 5154">
     <span class='ocr_line' id='line_1_54' title="bbox 469 5074 2750 5154; baseline 0.002 -23"><span class='ocrx_word' id='word_1_647' title='bbox 469 5074 700 5146; x_wconf 89' lang='lat' dir='ltr'><strong>aliquas</strong></span> <span class='ocrx_word' id='word_1_648' title='bbox 728 5077 905 5133; x_wconf 88' lang='lat' dir='ltr'><strong>urbes</strong></span> <span class='ocrx_word' id='word_1_649' title='bbox 935 5094 1000 5133; x_wconf 90' lang='lat' dir='ltr'><strong>ac</strong></span> <span class='ocrx_word' id='word_1_650' title='bbox 1032 5077 1360 5150; x_wconf 87' lang='lat' dir='ltr'><strong>provincias</strong></span> <span class='ocrx_word' id='word_1_651' title='bbox 1394 5079 1450 5132; x_wconf 91' lang='lat' dir='ltr'><strong>in</strong></span> <span class='ocrx_word' id='word_1_652' title='bbox 1502 5078 1797 5151; x_wconf 89' lang='lat' dir='ltr'><strong>propriam</strong></span> <span class='ocrx_word' id='word_1_653' title='bbox 1848 5081 2119 5154; x_wconf 87' lang='lat' dir='ltr'><strong>redegere</strong></span> <span class='ocrx_word' id='word_1_654' title='bbox 2228 5076 2750 5151; x_wconf 89' lang='lat' dir='ltr'><strong>Rothomagorum.</strong></span> 
     </span>
    </p>
   </div>
   <div class='ocr_carea' id='block_1_55' title="bbox 469 5153 3857 5240">
    <p class='ocr_par' dir='ltr' id='par_1_55' title="bbox 469 5153 3857 5240">
     <span class='ocr_line' id='line_1_55' title="bbox 469 5153 3857 5240; baseline -0.002 -20"><span class='ocrx_word' id='word_1_655' title='bbox 469 5167 710 5223; x_wconf 78' lang='lat' dir='ltr'><strong>sortem.</strong></span> <span class='ocrx_word' id='word_1_656' title='bbox 744 5164 807 5219; x_wconf 90' lang='lat' dir='ltr'><strong>In</strong></span> <span class='ocrx_word' id='word_1_657' title='bbox 834 5181 1113 5237; x_wconf 88' lang='lat' dir='ltr'><strong>processu</strong></span> <span class='ocrx_word' id='word_1_658' title='bbox 1155 5182 1388 5239; x_wconf 88' lang='lat' dir='ltr'><strong>quoque</strong></span> <span class='ocrx_word' id='word_1_659' title='bbox 1418 5167 1699 5238; x_wconf 90' lang='lat' dir='ltr'><strong>temporis</strong></span> <span class='ocrx_word' id='word_1_660' title='bbox 1730 5171 1892 5224; x_wconf 90' lang='lat' dir='ltr'><strong>ortus</strong></span> <span class='ocrx_word' id='word_1_661' title='bbox 1920 5153 2008 5224; x_wconf 87' lang='lat' dir='ltr'><strong>est</strong></span> <span class='ocrx_word' id='word_1_662' title='bbox 2033 5169 2123 5224; x_wconf 87' lang='lat' dir='ltr'><strong>vir</strong></span> <span class='ocrx_word' id='word_1_663' title='bbox 2299 5169 2443 5222; x_wconf 89' lang='lat' dir='ltr'><strong>Cum</strong></span> <span class='ocrx_word' id='word_1_664' title='bbox 2465 5164 2647 5240; x_wconf 86' lang='lat' dir='ltr'><strong>igitur</strong></span> <span class='ocrx_word' id='word_1_665' title='bbox 2666 5168 2926 5240; x_wconf 66' lang='lat' dir='ltr'><strong>praedicti</strong></span> <span class='ocrx_word' id='word_1_666' title='bbox 2950 5170 3127 5229; x_wconf 84' lang='lat' dir='ltr'><strong>duces</strong></span> <span class='ocrx_word' id='word_1_667' title='bbox 3149 5168 3316 5228; x_wconf 87' lang='lat' dir='ltr'><strong>ultra</strong></span> <span class='ocrx_word' id='word_1_668' title='bbox 3334 5173 3576 5227; x_wconf 66' lang='lat' dir='ltr'><strong>ceteros</strong></span> <span class='ocrx_word' id='word_1_669' title='bbox 3604 5153 3857 5239; x_wconf 75' lang='lat' dir='ltr'><strong>viguerint</strong></span> 
     </span>
    </p>
   </div>
   <div class='ocr_carea' id='block_1_56' title="bbox 468 5250 3857 5333">
    <p class='ocr_par' dir='ltr' id='par_1_56' title="bbox 468 5250 3857 5333">
     <span class='ocr_line' id='line_1_56' title="bbox 468 5250 3857 5333; baseline 0.001 -28"><span class='ocrx_word' id='word_1_670' title='bbox 468 5250 709 5324; x_wconf 88' lang='lat' dir='ltr'><strong>quidam</strong></span> <span class='ocrx_word' id='word_1_671' title='bbox 740 5251 801 5307; x_wconf 90' lang='lat' dir='ltr'><strong>in</strong></span> <span class='ocrx_word' id='word_1_672' title='bbox 830 5268 979 5325; x_wconf 90' lang='lat' dir='ltr'><strong>pago</strong></span> <span class='ocrx_word' id='word_1_673' title='bbox 1009 5252 1353 5310; x_wconf 89' lang='lat' dir='ltr'><strong>Trecassino</strong></span> <span class='ocrx_word' id='word_1_674' title='bbox 1396 5271 1464 5310; x_wconf 80' lang='lat' dir='ltr'><strong>ex</strong></span> <span class='ocrx_word' id='word_1_675' title='bbox 1507 5255 1711 5311; x_wconf 81' lang='lat' dir='ltr'><strong>infimo</strong></span> <span class='ocrx_word' id='word_1_676' title='bbox 1765 5255 2118 5313; x_wconf 88' lang='lat' dir='ltr'><strong>rusticorum</strong></span> <span class='ocrx_word' id='word_1_677' title='bbox 2228 5252 2450 5310; x_wconf 69' lang='lat' dir='ltr'><strong>militiae</strong></span> <span class='ocrx_word' id='word_1_678' title='bbox 2471 5255 2674 5323; x_wconf 89' lang='lat' dir='ltr'><strong>armis,</strong></span> <span class='ocrx_word' id='word_1_679' title='bbox 2696 5259 2823 5313; x_wconf 92' lang='lat' dir='ltr'><strong>tum</strong></span> <span class='ocrx_word' id='word_1_680' title='bbox 2854 5258 3097 5330; x_wconf 86' lang='lat' dir='ltr'><strong>perinde</strong></span> <span class='ocrx_word' id='word_1_681' title='bbox 3127 5276 3249 5333; x_wconf 67' lang='lat' dir='ltr'><strong>pra;</strong></span> <span class='ocrx_word' id='word_1_682' title='bbox 3273 5258 3508 5316; x_wconf 67' lang='lat' dir='ltr'><strong>caeteris</strong></span> <span class='ocrx_word' id='word_1_683' title='bbox 3528 5252 3707 5330; x_wconf 82' lang='lat' dir='ltr'><strong>gratia</strong></span> <span class='ocrx_word' id='word_1_684' title='bbox 3723 5260 3857 5305; x_wconf 66' lang='lat' dir='ltr'><strong>com-</strong></span> 
     </span>
    </p>
   </div>
   <div class='ocr_carea' id='block_1_57' title="bbox 465 5339 3859 5418">
    <p class='ocr_par' dir='ltr' id='par_1_57' title="bbox 465 5339 3859 5418">
     <span class='ocr_line' id='line_1_57' title="bbox 465 5339 3859 5418; baseline 0 -24"><span class='ocrx_word' id='word_1_685' title='bbox 465 5350 698 5413; x_wconf 90' lang='lat' dir='ltr'><strong>genere,</strong></span> <span class='ocrx_word' id='word_1_686' title='bbox 746 5340 1027 5413; x_wconf 86' lang='lat' dir='ltr'><strong>Astingus</strong></span> <span class='ocrx_word' id='word_1_687' title='bbox 1082 5342 1340 5408; x_wconf 89' lang='lat' dir='ltr'><strong>nomine,</strong></span> <span class='ocrx_word' id='word_1_688' title='bbox 1401 5341 1459 5397; x_wconf 90' lang='lat' dir='ltr'><strong>in</strong></span> <span class='ocrx_word' id='word_1_689' title='bbox 1522 5342 1644 5398; x_wconf 88' lang='lat' dir='ltr'><strong>vico</strong></span> <span class='ocrx_word' id='word_1_690' title='bbox 1696 5342 1966 5400; x_wconf 90' lang='lat' dir='ltr'><strong>videlicet</strong></span> <span class='ocrx_word' id='word_1_691' title='bbox 2017 5345 2117 5418; x_wconf 90' lang='lat' dir='ltr'><strong>qui</strong></span> <span class='ocrx_word' id='word_1_692' title='bbox 2227 5344 2425 5399; x_wconf 89' lang='lat' dir='ltr'><strong>munis</strong></span> <span class='ocrx_word' id='word_1_693' title='bbox 2446 5343 2605 5416; x_wconf 88' lang='lat' dir='ltr'><strong>pacis</strong></span> <span class='ocrx_word' id='word_1_694' title='bbox 2628 5360 2693 5400; x_wconf 91' lang='lat' dir='ltr'><strong>ac</strong></span> <span class='ocrx_word' id='word_1_695' title='bbox 2716 5345 3527 5405; x_wconf 86' lang='lat' dir='ltr'><strong>virtuteliberalitatis.Nam</strong></span> <span class='ocrx_word' id='word_1_696' title='bbox 3547 5339 3859 5418; x_wconf 59' lang='lat' dir='ltr'><strong>omnispwf</strong></span> 
     </span>
    </p>
   </div>
   <div class='ocr_carea' id='block_1_58' title="bbox 463 5417 3859 5509">
    <p class='ocr_par' dir='ltr' id='par_1_58' title="bbox 463 5417 3859 5509">
     <span class='ocr_line' id='line_1_58' title="bbox 463 5417 3859 5509; baseline 0.001 -25"><span class='ocrx_word' id='word_1_697' title='bbox 463 5427 835 5501; x_wconf 81' lang='lat' dir='ltr'><strong>Trrnquiilus</strong></span> <span class='ocrx_word' id='word_1_698' title='bbox 865 5428 1099 5502; x_wconf 88' lang='lat' dir='ltr'><strong>dicitur,</strong></span> <span class='ocrx_word' id='word_1_699' title='bbox 1118 5430 1311 5486; x_wconf 88' lang='lat' dir='ltr'><strong>tribus</strong></span> <span class='ocrx_word' id='word_1_700' title='bbox 1330 5448 1363 5486; x_wconf 90' lang='lat' dir='ltr'><strong>a</strong></span> <span class='ocrx_word' id='word_1_701' title='bbox 1383 5430 1612 5487; x_wconf 89' lang='lat' dir='ltr'><strong>civitate</strong></span> <span class='ocrx_word' id='word_1_702' title='bbox 1642 5430 1870 5488; x_wconf 90' lang='lat' dir='ltr'><strong>distans</strong></span> <span class='ocrx_word' id='word_1_703' title='bbox 1902 5417 2115 5490; x_wconf 88' lang='lat' dir='ltr'><strong>millia-</strong></span> <span class='ocrx_word' id='word_1_704' title='bbox 2222 5431 2413 5489; x_wconf 89' lang='lat' dir='ltr'><strong>vincia</strong></span> <span class='ocrx_word' id='word_1_705' title='bbox 2447 5449 2574 5505; x_wconf 71' lang='lat' dir='ltr'><strong>quae</strong></span> <span class='ocrx_word' id='word_1_706' title='bbox 2606 5433 2842 5491; x_wconf 83' lang='lat' dir='ltr'><strong>illorum</strong></span> <span class='ocrx_word' id='word_1_707' title='bbox 2875 5434 3082 5492; x_wconf 89' lang='lat' dir='ltr'><strong>ditioni</strong></span> <span class='ocrx_word' id='word_1_708' title='bbox 3113 5434 3339 5508; x_wconf 85' lang='lat' dir='ltr'><strong>subjici</strong></span> <span class='ocrx_word' id='word_1_709' title='bbox 3370 5430 3709 5509; x_wconf 81' lang='lat' dir='ltr'><strong>contigerat,</strong></span> <span class='ocrx_word' id='word_1_710' title='bbox 3739 5439 3795 5481; x_wconf 65' lang='lat' dir='ltr'><strong>ac</strong></span> <span class='ocrx_word' id='word_1_711' title='bbox 3818 5417 3859 5476; x_wconf 75' lang='grc' dir='ltr'><strong>εί</strong></span> 
     </span>
    </p>
   </div>
   <div class='ocr_carea' id='block_1_59' title="bbox 461 5511 3859 5596">
    <p class='ocr_par' dir='ltr' id='par_1_59' title="bbox 461 5511 3859 5596">
     <span class='ocr_line' id='line_1_59' title="bbox 461 5511 3859 5596; baseline -0.002 -21"><span class='ocrx_word' id='word_1_712' title='bbox 461 5516 767 5584; x_wconf 84' lang='lat' dir='ltr'><strong>ribus.0ui</strong></span> <span class='ocrx_word' id='word_1_713' title='bbox 788 5518 1047 5591; x_wconf 80' lang='lat' dir='ltr'><strong>juvenis,</strong></span> <span class='ocrx_word' id='word_1_714' title='bbox 1067 5517 1270 5575; x_wconf 89' lang='lat' dir='ltr'><strong>valens</strong></span> <span class='ocrx_word' id='word_1_715' title='bbox 1302 5518 1507 5576; x_wconf 84' lang='lat' dir='ltr'><strong>robore</strong></span> <span class='ocrx_word' id='word_1_716' title='bbox 1541 5521 2118 5594; x_wconf 77' lang='lat' dir='ltr'><strong>corporis,pervers:e</strong></span> <span class='ocrx_word' id='word_1_717' title='bbox 2226 5521 2400 5578; x_wconf 84' lang='lat' dir='ltr'><strong>unius</strong></span> <span class='ocrx_word' id='word_1_718' title='bbox 2431 5522 2959 5596; x_wconf 82' lang='lat' dir='ltr'><strong>consanguinitatis</strong></span> <span class='ocrx_word' id='word_1_719' title='bbox 2978 5523 3304 5582; x_wconf 84' lang='lat' dir='ltr'><strong>domusvel</strong></span> <span class='ocrx_word' id='word_1_720' title='bbox 3334 5522 3583 5591; x_wconf 81' lang='lat' dir='ltr'><strong>familia,</strong></span> <span class='ocrx_word' id='word_1_721' title='bbox 3607 5511 3859 5596; x_wconf 64' lang='lat' dir='ltr'><strong>inviolate</strong></span> 
     </span>
    </p>
   </div>
   <div class='ocr_carea' id='block_1_60' title="bbox 436 5595 3862 5701">
    <p class='ocr_par' dir='ltr' id='par_1_60' title="bbox 436 5595 3862 5701">
     <span class='ocr_line' id='line_1_60' title="bbox 436 5595 3862 5701; baseline 0 -30"><span class='ocrx_word' id='word_1_722' title='bbox 436 5611 660 5694; x_wconf 63' lang='lat' dir='ltr'><strong>tamen</strong></span> <span class='ocrx_word' id='word_1_723' title='bbox 686 5607 920 5684; x_wconf 85' lang='lat' dir='ltr'><strong>indolis,</strong></span> <span class='ocrx_word' id='word_1_724' title='bbox 940 5607 1330 5687; x_wconf 86' lang='lat' dir='ltr'><strong>superbiendo</strong></span> <span class='ocrx_word' id='word_1_725' title='bbox 1352 5607 1634 5687; x_wconf 81' lang='lat' dir='ltr'><strong>abjiciens</strong></span> <span class='ocrx_word' id='word_1_726' title='bbox 1657 5609 1951 5671; x_wconf 87' lang='lat' dir='ltr'><strong>fortunam</strong></span> <span class='ocrx_word' id='word_1_727' title='bbox 1975 5628 2115 5691; x_wconf 87' lang='lat' dir='ltr'><strong>pau-</strong></span> <span class='ocrx_word' id='word_1_728' title='bbox 2223 5611 2357 5671; x_wconf 84' lang='lat' dir='ltr'><strong>ﬁdei</strong></span> <span class='ocrx_word' id='word_1_729' title='bbox 2388 5610 2629 5671; x_wconf 85' lang='lat' dir='ltr'><strong>concors</strong></span> <span class='ocrx_word' id='word_1_730' title='bbox 2659 5611 2925 5692; x_wconf 85' lang='lat' dir='ltr'><strong>degebat.</strong></span> <span class='ocrx_word' id='word_1_731' title='bbox 2941 5613 3161 5693; x_wconf 88' lang='lat' dir='ltr'><strong>Nempe</strong></span> <span class='ocrx_word' id='word_1_732' title='bbox 3193 5612 3321 5674; x_wconf 84' lang='lat' dir='ltr'><strong>furi</strong></span> <span class='ocrx_word' id='word_1_733' title='bbox 3354 5630 3427 5701; x_wconf 74' lang='lat' dir='ltr'><strong>ac</strong></span> <span class='ocrx_word' id='word_1_734' title='bbox 3458 5595 3862 5692; x_wconf 65' lang='lat' dir='ltr'><strong>pradonieplﬁl</strong></span> 
     </span>
    </p>
   </div>
  </div>
