4036 6172
251 332 378 396 4'25

1133 335 1683 399 HISTORIARUM
1729 336 1936 398 LIBRI
1983 338 2355 411 QUINQUE.
2406 370 2480 386 -—
2527 339 2676 403 LIB.
2723 341 2802 404 II.

3559 341 3682 408 626

255 465 383 524 illos
413 467 868 540 comparabatur
895 468 1231 541 quicunque
1253 469 1581 538 hominum,
1616 469 1674 524 in
1707 468 1905 542 aliquo
1935 471 1988 537 Α
2019 471 2232 544 speciei
2256 472 2434 545 hujus
2460 475 2775 532 mundanas
2799 474 3125 549 molis,qua3
3146 474 3414 534 videlicet
3437 478 3493 532 in
3533 496 3674 551 qua-

255 557 649 630 negotio,plus
658 557 823 629 justo
845 557 1249 630 [sumens],vel
1263 558 1480 614 falsum
1497 558 1803 632 quidpiam
1817 575 1911 614 ve-

253 647 642 705 nundandam
665 647 975 714 mentiens,
991 648 1373 704 subtrahebat
1387 647 1910 721 alteri.Egenorum

252 752 485 808 quoque
497 740 556 792 et
570 752 895 808 pauperum
912 736 1295 810 omniumque
1317 737 1912 810 peregrinorum,tan-

251 842 423 898 quam
449 829 722 897 parentes
745 823 1025 894 filiorum,
1048 842 1249 881 curam
1271 827 1552 899 gerebant
1583 825 1909 882 assiduam.

253 919 407 972 Dona
424 915 606 970 etiam
631 913 1001 987 amplissima
1015 915 1200 970 sacris
1230 915 1504 971 Ecclesiis
1530 933 1677 986 pene
1701 916 1757 970 in
1791 919 1911 970 toto

249 1005 381 1062 orbe
399 1004 738 1069 mittebant,
753 1004 835 1061 ita
857 1005 1109 1061 utetiam
1122 1005 1196 1060 ab
1210 1005 1451 1071 oriente,
1468 1005 1693 1061 scilicet
1715 1008 1914 1061 monte

247 1093 803 1152 denominatissimo
826 1093 984 1160 Sina,
1016 1110 1120 1166 per
1140 1093 1405 1166 singulos
1429 1112 1616 1150 annos
1640 1093 1910 1151 monachi

258 1183 698 1255 Rothomagum
715 1173 1033 1250 venientes,
1059 1183 1159 1255 qui
1181 1201 1215 1238 a
1235 1183 1525 1256 praedictis
1549 1182 1912 1255 principibus

248 1271 506 1346 plurima
538 1272 850 1328 redeuntes
881 1271 1007 1328 auri
1039 1276 1097 1328 et
1117 1273 1341 1346 argenti
1363 1271 1488 1328 suis
1511 1273 1802 1328 deferrent
1822 1288 1913 1327 xe-

247 1364 357 1419 nia.
391 1360 861 1435 Hierosolymam
908 1378 1044 1417 vero
1093 1363 1162 1418 ad
1207 1361 1545 1434 sepulcrum
1594 1359 1910 1418 Salvatoris

243 1457 479 1510 centum
514 1451 642 1508 auri
687 1450 868 1506 libras
920 1451 1216 1507 secundus
1248 1451 1412 1507 misit
1459 1451 1808 1516 Richardus,
1842 1467 1908 1506 ac

241 1557 509 1614 quosque
531 1540 833 1612 cupientes
867 1539 1006 1596 illuc
1037 1542 1240 1596 devote
1271 1556 1582 1613 peragrare
1612 1538 1784 1595 donis
1806 1539 1908 1610 ju-

243 1631 415 1687 vabat
451 1627 785 1685 immensis.
813 1629 1094 1685 Praeterea
1125 1629 1183 1684 in
1207 1629 1581 1685 successibus
1603 1628 1909 1700 praedicto-

241 1735 370 1776 rum
407 1723 766 1790 temporum,
787 1717 1160 1790 exigentibus
1191 1717 1380 1790 culpis
1406 1716 1778 1790 peccantium
1810 1716 1908 1772 ho-

2021 561 2158 616 dam
2195 563 2550 619 rotunditate
2581 564 3013 621 circumsistere
3044 565 3398 637 perhibetur,
3434 572 3497 623 ut
3525 568 3668 624 dum

2022 649 2310 722 siquidem
2333 650 2476 706 illud
2516 653 2826 724 respiceret
2857 655 3126 726 princeps
3169 656 3382 711 terreni
3413 656 3666 728 imperii,

2022 738 2169 794 foret
2195 740 2244 794 ei
2287 740 2726 807 documentum,
2773 759 2888 796 non
2934 742 3103 798 aliter
3131 744 3340 799 debere
3382 744 3670 817 imperare

2019 827 2106 883 vel
2129 828 2381 885 militare
2413 830 2470 884 in
2495 831 2715 886 mundo
2737 848 2913 902 quam
2937 836 3001 886 ut
3023 832 3238 904 dignus
3261 831 3574 890 haberetur
3598 834 3673 889 vi-

2020 918 2199 972 vificae
2222 919 2412 974 crucis
2432 921 2579 974 tueri
2609 919 2906 976 vexillo.ln
2938 919 3064 992 ipso
3095 921 3270 976 etiam
3309 921 3671 979 diversarum

2021 1023 2389 1080 gemmarum
2435 1009 2823 1075 decoramine,
2855 1008 3123 1066 videlicet
3159 1009 3388 1082 imperii
3436 1010 3670 1068 culmen

2021 1095 2409 1167 plurimarum
2441 1097 2723 1153 virtutum
2753 1099 3058 1169 speciebus
3087 1100 3350 1155 exornari
3383 1105 3666 1172 oportere.

2018 1188 2278 1257 Cumque
2297 1186 2672 1258 postmodum
2694 1187 3008 1258 praedictus
3039 1205 3189 1260 papa
3219 1188 3666 1260 imperatori,vi-

2017 1272 2472 1330 delicetllenrico
2489 1275 2667 1345 hujus
2691 1276 2768 1330 rei
2792 1275 2980 1348 gratia
3001 1277 3244 1332 Romam
3265 1277 3535 1346 venienti,
3570 1278 3668 1333 ob-

2017 1360 2171 1417 viam
2203 1379 2338 1418 cum
2388 1363 2643 1418 maxima
2671 1363 2928 1419 virorum
2962 1369 3019 1419 et
3045 1382 3345 1420 sacrorum
3389 1366 3663 1422 ordinum

2019 1451 2394 1508 multitudine
2417 1453 2799 1525 processisset
2818 1470 2885 1509 ex
2916 1471 3096 1522 more,
3132 1454 3302 1526 eique
3321 1454 3662 1526 hujusmodi

2016 1539 2247 1612 insigne
2270 1541 2491 1596 scilicet
2512 1541 2740 1614 imperii
2767 1542 2822 1596 in
2849 1547 3164 1616 conspectu
3187 1544 3369 1599 totius
3391 1544 3663 1599 Romanae

2014 1627 2204 1700 plebis
2226 1630 2594 1686 tradidisset:
2620 1630 2946 1703 suscipiens
2968 1631 3111 1686 illud
3125 1631 3405 1700 hilariter,
3421 1632 3666 1688 circum-

2015 1722 2329 1791 spectoque
2350 1736 2436 1786 eo,
2473 1723 2535 1774 ut
2568 1724 2691 1775 erat
2718 1719 2804 1774 vir
2825 1719 3264 1792 sagacissimus,
3289 1721 3471 1777 dixit:
3498 1744 3527 1771 ‹‹
3551 1722 3664 1794 0p-

240 1808 495 1873 minum,
521 1810 648 1863 orta
672 1810 762 1862 est
785 1804 1080 1863 discordia
1103 1807 1355 1862 duorum
1387 1823 1615 1878 regum,
1657 1807 1901 1862 Franco-
1931 1842 1976 1907 Β
2014 1807 2156 1862 time
2178 1812 2358 1879 pater,
2400 1808 2674 1880 inquiens
2695 1810 2765 1864 ad
2809 1825 3042 1882 papam,
3066 1809 3222 1864 istud
3252 1811 3439 1866 facere
3469 1811 3663 1868 decre-

240 1913 369 1955 ram
420 1894 694 1952 videlicet
745 1911 812 1951 ac
860 1899 1174 1952 Saxonum.
1227 1896 1360 1960 Quae
1393 1894 1636 1962 scilicet,
1673 1894 1896 1950 diutius
1934 1894 1975 1907 υ
2003 1895 2137 1952 visti
2161 1901 2370 1952 nostrae
2393 1898 2792 1968 portendendo
2820 1898 3075 1954 innuens
3096 1899 3663 1972 monarchire,quali-

235 1986 648 2051 «ardescens,
682 1983 911 2040 occulto
934 1983 1034 2039 Dei
1050 1983 1276 2056 judicio
1295 2001 1500 2039 rursus
1525 1982 1782 2038 terribile
1801 1983 1899 2039 fla-

238 2073 700 2150 gellumingruit
712 2073 944 2146 populis
963 2073 1576 2145 Galliarum.Denique
1602 2073 1898 2144 Hungaro-

237 2183 369 2223 rum
396 2164 673 2237 princeps
702 2179 834 2219 cum
860 2162 1017 2218 omni
1041 2163 1228 2234 ipsius
1251 2163 1442 2233 gentis
1465 2161 1704 2217 militari
1730 2178 1896 2217 exer-

231 2256 372 2320 citu,
406 2253 594 2323 hujus
623 2251 930 2308 discordiae
959 2251 1100 2307 mali
1145 2251 1469 2317 occasione,
1505 2251 1652 2306 fines
1679 2249 1892 2306 Gallia-

235 2360 369 2400 rum
403 2342 766 2412 irrumpens,
799 2340 978 2396 semel
1012 2357 1078 2396 ac
1103 2340 1195 2396 bis
1224 2356 1457 2396 omnem
1481 2338 1895 2395 miserabiliter

229 2430 598 2504 depopulans
617 2429 1262 2502 regionem,utrumque
1283 2431 1460 2485 etiam
1493 2445 1678 2502 genus
1701 2427 1890 2483 homi-

208 2537 370 2577 -num
398 2523 798 2592 captans,tum
827 2519 1002 2574 rebus
1034 2518 1311 2574 humanis
1333 2517 1890 2584 abducens,nemine

228 2607 940 2680 obstante,diripuit.0uae
962 2607 1216 2678 denique
1242 2606 1436 2662 clades
1472 2605 1671 2662 tandiu
1705 2607 1886 2662 desac-

225 2700 332 2765 vit,
359 2713 674 2770 quousque
706 2696 824 2752 Deo
847 2696 1200 2768 propitiante
1219 2695 1528 2768 utriusque
1550 2695 1712 2767 regni
1735 2694 1890 2766 prin-

2007 1988 2092 2040 ter
2123 2003 2251 2042 sese
2283 1987 2571 2042 moderari
2603 1987 2901 2054 debuerat,
2935 1987 3168 2044 cautius
3217 1988 3596 2060 perdocuisti.
3631 2011 3660 2038 ››

2007 2074 2224 2130 Deinde
2247 2091 2424 2130 manu
2449 2092 2655 2148 gerens
2697 2076 2840 2132 illud
2864 2075 2991 2131 auri
3019 2093 3281 2149 pomum,
3317 2077 3619 2148 subjunxit
3645 2095 3656 2134 :

2007 2185 2034 2213 «
2053 2163 2701 2236 Nullis,inquit,melius
2715 2165 2824 2221 hoc
2849 2182 3107 2237 praesens
3125 2167 3345 2221 donum
3362 2167 3660 2239 possidere

2005 2269 2070 2308 ac
2097 2270 2329 2309 cernere
2373 2253 2641 2326 congruit
2671 2271 2849 2326 quam
2884 2255 3002 2310 illis
3033 2254 3154 2327 qui,
3189 2255 3422 2327 pompis
3454 2257 3659 2313 mundi

2002 2340 2259 2408 calcatis,
2287 2359 2518 2397 crucem
2542 2343 2870 2413 expeditius
2893 2348 3226 2416 sequuntur
3258 2343 3594 2400 Salvatoris.
3632 2369 3660 2394 ››

2001 2431 2106 2494 Qui
2131 2431 2397 2503 protinus
2411 2431 2570 2487 misit
2586 2430 2730 2486 illud
2745 2433 2815 2487 ad
2832 2431 3215 2489 Cluniacense
3231 2434 3657 2491 monasrerium

2000 2519 2343 2586 Galliarum,
2360 2521 2515 2592 quod
2538 2521 2713 2575 etiam
2745 2525 2884 2576 tunc
2908 2522 3193 2594 temporis
3213 2522 3541 2578 habebatur
3569 2540 3657 2579 re-

1996 2607 2443 2680 ligiosissimum
2475 2613 2839 2677 czeterorum,
2867 2609 2958 2665 cui
2982 2614 3038 2664 et
3069 2609 3183 2664 alia
3215 2611 3368 2666 dona
3403 2610 3658 2683 plurima

1998 2696 2326 2752 contulerat
2369 2702 2868 2752 ornamentorum.
2921 2699 3029 2753 Sed
3064 2703 3121 2753 et
3169 2697 3314 2753 illud
3373 2699 3654 2755 nimirum

226 2788 406 2861 cipes,
430 2787 791 2842 Francorum
811 2785 1078 2841 videlicet
1107 2801 1172 2840 ac
1197 2789 1511 2849 Saxonum,
1544 2784 1720 2840 unius
1753 2783 1886 2839 fidei
1993 2785 2168 2841 etiam
2192 2786 2672 2858 perpendendum
2707 2787 3009 2858 quoniam,
3037 2804 3174 2843 cum
3199 2787 3312 2842 ista
3334 2804 3462 2860 quae
3497 2793 3656 2845 retu-

227 2893 295 2934 ao
320 2873 858 2948 consanguinitatis
895 2873 1128 2930 vinculo
1176 2877 1564 2930 necterentur.
1598 2873 1886 2928 Evacuato
1995 2874 2196 2943 limus,
2213 2873 2481 2929 videlicet
2507 2875 2576 2930 de
2597 2875 3077 2930 conversionibus
3105 2876 3462 2947 perfidarum
3495 2879 3567 2934 ad
3590 2878 3652 2933 fi-

228 2965 521 3038 siquidem
547 2963 807 3036 priorum
835 2979 1040 3037 regum
1062 2960 1880 3036 genere,sedatisquejurgiis,

231 3054 399 3128 cepit
417 3053 581 3109 orbis
603 3068 883 3108 novorum
917 3068 1120 3124 regum
1144 3068 1283 3124 pace
1307 3052 1416 3107 sub
1441 3051 1628 3106 amica
1658 3051 1885 3106 reflore-

1991 2962 2124 3016 dem
2151 2963 2365 3018 Christi
2398 2963 2687 3036 gentium,
2724 2964 3087 3019 extrinsecus
3118 2964 3179 3019 in
3211 2965 3654 3036 aquilonaribus

1991 3056 2166 3123 atque
2197 3051 2656 3108 occidentalibus
2705 3052 2863 3108 orbis
2913 3053 3182 3125 partibus
3230 3069 3487 3125 persaepe
3528 3054 3652 3110 fieri

232 3140 750 3214 scere,Christique
772 3157 1016 3215 regnum
1040 3157 1143 3214 per
1166 3141 1382 3196 fontem
1396 3140 1544 3197 sacri
1559 3139 1883 3212 baptisma-
1929 3211 1956 3215 ᾧ
1991 3140 2326 3214 contigerit,
2352 3158 2654 3214 nusquam
2677 3141 2817 3196 talia
2839 3142 2896 3196 in
2927 3141 3313 3198 orientalibus
3342 3146 3516 3214 atque
3539 3159 3656 3198 me-

232 3232 303 3288 tis
335 3211 802 3302 circumquaque
820 3211 1098 3302 tyrannos
1121 3229 1230 3286 sibi
1254 3230 1590 3303 subjugare.
1625 3211 1757 3300 Ipsa
1785 3228 1884 3282 de-
1916 3211 1960 3277 C
2001 3211 2243 3286 ridianis
2263 3211 2526 3301 ejusdem
2550 3229 2710 3285 orbis
2733 3229 2920 3302 plagis
2945 3230 3234 3302 contingit
3251 3211 3653 3303 audiri.Cujus

233 3321 405 3395 nique
449 3320 863 3392 Hungarorum
907 3335 1070 3392 gens,
1104 3323 1236 3391 post
1264 3322 1349 3374 tot
1380 3323 1606 3390 patrata
1637 3317 1878 3389 ﬂagitia,

234 3415 360 3484 post
388 3414 476 3465 tot
498 3407 729 3480 flagella
748 3408 1025 3481 gentibus
1045 3406 1367 3473 illata,cum
1389 3424 1495 3462 suo
1526 3422 1658 3478 rege
1683 3407 1755 3461 ad
1786 3422 1880 3461 ca-

1989 3318 2239 3390 denique
2257 3317 2672 3373 veracissimus
2697 3317 2964 3390 praesagii
2986 3318 3159 3374 index
3181 3319 3290 3374 fuit
3309 3319 3650 3376 constitutio

1989 3404 2093 3461 illa
2130 3405 2322 3462 crucis
2347 3405 2679 3471 Dominicre,
2705 3407 2849 3461 dum
2880 3406 2940 3461 in
2974 3423 3043 3462 ea
3075 3406 3342 3463 Salvator
3371 3409 3654 3479 penderet

234 3499 507 3555 tbolicam
555 3497 731 3552 fidem
779 3513 1074 3564 conversa,
1126 3513 1252 3568 quae
1299 3499 1464 3568 prius
1508 3498 1886 3552 consueverat
1993 3503 2054 3559 in
2084 3494 2210 3551 loco
2253 3495 2545 3552 Calvariaz.
2600 3495 2746 3550 Nam
2787 3512 2920 3550 cum
2966 3499 3116 3551 retro
3166 3495 3326 3552 illius
3372 3496 3647 3554 verticem

240 3587 549 3644 crudeliter
617 3602 822 3658 rapere
879 3585 1088 3651 aliena,
1149 3584 1338 3642 libens
1390 3583 1726 3657 impertitur
1781 3600 1885 3656 pro

238 3676 458 3734 Christo
475 3674 773 3748 propria;a
785 3674 1001 3746 quibus
1013 3674 1184 3730 etiam
1194 3675 1547 3745 jamdudum
1563 3673 1887 3745 diripiendo

238 3765 702 3838 captivabantur,
731 3763 1121 3834 undecunque
1154 3763 1214 3817 in
1242 3763 1573 3818 miserrima
1597 3760 1892 3832 mancipia

244 3852 625 3919 distrahendi,
648 3851 749 3924 qui
771 3851 1530 3924 reperiebanturChristiani
1550 3851 1648 3919 ;ab
1670 3850 1891 3906 eisdem

244 3960 469 4015 quoque
503 3943 774 3996 foventur
822 3957 978 3996 nunc
1010 3957 1113 3996 ceu
1148 3941 1354 3996 fratres
1383 3940 1469 3996 vel
1501 3939 1689 3995 liberi.
1742 3938 1892 3993 Illud

250 4031 633 4088 nihilominus
685 4030 934 4086 nimium
993 4030 1316 4086 condecens
1370 4046 1434 4084 ac
1479 4028 1894 4101 perhonestum

253 4120 681 4192 videtur,atque
699 4119 769 4174 ad
791 4119 954 4191 pacis
984 4118 1226 4174 tutelam
1255 4117 1541 4190 optimum
1573 4119 1893 4183 decretum,

250 4209 467 4266 scilicet
506 4213 574 4265 ut
603 4224 675 4264 ne
723 4207 1040 4280 quisquam
1071 4207 1346 4262 audacter
1376 4206 1621 4262 Romani
1667 4204 1900 4278 imperii

244 4304 537 4372 sceptrum
564 4313 968 4370 prmproperus
989 4300 1220 4369 gestare
1242 4296 1514 4368 princeps
1534 4299 1898 4368 appetat,seu

240 4387 558 4461 imperator
583 4387 698 4442 dici
719 4391 820 4442 aut
841 4401 970 4442 esse
992 4384 1197 4451 valeat,
1224 4385 1337 4441 nisi
1371 4402 1546 4457 quem
1571 4401 1722 4456 papa
1746 4382 1902 4440 sedis

240 4475 512 4533 Romana:
537 4492 766 4531 morum
788 4474 1080 4548 probitate
1101 4473 1380 4546 delegerit
1397 4477 1599 4546 aptum
1627 4471 1905 4544 reipubli-

1996 3585 2267 3656 suspensi
2287 3589 2412 3639 tum
2438 3584 2666 3651 fuisset,
2681 3585 2899 3640 crudus
2917 3583 3166 3639 nimium
3187 3584 3419 3657 populis
3431 3585 3647 3655 oriens,

1996 3677 2136 3728 tunc
2167 3673 2343 3738 etiam
2373 3674 2429 3727 in
2454 3674 2581 3744 ejus
2613 3671 2915 3728 oculorum
2940 3677 3252 3745 conspectu
3273 3674 3498 3730 lumine
3520 3674 3654 3731 fidei

1999 3761 2327 3834 repleturus
2357 3761 2622 3817 constitit
2650 3762 2949 3817 Occidens.
2993 3762 3083 3816 Sic
3120 3778 3353 3834 quoque
3384 3762 3656 3836 omnipo-

2001 3856 2221 3906 tentem
2242 3850 2431 3923 ipsius
2453 3852 2746 3906 dexteram
2767 3851 2838 3908 ad
2863 3851 3274 3906 misericordiae
3295 3869 3444 3924 opus
3465 3857 3660 3908 exten-

2002 3957 2150 4008 sam,
2185 3940 2331 3996 sacri
2366 3941 2522 3996 verbi
2556 3940 2669 3995 ﬁde
2693 3940 2856 3995 mitis
2879 3939 3139 4012 suscepit
3161 3941 3662 4012 septentrio,ejus-

2006 4031 2330 4102 quelasvam
2361 4030 2636 4102 gentibus
2665 4030 3048 4085 barbarorum
3083 4028 3467 4085 tumultuosis
3490 4031 3661 4085 sorti-

2004 4126 2102 4174 tur
2119 4119 2526 4175 meridies.Scd
2547 4117 2681 4173 licet
2698 4118 2876 4189 hujus
2891 4118 3036 4173 sacri
3061 4116 3310 4172 breviter
3331 4117 3663 4172 memineri-

2009 4225 2142 4262 mus
2165 4207 2435 4280 portenti,
2461 4212 2672 4261 nostrze
2692 4211 2907 4272 temen,
2934 4205 2988 4260 id
3014 4209 3102 4259 est
3124 4203 3439 4270 catholicae,
3464 4209 3663 4260 manet

2008 4295 2341 4351 inviolabile
2363 4294 2690 4352 subsidium
2721 4293 2876 4359 fidei,
2893 4292 3170 4364 quoniam
3190 4292 3247 4346 in
3265 4292 3425 4348 omni
3449 4291 3573 4347 loco
3604 4296 3664 4348 et

2010 4389 2184 4457 gente
2197 4384 2417 4455 absque
2439 4381 2792 4457 exceptione,
2814 4381 3149 4453 quicunque
3169 4397 3334 4436 sacro
3355 4395 3660 4453 regenera-

2011 4479 2108 4529 tus
2142 4473 2319 4538 fonte,
2369 4472 2613 4526 credens
2661 4470 3121 4542 omnipotentem
3151 4469 3380 4525 Patrem
3415 4469 3662 4541 ejusque

234 4581 330 4631 cae,
357 4564 531 4636 eique
561 4563 925 4620 commiserit
953 4562 1184 4636 insigne
1207 4561 1530 4633 imperiale.
1564 4561 1710 4616 Cum
1740 4560 1894 4616 vide-
1928 4581 1972 4645 Ι)
2014 4561 2224 4617 Filium
2252 4561 2454 4615 Jesum
2505 4559 2802 4615 Christum
2854 4558 3089 4630 pariter,
3149 4562 3206 4612 et
3262 4558 3321 4612 in
3378 4557 3661 4630 Spiritum

232 4652 368 4710 licet
382 4653 525 4709 olim
551 4653 773 4724 ubique
794 4656 1084 4708 terrarum
1109 4651 1355 4722 quilibet
1367 4650 1596 4722 tyranni
1608 4665 1757 4717 ,sese
1773 4666 1898 4720 pro-

231 4743 452 4799 caciter
463 4739 1185 4814 impellentes,smpissime
1199 4739 1316 4794 sint
1331 4739 1710 4811 imperatores
1724 4738 1900 4796 creati

225 4837 414 4904 atque
435 4849 506 4886 eo
533 4831 733 4886 minus
753 4830 877 4902 apti
905 4828 1282 4901 Reipublicm,
1307 4845 1424 4899 quo
1445 4831 1672 4883 constat
1700 4842 1800 4881 eos
1821 4830 1899 4898 ty-

213 4921 490 4976 rannide
521 4936 701 4992 quam
733 4919 970 4992 pietatis
991 4918 1338 4975 auctoritate
1360 4917 1739 4990 processisse.

300 5011 478 5065 Anno
501 5009 680 5081 igitur
695 5007 1014 5064 Dominicas
1045 5006 1469 5063 incarnationis
1508 5004 1899 5078 septingente-

225 5099 392 5154 simo
413 5097 668 5163 decimo,
696 5095 831 5152 licet
862 5095 1097 5167 insigne
1128 5093 1275 5150 illud
1309 5092 1608 5167 imperiale
1656 5093 1900 5148 diversis

219 5185 551 5258 speciebus
587 5185 751 5258 prius
782 5185 1096 5258 ﬁguratum
1131 5183 1360 5251 fuisset,
1403 5200 1437 5238 a
1465 5181 1778 5238 venerabili
1812 5186 1898 5237 ta-

221 5291 371 5331 men
403 5291 561 5348 papa
603 5273 912 5330 Benedicto
956 5272 1112 5329 sedis
1143 5270 1477 5344 apostolica:
1509 5269 1631 5326 fieri
1657 5271 1897 5342 jussum

217 5368 322 5420 est
347 5363 675 5419 admodum
699 5360 1081 5418 intellectuali
1099 5361 1291 5432 specie
1315 5360 1466 5415 idem
1493 5358 1916 5440 insigne.Pra3-_

229 5451 394 5524 cepit
417 5450 688 5508 fabricari
715 5451 884 5524 quasi
907 5466 1152 5506 aureum
1185 5451 1630 5522 pomum,atque
1655 5448 1900 5503 circum-

229 5539 366 5596 dari
389 5557 495 5613 per
509 5541 802 5613 quadrum
815 5539 1260 5613 pretiosissimis
1280 5536 1611 5611 quibusque
1623 5537 1894 5610 gemmis,

225 5644 312 5684 an
327 5630 577 5704 desuper
606 5646 846 5687 auream
868 5645 1097 5688 crucem
1123 5627 1320 5686 inseri.
1344 5628 1480 5683 Erat
1501 5625 1693 5683 auiem
1712 5626 1899 5684 instar

2007 4655 2297 4715 sanctum,
2323 4666 2508 4702 unum
2525 4647 2834 4719 solumque
2852 4663 3057 4702 verum
3079 4651 3282 4712 Deum,
3299 4645 3501 4718 siquid
3523 4645 3661 4701 boni

2009 4739 2190 4812 egerit
2220 4755 2288 4793 ex
2335 4738 2447 4794 fide
2491 4741 2602 4792 Deo
2655 4741 2957 4809 acceptum
3015 4736 3154 4803 fore,
3207 4738 3382 4805 atque
3429 4750 3663 4789 omnem

2008 4828 2110 4900 qui
2142 4828 2226 4884 sic
2259 4825 2662 4899 permanserit,
2687 4823 2929 4896 perenni
2959 4824 3075 4879 vita
3111 4826 3278 4879 beate
3309 4821 3513 4878 vivere.
3548 4821 3666 4878 Hoc

2009 4917 2228 4989 quippe
2267 4915 2372 4971 soli
2401 4920 2511 4970 Deo
2555 4930 2727 4969 nosse
2749 4913 3046 4984 competit,
3072 4929 3177 4967 cur
3206 4911 3533 4968 humanum
3566 4925 3664 4982 ge-

2010 5023 2122 5061 nus
2145 5021 2357 5060 manus
2378 5020 2482 5059 seu
2503 5002 2700 5058 minus
2720 5000 2966 5073 pr0priae
2990 4999 3198 5056 salutis
3220 5015 3404 5070 capax
3419 4998 3669 5055 efﬁcitur

2010 5094 2070 5150 in
2106 5093 2351 5149 diversis
2383 5091 2651 5164 partibus
2679 5089 2858 5154 orbis,

2083 5183 2194 5240 Sed
2247 5179 2460 5236 idcirco
2509 5179 2623 5235 ista
2663 5176 2976 5233 retulimus
3036 5177 3316 5248 quoniam
3367 5192 3556 5248 usque
3608 5176 3669 5233 in

2011 5273 2160 5328 fines
2224 5269 2634 5343 praedictarum
2695 5266 2854 5322 orbis
2912 5266 3186 5322 binarum
3247 5265 3525 5338 partium,
3585 5265 3668 5322 vi-

2011 5360 2221 5417 delicet
2269 5354 2742 5430 septentrionalis
2773 5359 2829 5410 et
2878 5354 3278 5421 occidentalis,
3307 5352 3521 5410 Christi
3549 5354 3670 5410 Do-

2009 5450 2155 5506 mini
2199 5447 2510 5504 deveniens
2559 5443 2938 5516 Evangelium
2982 5443 3218 5500 illarum
3251 5442 3484 5516 populis
3514 5442 3670 5498 loca-

2007 5539 2087 5594 vit
2119 5538 2404 5610 optimum
2458 5535 2515 5590 in
2568 5550 2746 5588 sacra:
2799 5533 2934 5589 fidei
2985 5533 3480 5600 fundamentum;
3535 5547 3670 5592 cum

2003 5625 2272 5684 videlicet
2318 5641 2348 5681 e
2395 5622 2620 5680 diverso
2678 5623 2875 5678 minus
2929 5621 3186 5695 reliquas
3238 5622 3420 5689 duas,
3453 5618 3647 5676 scilice
