4098 6164
535 325 655 387 627

1501 324 1842 388 RODULFI
1889 323 2179 385 GLABltI
2225 321 2580 384 MONACHI
2627 321 2982 387 CLUNIAC.

3767 332 3864 394 628

539 457 881 516 orientalem
913 462 1086 532 atque
1118 459 1503 517 meridianam
1527 457 1934 532 penetraverit,
1970 473 2036 512 ac
2065 455 2190 512 illa—
2217 458 2272 526 Α
2300 455 2479 513 etiam
2502 473 2638 512 cum
2661 455 2818 513 omni
2833 473 2938 514 suo
2959 473 3168 531 genere
3187 457 3370 514 Deum
3383 458 3706 517 conditorem
3725 480 3867 522 suum

539 566 673 606 rum
709 548 956 622 populos
984 548 1214 606 cautius
1242 550 1298 604 in
1322 549 1540 622 proprii
1557 547 1774 605 erroris
1797 545 2022 604 feritate
2048 546 2190 600 irre-

539 637 678 694 titos
708 638 962 694 sciverit.
999 639 1108 694 Sed
1150 655 1220 694 ne
1252 639 1387 694 boni
1437 635 1761 694 Conditoris
1814 634 2055 708 proinde
2103 633 2190 688 di-

539 727 897 799 spensationi
926 727 1356 783 contumeliosa
1388 745 1422 782 a
1468 742 1766 798 quoquam
1801 725 2086 779 inferatur
2132 721 2191 776 in

539 815 649 871 hac
665 819 831 888 parte
847 815 1162 884 calumnia,
1183 815 1416 872 cautius
1439 814 1826 871 nihilominus
1845 810 2193 885 prospicien-

543 904 660 959 dus
692 907 782 960 est
811 920 975 960 sacer
1003 905 1439 978 Scripturarum
1478 902 1764 974 canon.{ln
1797 918 1911 974 quo
1930 901 2200 958 videlicet

537 1009 759 1048 canone
776 993 970 1049 omnis
987 993 1188 1065 procul
1207 994 1386 1050 dubio
1409 995 1596 1049 forma
1612 991 1908 1048 invenitur
1923 1007 2198 1062 expressa

544 1081 830 1137 mundani
880 1082 1111 1138 saeculi:
1148 1088 1209 1139 ut
1257 1083 1480 1139 scilicet
1508 1082 1697 1154 ipsius
1741 1081 1998 1136 auctoris
2029 1078 2194 1134 boni-

539 1174 632 1226 tas
661 1170 996 1243 pariterque
1023 1171 1254 1241 justitia
1284 1170 1664 1243 probabiliter
1694 1170 2192 1235 demonstrentur,

537 1257 806 1314 videlicet
833 1258 894 1314 in
915 1257 1009 1315 his
1032 1259 1130 1331 qui
1155 1258 1298 1316 salvi
1325 1260 1494 1326 fiunt,
1526 1262 1582 1315 et
1606 1259 1665 1312 in
1692 1257 1786 1312 his
1803 1256 1902 1328 qui
1927 1260 2192 1328 pereunt.

540 1347 686 1403 Nam
722 1348 877 1404 sicut
907 1348 1136 1421 primus
1167 1349 1474 1404 hominum
1516 1352 1679 1420 pater
1709 1345 1954 1419 propriae
1985 1344 2195 1400 salutis

539 1435 757 1492 arbiter
787 1453 822 1491 a
850 1437 1031 1492 totius
1063 1437 1198 1492 boni
1232 1440 1467 1492 auctore
1499 1434 1774 1507 primitus
1819 1435 2007 1490 fuerat
2057 1449 2194 1488 con-

540 1524 803 1592 stitutus,
855 1525 938 1580 ita
985 1525 1057 1580 ab
1087 1526 1291 1581 eodem
1337 1525 1726 1596 Redemptore
1770 1521 2060 1578 universis
2090 1537 2194 1593 pro

541 1617 714 1686 captu
745 1618 1067 1686 spontanea
1113 1613 1463 1686 generaliter
1505 1612 1702 1669 oblata
1745 1616 1834 1668 est
1863 1611 2045 1667 salus.
2082 1611 2194 1666 Sed

539 1704 736 1759 tamen
775 1702 1006 1759 occulta
1034 1702 1192 1760 illius
1235 1702 1618 1775 dispensatio,
1648 1700 1740 1757 cui
1774 1717 2006 1772 semper
2034 1703 2089 1755 et
2115 1699 2196 1754 si-

2300 546 2599 618 prmdicat,
2648 546 2788 600 dum
2848 563 2948 618 per
2976 547 3458 619 transgressionis
3484 552 3721 622 praecepti
3743 552 3872 608 illius

2300 633 2533 706 culpam
2559 635 2819 707 privatus
2841 635 3095 706 paradisi
3115 634 3366 708 gaudiis,
3386 635 3745 708 multatusque
3761 640 3874 693 exsi-

2300 722 2399 790 lio,
2451 740 2578 778 sese
2628 723 2911 778 miserum
2967 724 3180 779 clamat
3229 723 3499 796 lugendo.
3545 725 3643 780 Sed
3688 733 3874 798 accepto

2303 811 2576 867 diffusius
2627 829 2725 884 per
2760 811 3096 867 universum
3129 812 3329 868 orbem
3373 817 3532 869 terrae
3562 814 3874 882 incremento,

2306 901 2417 956 nisi
2451 900 2669 973 proprii
2719 902 2973 956 auctoris
3020 902 3299 958 bonitatis
3331 903 3672 974 providentia
3697 905 3876 961 miseri-

2305 991 2512 1046 cordiae
2545 991 2875 1048 reduxisset
2904 993 2974 1046 ad
3019 991 3239 1062 sinum,
3290 996 3479 1047 totum
3510 992 3718 1063 penitus
3756 993 3877 1048 idem

2304 1095 2492 1150 genus
2523 1079 2850 1135 humanum
2875 1081 2932 1135 in
2964 1081 3053 1136 sui
3075 1081 3289 1136 erroris
3309 1086 3481 1152 atque
3502 1081 3745 1138 caecitatis
3770 1099 3878 1153 pra:-

2304 1167 2570 1240 cipitium
2590 1170 2717 1240 jam
2740 1169 2879 1224 olim
2901 1169 3352 1225 irrevocabiliter
3372 1171 3572 1226 fuisset
3586 1171 3878 1226 demersum.

2305 1257 2525 1313 Idcirco
2555 1259 2628 1313 ab
2659 1259 2892 1314 exordio
2921 1257 3032 1326 sui,
3061 1258 3257 1314 divina
3286 1259 3425 1314 boni
3471 1258 3766 1315 Conditoris
3790 1260 3880 1318 dis-

2306 1347 2670 1420 pensatione,
2706 1346 2930 1419 prolata
2963 1352 3101 1403 sunt
3129 1347 3180 1404 ei
3213 1347 3545 1420 prodigiosa
3563 1365 3736 1403 rerum
3755 1349 3882 1404 mira-

2306 1435 2459 1502 cula,
2493 1453 2558 1492 ac
2597 1439 2932 1508 portentosa
2980 1437 3403 1493 elementorum
3456 1436 3635 1508 signa,
3687 1451 3772 1491 nec
3798 1453 3882 1492 non

2305 1529 2363 1580 et
2396 1525 2912 1597 sagacissimorum
2943 1525 3220 1590 virorum,
3267 1530 3391 1581 tam
3420 1541 3578 1598 spem
3607 1542 3760 1597 quam
3799 1526 3884 1581 for-

2306 1614 2766 1670 midolositatem
2815 1614 3197 1681 inculcatura,
3256 1614 3539 1670 divinitus
3587 1613 3804 1670 oracula.
3828 1617 3883 1669 Ac

2303 1703 2465 1759 velut
2493 1704 2648 1759 idem
2672 1703 2948 1760 Conditor
2977 1720 3080 1776 per
3101 1721 3200 1760 sex
3221 1703 3452 1759 dierum
3482 1703 3755 1759 intervalla
3778 1721 3884 1758 cun-

541 1791 665 1890 mul
698 1791 1233 1898 tptumnquidquid
1265 1796 1421 1898 esset
1453 1791 1648 1890 habet,
1705 1795 1915 1889 praesto
1965 1789 2094 1854 fuit,
2127 1806 2193 1843 ac
2224 1833 2272 1898 Β
2306 1797 2400 1848 cta
2426 1793 2734 1848 mundanae
2759 1811 2952 1849 rerum
2981 1793 3265 1849 machinae
3292 1794 3628 1865 proferendo
3644 1793 3885 1864 perﬁciens

541 1878 634 1936 cui
666 1880 810 1937 nihil
841 1882 1049 1950 defuit,
1081 1881 1338 1938 ostendit
1369 1879 1676 1946 speciatim
1703 1896 1806 1952 per
1835 1877 2196 1933 incrementa

539 1973 875 2043 temporum
907 1988 1035 2028 sese
1065 1971 1524 2044 omnipotentem
1550 1968 1742 2024 solum
1767 1968 1986 2022 bonum
2019 1971 2195 2039 atque

539 2073 825 2129 veracem,
859 2065 980 2116 tam
1012 2078 1114 2133 per
1144 2076 1320 2132 opera
1358 2058 1591 2132 pietatis
1639 2075 1818 2129 quam
1871 2073 1972 2129 per
2021 2055 2196 2111 ultio-

541 2164 675 2204 nem
697 2149 1157 2220 vindictaajustaa
1193 2147 1614 2203 retributionis.
1641 2147 1767 2201 Non
1793 2144 1947 2200 enim
1980 2143 2194 2216 princi-

541 2235 692 2307 palis
724 2237 956 2292 bonitas
990 2237 1308 2307 aliquando
1333 2239 1499 2290 vacat
1519 2253 1554 2289 a
1575 2234 1807 2306 pietatis
1830 2250 2021 2305 opere,
2054 2231 2193 2304 quin

544 2323 662 2379 imo
693 2340 924 2396 semper
955 2328 1232 2397 aggregat
1263 2323 1572 2395 plerosque
1603 2341 1671 2377 ex
1712 2339 1908 2377 massa
1941 2321 2194 2376 filiorum

544 2412 1006 2484 prmvaricatoris
1038 2411 1097 2466 in
1131 2412 1325 2468 sinum
1352 2411 1452 2466 filii
1485 2429 1604 2467 suae
1636 2410 1905 2466 Deitatis.
1931 2411 2199 2480 Dumque

543 2497 601 2555 id
634 2499 898 2573 quotidie
928 2499 985 2554 in
1046 2500 1267 2554 mundo
1325 2499 1539 2572 agitur,
1601 2498 1743 2570 quid
1802 2497 1959 2552 aliud
2020 2514 2196 2569 quam

543 2587 974 2661 Omnipotentis
995 2587 1246 2656 bonitas,
1267 2587 1444 2643 etiam
1473 2585 1851 2643 immobiliter
1884 2585 2116 2642 mobilis
2141 2590 2200 2643 et

544 2675 838 2733 mobiliter
857 2675 1199 2741 immobilis,
1223 2675 1451 2749 operari
1472 2678 1836 2731 monstratur
1852 2675 1880 2728 ‘?
1900 2677 2087 2746 Atque
2117 2673 2200 2729 id-

542 2766 697 2823 circo
746 2770 963 2838 quanto
991 2765 1294 2838 praesentis
1343 2763 1539 2820 saeculi
1585 2763 1872 2819 terminus
1931 2762 2200 2817 imminet

545 2853 838 2929 proprius,
872 2858 1034 2910 tanto
1062 2853 1176 2910 ista
1205 2853 1357 2921 fieri,
1388 2870 1515 2925 quae
1559 2851 1856 2918 dicuntur,
1889 2849 2199 2924 contigerit

544 2942 927 3016 frequentius.
943 2942 1398 3016 Suspiciendum
1412 2942 1589 2998 etiam
1609 2939 1900 3012 quomodo
1915 2939 2197 3011 paulatim

544 3033 617 3090 ab
647 3032 776 3105 ipso
812 3031 1056 3088 humani
1097 3031 1327 3104 generis
1355 3030 1590 3087 exordio
1624 3028 1810 3102 ipsius
1839 3028 2096 3084 auctoris
2122 3027 2200 3084 sit

545 3098 917 3178 manifestata
933 3098 1204 3194 cognitio.
1227 3119 1458 3176 Primus
1483 3098 1664 3192 igitur
1680 3117 1989 3174 hominum
2009 3118 2194 3172 Adam
2227 3098 2270 3166 C

2304 1899 2499 1955 Opera,
2526 1883 2734 1955 hisque
2761 1881 2933 1938 editis
2957 1882 3361 1955 requievit,die
3383 1881 3626 1954 septima
3643 1881 3883 1948 videlicet;

2305 1973 2386 2027 ita
2415 1989 2520 2044 per
2549 1990 2648 2027 sex
2670 1971 2854 2027 millia
2875 1988 3160 2027 annorum
3184 1971 3380 2044 spatia
3409 1978 3669 2044 operatus
3695 1976 3785 2038 est,
3812 1988 3884 2042 pro

2304 2061 2631 2117 eruditione
2676 2060 2980 2116 hominum
3051 2060 3383 2116 exhibendo
3443 2059 3556 2115 illis
3625 2059 3886 2130 frequentia

2306 2149 2610 2223 signanter
2639 2154 2885 2205 ostenta.
2942 2149 3171 2204 Scilicet
3203 2153 3267 2204 ut
3318 2167 3455 2215 non,
3501 2147 3774 2220 praeteritis
3810 2163 3884 2201 saa-

2306 2239 2474 2309 culis,
2507 2239 2842 2311 quodquam
2875 2237 3188 2293 dimissum
3221 2243 3313 2292 est
3331 2255 3542 2293 vacans
3563 2238 3629 2292 ab
3651 2236 3730 2292 his
3747 2235 3885 2307 signis

2306 2333 2540 2400 tempus
2554 2327 2967 2383 miraculorum
2980 2327 3474 2390 ,aeternumDeum
3490 2324 3886 2398 praedicantibus,

2309 2434 2613 2489 usquequo
2651 2416 2794 2471 illud
2828 2414 3148 2471 maximum
3183 2431 3381 2470 rerum
3406 2414 3734 2488 principium
3760 2428 3887 2483 appa-

2308 2525 2442 2563 rens
2464 2506 2700 2562 homine
2722 2504 2967 2561 vestitus
2988 2503 3046 2558 in
3072 2503 3318 2560 mundo.
3343 2505 3514 2560 Sexta
3529 2503 3777 2557 duntaxat
3793 2505 3885 2554 aita-

2308 2601 2363 2652 te
2394 2595 2697 2668 przescntis
2719 2593 2937 2658 saeculi,
2961 2597 3137 2665 atque
3160 2596 3222 2647 ut
3256 2597 3516 2665 putatur,
3549 2591 3688 2663 quod
3706 2589 3772 2645 sit
3788 2588 3886 2642 linis

2309 2685 2367 2740 in
2400 2683 2650 2757 septima
2675 2683 2852 2754 hujus
2875 2682 3185 2737 mundanae
3208 2681 3386 2737 molis
3407 2681 3741 2736 diversorum
3767 2675 3886 2731 labo-

2308 2779 2532 2840 rum,ut
2571 2773 2644 2828 ab
2689 2772 2787 2827 illo
2811 2770 3012 2844 procul
3041 2771 3246 2837 dubio,
3271 2771 3441 2827 unde
3471 2769 3632 2843 cmpit
3661 2763 3884 2840 quidquid

2306 2880 2433 2919 esse
2463 2861 2669 2918 habuit
2689 2861 3012 2927 exordium,
3037 2859 3095 2914 in
3119 2860 3328 2915 eodem
3353 2855 3885 2932 competentissimum

2305 2951 2549 3025 propriae
2581 2949 2795 3022 quietis
2827 2950 3083 3005 inveniat
3117 2950 3316 3006 finem.

2805 3083 3131 3139 EXPLICIT
3172 3082 3392 3140 LIBEB
3421 3084 3462 3140 I.

1743 3353 2066 3440 LIBER
2129 3345 2768 3439 SECUNDUS.

1568 3528 1936 3587 INCIPIUNT
1975 3525 2330 3585 CAPITULA
2371 3523 2562 3581 LIBRI
2601 3521 2926 3579 SECUNDI.

791 3678 834 3735 ῐ.
981 3678 1059 3733 De
1087 3675 1348 3732 electione
1378 3674 1713 3744 Hugonisiin
1738 3689 1940 3742 regem.

791 3751 858 3805 Il.
980 3749 1055 3804 De
1083 3755 1194 3802 ceto
1223 3747 1396 3801 maris
1425 3743 1479 3801 et
1499 3743 1922 3800 occidentali-um
1954 3743 2129 3797 bellis.

792 3821 884 3876 III.
980 3823 1060 3875 De
1091 3819 1308 3874 Conano
1337 3817 1471 3872 duce
1500 3817 1836 3880 Brittonum,
1868 3823 1920 3870 et
1949 3814 2182 3870 Fulcone
2202 3811 2636 3882 Andegavorum.

793 3891 884 3947 IV.
980 3893 1054 3947 De
1081 3890 1411 3946 monasterio
1440 3889 1753 3954 Lucacensi,

715 3965 718 3970 '
791 3961 856 4016 V.
978 3967 1050 4018 De
1075 3967 1320 4033 portento
1349 3958 1847 4033 Aurelianzeuijbis
1873 3957 2143 4033 mirabili.

981 4028 1512 4115 Qe'prwlaiiovtious
1541 4031 1716 4115 turpis
1745 4030 1894 4115 lucri
1913 4028 2173 4110 arreptis.

791 4107 911 4161 VII.
981 4105 1058 4159 De
1086 4101 1356 4158 incendiis
1376 4110 1428 4158 et
1447 4101 1714 4157 mortibus
1743 4101 2036 4156 nobilium.

789 4177 934 4234 VIII.
981 4177 1056 4232 De
1082 4176 1306 4231 Henrici
1332 4173 1485 4229 ducis
1512 4182 1702 4238 morte,
1734 4181 1785 4228 et
1814 4172 2116 4227 vastatione
2146 4167 2506 4240 Burgundiaz.

789 4249 879 4306 IX.
983 4248 1060 4302 De
1087 4247 1232 4317 fame
1262 4245 1445 4302 valida
1473 4253 1524 4301 et
1555 4245 1904 4316 infestatio-ne
1932 4243 2380 4298 Sarracenorum.

786 4321 853 4376 Χ.
984 4319 1058 4374 De
1089 4317 1447 4373 inundatione
1481 4317 1746 4388 lapidum.

787 4391 879 4446 XI.
994 4391 1068 4444 De
1094 4389 1358 4444 Leutardo
1391 4385 1698 4443 insaniente
1727 4385 2006 4443 haeretica.

788 4461 908 4518 XII.
994 4461 1068 4516 De
1079 4459 1298 4526 Jiazrese
1327 4461 1388 4515 in
1415 4459 1586 4516 Italia
1616 4467 1846 4530 reperta.

2078 4568 2426 4582 #—

1070 4645 1303 4702 CAPUT
1343 4644 1648 4701 PRIMUM.

887 4741 968 4794 De
993 4736 1252 4792 electione
1271 4736 1513 4804 Hugonis
1546 4736 1604 4789 in.
1635 4749 1833 4804 regem.

605 4825 1078 4902 Sicutquispiam
1101 4823 1282 4896 igitur
1306 4840 1621 4896 peragrans
1647 4821 1972 4894 quamlibet
1991 4820 2193 4875 vastis-

530 4919 745 4975 simam
777 4917 936 4974 orbis
967 4912 1252 4970 mundani
1287 4910 1544 4984 plagam,
1596 4928 1700 4966 seu
1732 4910 2053 4983 spatiosum
2089 4924 2182 4963 re-

532 5007 808 5079 migando
839 5021 1040 5077 aequor
1069 5007 1408 5075 penetrans,
1441 5000 1655 5071 saepius
1683 4998 1977 5054 altitudini
2012 5015 2182 5052 mon-

528 5095 678 5149 tium
724 5099 826 5149 aut
865 5091 1194 5165 proceritati
1225 5091 1500 5146 arborum
1549 5088 1774 5144 scilicet
1821 5092 2178 5159 respectans,

529 5180 731 5252 dirigit
750 5181 934 5236 aciem
966 5180 1293 5244 oculorum,
1320 5182 1381 5233 ut
1401 5177 1672 5233 videlicet
1694 5176 1929 5232 illorum
1957 5195 1990 5230 a
2013 5175 2184 5248 longe

529 5271 760 5342 reperta
803 5268 1120 5340 agnitione,
1155 5268 1378 5340 absque
1431 5283 1624 5322 errore
1654 5282 1769 5337 quo
1814 5266 2185 5338 disposuerat

525 5356 714 5411 valeat
741 5354 1158 5426 pervenireJta
1183 5372 1416 5426 quoque
1438 5372 1577 5427 erga
1599 5371 1706 5410 nos
1731 5353 1850 5410 fore
1873 5353 2178 5426 contingit,

530 5445 626 5517 qui
662 5443 888 5516 utique,
918 5443 1061 5498 dum
1095 5444 1368 5514 cupimus
1401 5448 1691 5516 praeterita
1739 5443 2044 5498 ostendere
2093 5443 2183 5496 fu-

528 5533 698 5601 turis,
731 5534 973 5589 obtutus
1001 5531 1184 5588 nostri
1203 5533 1490 5588 sermonis
1514 5533 1846 5605 pariterque
1869 5533 2050 5586 animi
2076 5533 2183 5586 fre-

529 5626 776 5694 quenter
803 5622 864 5681 in
897 5619 1179 5680 relatione
1209 5621 1564 5694 porrigimus
1591 5626 2000 5694 magnatorum
2031 5620 2180 5677 viro-

2215 4651 2262 4716 B
2293 4655 2424 4695 rum
2457 4635 2745 4710 personis,
2778 4635 2994 4708 quibus
3017 4633 3286 4690 videlicet
3316 4634 3420 4690 fiat
3450 4633 3572 4704 ipsa
3590 4621 3764 4716 relatio
3789 4614 3875 4672 ela-

2303 4729 2439 4794 rior,
2467 4709 2531 4782 et
2561 4729 2838 4798 appareat
2867 4723 3094 4780 certior.
3129 4723 3317 4796 Igitur
3347 4721 3528 4786 finito,
3571 4722 3629 4773 ut
3653 4709 3872 4798 diximus.

2301 4822 2421 4872 tam
2473 4795 2753 4889 regnandi
2799 4831 2975 4881 quam
3023 4795 3354 4884 imperandi
3412 4809 3562 4884 apud
3609 4799 3795 4889 Italiam
3834 4795 3874 4887 et

2300 4883 2912 4976 Gallias,vmagnorum
2938 4883 3140 4975 regum
3160 4917 3394 4973 genere,
3417 4883 3666 4954 videlicet
3685 4883 3873 4976 Luden-

2291 4994 2366 5060 ci,
2402 5011 2506 5049 nec
2539 5010 2653 5048 non
2683 4997 2740 5048 et
2770 4991 3051 5057 Caroli,ac
3077 4989 3167 5045 sui
3206 4990 3438 5062 generis
3463 4989 3762 5042 ceterorum
3788 4971 3872 5068 Ile‘

2292 5082 2730 5156 gum,protinus
2763 5081 2820 5135 in
2847 5080 3022 5136 unius
3045 5075 3520 5151 consanguinatis
3539 5071 3678 5126 viros
3706 5066 3871 5156 ηιξ-ξηε-

2293 5189 2407 5245 quo
2465 5170 2628 5243 regni
2687 5169 2935 5242 contigit
2989 5167 3259 5224 devenire
3318 5159 3713 5245 monarcbiam.

2292 5235 2561 5332 (inelite;
2567 5257 2795 5330 primus
2817 5235 3188 5313 etsecundus
3221 5271 3326 5312 nec
3351 5271 3462 5309 non
3483 5255 3538 5306 et
3566 5243 3744 5302 tertius
3767 5235 3866 5332 Οιιιξ

2292 5316 2411 5404 sint
2441 5316 2607 5419 potiti
2643 5347 3042 5401 Romanorum
3075 5345 3341 5417 imperio,
3383 5339 3592 5396 scilicet
3635 5340 3790 5421 usque
3810 5316 3862 5374 ad

2293 5435 2523 5494 Henrici
2570 5436 2909 5506 imperium,
2959 5435 3233 5507 superius
3291 5449 3396 5487 nos
3445 5431 3564 5498 jam
3612 5420 3866 5507 digesti-i556

2294 5525 2693 5582 meminimus.
2709 5523 2873 5578 Nunc
2890 5540 3123 5596 quoque
3138 5526 3340 5589 restat,
3363 5524 3425 5576 ut
3440 5498 3859 5596 quemadmotllﬂn

2291 5615 2504 5674 abhinc
2537 5614 2893 5671 Francorum
2926 5612 3002 5670 sit
3050 5628 3297 5686 regnum
3347 5601 3671 5680 dispositum
3698 5587 3862 5648 refera-
