4098 6164
233 297 335 360 629

1077 295 1663 366 HlSTORlAllUM
1706 299 1918 366 LIBRI
1961 301 2346 376 QUINQUE.
2394 341 2470 354 -—
2516 309 2663 374 LIB.
2711 309 2789 376 ll.

3571 324 3692 392 630

237 449 379 491 mus.
413 430 662 490 Mortuis
694 430 872 506 igitur
896 429 1164 488 Lothario
1187 447 1257 488 ac
1291 431 1606 493 Ludovico
1637 437 1908 536 regibus,
1936 440 1984 506 Α
2018 441 2338 498 exacturus
2360 531 2375 536 _
2396 448 2650 502 noctem.
2711 447 2978 524 Cumque
3024 450 3105 510 ibi
3156 470 3398 516 ventum
3461 459 3691 536 fuisset,

229 523 400 583 totius
442 522 694 580 Franciae
741 521 902 594 regni
961 519 1272 594 dispositio
1334 521 1624 582 incubuit
1676 525 1913 601 Hugoni

229 613 568 672 Parisiensis
590 612 754 668 ducis
777 610 1188 678 filio,videlicet
1208 609 1378 668 illius
1404 612 1613 687 Magni
1639 615 1914 689 Hugonis

227 721 400 778 supra
432 701 759 766 memorati,
785 701 958 771 cujus
989 700 1160 756 etiam
1211 699 1400 755 frater
1432 706 1567 757 erat
1598 704 1912 761 nobilissi-

224 811 354 852 mus
377 790 848 866 Burgunditedux
865 789 1298 855 Henricus.Qui
1332 789 1523 846 simul
1549 808 1689 846 cum
1720 795 1917 851 totius

222 883 381 957 regni
414 881 759 955 primatibus
770 879 1177 937 convenienter
1194 880 1561 952 pradictum
1583 881 1916 954 Hugoncm

221 975 274 1032 in
310 989 506 1046 regem
540 969 679 1044 ungi
725 970 1001 1026 fecerunt.
1034 970 1215 1028 Erant
1245 985 1413 1041 ergo,
1475 972 1545 1024 ut
1581 969 1717 1039 jam
1750 988 1922 1027 com-

219 1061 692 1126 memoravimus,
725 1058 1010 1116 affinitate
1060 1057 1607 1130 consanguinitatis
1649 1061 1924 1131 regibus

217 1155 516 1211 Saxonum
550 1147 714 1218 uniti,
747 1165 778 1203 a
810 1147 1003 1220 primo
1033 1146 1254 1203 scilicet
1282 1146 1524 1213 Ottone,
1560 1146 1666 1217 qui
1729 1153 1924 1206 natus

215 1249 306 1301 est
334 1259 403 1298 ex
425 1239 686 1312 Hugonis
728 1238 922 1310 Magni
973 1253 1173 1293 sorore
1203 1236 1336 1307 (23).
1373 1235 1676 1306 Suscepto
1723 1235 1926 1310 igitur

213 1333 383 1404 Hugo
411 1328 691 1404 regimine
732 1325 891 1400 regni
946 1327 1506 1425 Francorum,-non.
1535 1323 1750 1425 multo
1781 1334 1923 1428 post

208 1422 528 1496 plerosque
558 1433 810 1483 suorum,
845 1432 997 1489 quos
1043 1415 1220 1472 etiam
1263 1415 1441 1487 prius
1492 1415 1551 1468 in
1591 1415 1915 1474 universis

207 1512 503 1568 habuerat
527 1505 1111 1578 subditos,persensit
1131 1503 1815 1572 contumaces.Tamen,
1846 1512 1913 1564 ut

2024 533 2312 585 exeuntes
2343 531 2415 588 de
2447 535 2706 608 scaphis,
2741 542 3321 620 conscendentesque
3360 553 3690 625 turgentem

2025 615 2239 673 bellua:
2268 621 2722 689 dorsum,unius
2753 632 3162 690 tantummodo
3195 615 3414 696 ibidem
3439 615 3695 716 hospitio

2029 707 2226 762 noctis
2261 709 2523 781 petituri.
2547 714 2810 789 Cumque
2834 725 2966 791 post
2994 723 3225 780 brevem
3254 744 3479 785 coenam
3503 734 3696 790 caeteri

2032 793 2246 851 fratres
2281 798 2436 854 fessa
2465 800 2853 862 indulsissent
2886 812 3148 868 membra
3179 815 3381 886 quieti,
3419 820 3580 877 solus
3611 822 3697 880 vir

2032 881 2269 940 Domini
2302 887 2612 948 Bendanus
2635 896 2876 968 pervigil
2907 904 3104 956 custos
3126 903 3414 962 Dominici
3432 910 3695 980 ovilis,ac

2034 974 2228 1045 magis
2260 977 2538 1036 assiduus
2571 999 2748 1053 quam
2793 987 3067 1059 frequens
3112 993 3454 1064 psalmicen,
3489 1001 3691 1072 explo-

2035 1061 2204 1117 rabat
2234 1066 2462 1125 caulius
2480 1069 2595 1126 vim
2617 1079 2925 1131 ventorum
2961 1083 3016 1133 et
3045 1080 3308 1140 siderum
3341 1092 3686 1156 cursus.Qui

2037 1149 2179 1206 dum
2213 1153 2321 1208 hoc
2351 1159 2629 1216 attentius
2661 1180 2764 1234 per
2804 1167 2990 1220 noctis
3040 1171 3416 1230 conticinium
3467 1183 3684 1250 ageret,

2035 1245 2270 1310 repente
2305 1243 2587 1304 intellexit
2617 1253 2892 1321 quoniam
2926 1254 3069 1311 illud
3099 1243 3583 1332 promontorium,
3609 1243 3680 1322 ad

2033 1330 2187 1399 quod
2221 1331 2445 1389 scilicet
2474 1335 2823 1409 hospitaturi
2858 1343 3307 1414 diverterant,ad
3338 1330 3681 1411 orientalem

2029 1415 2161 1472 illos
2193 1420 2458 1478 aveheret
2490 1425 2746 1498 plagam.
2810 1431 2962 1486 Luce
3015 1450 3248 1508 quoque
3295 1439 3535 1498 alterius
3564 1445 3678 1500 diei

2025 1506 2271 1580 reddita,
2307 1509 2728 1571 solertissimus
2751 1518 2836 1574 vir
2855 1537 3179 1581 convocans
3201 1526 3452 1601 collegas
3475 1531 3678 1588 videli-

203 1604 332 1658 erat
353 1615 601 1671 corpore
617 1601 671 1653 et
691 1599 878 1653 mente
891 1594 1149 1663 vividus,
1181 1596 1434 1650 cunctos
1464 1592 1578 1649 sibi
1601 1593 1909 1652 rebellan-
2019 1600 2111 1650 cet
2143 1599 2410 1670 suos,qui
2442 1602 2928 1672 aderant,blande
2941 1611 3256 1669 exhortans
3279 1633 3345 1671 ac
3362 1620 3674 1676 consolans

201 1695 291 1747 tes
320 1687 618 1763 paulatim
651 1684 1028 1759 compescuit.
1065 1684 1328 1740 Habebat
1358 1683 1522 1739 enim
1556 1682 1763 1740 filium
1797 1687 1900 1742 ad-

196 1779 454 1836 modum
519 1777 882 1850 prudentem,
943 1774 1187 1830 nomine
1246 1773 1603 1836 Robertum,
1672 1776 1894 1848 artium

192 1869 380 1925 etiam
415 1866 744 1923 litterarum
767 1861 981 1920 studiis
1004 1862 1333 1934 plurimum
1357 1861 1690 1916 eruditum.
1722 1863 1896 1920 Cum-

190 1974 309 2031 que
337 1974 406 2013 se
429 1954 803 2027 cognovisset
820 1953 946 2049 jam
971 1948 1416 2049 aliquantulum
1437 1949 1673 2049 viribus
1695 1952 1889 2025 defici,

189 2043 586 2119 congregatis
639 2045 696 2098 in
753 2041 1074 2098 Aureliana
1125 2040 1268 2095 urbe
1327 2038 1490 2109 regia
1549 2039 1890 2112 quibusque

191 2138 570 2193 Francorum
621 2145 685 2188 ac
735 2131 1224 2204 Burgundionum
1273 2126 1441 2200 regni
1501 2127 1882 2199 primoribus,

192 2225 487 2282 eumdem
543 2222 889 2286 Robertum,
939 2219 1134 2274 filium
1180 2217 1451 2273 videlicet
1498 2234 1696 2283 suum,
1732 2237 1883 2277 anno

189 2313 430 2370 scilicet
465 2310 640 2367 tertio
689 2308 922 2365 decimo
977 2312 1117 2362 ante
1148 2305 1533 2362 millesimum
1595 2305 1879 2365 incarnati

192 2402 556 2468 Salvatoris,
593 2399 789 2455 adhuc
819 2413 883 2453 se
934 2395 1270 2468 superstite,
1305 2411 1500 2467 regem
1555 2395 1877 2452 constituit.

189 2492 335 2547 Post
366 2491 610 2561 aliquot
634 2504 771 2543 vero
821 2503 1013 2543 annos
1053 2485 1208 2540 idem
1263 2483 1437 2539 etiam
1499 2501 1598 2538 rex
1625 2484 1788 2558 Hugo
1819 2487 1877 2542 in

185 2597 359 2653 pace,
394 2595 587 2651 regno
619 2575 910 2649 deposito,
949 2572 1196 2630 feliciter
1243 2573 1412 2629 obiit.
1456 2577 1592 2629 Erat
1623 2591 1878 2648 namque

183 2669 500 2726 Robertus
532 2684 634 2722 rex
677 2670 820 2721 tunc
861 2663 1121 2736 juvenis,
1183 2665 1249 2716 ut
1302 2661 1584 2730 diximus,
1620 2665 1876 2735 prudens

180 2763 374 2831 atque
405 2752 1024 2824 eruditus,dulcisque
1037 2751 1266 2824 eloquio
1279 2769 1344 2807 ac
1365 2751 1873 2825 pietateinsignis.

182 2849 326 2911 Sed.
353 2847 564 2902 divina
594 2844 938 2917 providente
958 2839 1286 2905 clementia,
1310 2840 1662 2911 hujusmodi
1685 2843 1873 2899 virum

185 2938 260 2992 ad
280 2934 609 2992 Catholicae
636 2932 827 3006 plebis
859 2929 1122 3004 regimen
1152 2929 1417 2984 omnium
1447 2931 1744 2988 Dominus
1775 2931 1874 2988 illo

188 3025 498 3099 praecipue
526 3023 588 3078 in
623 3028 886 3093 tempore
917 3018 1194 3092 dignatus
1245 3022 1334 3073 est
1373 3019 1692 3077 destinare.
1725 3022 1871 3076 Nam

194 3116 416 3171 diebus
439 3113 610 3185 regni
633 3108 1281 3184 ipsius,elementorum
1311 3106 1486 3162 etiam
1523 3109 1712 3181 signis
1732 3127 1874 3181 pra?—

2015 1699 2136 1747 eos,
2166 1684 2474 1758 inquiens:
2510 1713 2538 1740 «
2571 1691 2986 1752 Universorum
3028 1702 3316 1758 conditori
3372 1709 3429 1761 et
3456 1709 3672 1779 guber-

2011 1774 2349 1843 natoriDeo,
2386 1778 2592 1835 fratres
2634 1781 3067 1854 benignissimi,
3102 1789 3428 1849 indefessas
3454 1796 3669 1852 refera-

2007 1877 2147 1916 mus
2176 1864 2414 1936 gratias,
2439 1869 2539 1938 qui
2563 1885 2673 1924 sua
2703 1872 2872 1928 nobis
2902 1873 2959 1928 in
2994 1875 3086 1930 his
3115 1881 3361 1936 marinis
3389 1883 3666 1942 ﬂuctibus

2003 1952 2375 2022 providentia
2387 1959 2728 2028 praeparavit
2739 1960 3070 2018 vehiculum
3085 1983 3197 2021 non
3211 1984 3389 2040 egens
3401 1971 3662 2030 humano

2003 2039 2274 2112 remigio.
2313 2065 2338 2090 ››
2371 2045 2595 2110 Quibus
2628 2064 2662 2100 a
2691 2048 2812 2104 viro
2846 2050 2943 2106 Dei
2977 2053 3116 2109 socii
3175 2058 3413 2128 auditis,
3447 2063 3660 2119 mentis

2000 2132 2244 2200 stupore
2277 2132 2490 2200 adacti,
2533 2133 2738 2190 divinm
2784 2139 3052 2209 protinus
3109 2160 3236 2201 sese
3285 2149 3660 2217 providentiae

1997 2219 2457 2288 committentes,
2492 2239 2557 2278 ac
2585 2224 2692 2278 viri
2726 2228 2913 2282 sancti
2964 2229 3279 2289 innitentes
3312 2239 3657 2309 prudentiae,

1994 2314 2304 2378 cmperunt
2334 2312 2659 2368 securiores
2690 2321 2963 2372 eventum
2994 2322 3315 2390 praestolari
3347 2327 3426 2381 rei
3459 2328 3662 2385 fortui-

1994 2399 2090 2450 tae.
2123 2397 2476 2469 Hujusmodi
2497 2418 2634 2474 ergo
2667 2420 2769 2474 per
2799 2407 2989 2477 spatia
3019 2409 3408 2480 plurimorum
3425 2416 3656 2476 dierum

1993 2484 2109 2540 nisi
2145 2488 2458 2555 evectione,
2488 2507 2719 2562 semper
2741 2498 2939 2552 tamen
2988 2505 3174 2555 semet
3215 2503 3658 2576 conspiciebant

1991 2573 2064 2627 ad
2099 2574 2241 2632 solis
2274 2582 2468 2633 ortum
2515 2579 2770 2637 tendere.
2815 2585 3075 2642 Tandem
3125 2607 3256 2646 vero
3308 2573 3651 2664 perventum

1988 2666 2080 2717 est
2108 2664 2177 2718 ad
2222 2667 2482 2722 insulam
2527 2672 2866 2728 caeterarum
2927 2677 3421 2746 speciosissimam
3471 2688 3649 2758 atque

1988 2753 2149 2806 omni
2182 2757 2518 2811 ammnitate
2538 2759 3221 2829 gratiosissimam.lllius
3235 2786 3466 2843 quoque
3479 2777 3646 2832 arbo-

1988 2855 2119 2894 rum
2154 2840 2438 2899 habitudo
2471 2849 2647 2917 atque
2676 2849 2868 2905 avium
2922 2840 3466 2917 dissimilitudinem
3489 2866 3643 2935 gerit

1986 2926 2416 2987 universorum.
2450 2934 2734 3006 Egressus
2760 2955 2993 3011 quoque
3038 2942 3125 2997 vir
3152 2946 3447 3004 saecularis
3477 2969 3638 3009 acce-

1983 3016 2130 3072 dens
2156 3019 2226 3072 ad
2261 3036 2412 3088 eam,
2449 3025 2663 3093 reperit
2715 3028 2888 3083 etiam
2943 3029 3024 3085 ibi
3073 3034 3491 3093 monachorum
3545 3042 3633 3096 vel

1983 3104 2180 3176 potius
2193 3108 2677 3166 anachoretarum
2699 3113 2971 3170 collectas
2985 3117 3164 3173 miras
3177 3137 3242 3174 ac
3256 3121 3636 3196 multiplices,

1987 3174 2002 3176 ὴ
3285 3174 3634 3196 τ---Ί---νννι

199 3174 676 3268 θιωὶὶὶηιεῗηοιί
699 3174 946 3256 modica:
970 3195 1166 3251 clades
1197 3195 1515 3252 incubuere
1547 3174 1875 3254 CbristiEc-
1906 3174 1949 3243 Ο
1990 3210 2240 3265 quorum
2273 3197 2498 3253 scilicet
2537 3200 2654 3254 vita
2696 3205 2752 3255 ct
2809 3207 3168 3262 conversatio
3227 3210 3634 3272 universorum

204 3292 402 3348 elesiaa
428 3310 441 3348 :
479 3291 700 3364 quibus
731 3287 848 3344 nisi
887 3286 1044 3342 idem
1075 3301 1172 3340 rex
1203 3284 1511 3356 sapienter,
1547 3288 1662 3343 Deo
1691 3304 1752 3342 se
1776 3288 1873 3358 ju—

207 3385 383 3436 vante
415 3379 758 3444 restitisset,
787 3375 1081 3434 saeviendo
1126 3372 1527 3446 multipliciter
1557 3375 1615 3430 in
1645 3375 1874 3447 longin-

215 3486 400 3542 quum
432 3467 890 3542 processissent.

873 3551 1111 3610 CAPUT
1150 3551 1218 3607 ΙΙ.

442 3651 525 3703 De
553 3652 676 3701 cem
702 3645 902 3707 maris,
935 3650 988 3698 et
1015 3641 1439 3698 occidentali-um
1469 3641 1645 3697 bellis.

284 3737 449 3792 Anno
479 3734 665 3807 igitur
713 3736 924 3805 quarto
975 3732 1046 3786 de
1095 3729 1488 3802 suprascripto
1534 3729 1870 3800 millesimo,

214 3824 335 3879 visa
366 3829 452 3880 est
488 3827 658 3878 cetus
694 3821 856 3876 mirae
896 3817 1322 3892 magnitudinis
1369 3819 1739 3875 descendisse
1771 3837 1876 3892 per

216 3913 460 3977 mare,in
496 3911 624 3968 loco
652 3909 752 3982 qui
781 3907 1140 3965 Bernovallis
1161 3908 1875 3980 nuncupatur.Egrediens

214 4000 434 4057 scilicet
465 4018 498 4055 a
521 3996 966 4072 septentrionali
996 3996 1171 4098 plaga
1188 3995 1730 4098 inoccidental'em.
1761 3998 1874 4098 trp:

214 4089 411 4160 paruit
441 4103 684 4160 quoque
715 4101 918 4143 mense
966 4083 1276 4140 Novembri
1332 4100 1503 4139 mane
1536 4083 1727 4154 prima
1757 4085 1874 4140 diei

214 4177 529 4242 aurora,ad
563 4176 753 4232 instar
781 4173 1009 4240 insulae,
1044 4189 1111 4228 ac
1158 4173 1516 4227 transeundo
1546 4173 1876 4244 perdurans

213 4283 402 4339 usque
432 4266 494 4320 in
529 4264 738 4320 horam
770 4261 883 4318 diei
910 4260 1167 4326 tertiam,
1203 4259 1522 4315 maximum
1545 4259 1720 4315 etiam
1745 4265 1876 4317 stu-

213 4370 416 4426 porem
441 4354 511 4408 ad
521 4352 600 4408 mi
610 4350 1013 4422 rationemque
1027 4365 1087 4404 se
1101 4348 1475 4404 cernentibus
1487 4346 1876 4405 contulit.Sed

213 4448 265 4500 et
298 4458 374 4498 ne
395 4439 579 4498 alicui
613 4440 759 4496 forte
781 4437 860 4495 sit
880 4437 1127 4494 dubium
1153 4437 1309 4508 quod
1342 4439 1635 4503 narratur,
1669 4452 1876 4507 quam-

1984 3283 2322 3340 mortalium
2354 3287 2566 3344 studiis
2588 3291 2842 3347 sanctior
2867 3297 3041 3367 atque
3083 3297 3331 3354 nobilior
3351 3303 3634 3361 enitebat.

1983 3372 2030 3426 A
2061 3370 2276 3440 quibus
2298 3372 2474 3428 etiam
2499 3391 2711 3449 magna
2725 3395 2855 3434 cum
2879 3381 3160 3439 charitate
3191 3389 3447 3460 suscepti
3460 3390 3641 3462 pluri-

1986 3459 2098 3514 bus
2127 3458 2336 3516 diebus
2380 3461 2597 3518 ibidem
2649 3475 3107 3537 commanentes,
3144 3474 3214 3529 de
3273 3458 3480 3534 multis
3509 3497 3638 3553 quae

1985 3547 2058 3603 ad
2093 3563 2284 3602 veram
2336 3551 2626 3620 pertinent
2675 3555 2982 3628 diligenter
3035 3561 3284 3618 salutem
3343 3547 3636 3639 instructi,

1986 3637 2363 3708 postmodum
2396 3643 2452 3694 et
2482 3641 2552 3695 ad
2587 3643 2847 3701 nativum
2879 3653 3230 3707 revertentes
3261 3653 3477 3724 solum,
3503 3659 3640 3715 uni-

1985 3741 2154 3780 versa
2185 3742 2312 3796 quae
2343 3737 2744 3800 compererant
2768 3736 2968 3806 patriae
2991 3739 3199 3796 redditi
3232 3753 3635 3804 narraverunt.

1984 3815 2266 3870 Praeterea
2292 3815 2435 3879 viso,
2461 3822 2524 3872 ut
2554 3819 2742 3877 dicere
2764 3826 3071 3896 coepimus,
3103 3829 3314 3887 Oceani
3345 3839 3635 3906 portento,

1985 3919 2226 3958 exorsus
2255 3909 2343 3960 est
2367 3906 2612 3962 bellicus
2643 3912 2932 3969 tumultus
2961 3915 3020 3970 in
3067 3919 3338 3977 universa
3369 3926 3638 3980 occiden-

1986 3991 2086 4048 tali
2117 3993 2274 4049 orbis
2301 3994 2490 4067 plaga,
2515 3995 2783 4054 videlicet
2813 4005 2931 4056 tam
2965 4004 3021 4058 in
3055 4007 3395 4078 regionibus
3426 4013 3640 4070 Gallia-

1986 4097 2114 4136 rum
2134 4097 2308 4152 quam
2334 4083 2392 4137 in
2406 4087 2818 4143 transmarinis
2834 4091 3045 4146 Oceani
3061 4092 3296 4164 insulis,
3312 4099 3633 4171 Anglorum

1984 4168 2249 4223 videlicet
2277 4175 2451 4240 atque
2483 4171 2813 4229 Brittonum
2869 4193 2974 4231 nec
3032 4196 3146 4234 non
3189 4186 3246 4235 et
3303 4168 3631 4242 Scotorum.

1985 4256 2306 4328 Siquidem,
2343 4263 2406 4314 ut
2437 4258 2784 4334 plerumque
2813 4264 2960 4320 solet
3009 4269 3368 4342 contingere,
3402 4279 3638 4345 propter

1986 4345 2196 4402 delicta
2227 4346 2412 4402 intimi
2443 4349 2641 4420 populi
2673 4353 2822 4408 versi
2850 4353 2911 4409 in
2938 4354 3369 4416 dissensionem
3401 4361 3635 4420 illorum

1988 4451 2152 4507 reges
2184 4452 2249 4490 ac
2279 4437 2465 4492 caeteri
2501 4437 2814 4512 principes,
2849 4443 3166 4516 statimque
3195 4449 3641 4509 exardescentes

211 4531 301 4586 vis
333 4547 367 4585 a
387 4527 806 4584 multisvisum
823 4524 1154 4591 fuit,tamen
1177 4524 1317 4579 huic
1340 4523 1875 4580 similemonstrum
1907 4541 1958 4610 D
1986 4522 2046 4613 in
2078 4525 2352 4595 subjectae
2386 4525 2570 4597 plebis
2621 4528 3132 4602 depOpulationem
3179 4536 3421 4606 scilicet,
3454 4557 3642 4613 usque

215 4635 249 4675 a
279 4617 587 4692 plerisque
612 4612 1618 4712 invenitur-descriptum:Denique
1665 4611 1880 4712 legitur

216 4706 276 4760 in
308 4705 495 4777 gestis
530 4703 748 4776 egregii
792 4701 1146 4758 confessoris
1194 4700 1472 4764 Bendani,
1505 4700 1878 4756 orientalium

216 4793 486 4850 videlicet
517 4790 864 4864 Anglorum,
899 4790 1177 4863 quoniam
1209 4787 1361 4844 idem
1411 4787 1499 4842 vir
1529 4788 1627 4843 Dei
1663 4789 1884 4846 scilicet

221 4882 688 4939 Bendanuscum
712 4879 983 4952 pluribus
1004 4877 1308 4933 monachis
1323 4893 1424 4948 per
1445 4876 1706 4934 marinas
1726 4878 1884 4934 insu-

223 4970 309 5026 las
339 4987 446 5042 per
464 4968 706 5041 aliquod
739 4968 1025 5039 temporis
1041 4966 1296 5039 spatium
1322 4964 1681 5022 eremiticam
1700 4971 1884 5022 trans-

221 5058 669 5134 egissetvitam,
728 5057 882 5113 hanc
937 5056 1025 5112 vel
1076 5055 1212 5111 huic
1273 5053 1526 5110 similem
1586 5057 1881 5127 quondam

222 5148 456 5205 obviam
508 5145 754 5202 haberet
803 5144 1080 5202 belluam.
1143 5144 1288 5200 Nam
1348 5159 1481 5198 cum
1542 5143 1882 5217 remigando

224 5252 495 5311 quasque
526 5235 585 5290 in
620 5233 769 5290 mari
800 5233 1151 5289 constitutas
1173 5230 1506 5286 circumiret
1534 5230 1882 5300 insulas,su-

224 5324 611 5397 perveniente
634 5322 825 5378 noctis
855 5319 1469 5393 crepusculo,cernens
1499 5322 1698 5391 procul
1729 5323 1887 5379 velut

237 5410 600 5469 maritimam
636 5409 1005 5478 insulam,ad
1035 5425 1210 5481 quam
1242 5407 1415 5464 etiam
1443 5408 1731 5464 divertens
1753 5428 1884 5467 cum

227 5501 524 5559 omnibus
553 5501 870 5574 quisecum
887 5495 1575 5596 erant,supervenicntem
1605 5498 1888 5596 duntaxat

301 5589 422 5659 (23)
449 5589 576 5646 Imo
610 5586 872 5662 Hugonis
898 5586 974 5657 M;
1010 5603 1155 5645 uxor
1184 5584 1293 5642 fuit
1322 5601 1486 5641 soror
1522 5585 1748 5641 Ottonis
1771 5586 1811 5641 Ι.

1989 4612 2131 4668 dum
2165 4613 2566 4685 perducuntur
2595 4617 2666 4672 ad
2686 4618 2904 4675 suimet
2935 4624 3242 4695 sanguinis
3273 4612 3640 4697 effusionem,

1991 4703 2153 4768 Quod
2187 4701 2452 4760 videlicet
2481 4705 2682 4761 tandiu
2708 4713 3006 4780 patratum
3039 4717 3126 4769 est
3155 4714 3213 4768 in
3247 4718 3540 4787 pradictis
3561 4719 3646 4775 in-

1991 4789 2477 4864 sulis,quousque
2508 4811 2665 4850 unus
2686 4814 2890 4871 regum
2921 4803 3261 4858 earumdem
3282 4805 3335 4858 vi
3369 4805 3531 4861 solus
3547 4824 3648 4878 po-

1991 4878 2200 4946 tiretur
2230 4881 2534 4953 regiminis
2566 4889 2928 4942 exterarum.
2958 4889 3222 4962 Denique
3252 4897 3482 4948 mortuo
3512 4911 3646 4968 rege

1991 4967 2370 5036 Adalrado,in
2403 4987 2580 5042 regno
2613 4974 3079 5031 scilicetillorum
3105 4967 3648 5049 quiDanimarches

1994 5057 2611 5132 cognominantur,qui
2646 5063 2820 5118 etiam
2855 5066 3095 5120 duxerat
3127 5083 3364 5124 uxorem
3387 5086 3648 5128 sororem

1995 5145 2220 5200 Ricardi
2249 5146 2750 5221 Rothomagorum
2783 5153 3193 5218 dueis,invasit
3219 5173 3463 5229 regnum
3486 5159 3647 5216 illius

1995 5249 2092 5288 rex
2122 5235 2387 5291 videlicet
2417 5236 2614 5293 Canuc
2663 5240 3112 5297 occidentalium
3160 5245 3502 5318 Anglorum,
3545 5250 3648 5320 qui

1994 5321 2189 5387 etiam,
2224 5327 2356 5394 post
2387 5325 2590 5381 crebra
2609 5327 2893 5383 bellorum
2919 5330 3224 5388 molimina
3245 5351 3309 5390 ac
3329 5337 3529 5406 patria:
3549 5337 3649 5393 de-

1996 5410 2671 5485 populationes,pactum
2706 5418 3104 5476 cumRieardo
3135 5422 3459 5490 etabilicns,
3493 5426 3653 5497 ejus-

1995 5514 2108 5572 que
2125 5516 2461 5572 germanam
2480 5504 2755 5561 Adalradi
2791 5507 3053 5566 videlicet
3092 5529 3330 5568 uxorem
3362 5515 3421 5570 in
3452 5515 3653 5570 matri—
