4098 6164
496 311 609 377 631

1460 308 1813 381 RODULFI
1859 308 2142 375 GLABRI
2187 301 2547 369 HONACHI
2576 302 2950 368 'CLUNIAC.

3725 300 3847 370 ω.

500 450 766 510 monium
781 445 1334 524 ducens,utriuSquc
1348 451 1512 525 regni
1532 446 2153 507 tenuitmouarchiain.
2187 441 2245 511 Α
2275 440 2510 509 dicitur,
2543 439 2797 512 quisque
2827 436 3085 504 illorum,
3118 438 3255 494 c'um'
3277 437 3617 496 suoexcr'cifu
3632 439 3707 496 die
3722 458 3847 498 ωηο-

499 543 643 601 Post
664 541 788 601 haec
819 556 1051 613 quoque
1070 537 1224 597 idem
1249 541 1443 597 Canuc
1465 557 1600 596 cum
1621 538 1876 612 plurimo
1897 534 2151 593 exercitu

503 631 797 707 egressus,
830 634 897 687 ut
926 629 1268 703 subjugaret
1285 629 1398 685 sibi
1421 634 1656 703 gentem
1679 629 2154 699 Scotorum,quo-

505 732 636 779 rum
666 719 933 777 videlicet
943 735 1044 776 rex
1058 718 1304 775 Melcqu
1318 712 1885 786 vocabatur,viribus
1895 721 1954 773 et
1971 715 2154 772 armis

501 810 751 878 validus,
782 808 1022 882 et,quod
1053 806 1431 881 potissimum
1465 812 1607 877 erat,
1633 807 1747 864 fide
1777 811 1951 880 atque
1981 820 2155 878 opere

504 898 1062 958 Christianissimus.
1078 895 1152 955 Ut
1167 901 1361 955 autem
1384 898 1651 972 cognovit
1666 896 1944 970 quoniam
1956 890 2155 951 Canuc

507 988 782 1048 audacter
809 987 970 1045 illius
997 991 1283 1061 quaereret
1310 987 1583 1045 invadere
1606 1003 1875 1060 regnum,
1910 1000 2155 1057 congre-

507 1094 656 1154 gens
683 1094 921 1135 omnem
949 1093 1069 1134 sua
1100 1078 1292 1151 gentis
1321 1076 1660 1145 exercitum,
1681 1079 1948 1150 potenter
1975 1074 2050 1140 ei,
2084 1088 2157 1128 ne

505 1167 745 1236 valeret,
776 1166 1101 1224 restititAc
1125 1166 1227 1223 diu
1258 1165 1633 1238 multumque
1653 1164 1873 1222 talibus
1900 1161 2155 1235 procaci-

508 1260 601 1314 ter
627 1257 823 1313 Canuc
850 1256 1175 1315 inserviens
1188 1255 1505 1328 jurgiis,ad
1538 1258 1904 1328 postremum
1926 1256 2156 1307 tantum

508 1345 771 1421 praedicti
828 1344 1063 1402 Ricardi
1121 1345 1622 1417 Rothomagorum
1678 1340 1868 1408 ducis,
1916 1341 2162 1413 ejusque

509 1435 731 1492 sororis
755 1432 1372 1507 persuasionibus,pro
1392 1433 1493 1489 Dei
1514 1448 1712 1489 amore
1736 1430 1894 1487 omni
1918 1445 2160 1503 prorsus

511 1523 783 1597 deposita
806 1521 1054 1589 feritate,
1086 1522 1248 1580 mitis
1293 1523 1556 1590 effectus,
1586 1522 1648 1577 in
1691 1536 1831 1594 pace
1855 1518 2032 1593 degit.
2065 1519 2162 1575 In-

513 1629 693 1686 super
719 1616 778 1669 st
794 1613 1115 1669 Scotorum'
1135 1626 1334 1685 regem
1374 1606 1641 1667 amicitias
1665 1610 1853 1684 gratia
1889 1607 2163 1682 diligens,

510 1701 792 1774 illiusque
820 1698 1010 1758 ﬁlium
1032 1701 1105 1758 de
1133 1717 1299 1758 sacro
1328 1699 1703 1773 baptismatis
1732 1699 1889 1755 fonte
1918 1697 2161 1770 excepit.

514 1790 699 1864 Cmpit
724 1804 863 1863 ergo
882 1805 951 1846 ex
969 1786 1071 1846 illo
1093 1789 1218 1847 ﬁeri
1240 1794 1325 1857 ut,
1358 1790 1408 1847 si
1437 1806 1555 1862 qua
1583 1787 1816 1846 hostilis
1844 1785 2164 1844 necessitas

516 1880 1013 1954 Rothomagorum
1063 1879 1198 1935 duci
1247 1879 1629 1946 incumberet,
1663 1895 1698 1933 a
1752 1876 2165 1933 transmarinis

514 1968 728 2026 insulis
756 1968 817 2025 in
849 1984 1025 2025 suum
1053 1967 1335 2025 auxilium
1366 1968 1684 2025 exercitum
1701 1970 1960 2024 sumeret
1979 1965 2168 2038 copio-

516 2057 887 2132 sum.8icque
907 2052 1132 2115 diutius
1162 2075 1307 2133 gens
1335 2057 1835 2115 Nortmannorum
1858 2054 2080 2112 scilicet
2098 2071 2165 2112 ac

516 2149 927 2221 pradictarum
958 2147 1159 2221 populi
1189 2147 1519 2204 insularum
1545 2147 1656 2203 tuti
1692 2162 1832 2219 pace
1852 2144 2161 2213 fidissima,

518 2241 585 2293 ut
602 2237 715 2310 ipsi
732 2236 930 2310 potius
952 2235 1263 2293 formidine
1280 2253 1398 2294 sua:
1410 2236 1679 2309 potentias
1691 2234 2001 2308 plerosque
2018 2237 2167 2290 exte-

516 2322 716 2392 rarum
739 2324 1169 2398 provinciarum
1214 2329 1501 2381 terrerent
1542 2322 1811 2398 populos,
1844 2340 2023 2395 quam
2054 2322 2165 2396 ipsi

521 2416 593 2471 ab
624 2413 758 2471 aliis
784 2417 1160 2471 terrerentur.
1192 2415 1307 2470 Nec
1337 2416 1553 2469 mirum
1585 2411 1803 2485 quippe
1828 2411 2103 2483 quoniam
2135 2428 2170 2467 a

521 2504 745 2577 quibus
790 2499 1077 2560 bonorum
1117 2502 1487 2577 exstirpatrix
1520 2502 1616 2559 Dei
1672 2501 1884 2557 timore
1930 2500 2173 2574 expulsa

522 2593 713 2650 fuerat
764 2591 1076 2660 discordia,
1110 2592 1170 2649 in
1228 2591 1447 2650 eisdem
1497 2607 1639 2664 pace
1694 2590 1906 2663 praevia
1957 2589 2171 2650 Christi

521 2682 719 2739 nobile
747 2694 992 2756 regnum
1025 2673 1158 2739 felix
1186 2681 1444 2739 obtinuit
1464 2679 1811 2753 tripudium.

1157 2772 1391 2828 CAPUT
1430 2770 1525 2827 Ill.

592 2858 670 2919 De
698 2862 920 2919 Cosano
977 2852 1112 2919 duce
1170 2862 1509 2928 Brittonum,
1541 2863 1594 2916 et
1620 2859 1863 2915 Fulcone
1921 2857 2097 2914 Ande-

1204 2949 1466 3002 gavorum
1476 2973 1489 2989 .

592 3022 1071 3097 Praescﬁptowm
1094 3021 1277 3097 igitur
1308 3022 1833 3093 dierumtempore,
1867 3018 2170 3077 nihilomi-

522 3112 944 3173 nusininfi‘mis
955 3110 1276 3169 Galliarum
1291 3110 1557 3184 partibus
1570 3109 1988 3166 intestinorum
2001 3108 2174 3165 bello-

2265 527 2473 587 stituto
2496 528 2890 596 advenientes,
2932 526 3116 601 praelii
3171 526 3455 584 certamen
3496 526 3700 586 inirent.
3741 529 3831 588 Sed

2262 619 2593 677 Brittonum
2623 617 2913 675 exercitus
2962 614 3287 690 excogitata
3341 616 3550 672 fraudis
3599 617 3847 691 decipula,

2263 713 2493 783 partem
2525 705 2800 765 Fulconis
2831 706 3118 763 exercitus
3159 705 3421 778 nequiter
3446 709 3855 779 prostraverunt.“

2263 799 2327 855 In
2358 796 2635 871 praedicto
2666 793 2921 868 denique
2979 794 3126 863 loco,
3187 793 3407 851 scilicet
3452 794 3544 849 ubi
3596 801 3857 853 certarum

2264 887 2592 944 ineundum
2622 886 2833 954 fuerat,
2863 884 3014 941 clam
3048 882 3457 957 przevenientes
3483 883 3665 957 populi
3680 883 3843 942 Britto-

2267 992 2434 1045 num,
2459 976 2538 1031 ibi
2570 973 2822 1030 nimium
2859 976 3053 1029 astute
3082 972 3437 1045 profundum
3475 976 3633 1045 atque
3659 973 3863 1045 perium:

2268 1082 2411 1139 gum
2440 1064 2636 1120 fodere
2665 1061 2910 1129 vallum,
2956 1061 3254 1134 ramisque
3303 1061 3567 1118 arborum
3610 1061 3863 1118 densatim‘

2270 1149 2988 1223 superinsertis,imposita
2999 1149 3266 1207 videlicet
3277 1149 3541 1207 hostibus
3557 1149 3848 1221 muscipula,

2269 1244 2670 1299 recesserunt.
2704 1240 2808 1297 Die
2838 1238 3019 1313 igitur
3045 1238 3366 1295 constituto
3376 1238 3541 1309 juxta
3557 1236 3849 1302 condictam,

2271 1332 2413 1388 dum
2465 1329 2606 1386 illuc
2646 1334 2895 1402 uterque
2936 1343 3071 1385 cum
3133 1344 3240 1384 suo
3306 1325 3552 1385 exercitu
3594 1326 3849 1392 adveniret,

2272 1425 2450 1492 atque
2471 1419 2629 1475 acies
2649 1418 3036 1490 utraquejam
3077 1416 3135 1472 in
3166 1416 3467 1489 procinctu
3485 1415 3759 1482 videretur,
3784 1416 3853 1471 iu-

2274 1510 2527 1567 formata
2556 1524 2701 1582 gens
2731 1507 3065 1564 Brittonum
3095 1505 3309 1562 callida
3323 1503 3645 1577 fraudisque
3660 1504 3856 1577 propria

2275 1597 2533 1665 conscia,
2562 1595 2854 1653 simulans
2908 1613 2971 1651 se
3003 1594 3149 1651 velle
3178 1593 3441 1666 arripere
3455 1593 3662 1667 fugam,
3680 1591 3858 1649 scilicet

2276 1692 2343 1744 ut
2372 1687 2602 1749 avidius
2623 1687 2986 1758 demergeret
2996 1684 3224 1742 hostem
3246 1684 3313 1740 in
3331 1682 3599 1741 latentem
3614 1681 3861 1755 muscipu-

2275 1775 2588 1843 1am.Quod
2607 1790 2855 1831 cernens
2874 1773 3144 1830 Fulconis
3157 1772 3470 1842 exercitus,
3499 1770 3719 1844 cupiens
3728 1778 3860 1843 expe-

2278 1865 2402 1922 dite
2427 1880 2608 1937 super
2665 1880 2766 1920 eos
2821 1863 3065 1929 irruere,
3096 1860 3322 1918 corruit
3373 1877 3509 1933 pars
3560 1874 3625 1916 ex
3671 1857 3742 1915 eis
3773 1874 3861 1914 nou

2279 1954 2509 2011 modica
2539 1953 2598 2008 in
2630 1953 2874 2019 foveam,
2907 1950 3175 2008 videlicet
3202 1950 3531 2007 Brittonum
3572 1952 3861 2020 astu'patrao

2277 2041 2590 2098 tam.Iliico
2602 2046 2797 2098 autem
2810 2041 3102 2097 Brittones
3116 2038 3383 2096 conversi
3413 2038 3513 2111 qui
3548 2036 3863 2111 priusfugam

2280 2131 2720 2198 simulaverant,
2749 2129 3158 2202 inhianterque
3214 2145 3400 2201 super
3423 2126 3680 2184 Fulconis
3702 2124 3865 2183 exerci-

2280 2223 2409 2276 tum
2436 2220 2750 2287 irruentes,
2784 2218 3109 2291 asperrima
3136 2216 3523 2290 quamplures
3569 2232 3633 2271 ex
3657 2213 3866 2272 eieceris

2280 2312 2742 2382 prostraverunt,
2773 2308 2969 2380 ipsum
3009 2308 3187 2364 etiam
3248 2306 3559 2363 Fulcouem
3587 2304 3790 2377 pulsum
3813 2302 3871 2357 de

2279 2414 2431 2470 equo
2455 2397 2512 2453 in
2543 2396 3091 2454 terramloricatum
3124 2397 3485 2468 dejecerunt.
3506 2394 3609 2461 Qui
3634 2398 3873 2464 exurgens

2281 2486 2465 2543 nimio
2494 2502 2774 2543 accensus
2796 2486 3007 2555 furore,
3025 2484 3201 2542 dictis
3233 2484 3500 2543 relevans
3525 2494 3868 2553 exacueusque

2281 2592 2524 2632 suorum
2554 2574 2806 2640 animos,
2838 2590 2905 2629 ac
2950 2572 3109 2630 velut
3152 2574 3343 2631 turbo
3382 2571 3869 2630 vehementissimus

2279 2681 2385 2739 per
2413 2664 2628 2720 densas
2657 2668 2883 2738 segetes
2914 2662 3306 2736 impellentes,
3334 2679 3567 2720 omnem
3607 2659 3871 2718 exercitum

2279 2753 2609 2811 Brittonum
2633 2752 2853 2809 crudeli
2877 2751 3128 2809 nimium
3150 2752 3310 2809 caede
3322 2753 3723 2809 mactaverunt.
3752 2747 3870 2804 Deie-

2279 2847 2453 2915 toque
2472 2857 2620 2915 pene
2632 2841 2900 2897 universo
2917 2841 3171 2897 exemita
3182 2835 3869 2913 Brittonum,ipsumetiam

2277 2931 2581 2988 Conanum
2627 2929 2863 2986 illorum
2919 2929 3246 3003 principem
3302 2932 3631 2987 truncatum
3678 2928 3871 2983 dextera

2277 3020 2474 3077 vivum
2505 3018 2803 3091 capientes
2852 3017 3092 3075 Fulconi
3142 3018 3545 3075 reddiderunt.
3588 3016 3686 3084 Qui
3727 3012 3872 3087 potita

2276 3108 2536 3178 victoria,
2566 3125 2832 3165 reversus
2862 3108 2933 3164 ad
2968 3107 3244 3182 propria:
3280 3125 3399 3164 non
3430 3107 3515 3164 illi
3555 3105 3869 3181 postmodum

521 3219 656 3261 rum
696 3200 932 3260 desm’rit
958 3198 1274 3258 tumultus.
1289 3180 1542 3256 Narrant
1574 3197 1866 3270 siquidem
1900 3196 2168 3269 pler-ique
2196 3180 2241 3250 (Σ
2280 3199 2575 3273 quispiam
2606 3197 2936 3255 Brittonum
2969 3180 3254 3254 molestus
3275 3196 3523 3257 exstitit.

520 3290 975 3363 disputantesde
999 3288 1285 3346 mundani
1319 3286 1478 3345 orbis
1507 3287 1816 3361 positione,
1849 3287 2005 3359 quod
2019 3287 2169 3344 situs

520 3380 782 3455 regionis
797 3378 999 3436 Gallia
1027 3378 1253 3450 quadra
1292 3377 1632 3433 dimetiatur
1670 3375 1976 3433 locatione.
2010 3375 2168 3432 Licet

518 3484 703 3542 argos
717 3466 973 3540 Riphmis
990 3466 1291 3523 montibus
1319 3482 1508 3538 usque
1536 3465 1951 3538 Hispaniarum
1962 3465 2169 3521 termi—

520 3574 653 3625 nos,
681 3557 742 3613 in
771 3555 911 3613 lavo
943 3556 1170 3612 habens
1205 3555 1502 3612 Oceanum
1518 3571 1701 3624 mare,
1732 3554 1792 3610 in
1814 3555 2014 3611 dextro
2036 3570 2167 3611 vero

518 3646 743 3721 passim
777 3646 931 3718 juga
969 3642 1229 3716 Alpium,
1255 3642 1489 3716 propria
1530 3643 1769 3699 excedat
1804 3642 2169 3716 longitudine

521 3750 864 3794 mensuram
881 3732 1125 3793 rationis
1153 3731 1587 3804 quadriformm.
1621 3732 1802 3804 Cujus
1832 3731 2169 3788 etiaminfe-

517 3823 978 3883 riusﬁuitimum
1000 3837 1073 3879 ac
1111 3821 1355 3894 perinde
1392 3820 1745 3877 vilissimum
1780 3820 2168 3877 cornuGalliae

516 3915 914 3985 nuncupatur.
923 3911 1022 3968 Est
1031 3910 1125 3967 eni
1134 3926 1190 3965 m
1205 3908 1365 3965 illius
1378 3908 1718 3982 metropolis
1730 3907 1935 3965 civitas
1949 3907 2189 3965 Rhedo~‘

518 4000 1063 4060 namanabitatur
1076 4014 1311 4072 quoque
1339 3997 1563 4054 diutius
1589 3995 2166 4069 agenteBrittonum,

519 4104 773 4165 quorum
785 4088 922 4147 solm
935 4088 1156 4146 divitias
1175 4087 1451 4160 primitus
1482 4087 1641 4144 fuere
1666 4084 1912 4143 libertas
1925 4086 2046 4142 fisci
2060 4104 2170 4160 pu-

518 4177 907 4237 blioietlactis
923 4178 1108 4250 copia.
1131 4176 1241 4241 Qui
1277 4175 1438 4233 omni
1474 4190 1718 4249 prorsus
1730 4174 2169 4232 urbanitateva-

519 4268 636 4337 cui,
667 4271 923 4341 suntque
961 4266 1081 4322 illis
1120 4281 1314 4322 mores
1339 4264 1545 4320 inculti
1579 4263 1800 4320 aclevis
1818 4262 1907 4320 ira
1921 4265 2171 4321 etstulta

518 4356 1082 4433 garrulitas.Horum
1095 4354 1319 4411 scilicet
1339 4354 1667 4410 Brittonum
1680 4353 1996 4426 aliquando
2009 4354 2169 4427 prin-

519 4464 659 4520 ceps
687 4445 910 4503 exstitit
938 4445 1206 4516 quidam,
1236 4443 1515 4500 Conanus
1543 4442 1801 4510 nomine,
1834 4442 1931 4514 qui
1965 4444 2168 4513 etiam,

2916 3286 3154 3343 CAPUT
3195 3286 3294 3343 IV.

2712 3376 2790 3432 De
2816 3375 3143 3433 monasterio
3174 3379 3496 3433 Luc’amse.

2348 3466 2429 3523 De
2456 3466 2660 3522 eodem
2692 3465 2871 3538 igitur
2904 3464 3155 3521 Fulcone
3170 3464 3452 3538 perplura
3468 3463 3579 3521 dici
3598 3459 3873 3537 potirissent

2275 3553 2466 3628 ipsius
2489 3557 2811 3628 gestorum,
2833 3571 2961 3626 quae
2993 3552 3550 3622 sciIiCet,fastidium
3577 3545 3870 3613 vitantes,si-

2275 3642 2521 3700 luimus.
2555 3643 2750 3700 Unum
2781 3647 2980 3700 tamen
3010 3646 3194 3699 restat
3223 3641 3625 3707 memorabile,
3646 3637 3777 3712 quod
3796 3635 3875 3690 im-

2278 3732 2722 3806 prmsentiarum
2744 3732 2983 3790 relaturi
3040 3749 3275 3789 sumus.
3310 3733 3459 3789 Cum
3489 3731 3641 3787 enim
3667 3728 3871 3784 circum~

2277 3839 2512 3895 quaque
2532 3822 2590 3878 in
2614 3820 2862 3878 diversis
2883 3820 3220 3894 praeliorum
3245 3821 3573 3887 eventibus,
3604 3815 3873 3892 plurimum

2277 3912 2608 3968 humanum
2640 3911 2889 3967 fudisset
2907 3908 3453 3983 sanguinem,mctu
3478 3908 3740 3983 gehennae
3752 3898 3879 3958 terri-

2277 4004 2398 4070 tus,
2431 3999 2767 4073 sepulcrum
2821 3997 3133 4055 Salvatoris
3192 3997 3716 4071 Hierosolymorum
3749 3987 3900 4047 adiit...

2279 4089 2630 4161 Indeque,ut
2658 4091 2783 4144 erat
2809 4080 3880 4154 audacissimus,admodumexultantes

2277 4175 2967 4251 rediens,aliquautulum
3000 4175 3073 4231 ad
3106 4180 3345 4249 tempus
3374 4193 3409 4232 a
3446 4174 3673 4250 propria
3699 4168 3879 4228 feritate

2277 4272 2369 4324 est
2399 4266 2585 4323 lenior
2614 4266 3072 4322 redditus.Tunc
3103 4276 3242 4338 ergo
3273 4268 3475 4322 mente
3504 4254 3877 4335 concepitutin

2278 4357 2501 4430 optimo
2524 4356 2839 4412 fundorum
2870 4354 3090 4428 proprii
3122 4354 3287 4427 juris
3309 4354 3439 4411 loco
3460 4350 3745 4411 ecclesiam
3770 4358 3874 4402 cos-

2278 4449 2548 4505 strueret.
2581 4443 2923 4517 ibidemque
2951 4442 3383 4500 monachbrum
3402 4447 3611 4501 emtum
3642 4437 3878 4496 munus-

519 4535 829 4608 acceptain
845 4531 1223 4624 matrimonio
1237 4531 1511 4624 Fulconis
1529 4532 1973 4624 Audegaxprum
1987 4533 2167 4588 comi-
2199 4538 2386 4619 DLret,
2421 4532 2521 4607 qui
2553 4531 2825 4589 videlicet
2875 4532 2968 4588 die
3026 4534 3484 4607 noctuque‘pro
3533 4530 3683 4587 illius
3710 4524 3893 4583 anima,

517 4622 1166 4692 tissorore,aodemum
1198 4620 1543 4678 insolentior
1580 4619 1814 4677 caeteris
1844 4638 1962 4677 suae
1980 4622 2170 4695 gentis
2282 4620 2699 4694 redemptione
2722 4620 3160 4677 intervenirent.
3213 4619 3326 4686 Qui
3382 4622 3559 4677 etiam
3586 4622 3667 4686 (ut
3693 4624 3891 4683 semper

517 4711 883 4786 principihm
892 4711 1066 4784 coepit
1093 4710 1359 4767 existere.
1383 4710 1531 4766 Nam
1546 4725 1707 4767 more
1720 4710 1877 4783 regio
1894 4710 2169 4783 imposito

516 4801 1002 4871 sibidiademate,
1032 4799 1094 4855 in
1125 4798 1217 4855 sui
1258 4797 1458 4871 anguli
1493 4796 1722 4872 popello
1738 4796 2055 4870 plurimam
2075 4799 2170 4854 in-

515 4890 784 4949 consulte
839 4888 1100 4947 exercuit
1155 4887 1546 4959 tyrannidem.
1605 4887 1989 4944 Postmodum
2031 4904 2166 4944 vero

513 4979 668 5038 inter
684 4979 882 5054 ipsum
913 4978 1219 5036 Conanum
1250 4981 1308 5034 et
1327 4976 1668 5050 praedictum
1694 4975 2027 5045 Fulconem,
2049 4978 2167 5033 An-

518 5069 875 5142 degavorum
904 5068 1174 5125 videlicet
1194 5067 1490 5134 comitem,
1507 5069 1771 5122 exortum
1794 5069 1882 5122 est
1912 5065 2163 5123 indisso-

515 5155 697 5213 lubile
717 5156 1094 5230 jurgium,ita
1118 5160 1204 5223 ut,
1223 5155 1444 5213 crebris
1460 5171 1705 5211 suorum
1727 5155 1974 5209 invicem
1992 5155 2167 5227 depo-

518 5244 917 5317 pulationibus
931 5261 998 5300 ao
1019 5244 1361 5323 sanguineis
1381 5242 2059 5311 eﬁ‘usionibuslacessiti,
2094 5245 2165 5300 ad

518 5332 797 5389 ultimum
808 5349 1410 5406 quoque,quanquam
1429 5332 1813 5399 civile,tamen
1829 5331 2170 5389 ineluctabi-

482 5437 489 5445 '
517 5419 1374 5492 le,inirentcominuspraelium
1390 5426 1559 5478 .Cum
1574 5421 2166 5497 igiturdiumultum-

520 5508 901 5584 quovicissim
916 5508 1025 5565 sibi
1062 5508 1219 5565 mala
1248 5526 1374 5583 qum
1416 5514 1688 5583 poterant
1713 5510 2060 5585 irogassent,
2094 5502 2167 5568 ab

515 5608 762 5674 utroque
809 5599 1113 5657 decretum
1159 5602 1247 5655 est
1298 5603 1363 5656 ut
1408 5600 1468 5657 in
1522 5599 1647 5658 loco
1709 5599 1808 5673 qui
1852 5600 2168 5659 Concretas

2279 4710 2509 4767 curiose
2528 4708 2936 4784 agebat(ccepit
2948 4726 3023 4782 qu
3032 4725 3215 4782 osque
3226 4705 3591 4781 percunctari
3605 4702 3878 4776 religiosos,

2279 4800 2338 4855 in
2355 4815 2607 4873 quorum
2631 4798 3004 4871 potissimum
3020 4798 3305 4855 memoria
3318 4803 3649 4856 sanctorum
3658 4786 3890 4849 eamdem

2277 4888 2582 4946 ecclesiam
2614 4887 2862 4944 fundare
2890 4886 3148 4955 deberet,
3182 4887 3284 4960 qui
3346 4882 3615 4944 videlicet
3664 4893 3757 4955 pm
3779 4875 3883 4945 ei“

2277 4977 2632 5035 remedioani
2642 4992 2749 5033 mae
2760 4974 3220 5049 omnipotentem
3235 4976 3553 5033 Dominum
3564 4960 3879 5030 σιωπαί]ῦί

2274 5064 2968 5139 interemterosapropria
2992 5066 3166 5121 etiam
3198 5077 3403 5134 uxore,
3434 5080 3560 5137 qua
3588 5058 3741 5116 valde
3760 5052 3879 5110 iam

2278 5154 2535 5230 pollebat
2563 5154 2831 5226 consilio,
2863 5157 3208 5227 suggestum
3254 5158 3347 5211 est
3405 5157 3469 5210 ut
3508 5152 3567 5207 in
3605 5149 3875 5205 honorent

2276 5243 2804 5302 memoriaillarum
2844 5242 3167 5300 ocelestium
3206 5242 3516 5310 virtutum,
3549 5233 3874 5312 quaeclien-

2275 5335 2398 5391 bim
2411 5340 2467 5390 et
2480 5333 2775 5407 seraphim
2789 5331 3164 5388 sublimiores
3207 5344 3376 5389 sacra
3395 5332 3640 5388 testatur
3661 5314 3875 5401 auctoris

2273 5428 2587 5493 tas,votum
2603 5421 2760 5495 quod
2771 5425 3005 5477 voverat
3014 5420 3269 5493 expleret
3280 5462 3291 5477 .
3304 5419 3413 5486 Qui
3429 5412 3789 5474 libentissime
3799 5419 3878 5460 an-

2276 5530 2463 5569 nuens
2475 5509 3095 5568 mdificavitecclesiam
3111 5511 3427 5566 admodum
3442 5498 3873 5581 pulcherrimam.

2276 5603 2337 5658 in
2363 5617 2510 5675 pago
2567 5598 2791 5657 scilicet
2817 5598 3125 5667 Turouico,
3181 5594 3456 5656 milliario
3510 5585 3826 5663 interposito
3849 5594 3876 5633 ει
