4098 6164
511 262 632 327 635

1498 262 1836 328 RODULFI
1883 260 2166 326 GBABRI
2212 255 2566 325 MONACHI
2614 264 2973 329 CLUNIAC.

3737 275 3836 340 636

511 403 858 468 summaret,
908 397 1157 457 nimium
1213 396 1507 455 evidenter
1556 397 1881 471 praestitum
1942 400 2033 454 est
2074 396 2159 453 illi
2187 393 2243 461 Α
2273 399 2598 456 evidentius
2624 404 2822 457 tamen
2854 399 2912 455 in
2945 398 3270 458 Israelitica
3295 401 3472 476 plebis
3497 401 3664 464 levitis
3685 414 3731 466 et
3766 428 3839 468 sa-

509 492 794 548 divinitus
813 489 1380 562 juvamen.Contigit
1409 487 1589 562 igitur
1619 489 1871 560 quadam
1896 486 2156 552 die,dum

508 580 885 647 caementarii,
916 580 1297 635 fundamenta
1327 576 1580 633 basilicae
1613 577 1858 632 locaturi
1907 576 2161 632 solidita-

508 675 625 726 tem
682 671 1188 741 perscrutarentur
1235 667 1420 739 ipsius
1461 666 1710 728 telluris.
1745 671 1809 721 ut
1839 666 2160 738 reperirent

507 758 740 830 copiosa
768 757 895 813 auri
927 757 1205 829 pondera,
1231 773 1356 828 qua:
1390 754 1614 811 scilicet
1643 755 1715 810 ad
1747 754 2159 826 totius,quam-

501 848 588 902 vis
620 861 864 918 magnae,
892 845 1145 901 basilicas
1181 844 1458 899 fabricam
1494 843 1925 898 reformandam
1960 843 2158 898 certis-

501 935 648 991 sime
695 935 1068 990 crederentur
1117 932 1836 1003 sufﬁcere.Suscipicntes
1868 949 2004 1004 ergo
2054 932 2150 1004 qui

499 1025 736 1081 fortuito
767 1041 907 1080 casu
928 1024 1269 1079 invenerant
1298 1039 1616 1086 aurum,ex
1636 1021 1864 1095 integro
1885 1022 2154 1094 episcopo

499 1113 852 1170 detulerunt.
887 1114 1016 1186 Ipse
1046 1130 1199 1179 vero,
1232 1112 1621 1183 omnipotenti
1656 1111 1769 1166 Deo
1804 1128 1906 1183 pro
1947 1110 2154 1166 collato

497 1203 608 1259 sibi
641 1220 882 1259 munere
903 1203 1122 1275 gratias
1154 1218 1352 1274 agens,
1389 1218 1455 1256 ac
1484 1199 1815 1271 suscipiens
1849 1199 2154 1267 illud,cus-

495 1292 732 1349 todibus
763 1291 955 1364 operis
987 1291 1247 1356 tradidit,
1282 1294 1591 1361 totumque
1638 1288 1884 1344 fideliter
1913 1289 1971 1343 in
2003 1305 2154 1360 opus

496 1383 758 1453 ejusdem
821 1381 1076 1436 ecclesiae
1128 1379 1372 1452 expendi
1415 1378 1620 1449 jussit.
1659 1379 1860 1433 Fertur
1899 1393 2154 1449 namque

497 1471 654 1543 quod
669 1471 845 1526 etiam
859 1470 1004 1524 illud
1021 1485 1230 1524 aurum
1255 1467 1492 1522 solertia
1505 1465 1661 1522 beati
1676 1463 2151 1538 Evurtii,antiqui

495 1560 761 1631 ejusdem
785 1559 940 1614 sedis
972 1556 1487 1629 praesulis,ibidem
1506 1555 1688 1626 hujus
1707 1555 2150 1610 restaurationis

494 1647 686 1720 gratia
717 1648 925 1704 fuisset
956 1645 1343 1702 reconditum.
1371 1645 1592 1700 Idcirco
1617 1643 2149 1716 permaxime,quo-

496 1737 676 1803 niam,
710 1736 852 1792 dum
883 1735 1073 1792 isdem
1106 1735 1194 1790 vir
1221 1737 1463 1789 sanctus
1509 1733 1828 1806 quondam,
1864 1732 2145 1804 potiorem
2178 1767 2225 1830 Β

495 1841 674 1896 quam
721 1825 910 1880 fuerat
959 1822 1255 1895 primitus,
1279 1822 1546 1876 eamdem
1586 1820 1930 1876 informaret
1970 1819 2148 1875 eccle-

493 1913 918 1984 siam,contigit
936 1911 1018 1966 illi
1045 1911 1182 1967 huic
1195 1910 1387 1966 simile
1401 1927 1618 1966 munus
1637 1909 1918 1964 divinitus
1930 1908 2039 1964 sibi
2065 1925 2148 1964 re-

491 2008 784 2058 servatum
797 2001 942 2058 inibi
957 1998 1442 2074 reperire.Sicque
1455 2003 1731 2070 praeterea
1744 1999 1964 2054 factum
1982 2002 2069 2052 est
2083 2002 2148 2052 ut

490 2097 546 2148 et
576 2095 788 2148 domus
817 2090 1072 2148 ecclesia
1101 2089 1368 2145 videlicet
1388 2087 1544 2146 sedis
1567 2086 2143 2160 pontiﬁcalis,priore

489 2180 811 2255 elegantior
829 2181 1522 2250 reformaretur.lpsoque
1545 2177 1828 2232 suadente
1845 2176 2138 2248 pontiﬁce,

492 2275 856 2334 caetcrarum,
890 2285 1018 2340 quea
1049 2268 1108 2322 in
1145 2267 1346 2322 eadem
1369 2265 1598 2321 civitate
1627 2264 2010 2337 deperierant,
2039 2267 2129 2322 ba-

491 2358 790 2416 silicarum
822 2362 1154 2413 sanctorum
1184 2371 1670 2426 quorumcunque
1719 2354 1944 2410 meritis
1981 2353 2140 2410 dica-

490 2453 687 2505 tarum
717 2448 870 2502 aedes
898 2445 1290 2501 anterioribus
1323 2445 1577 2516 potiores
1626 2442 2139 2510 constituerentur,

493 2542 668 2610 atque
701 2535 1030 2592 divinorum
1053 2546 1294 2607 operum
1319 2533 1513 2590 cultus
1535 2533 1594 2588 in
1615 2533 1836 2588 eisdem
1857 2532 2140 2588 excellen-

491 2627 605 2683 tior
633 2625 946 2682 haberetur
993 2641 1108 2696 pra:
1155 2622 1451 2678 omnibus.
1485 2622 1733 2694 Ipsaque
1780 2620 1922 2677 urbs
1967 2622 2140 2693 paulo

491 2719 624 2790 post
654 2715 863 2770 referta
892 2713 1201 2769 domorum
1232 2711 1512 2776 aedificiis,
1535 2711 1702 2784 plebs
1721 2711 1958 2766 tandem
1982 2710 2140 2767 illius

493 2804 761 2878 mitigata
789 2820 824 2859 a
853 2801 1091 2875 ﬂagitiis
1120 2800 1354 2857 Domini
1386 2799 1600 2873 pietate
1625 2800 1929 2865 subventa,
1953 2804 2143 2856 tanto-

489 2911 605 2967 que
633 2893 808 2949 citius
838 2890 1150 2957 convaluit,
1174 2894 1395 2962 quanto
1426 2888 1695 2961 sagacius
1727 2887 2023 2962 propriam
2051 2906 2144 2945 ca-

487 2983 810 3041 lamitatem
858 2980 1081 3054 excepit
1127 2980 1198 3035 ob
1245 2978 1627 3051 correptionis
1672 2977 1975 3033 ultionem.
2011 2979 2142 3033 Fuit

487 3091 745 3148 namque
776 3073 1051 3146 pradicta
1079 3069 1285 3126 civitas
1311 3067 1662 3139 antiquitus,
1694 3071 1761 3122 ut
1789 3071 1879 3122 est
1907 3066 2139 3139 imprae-

2273 490 2628 546 cerdotibus.
2649 489 2756 556 Qui
2781 488 3005 546 scilicet
3034 496 3251 562 quanto
3280 493 3493 550 dudum
3522 497 3714 554 caeteris
3729 516 3842 572 opu-

2269 580 2568 643 lentiores,
2602 595 2670 634 eo
2702 577 2958 651 amplius
2989 576 3248 651 plerique
3271 579 3493 637 illorum
3523 585 3742 655 superba
3765 604 3840 642 cu.

2270 669 2509 742 piditate
2556 667 2994 735 insolentiores;
3026 665 3240 723 idcirco
3287 668 3454 726 etiam
3501 671 3566 726 ad
3612 672 3841 732 ultimum

2267 757 2542 814 omnibus
2563 757 2750 812 effecti
2774 757 3232 813 deteriores.Sed
3257 757 3498 815 multum
3519 760 3713 817 distant
3729 763 3847 837 legis

2266 847 2475 904 veteris
2506 844 3233 917 instituta,multiplicibus
3258 847 3562 920 ﬁgurarum
3583 849 3848 922 aenigmati-

2266 939 2379 993 bus
2412 937 2638 997 vestita,
2656 952 2689 989 a
2710 952 2866 990 nova
2889 934 3087 1006 gratiae
3110 935 3429 1008 perspicuis
3451 953 3512 992 ac
3540 937 3847 1009 spiritalibus

2267 1027 2769 1082 sacramentorum
2802 1022 2992 1078 donis.
3027 1023 3110 1078 Ibi
3141 1039 3393 1096 namque
3423 1040 3649 1080 munera
3666 1025 3846 1084 solum-

2266 1115 2440 1170 modo
2467 1112 2916 1168 conferebantur
2942 1114 3305 1167 terrenarum
3341 1112 3644 1168 hostiarum
3668 1114 3748 1168 :in
3775 1114 3847 1170 his

2264 1204 2392 1276 ipse
2412 1203 2565 1257 Deus
2578 1199 2864 1272 accipitur
2883 1200 2941 1254 in
2965 1200 3290 1273 premium.
3313 1200 3505 1274 Ibique
3525 1200 3846 1258 nihilominus

2263 1297 2453 1348 totum
2482 1289 2925 1363 promerebatur
2954 1288 3203 1361 quisque
3231 1306 3300 1346 ex
3329 1288 3612 1346 servitutis
3635 1290 3845 1356 actione;

2265 1380 2359 1436 hic
2374 1397 2507 1435 vero
2529 1378 2781 1450 quisque
2801 1377 3016 1450 dignus
3037 1377 3289 1435 habetur
3307 1378 3579 1434 duntaxat
3592 1395 3653 1434 ex
3666 1377 3848 1434 sincera

2262 1468 2497 1541 Optimae
2545 1466 2913 1522 conscientiae
2959 1455 3276 1522 voluntate.
3309 1468 3492 1538 Atque
3537 1466 3726 1522 idcirco
3762 1467 3850 1522 ista

2264 1555 2680 1630 praemisimus,
2714 1554 2990 1628 quoniam
3017 1555 3729 1627 jamdudum,muneribus
3753 1555 3847 1611 ine-

2262 1647 2382 1718 ptis
2412 1643 2709 1701 excaecatis
2742 1660 2886 1716 pene
2914 1643 3206 1700 universis
3261 1644 3629 1718 principibus,
3658 1645 3850 1702 desevit

2262 1735 2386 1790 haec
2421 1733 2602 1807 pestis
2632 1734 2803 1806 longe
2833 1732 3063 1806 lateque
3083 1733 3142 1789 in
3164 1733 3546 1790 Ecclesiarum
3572 1735 3848 1806 quibusque

2257 1824 2514 1898 praelatis
2541 1827 2664 1879 toto
2694 1828 2980 1879 terrarum
3014 1823 3151 1880 orbe
3203 1822 3454 1880 diffusis.
3479 1822 3715 1895 Denique
3748 1839 3845 1879 om-

2256 1912 2578 1986 nipotentis
2608 1911 2821 1968 Christi
2855 1911 3084 1968 Domini
3117 1912 3438 1985 gratuitum
3484 1928 3547 1967 ac
3575 1909 3847 1967 venerabile

2256 2002 2580 2067 donum,ad
2601 2001 2842 2074 propria:
2865 2001 3262 2057 damnationis
3283 1999 3846 2064 cumulum,converte-

2255 2097 2397 2148 runt
2427 2091 2486 2146 in
2517 2089 2766 2146 avaritiae
2797 2090 3046 2146 lucrum.
3083 2089 3335 2162 Ideoque
3363 2089 3682 2161 hujusmodi
3722 2088 3847 2144 video

2252 2181 2390 2237 licet
2421 2179 2637 2254 praelati
2671 2183 2832 2236 tante
2862 2179 3059 2236 minus
3091 2180 3161 2234 ad
3195 2179 3460 2235 divinum
3503 2178 3841 2252 peragendum

2253 2288 2404 2344 Opus
2437 2268 2815 2325 inveniuntur
2842 2268 3056 2335 idonei,
3088 2273 3311 2342 quanto
3341 2272 3565 2326 constat
3593 2267 3716 2340 quia
3754 2283 3842 2321 non

2252 2361 2327 2416 ad
2360 2359 2505 2415 illud
2532 2362 2905 2413 accesserunt
2934 2375 3035 2431 per
3063 2358 3295 2414 aditum
3315 2355 3640 2431 principalis
3654 2354 3842 2412 ostii.Et

2251 2449 2390 2506 licet
2444 2449 2722 2504 adversus
2776 2446 2984 2504 talium
3042 2463 3424 2520 personarum
3486 2445 3840 2520 procacitatem

2252 2536 2657 2610 multipliciter
2676 2535 2891 2592 clamet
2911 2553 3212 2593 sacrarum
3236 2536 3654 2610 Scripturarum
3675 2549 3842 2595 canon,

2252 2643 2410 2682 nunc
2438 2630 2634 2680 tamen
2665 2623 2835 2680 solito
2867 2623 3255 2697 multiplicius
3286 2623 3634 2698 comperitur
3673 2621 3775 2677 fieri
3800 2620 3846 2675 in

2251 2715 2498 2771 diversis
2554 2712 2945 2772 Ecclesiarum
3003 2713 3336 2772 ordinibus.
3366 2714 3510 2770 Nam
3558 2711 3660 2785 ipsi
3698 2726 3848 2782 reges,

2252 2803 2352 2877 qui
2386 2820 2564 2859 sacris
2595 2801 2894 2874 religionis
2914 2801 3262 2859 idonearum
3286 2803 3606 2859 decretores
3631 2814 3851 2874 persona-

2253 2910 2383 2948 rum
2414 2907 2543 2948 esse
2575 2891 2916 2958 debuerant,
2949 2907 3269 2948 munerum
3299 2891 3600 2962 largitione
3619 2885 3847 2959 corrupti,

2251 2981 2534 3055 potiorem
2561 2979 2904 3052 quempiam
2951 2981 3023 3035 ad
3078 2980 3344 3053 regimen
3396 2977 3757 3036 Ecclesiarum
3781 2972 3846 3030 vel

2250 3070 2583 3126 animarum
2604 3067 3471 3140 dijudicant,illumvidelicet,a
3488 3084 3597 3140 quo
3610 3064 3848 3138 ampliora

487 3165 1044 3235 sentianum,regum
1056 3161 1410 3216 Francorum
1425 3155 1768 3229 principalis
1781 3156 1947 3212 sedes
1959 3157 2139 3229 regia,
2170 3132 2215 3204 (ἶ
2254 3175 2496 3215 munera
2518 3157 2814 3229 suscipere
2829 3159 3288 3230 speraut.Atque
3311 3158 3526 3215 idcirco
3546 3153 3847 3230 permaxima

487 3254 710 3312 scilicet
729 3269 833 3325 pro
849 3251 942 3308 sui
963 3247 1404 3323 pulchritudine
1417 3262 1482 3301 ac
1499 3245 1766 3318 populari
1791 3245 2136 3317 frequentia,

488 3360 593 3400 nec
610 3359 726 3399 non
749 3345 808 3396 et
825 3338 1056 3396 telluris
1077 3334 1784 3407 ubertate,perspicuiquc
1803 3334 2140 3408 irrigatione

487 3430 770 3489 ﬂuminis.
810 3431 894 3486 Ex
925 3427 1128 3500 Ligere
1153 3425 1370 3497 quippe
1401 3423 1515 3479 sibi
1545 3439 1802 3496 congruo
1830 3423 2006 3479 etiam
2031 3424 2138 3478 ﬂu-

488 3521 645 3576 mine
666 3532 955 3591 agnomen
977 3515 1154 3571 habet
1175 3511 1790 3586 inditum,diciturque
1817 3514 2136 3582 Aureliam,

489 3608 660 3683 quasi
689 3622 784 3664 ore
813 3607 1105 3676 Ligeriana
1136 3621 1158 3657 .-
1186 3619 1255 3658 eo
1285 3602 1554 3658 videlicet
1581 3603 1736 3674 quod
1769 3602 1830 3656 in
1861 3618 1960 3658 ore
1989 3603 2141 3673 ejus-

487 3701 621 3756 dem
653 3695 917 3753 ﬂuminis
946 3695 1073 3766 ripa
1105 3692 1181 3748 sit
1227 3691 1564 3747 constituta.
1606 3690 1753 3757 Non,
1785 3695 1851 3745 ut
1898 3690 2138 3762 quidam

487 3788 686 3844 minus
717 3785 870 3841 cauti
894 3781 1331 3848 existimant,ab
1354 3779 1656 3836 Aureliano
1677 3781 2136 3853 Augusto,quasi

486 3893 616 3935 eam
642 3876 767 3948 ipse
797 3871 1181 3940 aediﬁcaverit,
1218 3869 1296 3925 sit
1323 3871 1616 3935 vocatam;
1647 3867 1788 3940 quin
1833 3868 2026 3938 potius
2065 3869 2139 3924 ab

486 3983 680 4032 amne,
713 3968 776 4020 ut
804 3962 1081 4030 diximus,
1114 3960 1272 4034 quod
1302 3958 1518 4014 rectius
1546 3957 1858 4029 veriusque
1889 3957 1971 4012 illi
2003 3975 2138 4014 con-

487 4056 665 4130 gruit.

1130 4137 1362 4193 CAPUT
1400 4137 1494 4193 VI.

720 4233 795 4290 De
819 4230 1243 4304 praelationibus
1273 4229 1450 4299 turpis
1480 4227 1626 4282 lucri
1651 4227 1907 4297 arreptis.

553 4326 729 4382 Sacro
778 4321 960 4394 igitur
1007 4319 1404 4392 praemonente
1452 4315 1707 4387 eloquio,
1740 4314 1869 4370 luce
1925 4314 2139 4372 clarius

483 4415 851 4486 compertum
881 4409 1131 4464 habetur
1157 4404 1435 4476 quoniam
1467 4404 1528 4458 in
1559 4420 1836 4476 processu
1885 4403 2138 4460 novissi-

2250 3248 2472 3320 quique
2503 3262 2778 3320 procaces
2808 3262 2875 3302 ac
2919 3249 3157 3319 turgere
3204 3246 3494 3319 superbiae
3536 3244 3722 3310 inﬂati,
3749 3256 3847 3298 sese

2248 3336 2404 3394 ultro
2435 3336 2647 3408 cuique
2677 3333 3001 3408 praelationi
3029 3334 3330 3408 ingerunt,
3365 3336 3559 3392 minus
3580 3331 3844 3391 formidan-

2249 3431 2338 3483 tes
2367 3427 2666 3482 incurrere
2686 3424 2921 3496 lapsum
2943 3423 3218 3497 neglecta:
3246 3424 3557 3498 pastoralis
3577 3435 3846 3492 cura,quo-

2249 3515 2410 3571 niam
2433 3519 2562 3571 tota
2591 3512 2960 3570 solummodo
2991 3512 3224 3569 illorum
3251 3515 3469 3587 pendet
3496 3511 3694 3569 ﬁducia
3709 3506 3847 3566 exlo-

2249 3605 2399 3661 culis
2429 3603 2680 3660 collectae
2715 3601 2996 3675 pecuniae,
3023 3619 3138 3658 non
3170 3619 3242 3659 ex
3275 3607 3553 3678 percepta
3598 3599 3746 3657 donis
3777 3613 3849 3653 sa-

2247 3693 2812 3768 pientiae.'l‘antoque
2831 3690 3087 3764 amplius
3119 3692 3338 3765 adepto
3360 3691 3632 3766 regi-mine
3659 3687 3851 3744 student

2249 3782 2523 3849 avaritiae,
2557 3785 2775 3852 quanto
2801 3784 3032 3836 constat
3058 3781 3359 3853 propriam
3393 3798 3461 3838 ex
3489 3780 3587 3837 illa
3625 3773 3849 3835 ambitio-

2249 3889 2384 3928 nem
2413 3869 2712 3942 implesse.
2743 3870 2844 3937 Ac,
2877 3868 3037 3924 velut
3067 3868 3222 3926 idolo
3256 3870 3372 3926 sibi
3404 3887 3506 3943 pro
3535 3869 3642 3925 Deo
3675 3861 3850 3922 consti-

2249 3965 2398 4029 tuto,
2424 3959 2518 4014 illi
2555 3958 2837 4025 serviunt,
2864 3973 2965 4030 per
2990 3974 3168 4030 quam
3207 3958 3433 4016 scilicet
3481 3953 3767 4019 informati,
3791 3949 3847 4006 ad

2248 4049 2364 4106 tale
2394 4064 2607 4104 nomen
2640 4047 2864 4118 absque
2892 4045 3100 4103 merito
3140 4046 3229 4102 vel
3264 4063 3439 4122 opere
3491 4043 3847 4121 proruperunt.

2250 4139 2457 4211 Fitque
2487 4137 2687 4193 minus
2717 4135 2908 4192 cautis
2937 4135 3268 4210 deceptiora
3297 4136 3563 4194 imitandi
3593 4136 3772 4197 forma,
3799 4143 3849 4184 ac

2251 4228 2490 4301 perinde
2519 4224 2781 4282 vicissim
2812 4229 3129 4282 contumax
3149 4225 3496 4284 invidentia.
3518 4225 3723 4297 Quippe
3743 4234 3851 4291 quo-

2251 4315 2410 4374 niam
2441 4313 2730 4388 quidquid
2759 4312 2821 4368 in
2852 4312 3072 4369 talibus
3101 4313 3274 4370 aliter
3296 4315 3620 4372 mmulando
3647 4305 3850 4381 colligit,

2249 4405 2478 4462 videtur
2507 4402 2672 4460 alteri
2703 4401 3013 4460 invidendo
3035 4402 3150 4458 sibi
3169 4404 3432 4477 subripi;
3466 4403 3712 4476 atque,ut
3738 4394 3850 4452 invi-

484 4481 717 4558 morum
748 4496 1361 4568 dierum,frigescente
1390 4493 1449 4547 in
1483 4492 1825 4549 hominibus
1856 4492 2136 4548 charitate
2170 4509 2217 4574 D
2248 4495 2458 4550 dorum
2489 4508 2722 4564 semper
2751 4507 2880 4548 mos
2907 4495 3014 4559 est,
3048 4490 3257 4548 alienis
3288 4492 3653 4550 felicitatibus
3681 4481 3854 4574 indesi-

483 4607 551 4647 ac
579 4586 1098 4662 superabundante
1128 4581 1458 4654 iniquitate,
1491 4581 1790 4637 instabant
1813 4580 2141 4654 periculosa
2171 4570 2207 4574 _
2253 4587 2459 4640 neuter
2489 4583 2775 4655 appetunt
2801 4579 3081 4652 torqueri.
3108 4579 3256 4637 Hinc
3275 4581 3455 4638 etiam
3486 4570 3853 4662 procedunt

484 4679 818 4736 animarum
847 4679 1134 4747 tempore.
1167 4671 1314 4726 Nam
1340 4675 1396 4726 et
1426 4669 1853 4742 multiplicibus
1879 4669 2142 4742 antiquo-

483 4786 617 4826 rum
667 4768 906 4824 Patrum
949 4761 1262 4818 intimatur
1307 4759 1734 4816 assertionibus
1774 4760 1952 4831 quod,
1983 4775 2141 4832 gras-

485 4862 650 4916 sante
680 4855 942 4921 avaritia,
976 4848 1400 4924 prateritarum
1424 4848 1565 4920 jura
1606 4847 1694 4904 vel
1739 4848 1975 4904 ordines
2003 4847 2140 4904 reli-

485 4947 727 5021 gionum
758 4962 826 5021 ex
855 4961 922 5001 eo
952 4941 1109 4997 unde
1137 4954 1490 5011 consurgere
1534 4937 1788 4994 debuere
1835 4938 1908 4994 ad
1958 4938 2142 4993 incre-

487 5019 667 5092 menti
699 5019 1268 5106 profectum,exinde
1297 5041 1604 5100 sumpsere
1629 5025 2024 5097 corruptionis
2045 5025 2142 5082 de-

487 5125 722 5182 fectum.
743 5122 1012 5193 Illudque
1034 5117 1329 5191 aliquibus
1350 5131 1584 5170 versum
1607 5118 1696 5170 est
1725 5113 1782 5168 in
1806 5113 2139 5170 animarum

489 5213 931 5278 detrimentum,
957 5209 1112 5282 quod
1143 5205 1500 5278 quibusdam
1530 5220 1597 5258 eo
1628 5202 1887 5276 legitime
1918 5203 2136 5260 utenti-

491 5304 602 5358 bus
633 5300 742 5357 t‘uit
771 5299 1259 5357 emolumentum.
1293 5293 2139 5366 Siquidem,utdiximms,tur-

492 5391 582 5463 pis
610 5389 756 5446 lucri
805 5387 1048 5447 avaritia
1076 5385 1417 5454 imperante,
1452 5381 1775 5437 suffocatur
1821 5381 2142 5454 saepissime

491 5477 1017 5551 censurajustitiae.
1041 5477 1184 5529 Cum
1217 5470 1372 5527 enim
1406 5471 1464 5526 in
1495 5469 1856 5527 diversarum
1877 5470 2141 5543 gentium

491 5585 557 5626 ac
589 5568 1017 5642 provinciarum
1049 5559 1308 5619 cultibus
1338 5560 1488 5619 istus
1518 5559 1803 5618 habeatur
1823 5559 2142 5632 probabile,

2250 4671 2529 4744 tigiorum
2559 4667 2854 4726 tumultus
2884 4668 3128 4735 assidui,
3161 4669 3549 4742 oriunturque
3575 4659 3856 4738 frequentia

2250 4759 2549 4827 scandala,
2583 4774 2649 4814 ac
2677 4757 3043 4815 diversorum
3072 4759 3520 4832 trangrediendc
3562 4750 3857 4812 convellitur

2250 4852 2420 4904 tenor
2449 4847 2744 4904 ordinum.
2768 4846 2861 4902 Sic
2891 4846 3066 4902 etiam
3091 4847 3336 4921 contigit
3366 4848 3594 4915 nt,dum
3615 4837 3853 4912 irreligio-

2251 4937 2397 4994 sitas
2418 4939 2724 5010 grassatur
2739 4935 2798 4991 in
2819 4935 3373 5008 clero,procaeitatis
3393 4941 3452 4993 et
3472 4925 3855 4992 incontinentis

2251 5026 2548 5099 appetitus
2579 5028 2909 5081 succrescat
2939 5025 2999 5080 in
3020 5023 3257 5097 populo.
3275 5025 3492 5082 Deinde
3510 5039 3636 5080 vero
3659 5014 3856 5076 menda-

2249 5115 2475 5171 ciorum
2506 5113 3053 5183 circumvenientia,
3087 5113 3326 5172 fraudes
3362 5118 3537 5186 atque
3584 5102 3857 5168 homicidia

2249 5203 2556 5260 universos
2571 5218 2718 5275 pene
2738 5202 2799 5256 in
2821 5201 3121 5258 interitum
3142 5202 3522 5275 subripiendo
3534 5195 3853 5274 pertrahunt.

2251 5294 2322 5349 Et
2351 5292 2633 5366 quoniam
2685 5289 2980 5347 catholicae
3030 5290 3164 5347 fidei
3215 5291 3475 5358 oculum,
3505 5287 3748 5346 videlicet
3773 5281 3855 5338 Ec-

2253 5381 2452 5439 clesite
2483 5379 2772 5453 prmlatos,
2806 5379 3072 5452 pessimae
3103 5379 3380 5437 cacitatis
3409 5379 3590 5452 caligo
3617 5368 3855 5444 οδε-ερείέ

2257 5471 2474 5528 idcirco
2507 5467 2671 5542 plebs
2695 5468 2874 5536 illius,
2900 5467 3144 5541 propriae
3175 5467 3382 5525 salutis
3410 5467 3560 5524 viam
3599 5465 3857 5538 ignorans,

2257 5560 2318 5617 in
2337 5577 2455 5619 sua
2473 5557 2818 5633 perditionis
2838 5557 3071 5622 ruinam
3089 5557 3322 5617 decidit.
3336 5557 3476 5616 Jure
3496 5555 3662 5614 etiam
3710 5543 3859 5608 conti.
