4036 6172
260 332 371 421 637

1133 354 1676 422 HISTORIARUM
1723 353 1929 418 LIBRI
1974 354 2343 429 QUINQUE.
2388 390 2467 404 —
2506 355 2656 422 LIB.
2702 357 2776 421 lI.

3549 361 3668 426 638

259 491 338 566 git
360 494 431 547 ut
460 489 574 565 ipsi
607 488 832 568 scilicet
861 488 1082 563 praelati
1107 489 1178 545 ab
1201 489 1420 546 eisdem
1446 507 1594 562 quos
1617 489 1910 562 subjectos
1938 490 1993 558 Α
2023 507 2149 563 qua:
2178 491 2396 562 aderat,
2430 491 2653 548 nullam
2713 492 2950 549 omnino
3003 495 3434 568 compescenda;
3487 497 3672 554 cladis

259 581 477 638 habere
509 581 784 647 debuere,
808 579 1162 652 affligantur,
1179 585 1352 651 atque
1381 584 1754 636 contumaces
1786 596 1918 635 sen-

260 671 410 728 tiant
441 669 576 726 illos
607 687 754 742 quos
785 669 990 741 utique
1022 685 1129 724 suo
1162 669 1426 742 exemplo
1475 687 1507 724 a
1547 669 1792 739 justitiae
1825 669 1917 724 iti-

256 776 391 816 nere
422 761 610 815 fecere
641 759 862 814 devios.
893 758 1007 813 Nec
1039 757 1256 813 mirum
1294 761 1569 830 praeterea
1599 759 1670 824 si,
1703 759 1758 814 in
1811 759 1917 813 ali-

254 849 475 922 quibus
532 848 824 922 angustiis
873 847 1200 914 constituti,
1235 849 1434 903 minus
1481 841 1622 903 dum
1663 847 1919 904 clamant

253 938 668 1002 exaudiuntur,
687 937 967 1009 quoniam
1001 936 1111 1008 ipsi
1146 936 1381 992 sibimet
1411 953 1514 1009 per
1542 937 1793 992 avaritiae
1817 954 1916 992 cu-

254 1026 488 1083 mulum
520 1025 784 1082 clausere
817 1025 1232 1082 misericordiae
1264 1025 1641 1094 ostium,cum
1669 1026 1920 1082 certissi'

255 1132 418 1172 mum
446 1115 835 1171 nihilominus
871 1115 1166 1170 habeatur
1195 1132 1297 1187 pro
1328 1115 1668 1186 hujusmodi
1689 1115 1916 1172 vicissi-

252 1205 458 1260 tudine
492 1203 698 1277 flagitii
732 1202 1388 1275 smpissimeimminere
1408 1220 1778 1259 communem
1805 1203 1918 1260 cla-

253 1295 388 1349 dem
423 1293 659 1367 populis
688 1299 745 1348 et
775 1291 1173 1348 animantibus
1195 1292 1440 1361 cunctis,
1475 1309 1580 1348 nec
1602 1310 1717 1348 non
1739 1294 1914 1350 etiam

253 1382 588 1456 plurimam'
611 1386 837 1454 pestem
870 1381 1138 1454 frugibus
1166 1380 1434 1437 videlicet
1463 1398 1531 1437 ex
1572 1382 1915 1456 intemperie

251 1471 431 1528 aeris.
465 1470 561 1526 Sic
591 1471 807 1543 quippe
855 1469 979 1525 fieri
1028 1469 1288 1542 contigit,
1323 1475 1387 1524 ut
1433 1469 1493 1524 hi
1542 1469 1765 1527 scilicet
1812 1471 1912 1543 qui

248 1559 678 1633 omnipotentis
711 1557 809 1614 Dei
842 1558 1003 1631 gregi
1036 1558 1147 1614 sibi
1179 1559 1497 1614 commisso
1531 1560 1676 1615 ferre
1700 1560 1914 1616 debue~

248 1653 386 1705 rant
447 1647 792 1703 salvationis
841 1647 1288 1714 adminiculum,
1318 1652 1678 1720 opponerent
1725 1649 1912 1704 eidem

247 1736 526 1794 consueti
556 1736 820 1792 beneficii
852 1735 1737 1809 obstaculum.0uandocunque
1755 1738 1912 1793 enim

250 1827 446 1883 defuit
465 1825 818 1900 religiositas
839 1825 1281 1898 pontiﬁcum,ac
1308 1826 1912 1928 marcessit‘districtio
1946 1863 1990 1928 Β

249 1915 550 1988 regularis
582 1915 885 1983 abbatum,
919 1913 1214 1985 simulque
1261 1915 1691 1970 monasterialis
1740 1915 1915 1970 disci-

251 2006 434 2079 plinae
469 2004 638 2076 vigor
665 2003 1006 2076 tepescit,ac
1037 2020 1141 2075 per
1161 2002 1394 2058 illorum
1425 2003 1689 2076 exempla
1712 2010 1918 2060 caetera

253 2095 429 2167 plebs
462 2093 876 2148 mandatorum
930 2092 1022 2147 Dei
1057 2092 1482 2164 praevaricatrix
1513 2094 1738 2160 existit;
1775 2093 1916 2165 quid

251 2183 418 2238 aliud
443 2198 628 2254 quam
651 2185 837 2237 totum
859 2180 1035 2236 simul
1070 2181 1397 2237 humanum
1420 2199 1607 2255 genus
1631 2200 1835 2238 rursus
1858 2182 1914 2236 in

251 2271 575 2344 antiquum
611 2269 910 2343 praecipitii
934 2270 1110 2325 chaos
1148 2288 1265 2326 suae
1306 2271 1650 2342 perditionis
1681 2276 1918 2342 sponta-

255 2378 368 2416 nea
401 2360 710 2415 voluntate
736 2359 1037 2414 illabitur?
1057 2359 1135 2413 Ex
1165 2358 1452 2429 ejusmodi
1486 2360 1566 2414 rei
1600 2360 1920 2432 proculdu-

258 2449 360 2506 bio
375 2449 738 2516 eventu,dud
751 2465 848 2502 um
872 2447 971 2503 ille
1002 2447 1282 2519 antiquus
1308 2447 1624 2504 Leviathan
1645 2449 1918 2505 fiduciam

255 2542 636 2609 conceperat,
652 2537 807 2609 quod
830 2536 1136 2591 inundatio
1158 2535 1430 2592 Jordanis
1452 2537 1608 2591 fluvii
1632 2555 1697 2592 os
1720 2537 1919 2593 illabe-

256 2631 425 2682 retur
455 2626 713 2693 illius,ut
736 2624 1006 2680 videlicet
1027 2625 1453 2696 baptizatorum
1476 2625 1924 2699 multitudo,per

252 2716 519 2771 avaritia:
551 2715 878 2788 appetitum
910 2713 1067 2769 viam
1085 2714 1346 2769 veritatis
1377 2714 1672 2780 deserens,
1696 2715 1922 2770 demer-

254 2810 500 2878 geretur
559 2805 618 2860 in
679 2803 1003 2860 interitum.
1057 2804 1124 2858 Et
1173 2802 1332 2874 quia,
1366 2807 1432 2857 ut
1473 2819 1542 2858 ex
1581 2803 1924 2859 auctoritate

255 2893 586 2966 apostolica
617 2892 975 2965 completum
1007 2891 1742 2964 dignoscitur,frigescente
1766 2891 1925 2948 scili-

260 2989 352 3040 cet
383 2982 698 3050 cbaritate,
729 2999 795 3037 ac
825 2981 1340 3053 superabundante
1365 2979 1695 3052 iniquitate,
1729 2980 1788 3036 in
1819 2980 1927 3037 ho-

262 3073 532 3128 minibus
565 3072 766 3144 utique
796 3074 981 3126 semet
1009 3070 1140 3142 plus
1163 3071 1327 3141 justo
1364 3068 1720 3138 amantibus,
1755 3069 1926 3125 solito

2027 583 2210 635 artem
2243 581 2827 653 reperiens,convcrsi
2859 585 3168 656 unanimes
3197 603 3332 642 voce
3353 587 3672 645 clamantes

2027 669 2292 736 terribili,
2314 671 2386 726 ab
2417 671 2605 742 ipsius
2636 672 3032 744 apostolorum
3066 675 3344 747 principis
3365 695 3670 751 cucurrere

2027 757 2614 823 confessionem,eum
2641 761 3105 833 imprecantes,si
3132 780 3244 818 non
3270 766 3507 837 pervigil
3541 784 3671 839 pro-

2028 845 2164 917 priae
2195 846 2340 902 foret
2378 849 2447 902 ad
2481 865 2736 920 presens
2767 850 3039 906 defensor
3067 852 3352 919 Ecclesire,
3373 854 3588 910 multos
3610 855 3669 911 in

2027 936 2165 991 orbe
2194 941 2482 991 terrarum
2533 955 2565 992 a
2613 956 2731 993 sum
2787 938 2921 994 fidei
2969 941 3328 1011 professione
3371 943 3666 1000 decedere.

2027 1024 2238 1079 Statim
2255 1041 2388 1080 vero
2407 1043 2580 1081 vorax
2604 1027 3153 1094 flamma,abietinas
3180 1031 3454 1086 deserens
3477 1033 3671 1088 trabes

2025 1111 2332 1183 disparuit.
2363 1113 2468 1168 Per
2498 1115 2651 1169 idem
2682 1119 2918 1186 tempus
2949 1116 3218 1172 obierunt
3248 1119 3304 1173 in
3332 1119 3497 1174 Italia
3525 1126 3582 1175 et
3612 1121 3671 1177 in

2026 1200 2251 1267 Galliis,
2285 1203 2383 1274 qui
2418 1202 2690 1274 praecipui
2717 1210 2883 1260 erant
2913 1206 3217 1277 pontifices
3244 1213 3304 1263 et
3333 1209 3532 1276 duces,
3569 1227 3673 1266 nec

2025 1305 2141 1344 non
2199 1295 2256 1346 et
2307 1291 2568 1346 comites.
2602 1292 2882 1348 Primitus
2934 1312 3166 1368 quoque
3215 1313 3365 1368 papa
3393 1297 3670 1367 Joannes,

2024 1378 2233 1433 deinde
2266 1379 2429 1451 Hugo
2461 1381 2864 1436 marchionum
2897 1384 3175 1454 Optimus.
3210 1385 3346 1441 Post
3390 1386 3512 1442 haec
3541 1405 3673 1444 vero

2023 1483 2126 1538 per
2149 1467 2372 1523 Italiam
2390 1469 2610 1541 quique
2629 1470 2960 1527 nobiliores.
2979 1473 3038 1527 In
3061 1472 3262 1529 Galliis
3283 1492 3538 1548 namque
3552 1476 3674 1532 Odo

2023 1561 2080 1612 et
2109 1557 2723 1631 Heribertus,quorum
2747 1560 2907 1632 prior
2919 1561 3285 1617 Turonorum
3301 1564 3672 1638 Carnotique,

2023 1661 2276 1717 sequens
2323 1664 2457 1702 vero
2509 1647 2835 1704 Meldorum
2890 1654 3064 1722 atque
3116 1652 3434 1708 Trecorum
3479 1670 3676 1710 comes

2023 1735 2264 1801 exstitit,
2299 1736 2460 1790 Tunc
2492 1738 2771 1809 temporis
2803 1738 2976 1794 etiam
3009 1741 3126 1795 dux
3177 1741 3674 1815 Rothomagorum

2025 1823 2307 1879 Ricardus
2333 1825 2496 1891 obiit,
2526 1827 2624 1898 qui
2678 1829 3100 1884 monasterium
3153 1831 3534 1888 aedificaverat
3584 1833 3679 1888 ni-

2025 1912 2210 1967 mium
2234 1912 2513 1985 locuples,
2547 1915 2606 1970 in
2640 1915 2765 1971 loco
2804 1918 2903 1988 qui
2954 1918 3168 1974 dicitur
3216 1920 3581 1993 Fiscampus,
3615 1921 3674 1976 in

2025 2017 2141 2073 quo
2199 2003 2374 2058 etiam
2425 2004 2691 2076 sepultus
2746 2006 3013 2076 quiescit.
3047 2007 3400 2065 Viellermus
3441 2027 3676 2082 quoque

2027 2089 2393 2148 Pictavorum
2417 2094 2533 2148 dux
2565 2095 2675 2149 sub
2705 2095 2909 2151 eodem
2934 2101 3194 2170 tempore
3234 2098 3416 2152 vitam
3467 2100 3674 2154 finivit.

2027 2178 2334 2236 Pontifices
2392 2183 2528 2237 item
2581 2183 2640 2238 in
2701 2183 2904 2240 Galliis
2959 2185 3175 2258 quique
3225 2187 3614 2260 religiosiores
3646 2207 3680 2244 a

2028 2267 2240 2324 saeculo
2268 2277 2658 2327 excesserunt.
2694 2273 2996 2329 Manasses
3030 2274 3295 2330 videlicet
3347 2277 3433 2330 vir
3463 2278 3680 2331 sancti-

2027 2361 2144 2412 tate
2194 2356 2404 2430 plenus
2463 2361 2775 2416 Trecorum
2827 2363 3157 2434 episcopus,
3206 2368 3262 2419 et
3319 2364 3681 2422 Gislebertus

2031 2445 2128 2517 [αι.
2158 2447 2588 2519 Engelbertus.]
2624 2450 3124 2521 Parisiorum,nec
3158 2471 3270 2510 non
3306 2460 3363 2510 et
3386 2455 3681 2512 Geboinus

2029 2534 2508 2606 Gatalaunorum,
2573 2556 2707 2595 cum
2769 2541 2901 2597 aliis
2959 2541 3248 2614 pluribus.
3305 2544 3460 2600 Inter
3532 2561 3680 2617 quos

2029 2625 2206 2680 etiam
2257 2627 2417 2680 bonae
2471 2629 2765 2684 memoriae
2826 2636 3068 2687 sanctus
3116 2631 3387 2688 videlicet
3434 2633 3681 2690 Maiolus

2032 2713 2186 2786 apud
2218 2713 2594 2773 Silviniacum
2627 2719 2958 2775 coenobium
2991 2720 3120 2774 vita:
3152 2723 3456 2792 praesentis
3487 2725 3684 2779 termi-

2033 2818 2176 2856 num
2236 2809 2604 2861 consecutus.
2637 2808 2816 2879 Cujus
2851 2807 3074 2864 scilicet
3120 2809 3249 2864 vitze
3308 2811 3680 2868 honestatem

2032 2891 2324 2961 pretiosus
2350 2893 2525 2948 etiam
2547 2897 2922 2951 commendat
2944 2898 3410 2954 transitus.Nam
3434 2901 3504 2955 ad
3524 2900 3683 2956 illius

2033 2979 2251 3034 famam
2283 2981 2609 3038 sanctitatis
2657 2986 2948 3040 confluere
2990 3003 3058 3040 ex
3102 2987 3372 3042 universo
3422 2987 3684 3042 Romano

2034 3068 2171 3122 orbe
2199 3067 2306 3123 viri
2338 3073 2394 3124 et
2433 3069 2705 3127 mulieres
2753 3078 3138 3145 utrorumque
3183 3073 3455 3130 ordinum
3507 3074 3685 3148 pluri-

265 3161 536 3217 crebrius
566 3161 834 3232 ista,quaa
858 3158 1188 3225 retulimus,
1208 3157 1363 3214 circa
1390 3157 1771 3214 millesimum
1796 3162 1929 3231 post
1964 3231 1997 3238 _
2035 3156 2350 3223 mi,exinde
2381 3159 2693 3216 referentes
2723 3161 3083 3218 diversarum
3117 3163 3526 3220 infirmitatum
3548 3181 3680 3238 gra-

269 3251 388 3306 nati
418 3231 741 3306 Salvatoris
771 3247 1003 3305 Domini
1025 3263 1246 3304 annum
1263 3247 1557 3304 universis
1579 3248 1781 3305 mundi
1801 3265 1926 3321 par-
1956 3231 1999 3298 C
2038 3245 2185 3300 tiam
2219 3245 2508 3302 sanitatis.
2541 3248 2895 3306 Desaviebat
2941 3252 3144 3307 eodem
3190 3255 3452 3324 tempore
3492 3252 3686 3336 clades

276 3338 432 3394 tibus
464 3337 860 3411 contigerunt.

897 3426 1134 3484 CAPUT
1171 3426 1293 3483 VII.

555 3519 630 3572 De
659 3516 932 3574 incendiis
961 3521 1014 3573 et
1041 3517 1309 3572 mortibus
1339 3516 1629 3571 nobilium.

339 3606 602 3678 Septimo
631 3605 812 3680 igitur
840 3607 911 3663 de
941 3605 1276 3678 supradicto
1307 3603 1619 3661 millesimo
1641 3621 1792 3661 anno
1815 3605 1924 3662 Ve-

282 3710 448 3751 sevus
481 3712 674 3762 mons,
708 3695 808 3768 qui
834 3697 891 3751 et
917 3694 1162 3751 Vulcani
1193 3693 1308 3750 olla
1337 3693 1746 3761 dicitur,solito
1775 3695 1926 3750 mul-

273 3782 557 3855 tipliciore
583 3783 748 3840 hiatu
783 3799 1053 3840 evomens
1075 3782 1210 3856 igne
1231 3782 1570 3855 permistam
1605 3782 1926 3856 sulphureo

277 3872 583 3943 grandium
642 3889 918 3930 saxorum
970 3871 1432 3938 multitudinem,
1468 3871 1568 3944 qui
1628 3889 1817 3945 usque
1867 3873 1926 3928 in

279 3963 507 4018 tertium
543 3961 891 4017 rotabantur
921 3960 1285 4016 milliarium.
1318 3960 1527 4033 Sicque
1575 3978 1680 4017 suo
1724 3961 1923 4017 balatu

283 4050 472 4120 putido
499 4050 656 4106 circa
684 4067 747 4106 se
777 4049 1226 4106 inhabitabilem
1255 4048 1429 4122 coepit
1456 4050 1642 4105 facere
1690 4050 1923 4121 provin-

283 4137 441 4196 ciam.
476 4140 587 4196 Sed
622 4155 812 4211 neque
856 4139 965 4195 hoc
1014 4141 1153 4210 puto
1203 4137 1436 4194 silentio
1474 4138 1791 4210 praeterire,
1823 4155 1927 4194 cur

283 4226 425 4283 istud
455 4229 517 4284 in
548 4228 675 4285 sola
702 4227 976 4285 Afaicana
1020 4227 1320 4300 contingat
1365 4226 1623 4299 regione.
1663 4226 1924 4284 Primum

283 4315 521 4390 denique
551 4317 626 4390 ob
654 4316 884 4373 telluris
913 4315 1261 4372 vacuitatem
1293 4333 1362 4372 ex
1392 4314 1574 4372 nimio
1603 4317 1810 4372 ardore
1837 4333 1926 4372 so-

285 4401 376 4472 lis;
396 4389 450 4461 et
479 4389 763 4478 quoniam
793 4404 933 4461 illuc
962 4404 1252 4461 incumbit
1274 4405 1574 4461 dexterum
1597 4405 1672 4460 ab
1694 4404 1927 4462 Oriente

285 4490 563 4551 Oceanum
622 4511 807 4560 mare,
835 4495 1160 4550 immensos
1204 4493 1497 4549 undarum
1543 4492 1819 4567 erigendo
1862 4495 1921 4549 in

2034 3334 2293 3405 pessima
2322 3335 2382 3391 in
2414 3335 2773 3408 hominibus,
2808 3337 2964 3412 ignis
2995 3339 3216 3397 scilicet
3261 3339 3546 3411 occultus,
3583 3334 3683 3414 qui

2034 3423 2430 3496 quodcunque
2499 3427 2898 3482 membrorum
2966 3427 3333 3501 arripuisset,
3390 3431 3686 3486 exurendo

2032 3512 2343 3568 truncabat
2397 3531 2431 3568 a
2483 3529 2741 3586 corpore.
2776 3515 3109 3590 Plerosque,
3142 3517 3319 3573 etiam
3377 3519 3436 3573 in
3495 3518 3684 3591 spatio

2036 3597 2214 3654 unius
2247 3601 2454 3668 noctis,
2489 3601 2668 3673 hujus
2701 3603 2854 3676 ignis
2889 3606 3257 3677 consumpsit
3299 3607 3543 3662 exustio.
3573 3606 3686 3663 Sed

2036 3703 2168 3742 cum
2187 3688 2246 3744 in
2270 3689 2542 3762 plurimis
2559 3697 2895 3749 sanctorum
2914 3694 3214 3751 memoriis
3236 3694 3418 3766 hujus
3441 3700 3690 3752 tremen-

2034 3776 2119 3832 das
2149 3778 2332 3850 pestis
2362 3779 2480 3834 sint
2526 3780 2759 3836 inventa
2806 3784 3084 3848 remedia,
3119 3784 3411 3839 maximus
3455 3788 3686 3841 tantum

2034 3880 2355 3923 concursus
2388 3868 2573 3924 factus
2605 3875 2693 3926 est
2722 3870 2798 3925 ad
2827 3871 3005 3926 trium
3037 3877 3371 3929 sanctorum
3396 3874 3689 3932 confesso-

2034 3972 2164 4010 rum
2215 3955 2510 4023 ecclesias,
2543 3958 2774 4013 Martini
2832 3959 3057 4016 scilicet
3084 3961 3472 4030 Turonorum,
3510 3967 3686 4036 atque

2034 4043 2284 4100 Odolrici
2317 4045 2863 4116 Bajoariorum,nec
2894 4066 3010 4104 non
3042 4054 3098 4104 et
3130 4050 3302 4104 istius
3332 4043 3685 4108 venerabilis

2033 4133 2218 4205 patris
2248 4133 2462 4201 Maioli,
2481 4137 2810 4207 optatisque
2843 4136 3054 4193 salutis
3087 4136 3320 4193 inventa
3346 4142 3488 4194 sunt
3517 4140 3686 4196 bene-

2033 4222 2185 4278 ﬁcia.

2654 4313 2888 4371 CAPUT
2927 4312 3075 4371 VIII.

2103 4405 2182 4458 De
2213 4402 2444 4457 Henrici
2471 4402 2624 4457 ducis
2643 4411 2835 4470 morte,
2848 4408 2901 4460 et
2927 4407 3230 4461 vastatione
3251 4406 3609 4477 Burgundiae.

2105 4489 2287 4562 Igitur
2301 4507 2455 4545 anno
2473 4490 2643 4546 tertio
2665 4491 2737 4547 de
2753 4493 3090 4565 supradicto
3103 4493 3419 4550 millesimo
3438 4498 3687 4551 moritur

285 4597 398 4639 sese
427 4583 716 4656 recolligit
739 4583 1006 4649 vortices,
1039 4583 1255 4656 quibus
1289 4580 1561 4638 videlicet
1611 4599 1924 4654 percussus
1953 4599 2002 4664 D
2035 4579 2092 4634 in
2115 4579 2454 4652 Burgundia
2483 4579 2600 4634 dux
2616 4580 2897 4637 Henricus
2912 4584 3065 4655 apud
3088 4589 3348 4640 castrum
3364 4583 3684 4641 Pulliacum

284 4673 608 4729 reconditur
635 4687 736 4728 aer
749 4671 979 4729 telluris
1010 4671 1070 4726 in
1098 4669 1342 4744 gremio.
1375 4670 1594 4727 Deinde
1625 4685 1923 4738 vero,cum

285 4758 511 4831 igniﬂua
536 4760 939 4834 vaporatione,
962 4777 1078 4833 quo
1107 4747 1564 4826 valet,eructuat
1593 4760 1663 4815 ad
1688 4777 1920 4831 supera.

284 4845 336 4902 Si
358 4850 594 4921 quidem
625 4865 724 4905 aer
747 4849 900 4905 sicut
927 4865 997 4905 ex
1027 4847 1275 4904 ordinali
1310 4845 1726 4904 constitutione
1753 4864 1926 4920 pene-

284 4940 386 4992 trat
409 4955 644 5011 supera,
680 4939 730 4994 si
763 4955 832 4994 ex
861 4938 1128 5010 ejusdem
1160 4937 1440 5009 ambigua
1457 4941 1687 5004 natura,
1708 4937 1923 4993 humo-

289 5025 358 5080 ris
384 5027 608 5084 scilicet
629 5031 802 5100 atque
825 5027 1056 5091 caloris,
1070 5025 1284 5098 sapius
1305 5026 1629 5096 exagitatus
1651 5026 1926 5098 exprimit

287 5113 334 5169 in
363 5115 538 5172 aridis
573 5117 794 5187 ignem,
831 5121 933 5172 aut
964 5117 1024 5170 in
1061 5114 1325 5171 humidis
1372 5113 1638 5187 glaciem.
1673 5115 1925 5188 Contigit

287 5202 488 5261 interea
539 5221 691 5278 pene
730 5191 1040 5260 universas~
1081 5203 1258 5260 Italia:
1307 5207 1363 5258 et
1408 5202 1604 5259 Galliae
1663 5204 1922 5260 civitates

286 5288 493 5362 ignium
525 5291 819 5348 incendiis
849 5291 1162 5357 devastari,
1194 5292 1504 5363 ipsamque
1551 5293 1757 5347 urbem
1807 5292 1921 5347 Ro-

286 5394 500 5437 manam
533 5397 604 5436 ex
629 5387 794 5453 parte
830 5380 1088 5436 maxima
1119 5381 1253 5453 igne
1284 5379 1551 5434 cremari.
1583 5380 1746 5444 Quod
1779 5380 1919 5435 dum

286 5467 444 5540 ﬁeret,
467 5468 624 5526 beati
649 5469 797 5525 Petri
817 5469 1085 5526 Ecclesia
1109 5469 1273 5541 tigna
1294 5467 1446 5522 idem
1474 5466 1626 5540 ignis
1651 5466 1918 5539 arripuit,

283 5557 552 5630 crepitque
583 5557 694 5613 sub
726 5573 872 5613 aereo
902 5557 1168 5613 tabulata
1216 5556 1615 5612 consumendo
1664 5555 1920 5613 lambere

278 5643 439 5719 ligna.
470 5646 637 5713 Quod
670 5662 917 5704 cernens
948 5646 1222 5704 universa
1249 5644 1559 5703 hominum
1603 5643 1920 5705 multitudo

2033 4685 2212 4740 super
2240 4668 2465 4723 Ararim
2516 4669 2780 4738 fluvium,
2813 4672 3244 4746 sepultumque
3297 4673 3685 4730 Autissiodori

2034 4757 2188 4830 apud
2245 4757 2525 4813 eximium
2577 4760 2968 4817 confessorem
3018 4765 3374 4818 Germanum
3434 4763 3686 4818 traditur

2033 4845 2263 4902 Octobri
2294 4863 2514 4902 mense.
2534 4847 2823 4918 Sequente
2851 4865 2986 4904 vero
3016 4867 3217 4906 mense
3241 4849 3542 4906 Decembri
3560 4868 3684 4906 ves-

2031 4948 2168 5005 pere
2198 4932 2436 4989 Sabbati
2470 4937 2603 4988 ante
2632 4933 2786 4990 diem
2810 4935 3124 4992 Dominicaa
3155 4935 3685 5010 Nativitatis,appa-

2033 5021 2153 5076 ruit
2181 5021 2240 5076 in
2273 5037 2402 5077 aere
2433 5026 2766 5094 portentum
2800 5024 3068 5081 mirabile
3103 5043 3115 5080 :
3145 5025 3366 5097 species
3415 5024 3684 5082 videlicet

2033 5127 2136 5166 seu
2168 5109 2351 5166 moles
2372 5109 2501 5181 ipsa
2531 5110 2804 5168 immensi
2833 5113 3123 5182 draconis,
3158 5131 3192 5169 a
3241 5115 3679 5186 septentrionali

2032 5198 2205 5271 plaga
2230 5199 2553 5270 egrediens,
2587 5216 2720 5254 cum
2773 5201 2955 5257 nimia
3001 5203 3402 5260 coruscatione
3451 5205 3683 5277 petebat

2033 5291 2319 5343 au'strum.
2353 5289 2513 5353 Quod
2537 5289 2870 5362 prodigium
2902 5308 3047 5362 pone
3078 5292 3347 5349 homines
3379 5293 3680 5350 universos

2032 5375 2130 5449 qui
2161 5377 2376 5444 videre,
2411 5375 2563 5431 infra
2586 5376 2802 5433 Gallias
2833 5379 3064 5436 terruit.
3099 5381 3377 5453 Sequenti
3425 5381 3680 5453 denique

2030 5483 2185 5521 anno
2218 5465 2484 5520 ascendit
2511 5465 2822 5522 Rotbertus
2855 5484 2952 5524 rex
2986 5471 3043 5524 in
3096 5469 3494 5543 Burgundiam
3543 5485 3679 5525 cum

2031 5571 2244 5628 magno
2274 5553 2525 5610 exercitu
2557 5560 2971 5628 pugnatorum,
3006 5560 3227 5616 ducens
3258 5560 3434 5616 etiam
3476 5575 3675 5615 secum

2031 5645 2346 5704 Ricardum
2395 5643 2895 5720 Rothomagorum
2944 5648 3218 5709 comitem
3265 5665 3400 5708 cum
3438 5645 3678 5722 triginta
