4098 6164
534 283 657 350 639

1587 289 1874 356 ODULFI
1925 290 2206 354 GLABRI
2253 289 2610 356 MONACHI
2655 291 3017 358 CLUNIAC.

3768 301 3868 380 6.40

532 422 795 480 millibus
827 421 1318 493 Normannorurn,
1350 426 1629 498 quoniam
1657 425 2100 500 Burgundiones
2133 427 2182 480 ei
2213 429 2271 493 Α
2300 424 2631 493 hominum,
2662 430 2873 499 praeter
2897 426 3158 484 civitates
3188 431 3248 484 et
3276 433 3462 484 castra
3492 430 3762 499 tutissima,
3792 454 3868 494 us.

534 511 694 569 fuere
728 511 993 579 rebelles,
1019 511 1280 571 nolentes
1303 530 1435 570 eum
1461 514 1756 588 suscipere
1777 513 1836 571 in
1861 513 2193 571 civitatibus

533 606 591 656 et
620 601 828 658 castris
859 618 983 674 quin
1017 602 1247 659 fuerant
1279 603 1446 660 ducis
1478 603 1731 672 Henrici,
1759 605 1887 676 ejus
1926 602 2196 660 videlicet

533 690 803 747 avuncu‘li
825 707 838 756 ;
863 691 1002 763 quin
1032 691 1228 763 potius
1250 691 1361 748 sibi
1395 693 1453 748 in
1486 693 1753 766 preprias
1791 693 2038 748 divisere
2061 709 2192 766 par-

532 779 966 836 tes.Deveniens
985 797 1219 852 quoque
1242 798 1340 838 rex
1360 781 1636 855 primitus
1652 799 1786 839 cum
1804 782 1959 838 omni
1983 781 2195 838 exerci-

530 871 593 926 tu
618 868 914 924 civitatem
945 870 1582 938 Autissioderum,cum
1615 871 1919 928 obsidione
1945 871 2191 927 circum-

530 956 820 1023 dedit.Qui
835 959 933 1015 diu
955 957 1031 1014 ibi
1056 959 1276 1016 crebris
1297 960 1620 1018 assultibus
1636 960 1916 1033 fatigatus
1931 960 2193 1017 residens

529 1061 642 1100 non
675 1047 954 1104 adversus
986 1065 1116 1103 eam
1149 1047 1473 1120 praevaluit,
1507 1066 1635 1122 qum
1667 1050 1853 1106 fertur
1883 1065 2188 1120 nunquam

528 1133 731 1191 fraude
758 1136 842 1192 vel
874 1137 1042 1193 hoste
1065 1137 1247 1193 fuisse
1267 1138 1524 1210 decepta.
1542 1137 1760 1193 Relicta
1784 1154 2038 1210 namque
2061 1137 2193 1193 civi-

527 1224 781 1292 tate,rex
809 1242 940 1281 cum
975 1226 1246 1281 universo
1274 1225 1478 1281 bellico
1510 1232 1793 1298 apparatu
1826 1227 2110 1282 convertit
2126 1243 2189 1282 se

526 1311 595 1366 ad
629 1318 887 1370 castrum
918 1313 1073 1369 beati
1098 1313 1366 1386 praesulis
1388 1315 1660 1370 Germani
1705 1315 2186 1405 expugnandum,

527 1403 682 1472 quod
716 1402 943 1460 munito
967 1419 1174 1474 aggere
1200 1402 1546 1475 praepollens
1577 1403 1755 1459 haeret
1786 1403 2026 1459 civitati.
2051 1402 2186 1460 Val;

527 1490 744 1546 laverat
774 1492 927 1546 enim
957 1492 1116 1560 illud
1149 1491 1419 1548 Landrici
1469 1493 1700 1548 comitis
1751 1493 2036 1548 exercitus
2081 1509 2186 1549 nec

527 1596 647 1636 non
667 1580 931 1650 ejusdem
956 1579 1066 1636 loci
1092 1580 1408 1637 familiares
1437 1581 1837 1648 viri,hostium
1889 1581 2183 1654 siquidem

524 1673 853 1726 metuentes
882 1669 1030 1725 sacri
1061 1670 1256 1742 gregis
1287 1669 1759 1741 diremptionem.
1799 1671 2062 1727 Occurrit
2093 1673 2182 1728 in-

522 1762 680 1815 terea
712 1759 922 1815 furenti
948 1763 1067 1832 regi
1092 1758 1256 1816 Odilo
1272 1757 1621 1816 venerabilis
1639 1760 1822 1816 abbas
1844 1759 2182 1816 Cluniacen-

524 1847 607 1904 sis
631 1847 1240 1926 monasterii,c.upiens
1270 1847 1616 1908 intervenire
1646 1853 1841 1920 partes
1861 1853 2171 1922 utrasque:

521 1937 817 2010 siquidem
849 1942 915 1994 ut
945 1937 1066 2011 regi
1097 1939 1466 1995 exhiberetur
1497 1938 2176 2007 honoriﬁcentis,solida—

519 2031 682 2083 retur
713 2028 1026 2085 concordia
1057 2027 1409 2101 principum,
1433 2045 1544 2100 pax
1587 2029 1786 2101 patriae
1817 2029 2170 2086 firmaretur.

505 2107 628 2179 Qui
660 2115 859 2173 minus
891 2133 1064 2189 posse
1097 2116 1217 2172 ﬁeri
1243 2133 1488 2172 cernens
1511 2118 1665 2189 quod
1689 2117 2175 2186 decreverat,hor-

523 2205 760 2260 tabatur
791 2205 1001 2260 fratres
1020 2208 1147 2260 octo
1171 2205 1710 2278 tantummodo,qui
1733 2207 1805 2262 ad
1822 2207 2174 2264 confessoris

523 2291 854 2348 custodiam
888 2291 1070 2348 relicti
1123 2293 1353 2349 fuerant
1401 2296 1561 2364 (nam
1596 2299 1835 2350 caeteros
1883 2311 2016 2351 cum
2065 2313 2172 2353 suo

522 2382 732 2439 abbate
761 2378 1052 2437 Hilderico
1100 2381 1335 2438 nomine
1380 2382 1575 2455 jussio
1628 2383 1784 2456 regis
1834 2383 1971 2439 inde
2017 2385 2171 2441 exire

523 2469 928 2541 compulerat),
958 2472 1024 2525 ut
1055 2469 1304 2526 orationi
1335 2469 1621 2526 instarent
1644 2469 1898 2537 assidue,
1931 2471 1981 2526 si
2025 2471 2172 2528 forte

518 2557 750 2620 Domini
784 2558 974 2631 pietas
999 2574 1120 2624 eos,
1155 2558 1483 2632 pariterque
1514 2558 1729 2628 locum,
1754 2577 1788 2614 a
1818 2563 1981 2615 tanta
2009 2561 2170 2617 obsi-

517 2647 689 2704 dione
734 2648 1073 2722 dignaretur
1120 2646 1361 2720 eripere.
1415 2649 1584 2705 Sexto
1616 2647 1798 2721 igitur
1845 2648 2170 2706 obsidionis

515 2734 940 2806 illuscescente,
975 2736 1157 2794 nimio
1209 2753 1308 2793 rex
1357 2741 1628 2811 arreptus
1683 2738 1895 2806 furore,
1930 2736 2171 2795 indutus

515 2824 694 2883 lorica
723 2825 902 2883 simul
932 2829 991 2882 et
1018 2824 1204 2900 galea,
1237 2843 1590 2898 omnemque
1631 2826 1949 2884 exercitum
1999 2827 2170 2884 dictis

514 2914 1063 2982 exacuens,habens
1095 2914 1271 2971 etiam
1303 2931 1504 2972 secum
1554 2915 1858 2990 Hugonem
1905 2917 2168 2989 ejusdem

514 3005 678 3061 urbis
708 3004 1064 3078 pontiﬁcem,
1098 3004 1287 3060 solum
1315 3021 1383 3061 ex
1431 3005 1591 3062 omni
1641 3005 1983 3079 Burgundia
2019 3007 2171 3079 parti

516 3094 670 3168 regis
701 3095 1009 3152 faventem.
1045 3094 1248 3152 Eidem
1289 3111 1543 3168 namque
1594 3095 1714 3170 regi
1766 3096 1823 3150 in
1866 3095 2168 3168 procinctu

2305 530 2417 586 que
2448 514 2507 570 in
2539 515 2872 588 superiores
2901 515 3250 589 Burgundja:
3283 520 3469 590 partes
3509 518 3603 583 Qui
3627 520 3869 583 Franciam

2305 602 2556 671 rediens,
2590 606 2722 676 post
2751 603 2873 660 haec
2903 608 3097 661 tamen
3130 605 3264 662 licet
3296 605 3512 665 tardius
3540 609 3602 664 ari
3632 626 3687 666 se
3723 628 3871 670 revor-

2305 691 2386 748 sis
2420 690 2958 764 Burgundionibus,
2993 711 3268 769 prospere
3315 695 3629 754 universam
3673 700 3873 760 obtinuit

2302 779 2621 854 regionem.

2947 871 3178 928 CAPUT
3221 871 3308 928 IX.

2427 961 2502 1015 De
2527 960 2676 1029 fame
2706 960 2889 1016 valida
2915 968 2968 1016 et
2994 963 3342 1032 infestationc
3368 963 3768 1022 Sarracenomn.

2373 1049 2588 1104 Eodem
2614 1053 2810 1106 autem
2843 1054 3102 1124 tempore
3125 1050 3280 1107 facta
3308 1055 3396 1109 est
3424 1052 3600 1109 fames
3622 1055 3872 1126 praevalida

2301 1137 2705 1211 quinquennio
2737 1137 2795 1194 in
2831 1138 3097 1196 universo
3127 1140 3387 1196 Romano
3409 1141 3809 1215 orbe,siquidelu
3823 1149 3873 1201 ut

2301 1225 2465 1281 nulla
2495 1227 2797 1282 audiretur
2823 1244 2938 1284 non
2971 1228 3139 1301 inops
3170 1229 3330 1302 regio
3377 1235 3432 1285 et
3479 1229 3721 1303 indigens
3741 1248 3869 1304 pane.

2300 1315 2588 1389 Multique
2617 1316 2882 1372 exhausti
2907 1317 3103 1374 inedia
3122 1317 3193 1374 de
3223 1316 3438 1392 populo
3455 1319 3873 1392 perierunt.’l‘unc

2297 1404 2477 1461 etiam
2511 1422 2614 1478 per
2635 1404 2807 1478 plura
2835 1405 2962 1462 loca
2989 1411 3303 1476 terrarum,
3329 1424 3442 1463 non
3475 1406 3650 1465 solum
3669 1410 3872 1468 immun-

2297 1493 2508 1550 dorum
2526 1494 2870 1550 animalium
2885 1499 2942 1550 et
2957 1494 3481 1569 reptilium,verum
3501 1495 3661 1554 etiam
3671 1497 3872 1554 virorum

2295 1598 2363 1637 ae
2396 1583 2714 1640 mulierum
2745 1581 3174 1657 infantiumque
3205 1601 3413 1642 carnes
3441 1584 3700 1658 compulit
3731 1585 3872 1645 fames

2293 1669 2534 1728 horrida
2562 1689 2794 1728 sumere
2836 1673 2896 1729 in
2941 1672 3335 1741 cibum,nulla
3378 1673 3763 1746 velparentum
3801 1675 3872 1732 ob~

2293 1764 2484 1815 stante
2505 1761 3114 1819 necessitudine.Nam
3137 1778 3204 1818 eo
3231 1777 3421 1835 usque
3439 1763 3723 1821 devenerat
3734 1762 3870 1836 hujus

2287 1848 2510 1905 saevitia
2536 1850 2730 1919 famis,
2766 1852 2976 1923 utjam
3008 1849 3203 1906 adulti.
3227 1850 3332 1907 filii
3363 1857 3742 1911 consumerent
3773 1869 3867 1908 ma-

2286 1942 2427 2005 tres,
2461 1937 2721 2012 ipsaeque
2750 1939 2810 1994 in
2839 1938 3134 2012 parvulos,
3165 1943 3394 1996 remota
3407 1939 3610 2012 pietate
3632 1944 3860 2006 materna,

2285 2026 2441 2083 idem
2491 2032 2844 2092 exercerent.
2879 2029 3288 2101 Subsequente
3346 2045 3592 2102 namque
3641 2033 3866 2102 tempore,

2284 2132 2426 2187 gens
2453 2118 2908 2174 Sarracenorum
2931 2133 3064 2174 cum
3084 2133 3221 2190 rege
3239 2117 3639 2185 suo,Almuzor
3665 2117 3867 2180 nomine,

2282 2221 2519 2278 egressa
2547 2211 2636 2263 est
2665 2207 2737 2262 ab
2790 2207 3081 2264 Africanis
3121 2207 3416 2279 partibus,
3447 2223 3716 2280 occupans
3755 2221 3868 2279 pene

2284 2295 2617 2354 universam
2648 2296 2940 2371 Hispaniae
2965 2296 3268 2371 regionem
3298 2313 3485 2370 usque
3530 2296 3585 2353 in
3630 2294 3869 2354 Australes

2281 2383 2605 2442 Galliarum
2635 2386 2804 2452 fines,
2819 2385 3225 2459 plurimasque
3246 2385 3690 2442 Christianorum
3706 2383 3868 2441 dedere

2281 2475 2648 2547 strages.Sed
2681 2474 2818 2531 licet
2848 2475 3036 2547 impar
3065 2474 3560 2548 exercitu,szepius
3584 2478 3752 2531 tamen
3771 2471 3871 2530 ini-it

2281 2579 2416 2621 cum
2441 2564 2526 2620 eis
2542 2563 2742 2637 praelia
2757 2563 3104 2622 Willermus
3119 2563 3246 2623 dux
3268 2563 3870 2636 Navariae,e03nomento

2280 2653 2554 2710 Sanctus.
2584 2654 2747 2710 Tunc
2795 2653 2971 2710 etiam
3002 2654 3076 2710 ob
3106 2653 3406 2712 exercitus
3435 2651 3706 2710 raritatem
3749 2665 3869 2708 cem-

2281 2741 2434 2814 pulsi
2466 2746 2606 2798 sunt
2654 2742 2909 2817 regionis
2958 2741 3116 2800 illius
3163 2742 3446 2800 monachi
3497 2755 3708 2799 sumere
3743 2755 3871 2796 arma

2279 2829 2508 2888 bellica.
2544 2831 2714 2888 Caesae
2743 2831 3000 2904 denique
3027 2831 3290 2905 graviter
3312 2834 3564 2903 utraeque
3591 2831 3871 2903 pateatne-

2280 2919 2413 2976 dem
2441 2937 2720 2978 concessa
2749 2919 3094 2978 Christianis
3116 2919 3375 2978 victoriae
3412 2924 3537 2994 post
3562 2918 3755 2994 grande
3773 2932 3871 2972 sue-

2279 3026 2414 3066 rum
2443 3009 2844 3083 dispendium,
2875 3009 2976 3082 qui
3007 3010 3356 3082 superfuere
3384 3011 3790 3082 Sarracenorum
3813 3004 3867 3060 Id

2278 3098 2531 3156 Africam
2566 3099 2750 3156 fecere
2779 3099 3140 3172 confugi-um.
3175 3099 3297 3158 Sed
3327 3105 3389 3158 et
3417 3101 3477 3158 in
3522 3097 3633 3157 illis
3672 3093 3867 3158 diutinis

507 3183 636 3256 jam
685 3183 1002 3241 constituto
1051 3183 1304 3241 occurrit
1350 3168 1726 3256 supradictus
1765 3185 1947 3242 abbas
1978 3184 2163 3254 Odilo,
2197 3168 2242 3238 C
2279 3187 2651 3245 conﬂictibus
2679 3168 3011 3261 praeliorum
3042 3192 3281 3250 constet
3309 3189 3740 3248 Christianorum
3762 3182 3865 3242 reli-

515 3272 683 3330 illum
715 3272 1044 3346 increpans,
1063 3274 1309 3346 ejusque
1339 3274 1619 3346 primates
1649 3274 2030 3347 rederguens,
2062 3291 2168 3330 cur

515 3362 794 3419 adversus
811 3364 1040 3417 tantum
1059 3361 1159 3418 Dei
1178 3362 1763 3434 pontiﬁcem,scilicet
1783 3364 2165 3429 Germanum,

514 3449 714 3507 hostili
746 3465 925 3505 manu
954 3449 1411 3506 insurrexissent
1444 3468 1457 3506 ε
1490 3452 1585 3507 cui
1629 3450 1978 3523 specialiter,
2011 3453 2166 3509 utin

513 3538 697 3611 gestis
730 3535 888 3592 illius
915 3536 1229 3608 invenitur,
1262 3554 1372 3594 usu
1404 3538 1517 3594 fuit
1540 3540 1644 3596 Dei
1673 3540 1888 3597 auxilio
1922 3545 1981 3596 et
2016 3541 2169 3598 bella

514 3643 883 3700 compescere
913 3626 1188 3698 plurima,
1205 3631 1261 3682 et
1303 3642 1506 3700 regum
1539 3629 1825 3686 ferocitati
1874 3631 2164 3689 resistere.

513 3719 692 3790 Cujus
719 3715 912 3772 verbis
942 3715 1142 3774 minus
1173 3716 1439 3772 auditum
1470 3717 1815 3790 praebentes,
1831 3737 1946 3792 quo
1967 3721 2168 3778 tende-

511 3806 659 3866 bant
680 3808 1088 3878 pervenerunt,
1121 3804 1539 3879 cingentesque
1589 3807 1992 3879 supradictum
2040 3825 2166 3867 cas-

513 3899 670 3953 trum
705 3895 764 3952 in
793 3911 1018 3952 corona:
1038 3893 1575 3961 modum,certatim
1600 3894 1741 3951 illud
1776 3900 2166 3970 expugnaturi

517 3983 784 4058 praelium
805 3983 1341 4040 inierunt.Alternis
1358 4000 1593 4056 quoque
1615 3985 1882 4058 partibus
1898 3986 1999 4042 diu
2022 3987 2170 4044 mul-

511 4079 760 4147 tumque
793 4072 1249 4141 decertantibus,
1267 4073 1478 4130 domus
1509 4090 1628 4129 suae
1657 4075 1809 4146 parti
1840 4075 1938 4132 Dei
1973 4076 2166 4134 subito

512 4164 678 4220 aﬂ‘uit
706 4180 961 4237 praesens
995 4161 1301 4218 auxilium.
1335 4161 1481 4218 Nam
1514 4163 1781 4234 ejusdem
1815 4166 1989 4221 castri
2035 4167 2165 4221 uni-

508 4270 677 4310 versa
704 4251 995 4325 capacitas
1018 4250 1098 4306 ita
1117 4249 1340 4324 repleta
1373 4255 1464 4307 est
1484 4251 1544 4308 in
1576 4251 1722 4308 hora
1743 4252 1925 4326 praelii
1949 4255 2169 4312 teterri-

511 4359 610 4398 ma
639 4341 871 4408 nebula,
892 4344 955 4400 ut
984 4338 1206 4397 nemini
1235 4337 1496 4398 hostium
1521 4358 1558 4396 a
1588 4341 1728 4398 foris
1757 4342 1994 4414 pervius
2020 4344 2169 4402 foret

503 4429 808 4502 jaculandi
837 4429 1054 4497 aditus,
1089 4447 1222 4485 cum
1255 4428 1328 4484 ab
1358 4427 1511 4486 intro
1544 4431 2012 4503 repugnantibus
2042 4449 2166 4490 cer—

512 4523 720 4576 nerent
747 4534 810 4575 se
838 4517 996 4591 gravi
1028 4518 1182 4573 caede
1204 4518 1514 4590 prosterni.
1531 4519 1742 4591 Sicque
1763 4537 1897 4576 cum
1921 4539 2164 4579 suorum
2197 4541 2245 4608 D

514 4608 767 4665 maxime
796 4606 1266 4680 Normannorum
1297 4607 1650 4678 concisione,
1673 4609 2026 4667 dimiserunt
2045 4627 2166 4668 eas-

513 4701 671 4756 trum
703 4694 1180 4769 incolume,quos
1206 4695 1340 4752 licet
1367 4697 1532 4754 tarde
1565 4698 1839 4770 paenituit
1884 4700 2166 4758 adversus

514 4785 712 4861 magni
735 4785 927 4843 meriti
943 4785 1138 4842 locum
1158 4802 1324 4842 arma
1343 4785 1691 4860 sumpsisse.
1705 4787 1960 4860 Contigit
1987 4790 2165 4846 etiam

513 4877 750 4945 ut,hora
778 4892 898 4949 qua
925 4874 1082 4950 regis
1093 4874 1382 4932 exercitus
1403 4876 1688 4932 adversus
1713 4875 1909 4934 locum
1932 4895 2166 4936 sacrum

514 4970 808 5024 certamen
838 4965 990 5023 inire
1019 4965 1309 5040 coepisset,
1343 4965 1432 5021 vir
1460 4963 1770 5038 religiosus
1803 4966 2166 5024 Gislebertus

515 5056 779 5128 ejusdem
810 5054 924 5112 loci
949 5055 1296 5122 monachus,
1331 5071 1507 5127 super
1534 5052 1714 5110 altare
1743 5054 1925 5111 beatae
1973 5055 2165 5112 Marias

515 5161 748 5218 semper
773 5144 1039 5218 virginis,
1071 5144 1226 5218 quod
1255 5143 1555 5200 decentius
1585 5142 1810 5199 caeteris
1857 5143 1916 5200 in
1954 5144 2168 5202 vertice

516 5234 781 5307 ejusdem
812 5238 1044 5290 constat
1071 5232 1348 5303 ecclesiae,
1371 5232 1870 5306 quemadmodum
1893 5233 2038 5290 hora
2051 5233 2165 5291 diei

515 5323 689 5380 tertia
717 5322 981 5395 quotidie
1010 5326 1407 5389 consueverat,
1441 5322 1762 5378 missarum
1803 5328 2170 5380 sacramenta

517 5411 810 5468 celebrare
834 5410 1132 5482 inciperet.
1167 5409 1329 5473 Quod
1359 5409 1576 5468 scilicet
1606 5410 1823 5468 factum
1850 5411 1996 5468 satis
2017 5412 2172 5468 cmli-

518 5503 616 5556 tus
644 5497 916 5569 prmstitas
936 5497 1208 5572 congruit
1234 5499 1500 5555 victoria).
1523 5499 1796 5573 Sequenti
1843 5500 2022 5575 igitur
2053 5500 2169 5566 die,

515 5585 829 5662 egrediens.
881 5601 980 5655 rex
1027 5586 1165 5646 inde
1211 5589 1494 5662 processit
1538 5589 1674 5671 igne
1721 5590 2034 5650 cremando
2078 5607 2171 5648 res

2275 3275 2471 3347 giosos
2504 3276 2701 3349 plures
2747 3277 3113 3345 occubuisse,
3147 3277 3254 3350 qui
3305 3278 3500 3351 potius
3544 3278 3616 3334 ob
3654 3275 3864 3334 {retains

2277 3364 2582 3421 charitatis
2609 3382 2869 3422 amorem
2895 3366 3542 3441 cupiebantdecertare,
3559 3379 3716 3438 quam
3731 3376 3864 3436 prop-

2274 3457 2363 3510 ter
2391 3453 2652 3527 aliquam
2679 3453 2928 3528 gloriam
2955 3455 3146 3513 laudis
3175 3457 3529 3531 pompatice,
3557 3457 3672 3514 mat
3696 3451 3863 3524 ίῖυίΡΡθ

2277 3559 2346 3601 eo
2367 3547 2630 3616 tempore
2646 3544 2827 3601 frater
2845 3545 3143 3618 quispiam
3165 3545 3451 3607 Wlferius
3480 3536 3866 3609 nomine,dulcis

2277 3633 2599 3690 admodum
2622 3633 2907 3703 moribus,
2931 3651 3000 3691 ex
3021 3636 3466 3694 conuersatione
3495 3635 3553 3692 in
3581 3624 3870 3692 monasterio

2279 3721 2698 3796 Reomagense,
2713 3723 2872 3795 quod
2903 3727 2994 3780 est
3016 3723 3194 3782 situm
3223 3723 3291 3782 in
3303 3741 3456 3798 pago
3476 3720 3866 3792 Tamedereuﬁti

2277 3809 2370 3865 cui
2403 3814 2579 3883 etiam
2612 3811 2886 3884 apparuit
2905 3811 3000 3868 die
3021 3811 3280 3885 quadam
3303 3809 3740 3872 Dominicavisie
3762 3800 3872 3864 satis

2278 3898 2612 3956 oredulitati
2645 3901 2974 3958 commoda.
3005 3900 3359 3971 Nam,.dum
3403 3919 3508 3976 per
3554 3896 3873 3972 exme

2277 3987 2720 4046 matutinalium
2748 3987 2991 4046 laudum
3023 3989 3084 4046 in
3115 3991 3462 4062 supradicto
3487 3993 3738 4052 oraturus
3753 3980 3877 4054 ψίθ-

2280 4075 2464 4133 visset
2492 4077 2877 4147 monasterio,
2905 4077 3128 4136 ceteris
3174 4078 3464 4138 fratribus
3490 4077 3621 4136 inde
3659 4073 3873 4144 uliﬁm'
3980 4083 3987 4092 “

2276 4164 2469 4222 tulum
2500 4165 2572 4220 ad
2602 4182 2849 4238 pausam
2882 4165 3295 4234 redeuntibus,
3325 4167 3526 4225 subito
3562 4160 3794 4237 repletus
3809 4156 3879 4213 est

2275 4255 2461 4314 totius
2488 4253 2756 4328 ejusdem
2779 4253 3037 4314 ecclesiis
3055 4254 3324 4314 ambitus
3342 4257 3490 4315 viris
3505 4253 3712 4314 scilicet
3741 4241 3878 4304 πεδί’

2276 4344 2388 4402 bus
2409 4343 2562 4400 albis
2590 4342 2818 4402 indutis
2841 4360 2908 4402 ac
2934 4343 3442 4417 purpureis-statis
3469 4338 3879 4417 insignitis.q“0'

2276 4449 2408 4492 rum
2441 4432 2618 4490 etiam
2649 4432 3020 4492 continentia:
3048 4431 3308 4505 gravitas
3337 4432 3662 4506 plurimum
3679 4427 3742 4486 de
3764 4418 3878 4494 ipsis

2274 4519 2632 4578 instituebat
2648 4538 2749 4579 eos
2769 4523 3126 4579 cernentem.
3142 4521 3252 4587 Qui
3272 4538 3420 4580 vero
3451 4508 3878 4593 θος-ριδδωάθω

2275 4627 2510 4668 crucem
2539 4627 2719 4667 manu
2748 4613 3009 4684 gestans,
3024 4609 3373 4684 episcopum
3388 4625 3597 4668 sesese
3609 4603 3878 4664 multarum

2276 4699 2506 4757 dicebat
2537 4699 2818 4773 plebium,
2839 4699 3045 4772 ibique
3074 4699 3170 4756 die
3219 4699 3352 4772 ipso
3403 4715 3566 4756 sacra
3611 4693 3877 4754 missurum

2275 4788 2566 4848 celebrare
2595 4806 2667 4846 se
2697 4792 2963 4863 oportere
3005 4787 3370 4861 perhibebat.
3406 4785 3702 4846 Referebat
3739 4774 3878 4838 etiam

2273 4881 2394 4936 tam
2421 4879 2741 4952 ipsequam
2762 4877 2955 4938 caeteri
2971 4893 3037 4934 se
3065 4875 3229 4938 illius
3255 4877 3464 4935 noctis
3483 4890 3614 4938 cum
3641 4864 3877 4934 {retribui

2272 4967 2541 5039 ejusdem
2565 4966 2909 5030 modesterii
2935 4964 3317 5024 matutinales
3347 4964 3689 5034 interfuisse
3705 4953 3878 5039 sum:

2275 5035 2735 5114 neaAiferebant
2754 5057 2997 5129 insuper
3016 5055 3248 5128 optimae
3267 5053 3465 5113 laudis
3484 5035 3876 5138 ofﬁcimygﬂfd

2275 5145 2585 5202 audierant
2603 5143 2701 5221 illi
2730 5144 2844 5201 diei
2874 5143 3370 5217 congruere-.Eret
3396 5147 3592 5202 autem
3617 5130 3878 5221 Domini“

2261 5234 2401 5292 dies
2432 5220 2634 5291 octava
2659 5233 3048 5301 Pentecostes,
3069 5231 3129 5292 in
3160 5249 3300 5305 qua,
3323 5237 3564 5306 propter.
3595 5220 3776 5301 gaudii
3791 5230 3877 5272 ex-

2276 5322 2592 5396 pletionem
2649 5321 3114 5380 Resurrectionis
3171 5321 3515 5390 Dominicaa,
3543 5313 3875 5391 ejusdemque

2275 5411 2741 5478 Ascensionis,et-
2754 5411 3037 5468 adventus
3050 5411 3310 5484 Spiritus
3324 5409 3532 5476 sancti,
3551 5407 3606 5466 in
3627 5398 3876 5476 plerisque

2277 5500 2642 5559 diversarum
2673 5501 2976 5574 regionum
3000 5499 3146 5559 locis
3168 5515 3295 5558 mes
3311 5503 3406 5558 est
3425 5494 3876 5576 ρεῶενθτθεροηζ

2279 5591 2658 5662 seria,verbis
2673 5589 2846 5649 valde
2866 5589 3300 5654 honestissimis
3319 5583 3716 5661 compositam
3740 5580 3874 5634 sum
