4036 6172
248 313 354 391 Si!

1119 319 1674 386 HISTORIARUM
1717 323 1927 384 LIBRI
1971 321 2346 396 QUINQUE.
2391 354 2471 369 —
2509 322 2659 384 LIB.
2709 323 2788 384 Il.

3541 287 3660 384 eis

251 457 563 518 sonorltate
586 457 814 527 referta,
837 459 915 526 et,
936 459 1000 512 ut
1024 473 1190 513 mens
1211 454 1362 512 valet
1385 455 1901 524 humana,Deificae
1930 456 1987 525 Α
2017 455 2278 530 catisque
2309 455 2531 513 caeteris
2563 455 2864 524 fratribus,
2889 455 3214 514 secundum
3248 470 3470 510 morem
3502 454 3554 510 ei
3585 453 3673 511 vi-

249 547 515 606 Trinitati
549 546 859 620 condigna.
893 545 1076 621 Coepit
1105 544 1326 601 interea
1369 545 1470 618 qui
1509 549 1754 619 praeerat
1783 545 1904 619 epi-

249 639 669 712 scopus,super
688 635 870 692 altare
891 635 1078 692 sancti
1102 633 1357 691 Madritii
1390 634 1664 709 martyris
1695 633 1905 691 missa-

248 745 376 784 rum
413 725 722 793 solemnia,
755 725 1019 797 ejusdem
1066 723 1368 780 Trinitatis
1399 723 1782 796 antiphonam
1815 723 1906 780 in-

244 820 477 884 tonans,
495 813 809 872 celebrare.
828 813 1068 869 Interim
1099 830 1234 868 vero
1255 817 1668 886 percunctatus
1698 817 1788 870 est
1811 831 1906 869 su-

244 904 548 978 pradictus
599 902 797 975 frater,
830 903 952 975 qui,
986 905 1090 958 aut
1136 901 1290 958 unde
1333 905 1550 971 essent,
1585 919 1688 976 pro
1721 917 1904 976 quave

245 1009 426 1050 causa
457 992 600 1050 illuc
631 991 1022 1048 devenissent.
1047 990 1149 1047 Cui
1180 989 1324 1047 satis
1348 989 1557 1046 leniter
1586 990 1701 1047 tale
1730 991 1903 1047 dede-

245 1085 382 1140 runt
413 1098 769 1156 responsum
806 1099 818 1138 :
853 1104 881 1131 ‹‹
915 1080 1366 1148 Professionem,
1397 1079 1692 1152 inquiunt,
1741 1079 1906 1136 Chri-

242 1169 567 1228 stianitatis
594 1173 920 1245 gestamus,
954 1169 1056 1226 sed
1087 1169 1158 1225 ob
1190 1168 1433 1226 tutelam
1465 1168 1662 1242 patriae
1695 1169 1904 1226 Catho-

241 1261 486 1334 licaque
518 1259 706 1333 plebis
752 1259 1172 1327 defensionem,
1224 1258 1457 1334 gladius
1507 1275 1615 1315 nos
1663 1258 1721 1314 in
1752 1259 1904 1316 bello

236 1351 703 1408 Sarracenorum
737 1348 1030 1421 separavit
1056 1346 1128 1402 ab
1159 1347 1552 1404 humanorum
1595 1363 1903 1419 corporum

233 1437 628 1494 habitatione.
649 1435 868 1492 Idcirco
899 1453 1006 1492 nos
1033 1451 1239 1492 omnes
1271 1436 1489 1508 pariter
1517 1436 1716 1492 divina
1744 1453 1906 1491 voca-

229 1528 311 1582 tio
344 1543 512 1582 nunc
543 1524 822 1582 transfert
844 1524 903 1580 in
937 1529 1153 1581 sortem
1175 1523 1502 1580 beatorum.
1525 1522 1634 1581 Sed
1653 1524 1782 1580 ideo
1804 1541 1906 1598 per

226 1617 388 1673 hanc
423 1614 788 1690 provinciam
820 1614 991 1670 nobis
1014 1612 1296 1688 contingit
1317 1612 1531 1670 habere
1564 1613 1902 1684 transitum,

228 1705 530 1778 quoniam
550 1703 753 1780 plures
775 1720 844 1760 ex
871 1702 979 1759 hac
1002 1703 1237 1778 regione
1261 1701 1414 1758 infra
1436 1706 1603 1759 breve
1623 1702 1906 1777 temporis

227 1795 506 1869 spatium
562 1796 762 1850 nostro
811 1798 952 1848 sunt
982 1790 1233 1848 addendi
1265 1790 1528 1865 collegio.
1566 1815 1593 1841 ››
1624 1791 1907 1847 Praeterea

228 1887 284 1941 is
316 1883 429 1957 qui
463 1881 785 1940 missarum
824 1881 1092 1955 explebat
1135 1879 1420 1949 officium,
1454 1879 1620 1937 ﬁnita
1649 1881 1910 1938 oratione

228 1971 577 2040 Dominica,
607 1987 814 2044 pacem
858 1969 1134 2026 omnibus
1181 1968 1351 2036 dans,
1385 1969 1549 2026 misit
1594 1987 1780 2024 unum
1809 1969 1909 2042 qui

229 2061 352 2135 ipsi
388 2058 560 2117 fratri
594 2059 757 2133 pacis
801 2057 1067 2118 osculum
1117 2060 1300 2115 daret.
1355 2059 1461 2124 Qui
1493 2075 1626 2114 cum
1659 2059 1907 2126 fecisset,

227 2149 442 2207 innuit
472 2151 653 2206 etiam
686 2148 738 2204 ei
769 2152 836 2205 ut
881 2148 1048 2204 illum
1099 2153 1462 2222 sequeretur.
1498 2147 1598 2204 His
1651 2148 1731 2203 ita
1774 2165 1910 2203 con-

229 2239 489 2313 spectis,
529 2255 663 2295 cum
695 2237 865 2302 vellet
894 2255 992 2295 eos
1026 2237 1215 2311 sequi,
1266 2238 1701 2310 disparuerunt.
1739 2236 1912 2293 Intel-

229 2329 383 2384 lexit
417 2344 658 2402 quoque
689 2326 844 2382 idem
895 2327 1072 2383 frater
1104 2343 1166 2382 se
1198 2327 1254 2381 in
1305 2325 1463 2382 brevi
1496 2325 1685 2400 Spatia
1726 2325 1911 2382 exitu-

225 2436 380 2474 rum
415 2436 447 2472 a
481 2416 735 2485 saeculo;
772 2416 922 2489 quod
956 2416 1132 2472 etiam
1166 2416 1249 2472 sic
1281 2414 1524 2488 contigit
1574 2414 1716 2471 fieri.
1766 2414 1912 2471 Nam

235 2523 455 2564 mense
483 2505 713 2580 quinto,
739 2505 795 2561 id
827 2510 916 2561 est
944 2504 1268 2574 Decembri,
1291 2510 1603 2578 postquam
1636 2504 1753 2559 lizec
1785 2521 1914 2577 qua:

232 2597 511 2653 diximus
540 2596 783 2665 viderat,
805 2594 894 2651 sui
919 2594 1148 2652 abbatis
1172 2594 1417 2668 imperio
1448 2593 1699 2667 perrexit
1727 2594 1918 2649 Antis-

235 2685 556 2742 siodorum
577 2684 765 2758 gratia
779 2683 1105 2740 medicandi
1126 2682 1455 2756 aliquorum
1477 2684 1536 2738 in
1560 2682 1916 2758 monasterio

236 2775 402 2831 beati
425 2773 794 2831 Confessoris
817 2771 1028 2828 Christi
1053 2770 1324 2829 Germani
1349 2771 1785 2828 infirmantium
1811 2772 1922 2828 fra-

239 2870 432 2920 trum.
458 2862 597 2920 Erat
626 2862 782 2920 enim
817 2860 1118 2918 medicinae
1149 2860 1291 2918 artis
1324 2860 1538 2917 studiis
1569 2861 1920 2935 instructus.

246 2954 358 3020 Qui
384 2953 631 3010 veniens
662 2950 803 3008 illuc
829 2952 1002 3024 ccepit
1025 2967 1399 3007 commonere
1423 2949 1553 3007 illos
1582 2951 1790 3007 fratres
1816 2968 1923 3023 pro

254 3059 517 3115 quorum
540 3058 718 3098 causa
739 3041 1141 3109 advenerat,ut
1161 3057 1340 3114 quam
1365 3038 1536 3096 citius
1559 3055 1685 3112 quae
1707 3057 1811 3113 pro
1831 3057 1923 3096 sa-

245 3131 374 3188 lute
404 3131 644 3188 illorum
678 3130 902 3204 agenda
931 3133 1100 3186 erant
1120 3145 1383 3186 exercere
1405 3129 1925 3202 curarent.Cogno-

2016 543 2350 601 sitationem
2387 546 2666 602 fecerunt.
2701 543 2897 600 Tertia
2928 560 3181 617 namque
3207 543 3300 600 die
3327 543 3673 616 peracta,in-

2014 632 2264 707 cipiente
2297 637 2466 689 nocte
2497 632 2772 706 migravit
2793 650 2826 688 a
2847 649 3105 706 corpore.
3141 635 3322 702 Quem
3356 633 3499 690 dum
3524 649 3674 688 cun-

2015 722 2091 777 cti
2123 721 2332 779 fratres
2363 741 2432 779 ex
2460 739 2619 778 more
2667 721 2903 778 abluere
2953 739 3017 778 ac
3067 721 3279 795 pannis
3325 738 3674 796 componere

2012 815 2308 883 pararent,
2343 810 2627 885 signaque
2657 807 2998 867 monasterii
3035 809 3305 866 universa
3345 809 3671 884 pulsarent,

2016 901 2256 972 quidam
2290 899 2495 969 laicus,
2531 900 2631 956 sed
2687 899 3019 972 religiosus,
3053 901 3224 972 juxta
3269 915 3672 967 commanens,

2013 989 2292 1062 ignorans
2316 990 2544 1046 obitum
2565 989 2779 1055 fratris,
2794 989 3208 1061 zestimansque
3225 990 3297 1046 ob
3316 988 3677 1045 nuntiandos

2015 1078 2339 1134 matutinos
2371 1077 2540 1152 signa
2571 1077 2813 1151 pulsari,
2833 1078 3174 1151 exsurrexit,
3192 1082 3256 1133 ut
3288 1075 3680 1150 solebat,per-

2012 1184 2147 1240 gere
2179 1169 2252 1224 ad
2305 1167 2632 1224 ecclesiam.
2667 1168 2774 1236 Qui
2828 1186 2962 1224 cum
3009 1168 3267 1224 venisset
3315 1168 3388 1224 ad
3437 1171 3677 1241 pontem

2014 1257 2329 1329 quemdam
2359 1256 2642 1330 ligneum,
2677 1256 2777 1331 qui
2809 1257 2924 1312 fere
2953 1255 3012 1312 in
3047 1257 3236 1330 medio
3287 1260 3412 1312 erat
3443 1246 3673 1324 itinere,

2015 1346 2328 1401 audierunt
2356 1345 2555 1420 plures
2576 1363 2644 1402 ex
2671 1346 2879 1402 vicinis
2900 1363 3066 1402 voces
3089 1345 3379 1418 quasdam
3401 1362 3469 1401 ex
3493 1344 3675 1400 latere

2016 1434 2355 1492 monasterii
2390 1433 2823 1507 proclamantes
2851 1433 3194 1510 hujusmodi
3221 1453 3232 1490 :
3261 1457 3288 1485 «
3311 1433 3680 1502 Extrahe,ex-

2012 1523 2201 1592 trahe,
2237 1530 2293 1580 et
2326 1524 2476 1580 educ
2510 1523 2581 1580 ad
2635 1541 2742 1580 nos
2795 1523 2961 1579 illum
2994 1525 3365 1596 quantocius.
3402 1545 3422 1572 ι
3458 1520 3681 1588 Quibus

2013 1605 2189 1668 etiam
2217 1613 2454 1668 vocibus
2477 1611 2591 1668 tale
2615 1629 2964 1686 responsum
2986 1616 3076 1668 est
3098 1612 3392 1668 redditum
3421 1629 3438 1687 :_
3459 1633 3486 1660 «
3511 1609 3703 1680 Hunc.

2013 1701 2251 1756 interim
2284 1718 2399 1756 non
2420 1717 2589 1772 queo,
2618 1699 2796 1757 alium
2822 1706 3019 1756 tamen
3045 1701 3294 1758 educam
3327 1699 3375 1756 si
3408 1703 3630 1774 potero.
3653 1720 3681 1748 »

2014 1789 2225 1846 Statim
2254 1807 2387 1846 vero
2420 1788 2518 1844 ille
2549 1790 2650 1862 qui
2699 1790 2770 1845 ad
2823 1789 3130 1849 ecclesiam
3163 1789 3463 1864 pergebat,
3496 1787 3681 1844 cernit

2017 1884 2150 1935 ante
2179 1894 2240 1935 se
2272 1895 2448 1952 super
2476 1884 2715 1952 pontem
2755 1878 2928 1951 quasi
2961 1896 3142 1935 unum
3178 1878 3502 1936 vicinorum
3535 1893 3676 1933 suo-

2019 1983 2378 2036 rum,revera
2403 1984 2538 2040 ergo
2561 1966 2883 2036 diabolum,
2911 1973 3112 2024 contra
3135 1984 3195 2023 se
3213 1966 3542 2022 venientem
3565 1984 3580 2036 ;
3614 1965 3684 2021 de

2020 2074 2137 2129 quo
2169 2057 2344 2113 etiam
2376 2055 2644 2112 dubitare
2675 2073 2790 2112 non
2822 2060 3040 2129 posset.
3063 2056 3212 2123 Quin
3238 2055 3412 2112 etiam
3446 2055 3683 2111 nomine

2021 2145 2256 2218 proprio
2286 2145 2452 2200 illum
2487 2162 2722 2213 vocans,
2758 2146 2990 2201 monuit
3025 2148 3088 2202 ut
3118 2144 3353 2218 provide
3383 2143 3681 2201 transiret.

2022 2233 2181 2290 Illico
2215 2239 2409 2290 autem
2460 2234 2759 2306 malignus
2808 2233 3052 2306 spiritus
3083 2233 3371 2307 turrigera
3403 2231 3594 2305 specie
3624 2231 3683 2286 in

2023 2323 2208 2379 altum
2243 2339 2304 2378 se
2354 2323 2609 2396 erigens,
2642 2322 3001 2396 cupiensque
3048 2321 3312 2394 decipere
3361 2319 3682 2390 hominem,

2023 2412 2153 2483 ejus
2200 2410 2466 2467 fallacem
2519 2428 2797 2485 pompam
2844 2411 3070 2468 visibus
3102 2415 3464 2484 sequentem.
3499 2409 3686 2475 Quam

2025 2506 2222 2557 tamen
2252 2502 2394 2556 dum
2425 2500 2732 2573 aspiceret,
2767 2502 2896 2573 ejus
2944 2518 3046 2574 pes
3087 2499 3312 2572 lapsus,
3345 2499 3598 2574 graviter
3627 2497 3688 2554 in

2024 2595 2199 2662 ponte
2225 2589 2464 2646 corruit.
2491 2589 2597 2655 Qui
2627 2590 2912 2645 citissime
2943 2607 3004 2645 se
3035 2589 3688 2661 erigens,muniensque

2027 2695 2089 2734 se
2119 2678 2288 2751 signo
2319 2677 2531 2746 crucis,
2560 2678 2794 2750 cognita
2824 2677 3068 2750 maligni
3102 2676 3321 2732 diaboli
3351 2676 3576 2743 fraude,
3606 2693 3688 2732 re-

2026 2783 2266 2840 gressus
2312 2767 2554 2822 domum
2604 2766 2830 2822 cautior
2872 2772 2960 2822 est
3008 2766 3311 2834 redditus;
3344 2763 3518 2840 paulo
3551 2768 3687 2838 post

2029 2872 2239 2928 nempe
2270 2860 2328 2912 et
2357 2857 2480 2929 ipse
2513 2856 2570 2910 in
2598 2872 2739 2928 pace
2770 2855 2933 2912 obiit.

2688 2941 2918 3000 CAPUT
2958 2943 3024 2999 X.

2479 3037 2561 3090 De
2592 3033 2930 3090 inundantia
2961 3032 3229 3104 lapidum.

2103 3123 2209 3178 Per
2240 3121 2392 3177 idem
2424 3125 2658 3194 tempus
2690 3121 2934 3194 contigit
2963 3121 3021 3177 in
3045 3120 3387 3196 Burgundia
3413 3121 3568 3194 apud
3599 3138 3688 3178 ca-

249 3225 413 3276 verat
442 3219 604 3276 enim
638 3200 855 3276 exi-tum
889 3235 1065 3275 suum
1097 3217 1426 3290 proximum
1461 3217 1602 3273 fore.
1635 3216 1738 3272 Cui
1775 3200 1914 3273 dum
1949 3200 1996 3267 (ἶ
2032 3211 2632 3268 strumJaunniacum
2654 3209 2819 3267 valde
2842 3211 3057 3266 mirum
3077 3215 3134 3268 et
3152 3210 3529 3267 memorabile
3549 3228 3689 3284 pra:-

252 3309 711 3382 responderent:
734 3332 761 3359 u
787 3307 975 3375 Quieli
999 3306 1236 3380 indulge
1252 3308 1376 3379 jam
1403 3306 1575 3362 hodie
1592 3324 1696 3378 pro
1719 3305 1921 3380 fatiga-

252 3398 408 3455 tione
437 3397 692 3467 itineris,
726 3401 792 3454 ut
821 3396 945 3454 dies
978 3395 1233 3452 crastina
1265 3401 1320 3452 te
1350 3393 1726 3452 valentiorem
1759 3395 1922 3452 inve-

254 3485 399 3543 niat.
419 3511 449 3536 »
467 3489 542 3543 At
565 3487 690 3560 ipse
713 3484 826 3543 ait:
849 3510 876 3535 «
904 3485 960 3543 Si
987 3484 1474 3557 hodie,quantum
1499 3489 1788 3558 superest,
1805 3502 1921 3541 non

255 3574 577 3650 explevere,
598 3578 774 3650 prout
794 3573 1104 3646 valeo,jam
1130 3573 1223 3632 die
1245 3575 1503 3630 crastina
1528 3573 1806 3630 noveritis
1829 3591 1922 3631 me

264 3681 329 3721 ex
370 3664 465 3721 his
515 3664 662 3721 nihil
710 3670 1062 3721 acturum.»
1098 3664 1204 3731 Qui
1255 3662 1456 3720 ludere
1514 3663 1680 3720 illum
1723 3663 1922 3720 existi-

260 3759 585 3825 mantes,ut
607 3759 730 3810 erat
751 3771 982 3827 semper
1003 3751 1178 3809 alacri
1213 3758 1408 3808 mente
1442 3751 1730 3826 placidus,
1765 3752 1919 3826 quod

263 3849 568 3900 monuerat
599 3844 942 3900 omiserunt.
969 3842 1070 3898 Die
1093 3846 1289 3898 autem
1321 3841 1502 3898 altera
1526 3841 1918 3909 illucescente,

265 3937 589 4004 praeventus
633 3933 750 3989 acri
801 3931 996 3988 dolore
1047 3931 1314 3998 accessit,
1347 3935 1522 4004 prout
1572 3934 1816 4004 poterat,
1849 3931 1920 3986 ad

267 4021 440 4078 altare
457 4024 645 4078 beata)
668 4020 863 4078 Maria)
885 4037 1116 4094 semper
1143 4021 1192 4076 vi
1203 4020 1580 4093 rginis,sacra
1605 4020 1921 4076 missarum

269 4110 687 4167 celebraturus.
720 4111 944 4174 Quibus
974 4110 1245 4182 peractis,
1301 4110 1539 4166 recessit
1577 4110 1647 4165 ad
1681 4111 1922 4166 domum

273 4197 635 4257 infirmorum
658 4201 925 4267 fratrum,
941 4200 1187 4271 jamque
1206 4198 1457 4254 nimium
1476 4197 1739 4267 dolentes
1757 4202 1923 4255 artus

271 4289 592 4363 composuit
613 4289 785 4347 lecto.
807 4288 934 4357 Cui,
953 4293 1018 4344 ut
1043 4287 1259 4344 talibus
1283 4288 1405 4343 fieri
1428 4287 1594 4356 solet,
1628 4292 1925 4361 coeperunt

272 4377 548 4452 palpebra:
573 4395 850 4436 somnum
875 4393 1132 4450 quaerere
1158 4376 1309 4432 inter
1331 4377 1652 4450 angustias.
1669 4377 1924 4449 Repente

273 4483 395 4524 vero
425 4469 612 4525 astitit
642 4469 696 4525 ei
727 4467 889 4541 virgo
933 4466 1584 4540 splendida,coruscans
1635 4466 1924 4522 immenso

273 4556 509 4630 fulgore,
543 4556 1031 4630 interrogansque
1063 4554 1231 4611 illum
1264 4572 1443 4628 quam
1475 4553 1691 4611 mentis
1721 4553 1924 4610 dubie-
1955 4575 2003 4640 Β

274 4649 443 4703 tatem
474 4646 737 4704 haberet.
773 4646 959 4710 Quam
992 4662 1125 4701 cum
1161 4643 1285 4717 ipse
1312 4644 1562 4701 intuitus
1594 4643 1926 4711 fuisset,ad-

268 4734 398 4805 jecit
421 4754 435 4792 :
460 4760 490 4786 ‹‹
542 4736 602 4792 Si
645 4736 716 4792 de
756 4734 963 4805 itinere
995 4734 1352 4801 metuis,non
1387 4749 1623 4790 necesse
1653 4738 1742 4790 est
1771 4733 1927 4788 enim

274 4799 330 4878 ut
366 4841 600 4897 paveas,
635 4799 940 4898 quoniam,
949 4839 1054 4897 ego
1085 4822 1191 4878 tibi
1216 4799 1423 4879 custos
1451 4822 1747 4879 exstitere.
1782 4845 1811 4875 »
1844 4824 1928 4879 Ex

273 4927 376 4984 qua
402 4914 629 4970 visione
661 4913 924 4970 securior
952 4913 1213 4981 effectus,
1235 4913 1304 4968 ad
1330 4928 1390 4968 se
1411 4911 1606 4968 venire
1637 4912 1927 4970 mandans

272 4999 367 5058 loci
398 5002 784 5076 prapositum
816 5001 1054 5058 nomine
1083 4999 1926 5068 Achardum,eruditissimum

271 5089 423 5147 valde
452 5090 670 5158 virum,
703 5091 803 5164 qui
838 5094 1044 5163 postea
1075 5089 1339 5161 ejusdem
1372 5086 1712 5144 monasterii
1744 5088 1926 5145 abbas

271 5179 770 5248 exstitit,narravit
800 5179 852 5236 ei
885 5196 1006 5236 non
1039 5178 1230 5234 solum
1254 5178 1730 5251 praesentem,sed
1751 5178 1927 5234 etiam

272 5269 617 5341 praeteri-tam
649 5267 935 5325 visionem
957 5285 1036 5324 ex
1065 5267 1289 5324 ordine.
1313 5267 1419 5334 Qui
1448 5265 1593 5323 dixit
1622 5266 1694 5323 ei.
1720 5289 1746 5317 «
1783 5267 1928 5324 Con-

273 5357 496 5424 fortare,
525 5360 731 5426 frater,
766 5357 826 5413 in
857 5357 1130 5414 Domino.
1163 5357 1273 5413 Sed
1307 5355 1593 5429 quoniam
1625 5372 1694 5412 ea
1734 5356 1931 5416 vidisti

273 5461 384 5518 qua
413 5465 546 5504 raro
569 5447 835 5503 humano
858 5444 1007 5503 visui
1041 5445 1465 5511 conceduntur,
1487 5460 1724 5501 necesse
1746 5442 1929 5502 habes

271 5538 585 5609 persolvere
638 5535 919 5592 universa:
970 5535 1164 5592 carnis
1213 5534 1500 5606 debitum,
1535 5539 1599 5589 ut
1629 5534 1688 5589 in
1724 5551 1923 5591 eorum

273 5643 405 5719 quos
434 5625 871 5703 vidisti,possis
900 5624 1216 5683 admisceri
1249 5623 1628 5683 consortium.
1660 5644 1690 5674 »
1716 5621 1930 5683 Convo-

2032 3300 2262 3373 sagium
2277 3300 2336 3355 in
2349 3300 2522 3355 domo
2537 3300 2846 3372 cujusdam
2861 3297 3685 3368 nobilis,nomineArlebaudi.

2032 3389 2177 3445 Nam
2210 3405 2313 3462 per
2360 3387 2675 3446 triennium
2727 3389 2844 3445 fere
2887 3389 3161 3446 continue
3205 3406 3308 3463 per
3354 3388 3690 3446 universam

2032 3479 2192 3534 illius
2223 3480 2465 3534 domum
2495 3477 2872 3534 indicibiliter
2902 3477 2988 3533 vel
3020 3478 3092 3535 ab
3125 3495 3275 3547 aere,
3307 3476 3426 3534 sive
3455 3494 3491 3536 a
3519 3477 3691 3533 tabu-

2033 3567 2176 3635 latu,
2210 3567 2560 3624 distillavere
2595 3568 2790 3641 magni
2839 3571 3015 3640 atque
3045 3568 3204 3644 parvi
3238 3566 3484 3642 lapides,
3514 3567 3596 3624 ita
3628 3572 3693 3631 ut

2029 3675 2264 3715 acervos
2282 3657 2434 3714 circa
2450 3658 2693 3714 domum
2712 3673 2779 3713 ex
2795 3655 2942 3730 ipsis
2959 3657 3158 3729 ejectis
3181 3656 3479 3731 lapidibus
3502 3673 3687 3730 usque

2032 3766 2188 3804 nunc
2218 3748 2278 3804 in
2309 3752 2588 3821 promptu
2619 3747 2695 3804 sit
2724 3746 2936 3803 videre.
2971 3747 3083 3802 Sed
3114 3763 3229 3804 cun
3269 3746 3361 3804 die
3391 3750 3687 3818 noctuque

2031 3855 2133 3911 per
2163 3838 2405 3894 domum
2438 3837 2654 3909 ubique
2682 3835 3299 3911 pluerent,.neminem
3349 3839 3544 3892 tamen
3579 3851 3687 3894 suo

2031 3927 2147 3984 ictu
2181 3927 2487 3995 ltedebant,
2522 3926 2624 3982 sed
2648 3942 2836 3997 neque
2866 3943 2968 3981 vas
2997 3924 3235 3997 aliquod
3269 3923 3688 3997 infringebant.

2032 4017 2198 4074 Multi
2227 4017 2384 4073 enim
2416 4016 2496 4071 ibi
2526 4014 2767 4081 limites,
2793 4031 2944 4086 quos
2974 4013 3074 4068 alii
3107 4015 3313 4070 bonon
3360 4013 3688 4084 nominant,

2033 4123 2276 4163 suorum
2309 4120 2692 4178 recognovere
2724 4119 3020 4176 agrorum.
3055 4101 3246 4180 Simul
3278 4101 3453 4157 etiam
3485 4101 3555 4156 de
3585 4101 3692 4158 viis

2033 4201 2089 4254 et
2119 4194 2393 4252 domibus
2425 4209 2488 4249 ac
2535 4191 2780 4248 diversis
2829 4189 3112 4263 aediﬁciis,
3139 4194 3196 4246 et
3225 4205 3405 4262 prepe
3437 4193 3495 4244 et
3521 4188 3693 4262 longe

2033 4282 2386 4348 constitutis,
2420 4280 2558 4336 illuc
2609 4280 2781 4336 delati
2825 4279 3039 4353 reperti
3083 4283 3223 4335 sunt
3251 4277 3494 4350 lapides.
3529 4277 3692 4343 Quod

2031 4374 2209 4430 etiam
2236 4373 2442 4428 futura:
2472 4369 2656 4443 pestis
2691 4367 2850 4424 illius
2881 4368 3092 4423 domus
3123 4366 3356 4424 familiae
3388 4367 3571 4422 fuisse
3603 4365 3691 4421 in-

2034 4463 2254 4519 dicium
2273 4461 2352 4516 rei
2371 4458 2640 4534 probavit
2656 4457 3072 4514 eventus.Nam
3089 4456 3389 4513 exstiterat
3407 4457 3494 4512 vir
3516 4472 3696 4528 supra

2033 4553 2226 4608 dictus
2265 4567 2403 4606 cum
2436 4565 2612 4605 uxore
2643 4565 2754 4604 sua
2784 4547 2854 4603 de
2884 4546 3186 4620 generosis
3237 4546 3555 4603 admodum
3590 4561 3690 4618 pa-

2033 4641 2319 4700 rentibus.
2337 4637 2561 4695 Idcirco
2592 4637 2956 4694 increverant
2977 4636 3106 4709 ejus
3138 4633 3276 4694 ﬁliis
3297 4652 3361 4692 ac
3383 4633 3693 4708 nepotibus

2036 4735 2414 4803 paternorum
2435 4727 2748 4784 fundorum
2773 4743 2906 4785 cum
2930 4725 3324 4797 circumjectis
3349 4725 3556 4780 vicinis
3578 4740 3692 4780 non

2035 4836 2214 4894 parva
2242 4817 2451 4891 litigia.
2501 4815 2758 4888 Contigit
2795 4831 2953 4888 ergo,
2987 4831 3106 4870 non
3137 4813 3310 4886 longo
3342 4817 3475 4886 post
3505 4813 3694 4885 spatio

2034 4906 2342 4982 temporis,
2374 4910 2441 4966 ut
2469 4903 2665 4966 villam
2699 4904 3017 4978 quamdam
3046 4901 3278 4959 Allanto
3327 4900 3696 4975 cognomine,

2036 4998 2212 5056 sitam
2245 4997 2305 5054 in
2338 5010 2487 5070 pago
2526 4992 2833 5063 Senonico,
2883 5009 3009 5066 qua
3059 4991 3238 5050 etiam
3287 5007 3356 5047 ex
3400 4995 3694 5047 rectorum

2035 5086 2376 5144 monasterii
2405 5089 2618 5144 sanctae
2649 5082 2946 5142 Columba
2961 5079 3216 5154 virginis
3243 5079 3550 5153 largitione
3572 5079 3694 5152 juri

2035 5176 2268 5232 illorum
2287 5177 2625 5247 pervenerat
2645 5190 2657 5241 ;
2679 5173 2782 5228 sed
2804 5170 3020 5228 milites
3042 5169 3428 5226 Antissiodori
3445 5186 3696 5226 comma-

2033 5271 2242 5323 nentes
2273 5265 2461 5336 ipsam
2493 5262 2576 5318 eis
2608 5261 2936 5340 diripienda
2958 5258 3341 5330 abstulerant,
3359 5259 3472 5333 ipsi
3496 5264 3695 5316 tamen

2036 5360 2158 5412 toto
2180 5353 2313 5410 nisu
2333 5351 2496 5408 illam
2520 5351 2631 5406 sibi
2656 5349 3039 5423 redintegrari
3069 5353 3364 5424 pararent.
3388 5348 3531 5406 Cum
3563 5364 3697 5405 vero

2028 5445 2157 5518 jam
2189 5441 2386 5516 plures
2434 5441 2504 5496 de
2548 5439 2658 5496 hac
2709 5439 3051 5496 altercatum
3102 5455 3289 5498 annos
3319 5437 3546 5506 fuisset,
3580 5453 3697 5496 uno

2035 5532 2464 5590 vindemiarum
2484 5530 2575 5584 die
2593 5528 2812 5585 bellum
2835 5528 3095 5585 inierunt
3111 5529 3171 5585 in
3190 5529 3391 5586 eadem
3414 5526 3553 5584 villa
3570 5542 3699 5599 par-

2036 5626 2124 5682 tes
2155 5625 2450 5697 utraque;
2483 5618 2541 5675 in
2577 5634 2693 5695 quo
2721 5617 2900 5678 etiam
2930 5617 3082 5678 bello
3112 5616 3284 5676 multi
3313 5632 3382 5676 ex
3411 5615 3699 5674 ambabus
