4036 6172
451 249 568 311 64'}

1449 248 1797 312 RODULFI
1845 199 2126 312 GLAIBRI
2173 248 2529 313 MONACHI
2577 248 2938 313 CLUNIAC.

3673 261 3778 360 6.44,

453 383 717 456 partibus
748 386 887 438 sunt
938 381 1290 454 interempti.
1327 382 1406 437 Ex
1455 400 1635 454 supra
1676 383 1830 439 dicta
1868 399 2100 456 quoque
2128 383 2405 454 Ajussit.
2440 385 2619 448 Quem
2653 401 2790 439 cum
2839 385 3254 458 interrogasset
3295 387 3361 442 de
3400 388 3650 448 universis
3674 411 3776 466 qua-

449 473 624 527 doinu
657 473 804 528 inter
834 472 986 527 lilios
1015 475 1073 527 et
1096 475 1334 543 nepotes
1360 473 1630 526 undecim
1653 472 2007 528 ceciderunt.
2033 472 2097 527 In

452 578 724 632 processu
758 576 1012 632 namque
1040 559 1322 632 temporis
1352 560 1938 634 imminentejurgio,
1969 577 2097 617 cre-

450 651 865 725 scentibusque
920 649 1250 717 discordiis,
1283 649 1667 722 perduravere
1715 651 1899 706 caedes
1931 651 2102 706 innu-

447 756 619 795 mera:
649 737 807 793 illius
830 737 1085 805 familiae,
1105 737 1457 811 illorumque
1477 738 1794 796 homicidia
1813 739 2096 806 hostium,

2208 470 2426 527 dixisse
2457 471 2542 526 vel
2575 472 2782 528 fecisse
2813 477 3195 545 compererat,
3220 475 3384 546 coepit
3410 493 3659 534 venenum
3684 499 3779 539 sua

2208 559 2480 632 nequitiae
2514 561 2826 628 occultare,
2847 562 3227 634 cupiensque,
3247 565 3394 636 quod
3415 582 3518 620 non
3536 567 3781 643 didicerat,

2207 650 2280 706 de
2309 649 2630 723 Scripturis
2662 651 2846 706 sacris
2879 650 3218 706 testimonia
3246 651 3352 706 sibi
3387 669 3666 711 assumere.
3692 660 3781 714 Au-

2209 738 2379 794 diens
2409 756 2540 795 vero
2575 738 2996 812 sagacissimus
3025 740 3330 812 episcopus
3359 757 3467 796 non
3495 759 3607 799 esse
3628 761 3787 802 conve-

2210 828 2452 896 nientia,
2488 827 2607 884 imo
2639 845 2756 884 non
2789 828 2978 902 magis
3010 829 3205 902 turpia
3253 846 3420 902 quam
3466 831 3783 902 damnabilia,

2209 916 2523 973 ostendens
2540 917 2839 974 hominem
2856 917 3245 974 insanientem
3262 917 3574 975 haereticurn
3591 920 3785 991 factum,

2210 1003 2496 1060 revocavit
2524 1005 2596 1060 ab
2628 1005 2864 1062 insania
2911 1006 3193 1080 populum
3241 1023 3308 1062 ex
3337 1012 3488 1078 parte
3515 1008 3785 1080 deceptum,

2209 1091 2504 1149 catholicae
2540 1093 2772 1166 plenius
2803 1094 3060 1149 restituit
3088 1094 3242 1150 fidei.
3273 1098 3344 1152 At
3372 1094 3482 1162 ille,
3509 1113 3718 1153 cernens
3741 1114 3790 1156 se

2209 1181 2502 1238 devictum
2535 1185 2710 1254 atque
2741 1182 3059 1239 ambitione
3087 1177 3246 1257 vulgi
3277 1184 3619 1252 destitutum,
3642 1192 3788 1242 semet

2211 1274 2384 1341 puteo
2416 1270 2712 1343 periturus
2745 1271 3054 1328 immersit.

2835 1360 3068 1416 CAPUT
3105 1360 3222 1416 Xll.

2597 1451 2673 1505 De
2702 1449 2908 1508 hwrese
2936 1451 2994 1504 in
3035 1450 3200 1505 Itatia
3232 1457 3458 1521 reperta.

447 843 634 899 usque
665 826 724 881 in
757 827 1120 882 tricesimum
1152 832 1209 882 et
1238 845 1304 883 eo
1335 827 1593 901 amplius
1623 836 1869 884 annum.

1086 915 1319 972 CAPUT
1359 917 1450 972 XI.

759 1007 833 1061 De
865 1005 1131 1061 Leutardo
1163 1007 1476 1062 insuniente
1505 1006 1782 1062 haretico.

511 1095 746 1152 Exstitit
777 1095 930 1150 circa
953 1096 1130 1150 finem
1152 1093 1450 1150 millesimi
1473 1095 1610 1150 anni
1639 1096 1813 1150 homo
1837 1093 2099 1166 plebeius

440 1186 498 1241 in
538 1184 762 1249 Galliis,
797 1185 954 1255 apud
1000 1185 1192 1240 vicum
1224 1184 1472 1239 Virtutis
1522 1185 1823 1253 vocabulo,
1858 1184 1919 1239 in
1951 1201 2098 1256 pago

437 1272 837 1340 Catalaunico,
872 1273 1200 1328 Leutardus
1252 1273 1488 1329 nomine
1524 1291 1536 1328 :
1567 1273 1688 1344 qui,
1724 1279 1788 1328 ut
1835 1272 1970 1327 finis
2018 1277 2102 1333 rei

439 1363 726 1434 probavit,
759 1362 987 1417 Satanae
1018 1361 1246 1435 legatus
1277 1362 1431 1417 credi
1455 1362 1675 1434 "potuit.
1709 1363 1890 1432 Cujus
1923 1361 2099 1418 etiam

439 1451 687 1506 vesaniae
714 1449 1034 1522 pervicacia
1056 1449 1163 1504 hoc
1189 1449 1490 1505 ex'ordium
1516 1450 1744 1506 habuit.
1763 1451 2102 1507 MorabatLr

437 1539 595 1596 enim
628 1538 942 1610 aliquando
968 1543 1128 1594 solus
1158 1539 1214 1594 in
1241 1555 1378 1612 agro
1401 1538 1707 1611 quidpiam
1732 1539 1946 1596 ruralis
1968 1555 2104 1612 Ope-
2281 1537 2410 1610 Ipso
2432 1554 2664 1612 quoque
2689 1542 2950 1612 tempore
2981 1555 3096 1594 non
3124 1538 3317 1611 impar
3336 1540 3484 1611 apud
3513 1539 3792 1597 Ravennam

438 1629 519 1684 ris
549 1631 912 1699 peracturus.
947 1626 1054 1690 Qui
1087 1645 1155 1682 ex
1187 1627 1383 1683 labore
1414 1644 1621 1683 somno
1657 1627 1993 1700 depressus,
2013 1627 2098 1682 vi-
2207 1629 2470 1682 exortum
2489 1632 2578 1683 est
2594 1626 3088 1696 malum.Quidam
3113 1627 3295 1700 igitur
3313 1627 3606 1701 Vilgardus
3621 1629 3791 1700 dictus,

437 1733 569 1774 sum
601 1720 690 1772 est
715 1716 766 1772 ei
799 1721 866 1770 ut
894 1716 1114 1788 grande
1144 1733 1385 1771 examen
1419 1733 1595 1788 apum
1628 1717 1686 1771 in
1719 1718 1850 1788 ejus
1885 1734 2098 1790 corpus
2127 1759 2175 1825 Β
2208 1715 2402 1772 studio
2425 1716 2566 1772 artis
2597 1717 2991 1790 grammatica:
3023 1717 3213 1789 magis
3244 1716 3514 1790 assiduus
3538 1735 3690 1790 quam
3713 1719 3795 1774 fre-

489 1824 496 1825 ,
1579 1807 1602 1825 ,.
1834 1823 1876 1825 μ
2073 1824 2084 1825 ,
2213 1821 2390 1825 ______
2824 1822 2946 1825 μηξ
2985 1821 3210 1825 μημ-
3569 1805 3788 1825 ,φιτ-η

436 1805 1605 1879 persecretaingredereturnaturae,quod
1622 1807 1797 1861 etiam
1816 1806 2094 1878 perillius
2127 1805 2175 1825 "
2207 1821 2413 1876 quens,
2448 1805 2599 1860 sicut
2628 1805 2788 1860 Italis
2823 1822 2950 1860 mos
2980 1821 3212 1877 semper
3241 1806 3352 1860 fuit
3379 1810 3527 1862 artes
3555 1805 3794 1880 negligere

436 1913 501 1952 os
533 1895 715 1950 nimio
747 1911 880 1949 cum
913 1894 1160 1966 strepitu
1186 1911 1501 1966 erumpens
1524 1895 1742 1950 crebris
1764 1894 1929 1950 illum
1952 1913 2096 1967 pun—
2203 1897 2464 1963 caeteras,
2489 1893 2648 1948 illam
2672 1893 2900 1950 sectari.
2935 1893 2988 1948 Is
3018 1893 3174 1949 enim
3207 1911 3341 1949 cum
3372 1911 3438 1950 ex
3462 1895 3680 1950 scientia
3704 1911 3794 1950 sua

433 1985 727 2041 ctionibus
757 1984 1034 2056 agitabat,
1068 2001 1134 2038 ac
1165 1983 1263 2038 diu
1300 1982 1554 2039 multum
1588 1985 1804 2058 agitato
1835 1983 2092 2040 stimulis
2203 1983 2347 2038 artis
2379 1984 2668 2055 cmpisset,
2702 1983 2939 2038 inﬂatus
2969 1983 3266 2054 superbia,
3296 1982 3524 2039 stultior
3547 2000 3793 2056 apparere,

435 2073 592 2146 loqui
625 2074 673 2129 ei
706 2073 1145 2138 videbantur,et
1168 2071 1354 2128 multa
1374 2072 1680 2128 hominum
1706 2072 2094 2145 impossibilia
2201 2077 2459 2144 quadam
2488 2077 2655 2128 nocte
2687 2088 3061 2144 assumpsere
3082 2073 3379 2128 daemones
3402 2077 3678 2144 poetarum
3700 2089 3799 2146 spe-

433 2163 746 2236 prazcipere
776 2165 839 2215 ut
868 2161 1099 2216 faceret.
1133 2161 1391 2216 Tandem
1428 2161 1728 2233 fatigatus,
1768 2179 2091 2235 exsurgens

436 2252 595 2307 venit
614 2249 1317 2322 domum,dimittensque
1340 2252 1775 2322 uxorem,quasi
1797 2269 1864 2307 ex
1886 2268 2092 2322 praece-

432 2347 530 2413 pto
556 2339 896 2414 Evangelico
922 2339 1056 2394 fecit
1071 2339 1408 2395 divorttum.
1421 2340 1704 2411 Egressus
1721 2345 1916 2396 autem
1934 2341 2091 2396 velut

431 2435 724 2494 maturus,
746 2429 972 2484 intrans
997 2426 1325 2493 ecclesiam,
1345 2429 1749 2501 arripiensque
1769 2446 2001 2485 crucem
2033 2434 2089 2485 et

431 2517 748 2575 Salvatoris
774 2516 1094 2588 imaginem
1125 2516 1414 2572 contrivit.
1438 2516 1599 2580 Quod
1632 2522 1935 2573 cernentes
1963 2519 2086 2591 qui-

431 2625 542 2679 que
573 2606 758 2662 territi
803 2622 1031 2678 pavore,
1066 2605 1368 2660 credentes
1415 2605 1602 2674 illum,
1639 2611 1703 2662 ut
1750 2611 1895 2673 erat,
1928 2606 2086 2662 insa-

431 2713 572 2752 num
603 2696 743 2752 fore.
793 2695 1017 2760 Quibus
1062 2693 1238 2749 etiam
1270 2693 1395 2764 ipse
1426 2695 1738 2766 persuasit,
1767 2695 1918 2750 sicut
1947 2700 2088 2750 sunt

429 2785 633 2841 rustici
665 2791 859 2839 mente
889 2782 1116 2852 labiles,
1150 2781 1421 2839 universa
1450 2783 1572 2838 haec
1615 2787 1845 2856 patrare
1876 2800 1944 2839 ex
1975 2783 2083 2838 mi-

430 2873 600 2929 rabili
635 2873 733 2928 Dei
769 2872 1136 2928 revelatione.
1170 2872 1458 2926 Afiluebat
1480 2871 1657 2945 igitur
1688 2872 1938 2927 nimium
1970 2891 2086 2929 ser-

430 2963 704 3019 monibus
735 2961 984 3017 utilitate
1017 2965 1071 3017 et
1101 2961 1339 3016 veritate
1384 2961 1602 3028 vacuis,
1637 2961 1954 3034 doctorque
1982 2979 2082 3018 cu-

429 3052 594 3125 piens
617 3049 1606 3123 apparere,dedocebatmagistrum
1631 3050 2081 3107 doctrinm.Nam

2201 2160 2317 2216 cies
2347 2160 2572 2234 Virgilii
2599 2166 2656 2216 et
2680 2160 2898 2216 Horatii
2921 2165 3094 2232 atque
3124 2161 3450 2228 Juvenalis,
3481 2166 3798 2234 apparentes-

2201 2265 2314 2320 que
2345 2247 2452 2321 illi,
2467 2249 2699 2305 fallaces
2730 2248 3056 2304 retulerunt
3076 2255 3272 2322 grates
3307 2250 3576 2322 quoniam
3599 2267 3796 2306 suorum

2199 2337 2354 2393 dicta
2400 2336 2767 2393 voluminum
2826 2337 3062 2394 cbarius
3121 2336 3487 2411 amplectens
3540 2341 3797 2403 exerceret,

2197 2443 2375 2499 seque
2407 2425 2640 2482 illorum
2671 2427 3031 2499 posteritatis
3061 2426 3296 2483 felicem
3329 2443 3455 2484 esse
3492 2443 3801 2500 praeconem;

2196 2515 2594 2586 promiserunt
2614 2515 2664 2571 ei
2688 2515 2931 2587 insuper
2955 2533 3073 2572 suae
3105 2515 3310 2589 gloria:
3344 2516 3692 2588 postmodum
3712 2515 3804 2570 fore

2196 2604 2562 2676 participem.
2595 2604 2815 2676 Hisque
2845 2605 3177 2660 daemonum
3210 2604 3464 2661 fallaciis
3486 2605 3801 2678 depravatus,

2195 2693 2367 2764 coepit
2399 2693 2582 2749 multa
2612 2691 2842 2766 turgida
2889 2693 3096 2748 docere
3144 2691 3287 2749 ﬁdei
3339 2711 3512 2750 sacra:
3543 2692 3800 2755 contraria,

2194 2782 2469 2854 dictaque
2499 2786 2806 2854 poetarum
2828 2799 2931 2854 per
2950 2782 3151 2838 omnia
3169 2782 3469 2839 credenda
3488 2799 3607 2838 esse
3628 2797 3805 2838 assere-

2191 2870 2310 2926 bat.
2332 2871 2417 2926 Ad
2445 2869 2719 2926 ultimum
2741 2887 2875 2926 vero
2909 2870 3216 2926 haereticus
3247 2877 3348 2928 est
3379 2876 3644 2944 repertus,
3663 2875 3801 2941 atque

2192 2976 2227 3014 a
2246 2959 2517 3032 pontiﬁce
2535 2959 2721 3033 ipsius
2740 2959 2903 3016 urbis
2923 2959 3087 3015 Petro
3105 2961 3645 3018 damnatus.Plures
3662 2958 3801 3015 etiam

2193 3065 2296 3119 per
2308 3048 2535 3104 Italiam
2556 3053 2816 3122 tempore
2828 3049 2902 3104 hu
2903 3049 2928 3120 j
2940 3066 3007 3104 us
3024 3049 3294 3122 pestiferi
3311 3050 3596 3123 dogmatis
3613 3047 3800 3121 reperti,

427 3123 686 3195 decimas
706 3138 842 3193 dare
866 3137 1096 3193 dicebat
1116 3153 1243 3193 esse
1266 3137 1625 3193 omnimodis
1644 3139 2007 3210 superﬂuum
2031 3145 2086 3196 et
2117 3123 2160 3192 C
2200 3137 2419 3210 quique
2451 3136 2563 3210 ipsi
2595 3143 2697 3193 aut
2725 3137 2934 3210 gladiis
2965 3144 3065 3193 aut
3095 3138 3394 3195 incendiis
3428 3139 3713 3212 perierunt.
3744 3136 3804 3192 Ex

427 3227 618 3284 inane.
640 3229 726 3294 Et,
747 3225 902 3280 sicut
918 3225 1168 3281 hareses
1189 3229 1426 3294 caeteris,
1444 3231 1507 3281 ut
1525 3227 1751 3282 cautius
1769 3227 2080 3300 decipiant,

427 3315 742 3388 Scripturis
773 3332 835 3370 se
867 3314 1098 3382 divinis,
1137 3315 1352 3385 quibus
1382 3314 1557 3370 etiam
1589 3316 1889 3371 contraria:
1921 3323 2081 3385 sunt,

430 3404 691 3478 palliant,
728 3405 809 3458 ita
838 3409 894 3458 et
919 3403 1027 3458 iste
1059 3403 1289 3458 dicebat
1318 3403 1632 3475 prophetas
1659 3421 1727 3460 ex
1755 3409 1919 3477 parte
1949 3423 2081 3462 nar-

428 3510 588 3549 rasse
636 3492 824 3559 utilia,
857 3508 926 3547 ex
976 3495 1138 3564 parte
1188 3509 1302 3547 non
1335 3493 1646 3548 credenda.
1678 3493 1860 3566 Cujus
1905 3495 2082 3550 etiam

429 3583 603 3650 fama,
625 3581 797 3654 quasi
819 3580 1069 3652 alicujus
1093 3585 1285 3636 mente
1309 3581 1433 3636 sani
1458 3598 1524 3636 ac
1547 3581 1827 3654 religiosi,
1845 3583 1904 3638 in
1923 3583 2082 3640 brevi

429 3673 499 3727 ad
523 3688 584 3727 se
615 3670 788 3726 traxit
813 3675 1038 3743 partem
1065 3687 1180 3724 non
1207 3670 1498 3724 modicam
1531 3669 1708 3742 vulgi.
1733 3672 1895 3737 Quod
1923 3689 2082 3728 com-

429 3762 659 3833 periens
681 3759 767 3814 vir
782 3759 1222 3814 eruditissimus
1240 3757 1539 3813 Gebuinus
1557 3775 1729 3814 senex
1747 3760 2080 3832 episcopus,

429 3850 486 3904 in
520 3850 691 3920 cujus
721 3847 943 3905 scilicet
973 3853 1097 3903 erat
1129 3847 1382 3916 dioecesi,
1415 3847 1686 3904 accersiri
1718 3847 1886 3904 illum
1917 3851 1988 3906 ad
2022 3868 2083 3906 se

2195 3227 2464 3282 Sardinia
2494 3243 2726 3299 quoque
2753 3226 2970 3294 insula,
3003 3244 3129 3300 quae
3178 3227 3276 3284 his
3313 3228 3625 3300 plurimum
3652 3227 3803 3282 abun-

2192 3317 2331 3371 dare
2363 3315 2530 3384 solet,
2562 3315 2689 3388 ipso
2719 3320 2981 3388 tempore
3011 3315 3192 3388 aliqui
3228 3318 3480 3391 egressi,
3504 3321 3704 3389 partem
3730 3329 3804 3386 po—

2191 3405 2314 3477 puli
2346 3405 2402 3460 in
2426 3405 2707 3478 Hispania
2726 3410 3188 3478 corrumpentes,
3210 3412 3268 3463 et
3298 3407 3412 3480 ipsi
3434 3425 3468 3462 a
3494 3405 3623 3462 viris
3642 3403 3805 3460 catho-

2189 3493 2317 3549 licis
2364 3495 2731 3551 exterminati
2784 3499 2940 3550 sunt.
2973 3495 3136 3560 Quod
3192 3496 3550 3570 praesagium
3595 3490 3798 3550 Joannis

2190 3583 2506 3656 prophetiae
2528 3584 2825 3656 congruit;
2848 3583 2984 3656 quia
3005 3584 3152 3640 dixit
3171 3585 3462 3642 Satanam
3481 3583 3802 3641 solvendum.

2190 3671 2433 3744 expletis
2463 3671 2622 3728 mille
2655 3671 2845 3740 annis,
2877 3673 2946 3728 de
2978 3673 3194 3745 quibus
3226 3673 3292 3730 in
3327 3675 3494 3731 tertio
3511 3676 3628 3747 jam
3648 3667 3804 3726 libello

2191 3760 2468 3832 prolixias
2499 3762 2906 3818 tractabimus.

1674 4173 2018 4262 LIBER
2075 4127 2603 4264 TERTIUS.

1492 4350 1857 4407 INCIPIUNT
1897 4350 2251 4408 CAPITULA
2292 4351 2484 4408 LIBRI
2522 4351 2782 4408 TERTII.

715 4503 756 4557 l.
943 4503 1017 4556 De
1046 4501 1314 4572 Stephano
1343 4517 1464 4573 rege
1497 4502 1821 4572 Ungrorum,
1849 4508 1900 4560 et
1933 4502 2088 4560 bellis
2118 4504 2642 4560 Beneventanorum.

719 4575 784 4629 ll.
933 4576 1007 4628 De
1036 4546 1260 4628 Robrerto
1286 4546 1792 4644 rege’Fran‘borum.

717 4645 809 4719 III.
923 4649 1002 4701 De
1031 4645 1189 4719 stelta
1217 4652 1449 4719 comete,
1468 4660 1593 4719 qius
1620 4662 1890 4717 apparens
1914 4647 2159 4719 plurima
2184 4646 2478 4719 portendit.

716 4717 804 4772 IV.
923 4721 1002 4772 De
1033 4717 1382 4770 innovatione
1407 4717 1773 4772 Ecclesian
1803 4719 1860 4772 in
1893 4717 2002 4774 toto
2029 4719 2176 4774 orbe.

717 4787 782 4842 V.
928 4788 1005 4842 De
1034 4789 1376 4843 monasteriis
1399 4787 1752 4858 reaediﬂeatis
1785 4789 1917 4845 bene
1943 4807 1977 4844 a
2014 4789 2288 4846 Wittenno
2318 4789 2532 4856 abbate,
2561 4790 2646 4846 vel
2675 4790 2961 4847 institutis.

711 4859 809 4932 Y1.
922 4864 999 4932 De
1025 4866 1342 4932 sanctorum
1366 4861 1689 4932 pignoribus
1718 4860 1916 4932 ubique
1947 4861 2218 4917 revelatis.

711 4931 834 5004 ΥΠ,
913 4931 987 5004 De
1013 4931 1288 5004 eversione
1316 4931 1505 5004 templi
1535 4931 2052 5004 Hierosolymorum,
2081 4940 2134 4990 et
2159 4933 2306 4990 caede
2334 4931 2670 4990 Iudaeorum.

711 5002 857 5076 XIII.
899 5003 974 5076 De
1003 5001 1214 5076 haene”
1240 5001 1740 5076 apudAAuAretianos
1768 5001 2002 5076 reperta.

712 5073 802 5131 IX.
915 5075 989 5129 De
1015 5073 1150 5144 ﬁliis
1177 5071 1322 5144 regis
1349 5071 1607 5146 ejusdem.

1056 5268 1452 5325 PREFATIO.

498 5355 664 5412 Nunc
687 5355 1178 5429 igitur,quoniam
1202 5359 1274 5414 de
1296 5357 1554 5430 priorum
1579 5357 1758 5431 gestis
1779 5359 1975 5433 aliqua
1997 5379 2080 5418 re-

426 5445 697 5515 tulimus,
717 5449 790 5502 ab
821 5445 920 5502 illo
949 5450 1007 5502 et
1033 5447 1205 5513 intra,
1237 5451 1302 5501 ut
1330 5447 1776 5520 spopondimus,
1807 5467 1960 5507 anno
1991 5452 2077 5508 vi-

427 5535 633 5598 delicet
690 5533 1004 5595 millesimo
1055 5533 1176 5595 nati
1230 5539 1440 5596 cuncta
1485 5535 1832 5597 viviﬁcantis
1880 5539 2073 5612 Verbi,

2105 5277 2153 5341 D
2187 5271 2342 5330 tertii
2373 5287 2682 5327 sumamus
2731 5269 3048 5327 incitamen
3098 5271 3275 5342 hujus
3307 5268 3507 5342 operis
3537 5262 3723 5322 libelli.
3750 5259 3815 5315 Eo

2189 5367 2407 5430 autem,
2442 5365 2506 5416 ut
2533 5359 2811 5429 diximus,
2846 5360 3212 5430 imminente,
3244 5358 3512 5433 privatus
3563 5358 3650 5413 est
3692 5361 3815 5425 pene

2187 5451 2347 5508 orbis
2377 5449 2684 5505 universus
2715 5449 2980 5522 personis
3029 5454 3085 5506 et
3114 5448 3409 5521 religiosis
3438 5452 3496 5503 et
3525 5440 3812 5502 nobilibus.

2187 5540 2458 5598 Claruere
2487 5542 2683 5596 tamen
2712 5538 2784 5594 ab
2814 5538 3018 5596 eodem
3051 5541 3360 5608 anno,tam
3380 5536 3443 5593 in
3477 5533 3640 5593 Italia
3657 5539 3812 5605 quam
