4036 6172
205 342 311 407 615

1062 342 1612 405 HISTORIARUM
1656 338 1864 404 LIBRI
1908 337 2282 413 QUINQUE.
2340 374 2408 385 -—-
2451 339 2599 403 LIB.
2645 340 2751 404 III.

3493 346 3611 412 646

202 476 252 530 in
280 470 897 548 Galliis,utrorumque
929 475 1202 530 ordinum
1228 475 1617 548 viri,quorum
1649 474 1767 530 vita
1794 476 1850 529 et
1876 472 1934 542 Α
1963 472 2395 531 audacissimus
2426 474 2661 531 nomine
2695 473 3172 548 Rodulphus,qui
3204 475 3384 534 etiam
3415 475 3615 534 comiti

199 563 446 635 operatio
475 568 699 636 queunt
716 565 970 637 posteris
992 564 1302 622 imitabilia
1321 564 1638 622 informare
1661 580 1848 619 exem-

196 652 301 726 pla.
339 653 751 726 Regnantibus
793 669 1027 726 quoque
1072 654 1305 710 duobus
1329 652 1848 711 Christianissimis

194 741 450 815 regibus,
483 742 735 799 Henrico
780 742 1001 800 scilicet
1028 747 1322 800 Saxonum
1353 760 1487 817 rege
1515 748 1572 798 et
1601 741 1849 797 Roberto

196 831 695 903 Francorum,etsi
722 832 795 887 ab
825 833 1040 889 exteris
1070 833 1409 890 nationibus
1437 831 1670 888 illorum
1697 829 1853 902 quie-

198 925 402 975 verunt
431 920 654 992 patriae,
687 921 1038 978 creberrime
1086 926 1281 978 tamen
1336 921 1551 994 praeliis
1600 919 1850 992 fatigatae

191 1012 319 1065 sunt
353 1007 856 1066 intestinis.Sicut
888 1011 1046 1066 enim
1069 1009 1386 1083 aliquando
1408 1009 1647 1084 perﬁdis
1667 1009 1855 1064 honor

192 1095 505 1153 exhibetur
533 1114 602 1154 ex
632 1098 950 1168 timore,ita
978 1099 1149 1156 bonis
1191 1100 1440 1156 infertur
1485 1115 1589 1172 pro
1620 1115 1729 1154 sua
1758 1113 1850 1153 re-

190 1186 442 1242 verentia
473 1186 581 1242 tim
598 1187 835 1244 or.Nam
863 1205 999 1244 cum
1031 1188 1104 1244 ab
1132 1189 1290 1244 omni
1323 1189 1718 1244 Romanorum
1752 1203 1856 1259 po-

191 1273 748 1347 pulo,intercedente
771 1293 938 1350 papa
969 1277 1429 1342 Benedicto,viro
1460 1275 1857 1344 sanctissimo,

191 1363 471 1420 Henricus
499 1363 931 1422 adscisceretur
959 1365 1020 1422 in
1064 1365 1381 1439 imperium
1435 1365 1848 1438 Longobardo-

207 1469 518 1526 rum,gens
542 1459 825 1511 consueta
854 1455 1058 1512 fraude
1088 1455 1388 1523 dissensit,
1407 1454 1636 1527 sibique
1662 1469 1857 1526 regem

187 1542 514 1598 Arduinum
554 1543 876 1614 quemdam
922 1549 1254 1616 unguentes
1304 1542 1712 1600 instituerunt.
1747 1541 1856 1597 Sed

188 1631 310 1687 licet
340 1629 447 1686 diu
481 1630 859 1704 multumque
889 1632 1237 1700 renitentes,
1255 1636 1458 1706 postea
1490 1637 1690 1688 tamen
1721 1647 1858 1686 cum

188 1719 331 1779 caede
353 1737 608 1776 suorum
631 1720 892 1778 maxima
912 1721 1322 1794 imperialibus
1340 1725 1528 1778 semet
1548 1720 1861 1778 subdidere

193 1809 514 1883 praeceptis.
547 1809 656 1877 Qui
700 1810 940 1867 veniens
972 1810 1232 1884 Papiam,
1266 1811 1340 1866 ab
1371 1810 1592 1867 eisdem
1629 1810 1858 1882 Longo-

197 1899 391 1954 bardis
421 1899 558 1954 miri
587 1898 780 1970 operis
812 1899 1093 1972 palatium
1126 1900 1236 1957 sibi
1263 1899 1524 1956 construi
1557 1900 1711 1954 fecit.
1748 1899 1853 1953 Po-

201 1989 420 2061 titoque
453 1989 732 2044 decenter
757 1988 1261 2063 imperio,accepit
1284 1990 1344 2045 in
1376 2006 1555 2062 regno
1586 2005 1695 2044 suo
1723 2004 1858 2043 con-

187 2078 410 2150 jugem,
439 2075 627 2133 filiam
660 2076 884 2134 scilicet
913 2078 1198 2151 Sigelredi
1227 2080 1521 2136 Saxonum
1555 2077 1741 2134 ducis.
1778 2077 1857 2132 Ex

193 2183 301 2237 qua
331 2165 516 2223 etiam
551 2182 798 2223 cernens
829 2184 942 2223 non
975 2184 1149 2240 posse
1181 2169 1477 2241 suscipere
1500 2167 1860 2231 liberos,non

194 2272 312 2311 eam
349 2259 607 2328 propter
637 2254 746 2312 hoc
777 2255 1032 2325 dimisit;
1066 2257 1166 2312 sed
1200 2273 1373 2312 omne
1415 2255 1858 2329 patrimonium,

197 2344 345 2415 quod
380 2342 586 2398 liberis
630 2344 972 2412 debebatur,
1010 2343 1223 2402 Christi
1274 2344 1540 2401 Ecclesiae
1593 2343 1855 2400 contulit.

199 2431 529 2488 Editieavit
561 2448 794 2504 quoque
826 2434 1251 2490 monasterium
1303 2434 1362 2490 in
1411 2433 1668 2489 Saxoniaa
1713 2431 1858 2502 loco,

199 2523 293 2594 qui
327 2521 552 2577 dicitur
580 2521 998 2590 Bavoberch,id
1030 2523 1396 2591 est,Bavonis
1426 2540 1617 2579 mons.
1637 2522 1864 2595 Lingua

203 2611 358 2666 enim
417 2609 782 2666 Theutonica
841 2611 1020 2666 Berch
1081 2629 1250 2668 mons
1301 2611 1646 2686 appellatur.
1697 2610 1861 2677 Quod

199 2700 373 2756 etiam
406 2699 1031 2769 monasterium,donis
1058 2701 1586 2758 innumerabilibus
1614 2698 1864 2772 locuple-

201 2793 394 2845 tatum
416 2806 454 2844 a
478 2787 753 2862 pontifice
785 2789 1411 2864 Romano,supradicto
1441 2790 1662 2847 scilicet
1691 2789 1865 2845 Bene-

204 2879 383 2946 dicto,
419 2879 480 2934 in
538 2877 757 2934 honore
816 2879 1215 2951 apostolorum
1273 2880 1556 2953 principis
1607 2876 1864 2934 dedicari

201 2967 378 3035 fecit;
413 2971 610 3039 atque,
644 2967 909 3040 ejusdem
941 2969 1236 3040 pontiﬁcis
1266 2985 1412 3025 usus
1441 2968 1865 3035 consilio,eam-

197 3057 328 3111 dem
361 3054 684 3112 Ecclesiam
716 3055 778 3112 in
803 3056 1194 3130 episcopalem
1239 3057 1578 3115 sublimavit
1625 3058 1861 3137 sedem;

203 3144 637 3217 constitutaque
666 3145 728 3201 in
759 3161 827 3200 ea
856 3145 1149 3220 episcopo,
1178 3146 1682 3220 amplissimorum
1733 3149 1862 3204 fun-

201 3233 410 3288 dorum
443 3232 733 3291 reditibus
762 3251 890 3291 esse
923 3235 1054 3291 fecit
1085 3235 1454 3309 locupletem.

734 3323 965 3380 CAPUT
1004 3324 1316 3382 PRIMUM.

300 3416 389 3467 De
414 3411 687 3485 Stephano
719 3428 840 3484 rege
874 3413 1200 3540 (Ingrorum,
1224 3423 1276 3470 et
1300 3416 1458 3471 belli:
1489 3417 1756 3472 Beneven-

913 3502 1168 3540 auorum.

913 3502 1168 3542 auorum.

266 3572 406 3645 Ipso
452 3571 634 3646 igitur
679 3577 941 3646 tempore
993 3574 1323 3648 Ungrorum
1371 3593 1538 3650 gens,
1570 3595 1697 3652 quae
1741 3584 1863 3634 erat

200 3662 355 3716 circa
381 3661 742 3728 Danubium,
774 3679 908 3718 cum
957 3681 1064 3719 suo
1115 3680 1247 3736 rege
1295 3665 1366 3720 ad
1419 3667 1593 3722 ﬁdem
1644 3667 1858 3723 Christi

198 3766 475 3807 conversa
502 3755 612 3807 est.
645 3751 905 3815 Quorum
937 3753 1057 3825 regi
1091 3753 1391 3825 Stephano
1410 3771 1478 3810 ex
1509 3755 1863 3828 baptismate

210 3840 824 3913 vocato,decenterque
855 3841 1548 3904 Christianissimo.dedit
1577 3861 1863 3902 memora-

211 3932 305 3984 tus
334 3928 653 4001 imperator
682 3929 964 3986 Henricus
990 3947 1330 4004 germanam
1353 3932 1411 3987 in
1435 3936 1865 3990 uxorem.’l‘unc

206 4017 486 4088 temporis
518 4023 821 4090 ceperunt
853 4035 998 4091 pene
1037 4020 1294 4077 universi
1345 4021 1446 4094 qui
1493 4023 1564 4079 de
1613 4021 1779 4081 Italia
1809 4028 1865 4082 et

203 4104 396 4161 Galliis
417 4107 489 4160 ad
513 4105 852 4179 sepulcrum
869 4108 1106 4164 Domini
1132 4109 1546 4185 Hierosolymis
1565 4112 1648 4170 ire
1669 4115 1864 4186 cupie-

203 4191 718 4260 bant,consuetum
750 4195 922 4263 inter,
960 4197 1116 4270 quod
1148 4206 1272 4254 erat
1301 4215 1405 4271 per
1421 4201 1634 4258 fretum
1658 4205 1862 4272 maris,

204 4282 670 4356 omittere,atque
687 4301 792 4357 per
811 4284 990 4356 hujus
1005 4287 1259 4359 regionis
1277 4289 1528 4361 patriam
1548 4293 1862 4348 transitum

211 4367 436 4427 habere.
473 4371 573 4428 llle
630 4389 764 4428 vero
815 4374 1178 4431 tutissimam
1239 4379 1515 4435 omnibus
1566 4382 1867 4438 constituit

203 4458 352 4515 viam
376 4477 390 4528 ;
424 4460 752 4534 excipiebat
782 4469 847 4518 ut
875 4464 1086 4521 fratres
1107 4481 1490 4540 quoscunque
1511 4469 1866 4540 videbat,da.

1960 562 2248 618 Richardo
2300 561 2702 636 displicuerat,
2737 565 2907 636 cujus
2960 563 3104 620 iram
3158 570 3446 634 metuens,
3480 583 3615 624 cum

1959 651 2234 711 omnibus
2265 669 2391 724 quze
2418 670 2616 708 secum
2649 653 2860 709 ducere
2893 654 3101 726 potuit,
3131 655 3376 711 Romam
3408 673 3617 729 perge-

1961 744 2067 807 ret,
2101 757 2460 813 causamque
2490 742 2790 814 propriam
2823 759 3055 798 summo
3087 744 3346 816 pontiﬁci
3368 761 3618 818 expone-

1961 834 2048 884 ret
2081 830 2527 895 Benedicto.Qui
2559 848 2804 888 cernens
2834 849 2969 887 eum
2998 848 3210 905 pugnae
3241 833 3477 890 militari
3503 835 3620 891 ele-

1962 919 2402 992 gantissimum,
2437 921 2611 992 coepit
2635 920 2687 976 ei
2719 919 3018 993 querelam
3052 938 3336 993 exponere
3365 923 3438 978 de
3465 923 3620 978 Grai-

1964 1023 2165 1062 corum
2214 1007 2514 1064 invasione
2564 1008 2812 1064 Romani
2859 1009 3090 1082 imperii
3141 1027 3319 1083 seque
3368 1012 3619 1069 multum

1964 1095 2160 1152 dolere
2189 1098 2467 1169 quoniam
2502 1098 2746 1154 minime
2777 1097 2912 1154 talis
2942 1097 3001 1154 in
3049 1099 3174 1156 suis
3220 1100 3491 1158 existeret
3518 1103 3621 1173 qui

1965 1185 2268 1258 repelleret
2321 1187 2476 1242 viros
2530 1191 2734 1242 exterae
2791 1187 3066 1244 nationis.
3097 1189 3322 1254 Quibus
3381 1191 3619 1258 auditis,

1967 1275 2284 1346 spopondit
2309 1291 2372 1331 se
2395 1275 2548 1331 idem
2582 1274 2866 1331 Rodulfus
2891 1276 3170 1332 adversus
3193 1279 3622 1335 transmarinos

1967 1363 2390 1436 praeliaturum,
2426 1364 2476 1420 si
2507 1364 2746 1436 aliquod
2779 1366 2829 1420 ei
2861 1364 3144 1421 auxilium
3183 1367 3508 1437 praeberent
3535 1367 3624 1424 vel

1968 1452 2051 1508 illi
2080 1453 2297 1526 quibus
2328 1454 2520 1525 maior
2546 1453 2924 1510 incumbebat
2952 1455 3220 1526 genuina;
3253 1457 3624 1514 necessitudo

1969 1541 2364 1614 patriaeTunc
2393 1559 2526 1598 vero
2557 1543 2873 1615 praedictus
2904 1560 3058 1616 papa
3099 1543 3262 1600 misit
3293 1544 3461 1602 illum
3489 1563 3626 1602 cum

1971 1630 2096 1686 suis
2128 1631 2199 1686 ad
2232 1631 2670 1687 Beneventanos
2701 1631 3001 1705 primates,
3027 1637 3092 1687 ut
3111 1647 3248 1689 eum
3277 1633 3518 1706 pacifice
3539 1650 3629 1690 ex-

1970 1718 2250 1792 ciperent,
2285 1736 2632 1792 semperque
2677 1720 2998 1792 przeliaturi
3049 1738 3166 1794 prae
3215 1739 3277 1778 se
3323 1721 3625 1790 haberent,

1972 1807 2248 1880 illiusque
2266 1808 2524 1880 jussioni
2555 1807 2866 1865 unanimes
2897 1809 3629 1884 obedirent.Egressusque

1970 1898 2042 1952 ad
2075 1896 2530 1965 Beneventanos,
2561 1897 2660 1969 qui
2694 1914 2827 1952 eum
2861 1903 2924 1954 ut
2949 1900 3379 1971 papajusserat
3425 1917 3629 1957 susce-

1969 1992 2204 2058 perunt.
2244 1985 2399 2042 Illico
2448 1990 2642 2042 autem
2686 1986 2817 2042 illos
2843 2003 2911 2042 ex
2942 1987 3271 2044 Grmcorum
3305 1989 3497 2045 ofﬁcio
3528 1989 3629 2062 qui

1971 2075 2273 2149 vectigalia
2294 2077 2354 2130 in
2377 2075 2592 2148 populo
2613 2076 3230 2148 exigebantinvadens
3255 2077 3624 2149 Rodulphus,

1973 2165 2214 2236 diripuit
2244 2182 2489 2237 quaeque
2520 2163 2777 2231 illorum,
2811 2182 2876 2221 ac
2917 2166 3248 2222 trucidavit.
3283 2166 3385 2222 His
3433 2167 3630 2240 itaque

1973 2253 2210 2322 auditis,
2245 2252 2482 2308 illorum
2516 2253 2678 2320 socii,
2712 2254 2814 2326 qui
2853 2254 2982 2324 jam
3033 2254 3231 2327 plures
3283 2253 3542 2311 civitates
3575 2259 3632 2310 et

1973 2341 2213 2397 castella
2262 2341 2507 2414 propriae
2562 2343 3023 2415 subjugaverant
3067 2343 3296 2411 ditioni,
3331 2347 3529 2400 coacto
3569 2341 3630 2398 in

1976 2447 2160 2486 unum
2197 2447 2440 2486 suorum
2474 2430 3026 2499 exercitu,inierunt
3055 2432 3319 2504 prwlium
3350 2433 3632 2488 adversus

1975 2519 2348 2592 Rodulphum
2388 2525 2444 2575 et
2474 2537 2572 2576 eos
2606 2520 2702 2592 qui
2735 2521 2863 2592 ejus
2891 2520 3161 2577 favebant
3211 2522 3385 2594 parti.
3421 2523 3482 2576 In
3515 2538 3632 2594 quo

1974 2609 2196 2665 scilicet
2225 2608 2422 2681 praelio
2469 2627 2604 2682 pars
2653 2609 2983 2665 Graecorum
3030 2610 3304 2666 occubuit
3351 2610 3629 2676 maxima,

1974 2699 2214 2771 insuper
2240 2703 2296 2753 ct
2329 2702 2523 2754 castra
2551 2697 2750 2770 aliqua
2780 2698 3055 2754 dimisere
3084 2715 3300 2768 vacua;
3329 2716 3455 2772 quae
3491 2699 3630 2754 sub-

1974 2793 2212 2843 secutus
2270 2787 2565 2859 Rodulphi
2625 2787 2910 2842 exercitus
2956 2787 3141 2842 victor
3189 2787 3461 2846 obtinuit.
3492 2787 3632 2842 Visa

1975 2875 2154 2947 igitur
2182 2874 2356 2929 Graeci
2401 2891 2640 2930 suorum
2689 2875 2863 2942 caede,
2898 2873 3188 2929 miserunt
3217 2873 3631 2931 Constantino-

1973 2963 2153 3037 polim
2186 2967 2250 3018 ut
2277 2962 2656 3019 auxiliaretur
2679 2963 2762 3018 eis
2793 2963 3144 3034 quantocius
3173 2963 3244 3018 ab
3276 2963 3368 3018 his
3399 2964 3504 3036 qui
3531 2979 3630 3019 eos

1975 3053 2277 3108 miserant.
2309 3053 2636 3123 Statimque
2691 3051 3072 3106 reformantes
3124 3049 3394 3119 classem,
3443 3050 3629 3106 multo

1974 3141 2171 3214 plures
2229 3157 2404 3213 quam
2449 3140 2613 3213 prius
2658 3139 3012 3212 praeliatores
3061 3139 3368 3195 miserunt.
3403 3139 3628 3194 Interea

1888 3215 1932 3283 C
1970 3248 2104 3287 cum
2128 3230 2394 3285 auditum
2412 3233 2565 3284 esset
2587 3228 2805 3300 ubique
2825 3228 3103 3300 quoniam
3125 3228 3328 3300 paucis
3349 3228 3630 3284 Norman-

1971 3336 2179 3375 norum
2211 3334 2490 3374 concessa
2518 3316 2725 3372 fuisset
2771 3317 2842 3373 de
2887 3315 3364 3388 superbientibus
3409 3315 3626 3372 Graecis

1969 3407 2228 3475 victoria,
2253 3405 2700 3462 innumerabilis
2727 3405 3042 3461 multitudo
3071 3405 3247 3461 etiam
3279 3423 3415 3461 cum
3440 3405 3632 3461 uxori-

1969 3497 2082 3552 bus
2108 3502 2165 3552 et
2191 3496 2390 3552 liberis
2423 3498 2731 3568 prosecuta
2751 3499 2839 3551 est
2855 3512 2890 3548 a
2905 3495 3093 3568 patria
3117 3495 3187 3550 de
3214 3511 3332 3566 qua
3351 3509 3626 3566 egressus

1972 3588 2162 3642 fuerat
2192 3584 2682 3658 Rodulphus,non
2706 3582 2897 3640 solum
2920 3583 3423 3656 permittente,sed
3447 3582 3626 3638 etiam

1977 3674 2362 3748 compellente
2387 3680 2452 3729 ut
2473 3673 2943 3741 irent,Richardo
2963 3672 3196 3729 illorum
3218 3672 3630 3744 comite.Egre-

1973 3765 2198 3820 dientes
2230 3768 2424 3822 autem
2459 3763 2602 3819 satis
2633 3763 2911 3819 audacter
2927 3767 3211 3820 venerunt
3231 3762 3302 3818 ad
3328 3759 3518 3816 locum
3543 3760 3633 3815 Al-

1973 3855 2158 3926 pium,
2191 3854 2372 3926 quiet
2401 3870 2572 3908 mons
2603 3853 2762 3909 Jovis
2811 3852 3044 3919 dicitur,
3080 3851 3178 3907 ubi
3229 3850 3405 3907 etiam
3437 3850 3496 3906 in
3527 3867 3633 3906 an-

1973 3942 2336 4016 gustissimis
2366 3941 2599 3998 semitis
2631 3944 3018 4013 praepotentes
3039 3939 3295 4013 regionis
3315 3938 3475 3996 illius
3500 3956 3632 3996 con-

1974 4034 2309 4101 stituerant,
2339 4031 2663 4102 imperante
2707 4028 3044 4101 cupiditate,
3079 4045 3240 4084 seras
3270 4033 3328 4084 et
3357 4029 3631 4084 custodes

1975 4124 2046 4178 ad
2067 4122 2250 4195 pretia
2266 4119 2753 4177 transmeantium
2772 4118 3154 4192 exigenda.At
3171 4117 3253 4172 illi
3268 4117 3632 4173 Normanno-

1975 4229 2107 4267 rum
2137 4210 2425 4266 exercitus
2456 4207 2770 4264 confractis
2801 4207 2948 4262 seris
2980 4207 3262 4279 caesisque
3286 4205 3631 4263 custodibus

1974 4317 2078 4373 per
2106 4298 2223 4355 vim
2259 4297 2572 4354 transitum
2599 4295 3235 4368 fecerunt.Egressique
3254 4311 3368 4350 non
3387 4310 3630 4378 parvum

1976 4388 2282 4462 Rodulpho
2300 4386 2672 4443 contulerunt
2684 4383 3207 4457 auxilium.Sicque
3229 4401 3365 4457 pars
3382 4388 3631 4456 utraque

1973 4477 2294 4550 resumptis
2321 4475 2543 4532 viribus
2574 4475 2832 4530 secundo
2853 4473 3112 4531 inierunt
3135 4473 3490 4547 prmlium,in
3514 4489 3630 4546 quo

219 4545 430 4651 batque
455 4548 577 4606 illis
607 4549 897 4656 immensa
928 4555 1382 4628 munera.Cujus
1412 4558 1493 4613 rei
1523 4561 1710 4631 gratia
1728 4577 1862 4633 pro-
1893 4588 1941 4656 Β
1975 4545 2357 4639 utrorumque
2396 4564 2683 4621 exercitus
2730 4563 2980 4636 graviter
3026 4545 3231 4621 caesus.
3267 4545 3630 4620 Normanno-

206 4643 400 4694 vocata
415 4637 872 4696 innumerabilis
895 4643 1356 4712 multitudo,tam
1376 4647 1660 4704 nobilium
1683 4666 1860 4722 quam

209 4724 349 4797 vulgi
388 4726 616 4800 populi,
651 4729 1112 4802 Hierosolymam
1163 4733 1456 4790 abierunt.
1489 4737 1652 4794 Tunc
1683 4739 1860 4794 etiam

212 4811 516 4886 imperator
542 4817 795 4873 Basilius
826 4820 1012 4876 sancti
1049 4821 1279 4894 imperii
1331 4823 1859 4900 Constantinopoli-

211 4903 316 4957 tani
347 4905 624 4978 praecepit
651 4907 886 4964 cuidam
909 4913 1154 4982 satrapae
1185 4911 1404 4984 suo,illi
1436 4914 1537 4986 qui
1567 4918 1864 4990 cognomi-

215 4997 374 5048 natur
403 4993 736 5066 Cataponti,
761 5012 827 5052 eo
858 4996 1083 5055 scilicet
1112 5001 1268 5072 quod
1290 5001 1462 5072 juxta
1501 5020 1661 5061 mare
1690 5005 1860 5063 inha-

216 5077 358 5149 bitet,
407 5088 473 5138 ut
502 5099 537 5138 a
564 5085 980 5143 transmarinis
1031 5087 1387 5156 civitatibus,
1417 5108 1544 5164 qua
1595 5093 1858 5153 Romano

226 5165 492 5254 debentur
523 5172 793 5246 imperio,
808 5176 1047 5232 veniens
1077 5177 1298 5235 tributa
1345 5181 1618 5254 exigeret.
1652 5183 1760 5248 Qui
1791 5185 1860 5241 li-

218 5252 400 5314 benter
428 5265 701 5318 annuens
722 5264 886 5320 misit
907 5265 1240 5324 Graecorum
1265 5252 1515 5327 classem
1539 5273 1610 5328 ad
1639 5291 1730 5331 res
1751 5280 1863 5333 Ita-

223 5339 348 5403 licas
377 5349 861 5410 sublaturaaHoc
889 5371 1023 5411 vero
1055 5361 1448 5428 pertentatum
1480 5366 1569 5418 est
1589 5381 1692 5433 per
1712 5366 1858 5423 duo-

225 5446 339 5528 rum
356 5453 639 5496 annorum
658 5442 917 5514 spatium
940 5462 953 5513 ;
975 5461 1090 5502 non
1107 5462 1284 5518 parva
1302 5449 1480 5506 etiam
1503 5469 1640 5524 pars
1657 5455 1790 5528 subj
1798 5474 1858 5512 u-

1973 4673 2104 4713 rum
2133 4661 2330 4713 tamen
2366 4653 2642 4711 exercitui
2673 4652 2914 4709 victoria
2944 4653 3226 4726 provenit.
3259 4653 3394 4709 Post
3422 4651 3630 4724 paulu-

1972 4746 2097 4802 lum
2147 4762 2303 4817 vero,
2336 4748 2500 4800 terno
2533 4741 2848 4798 commisso
2879 4741 3101 4814 praelio,
3132 4759 3259 4798 sese
3303 4757 3438 4813 pars
3468 4745 3632 4796 utra-

1972 4851 2086 4907 que
2119 4835 2273 4890 fessa
2301 4830 3084 4903 cohibuit.Perspiciensque
3118 4827 3459 4901 Rodulphus
3490 4844 3630 4884 suos

1973 4923 2274 4989 defecisse,
2306 4922 2578 4994 virosque
2610 4919 2770 4975 illius
2800 4919 2999 4992 patria:
3031 4919 3230 4976 minus
3271 4917 3404 4974 belli
3437 4921 3628 4991 aptos,

1970 5030 2105 5069 cum
2137 5012 2344 5086 paucis
2374 5008 2627 5085 perrexit
2655 5009 2728 5065 ad
2752 5008 3162 5081 imperatorem
3190 5006 3628 5074 Henricum,ex~

1970 5102 2274 5176 positurus
2303 5100 2354 5156 ei
2382 5099 2564 5170 hujus
2594 5097 2676 5154 rei
2706 5095 3152 5170 negotium.Qui
3181 5094 3434 5169 benigne
3459 5094 3628 5153 illum

1971 5189 2325 5261 suscipiens,
2355 5185 2602 5244 diversis
2660 5184 3006 5241 muneribus
3057 5184 3297 5253 ditavit;
3347 5183 3628 5258 quoniam

1971 5295 2172 5334 rumor
2201 5294 2376 5350 quem
2409 5277 2479 5332 de
2512 5274 2612 5331 illo
2661 5273 2944 5342 audierat,
2980 5273 3257 5330 cernendi
3302 5272 3630 5330 contulerat

1969 5367 2346 5424 desiderium.
2381 5365 2652 5421 Protinus
2682 5362 3000 5436 imperator
3024 5379 3385 5436 congregans
3415 5363 3629 5419 exerci-

1968 5463 2096 5514 tum
2123 5457 2449 5530 copiosum,
2481 5455 2552 5509 ob
2583 5452 2866 5509 tuendam
2905 5453 3175 5525 rempub.
3207 5453 3292 5510 ire
3312 5452 3622 5525 disposuit.

226 5526 342 5618 Sila
364 5532 450 5618 est
477 5545 512 5584 a
537 5531 751 5588 Graecis
782 5532 1196 5592 Beneventana:
1237 5538 1566 5611 provinciae.
1601 5526 1856 5618 Contigit
1965 5526 2227 5603 Tandem
2256 5561 2391 5600 vero
2423 5541 2602 5599 Graeci
2654 5545 2929 5615 putantes
2956 5559 2990 5598 a
3018 5541 3209 5615 patria
3257 5541 3481 5616 fugisse
3513 5540 3625 5597 Ro-

226 5615 549 5693 autamipso
580 5619 640 5680 in
666 5625 950 5698 tempore,
983 5628 1048 5681 ut
1093 5625 1334 5704 quidam
1382 5615 1851 5692 Normannorum
1963 5634 2277 5712 dulphum,
2307 5630 2689 5708 prosilierunt
2733 5631 2804 5689 ad
2849 5634 3063 5704 castra,
3093 5646 3221 5708 qua
3271 5615 3396 5706 ipse
3445 5627 3626 5688 victor
