4098 6164
237 292 338 370 eis

234 423 432 498 fecerat
463 435 754 492 odiosam.
801 431 1052 488 Tantam
1086 427 1341 500 denique
1370 428 1627 502 insuper
1653 429 1903 505 gratiam
1930 439 1986 507 Α

232 549 260 588 a
283 545 408 603 rege
440 527 800 584 consecutus
833 522 1048 588 fuerat,
1084 523 1150 574 ut
1183 535 1386 575 comes
1419 519 1628 591 palatii
1664 520 1906 576 habere-

232 628 337 678 tur.
369 620 734 687 Factumque
772 617 860 669 est
892 615 957 667 ut
985 609 1078 666 die
1107 609 1369 681 quadam
1405 626 1507 664 rex
1539 609 1601 665 in
1635 609 1779 666 silva
1805 626 1906 666 ve-

227 716 418 768 natum
451 707 582 774 iret,
609 704 880 773 idemque
912 700 1102 773 Hugo,
1127 702 1194 754 ut
1227 715 1467 769 semper
1498 698 1748 765 solebat,
1767 715 1902 755 cum

223 801 338 856 illo.
369 797 791 866 Veneruntque
839 789 1007 845 missi
1044 805 1080 844 a
1113 787 1390 855 Fulcone,
1442 789 1900 861 Andegavorum

219 890 446 956 comite,
468 882 757 941 avunculo
782 879 1000 937 scilicet
1022 878 1296 949 ejusdem
1323 876 1569 949 reginae,
1597 875 1900 933 fortissimi

217 979 431 1038 milites
463 971 794 1039 duodecim,
829 969 929 1042 qui
963 967 1377 1039 supradictum
1415 965 1733 1039 Hugonem
1764 969 1901 1022 ante

219 1084 412 1141 regem
445 1063 904 1121 trucidaverunt.
938 1059 1070 1130 Ipse
1103 1073 1240 1112 vero
1274 1072 1391 1122 rex,
1417 1053 1562 1111 licet
1591 1055 1896 1128 aliquanto

213 1164 479 1230 tempore
511 1153 614 1209 tali
647 1152 793 1207 facto
821 1147 1006 1204 trist-is
1041 1147 1310 1213 effectus,
1344 1148 1557 1216 postea
1587 1149 1808 1213 tamen,
1831 1145 1899 1199 ut

213 1247 480 1314 decebat,
519 1257 755 1298 concors
785 1236 996 1311 reginae
1026 1235 1165 1291 fuit.

280 1391 391 1448 Hic
427 1389 629 1460 itaque
657 1387 848 1452 rex,ut
866 1377 1350 1453 sapientissimus
1380 1373 1483 1431 Dei
1516 1372 1905 1439 cultor,sem-

206 1499 314 1555 per
327 1479 448 1535 fuit
465 1474 779 1532 humilium
800 1464 1666 1540 amator,superborumque,ut
1687 1460 1908 1528 valuit,

201 1552 367 1628 osor.
407 1568 468 1622 Si
503 1583 622 1638 qua
648 1563 801 1619 enim
848 1556 1217 1634 pontificalis
1267 1554 1433 1610 sedes
1481 1552 1540 1606 in
1573 1567 1681 1606 suo
1714 1564 1910 1620 regno

200 1657 458 1734 proprio
487 1655 820 1710 viduaretur
865 1647 1150 1722 praesule,
1197 1661 1337 1701 cura
1385 1646 1507 1698 erat
1542 1638 1820 1695 maxima
1850 1641 1916 1696 ut

197 1726 374 1815 utilis
413 1749 639 1818 pastor,
662 1740 792 1798 licet
820 1753 1033 1812 genere
1067 1735 1338 1798 inﬁmus,
1363 1728 1783 1785 restitueretur
1813 1726 1914 1782 Ec-

199 1809 662 1907 clesiaepotius,
695 1809 867 1902 quam
898 1823 1242 1882 nobilitatis
1290 1819 1600 1891 eligeretur
1645 1832 1913 1888 persona
1940 1809 1988 1878 B

1089 297 1649 361 HISTORIARUM
1700 284 1903 360 LlB'Rl
1952 299 2321 372 QUINQUE.
2368 333 2444 347 —-
2486 301 2632 361 Llll.
2681 302 2783 362 IlI.

3528 289 3652 356 650

2646 431 2876 488 CAPUT
2916 429 3011 486 Ill.

2010 521 2084 577 De
2111 521 2290 578 stella
2317 527 2554 591 ramale,
2576 536 2703 595 quae
2729 534 3022 593 apparens
3044 519 3310 591 plurima
3332 519 3658 590 portendit.

2008 611 2290 683 Apparuit
2320 613 2498 686 igitur
2528 609 2748 683 praefati
2796 609 2950 681 regis
2995 612 3261 681 tempore
3301 607 3361 664 in
3389 609 3660 668 occiden-

2011 699 2141 755 talis
2171 701 2321 757 aeris
2353 704 2513 772 parte
2555 698 2742 765 stella,
2779 715 2906 770 quae
2948 700 3186 753 vocatur
3234 702 3480 767 cometa,
3515 699 3662 772 Sep-

2007 789 2254 844 tembrio
2281 806 2500 856 mense,
2529 787 2843 859 incipiente
2886 788 3074 855 nocte,
3108 785 3434 858 perdurans
3468 787 3661 860 spatio

2007 877 2182 932 trium
2210 879 2524 934 mensium.
2541 881 2674 944 Qua:
2691 875 2916 931 scilicet
2935 874 3116 930 nimia
3136 874 3399 931 claritate
3423 874 3660 948 fulgens

2008 966 2323 1022 maximam
2356 966 2507 1023 aeris
2538 970 2762 1038 partem
2793 964 2905 1020 sibi
2935 963 3284 1022 illustrando
3301 964 3660 1032 vindicabat,

2007 1072 2196 1127 usque
2241 1057 2383 1111 dum
2433 1055 2585 1111 circa
2632 1054 2768 1126 galli
2817 1057 3056 1110 cantum
3104 1053 3493 1111 occumberet.
3543 1054 3664 1110 Sed

2006 1148 2207 1199 utrum
2239 1144 2462 1200 noviter
2489 1161 2522 1200 a
2549 1145 2666 1199 Deo
2697 1142 2868 1198 stella
2894 1142 3183 1211 mittatur,
3215 1159 3318 1201 seu
3349 1143 3422 1199 ab
3451 1143 3687 1211 eodem‘

2009 1233 2081 1288 ob
2115 1232 2364 1305 gratiam
2396 1231 2649 1304 portenti
2677 1230 2929 1303 alicujus
2949 1230 3127 1288 stellae
3148 1231 3347 1288 lumen
3378 1231 3674 1306 multiplio

2011 1321 2138 1377 cius
2167 1325 2473 1394 augeatur,
2495 1321 2605 1393 ipsi
2638 1320 2746 1376 soli
2797 1321 2946 1376 scire
2993 1322 3290 1394 competit,
3323 1322 3422 1394 qui
3450 1327 3670 1378 cetera

2014 1410 2392 1465 indicibiliter
2413 1426 2521 1464 sua
2543 1408 2832 1481 sapientia
2856 1409 3133 1482 disponit.
3162 1409 3310 1465 Illud
3339 1415 3534 1466 tamen
3556 1410 3668 1466 ha-

2015 1499 2186 1554 betur
2216 1498 2701 1572 probatissimum
2741 1499 3041 1572 quoniam,
3070 1497 3297 1572 quoties
3319 1498 3670 1571 hujusmodi

2019 1587 2360 1643 hominibus
2409 1589 2738 1644 ostenditur
2783 1589 2905 1644 ﬁeri
2953 1588 3011 1644 in
3053 1588 3295 1657 mundo,
3329 1587 3505 1661 paulo
3534 1592 3675 1662 post

2019 1677 2318 1760 quoddam
2351 1677 2566 1731 mirum
2597 1681 2771 1747 atque
2801 1677 3060 1732 terribile
3085 1681 3352 1749 patenter
3378 1677 3672 1736 innuitur.

2022 1766 2281 1838 Denique
2311 1765 2552 1837 contigit
2580 1766 2638 1820 in
2678 1767 3008 1837 proximum
3043 1766 3345 1823 ecclesiam
3378 1767 3531 1824 beati
3560 1768 3674 1825 Mi-

2017 1853 2237 1911 chaelis
2289 1854 2622 1926 archangeli
2671 1855 2915 1914 cremari
2959 1855 3248 1922 incendio,
3281 1873 3408 1929 quis
3445 1855 3676 1915 scilicet

199 1904 524 1985 saecularis
571 1936 815 1994 pompae.
855 1916 984 1980 Qua
1038 1915 1114 1970 de
1164 1927 1342 1968 causa
1384 1907 1560 1964 etiam
1609 1904 1904 1977 primates

200 2015 378 2090 regni
413 2011 610 2069 sensit
637 2006 956 2080 plurimum
1011 2007 1416 2064 contumaces,
1473 1994 1572 2068 qui
1602 1994 1903 2066 despectis

203 2082 555 2161 huvmilibus
577 2099 668 2154 sui
696 2094 920 2151 similes
942 2092 1248 2172 eligebant
1271 2082 1718 2159 superbosl‘uit
1739 2084 1899 2139 enim

201 2198 256 2258 ei
290 2211 408 2267 pax
435 2206 578 2246 cum
631 2186 862 2258 regibus
898 2185 958 2238 in
994 2198 1140 2255 gyro
1173 2177 1334 2251 regni
1370 2176 1459 2231 sui
1495 2172 1725 2246 positis,
1775 2191 1899 2230 ma-

203 2261 368 2340 xime
428 2296 572 2335 cum
633 2274 975 2347 supradicto
1028 2271 1386 2341 imperatore
1436 2261 1703 2319 Henrico.
1751 2261 1898 2320 Nam

203 2390 349 2437 cum
410 2366 738 2440 aliquando
787 2363 859 2419 ad
911 2360 1168 2416 invicem
1218 2351 1670 2426 colloquendum
1723 2366 1901 2422 super

209 2463 449 2524 Mosam
485 2439 876 2523 ﬂiuvium,qui
899 2450 1076 2505 limes
1107 2450 1198 2504 est
1231 2443 1538 2513 utriusque
1561 2439 1744 2511 regni,
1764 2455 1899 2494 con-

207 2550 550 2614 venissent,
568 2543 885 2617 pluresque
908 2556 980 2594 ex
1005 2535 1297 2592 ambabus
1330 2531 1596 2604 partibus
1628 2527 1902 2584 mussita-

211 2644 345 2694 rent
377 2616 670 2692 indecens
700 2645 850 2692 esse.
876 2633 944 2683 ut
977 2625 1114 2697 quis
1144 2622 1404 2686 illorum,
1429 2622 1728 2676 tantorum
1751 2616 1903 2672 scili-

211 2733 302 2784 cet
336 2710 575 2799 regum,
603 2724 791 2777 semet
820 2715 1171 2779 humilians,
1195 2709 1362 2784 quasi
1396 2709 1455 2764 in
1489 2705 1902 2764 alteriustran-

216 2819 361 2873 siret
391 2812 709 2877 auxilium,
761 2809 871 2864 hoc
919 2805 1100 2862 etiam
1150 2803 1271 2857 fore
1314 2797 1712 2872 potissimum,
1749 2799 1812 2850 ut
1839 2794 1898 2853 in

2012 1943 2336 1999 constituta
2364 1942 2424 1998 in
2457 1942 2712 2014 quodam
2767 1945 3167 2015 promontorio
3213 1945 3426 2002 littoris
3454 1945 3675 2003 Oceani

2011 2032 2215 2102 maris,
2250 2035 2373 2086 toto
2403 2031 2542 2086 orbe
2573 2047 2730 2086 nunc
2762 2049 2949 2104 usque
2996 2033 3246 2089 habetur
3290 2034 3668 2094 venerabilis.

2011 2123 2156 2177 Nam
2188 2127 2246 2176 et
2275 2121 2417 2176 inibi
2451 2119 2848 2176 certissimum
2882 2122 3263 2195 conspicitur,
3292 2122 3563 2180 videlicet
3601 2140 3674 2182 ex

2009 2212 2371 2266 incremento
2401 2214 2579 2280 atque
2609 2209 2978 2267 decremento
3029 2210 3221 2268 lunari
3259 2211 3450 2268 eundo
3481 2229 3550 2268 ac
3578 2229 3674 2270 re-

2010 2299 2244 2355 deundo
2278 2315 2552 2370 processu
2584 2297 2839 2355 mirabili
2872 2299 2930 2354 in
2961 2315 3104 2373 gyro
3133 2301 3260 2372 ejus
3288 2303 3675 2373 promunturii

2011 2405 2234 2456 reuma,
2271 2388 2496 2444 scilicet
2544 2388 2776 2444 Oceani.
2810 2391 2990 2461 Cujus
3019 2391 3198 2445 etiam
3247 2389 3428 2446 maris
3475 2408 3671 2448 excre-

2010 2483 2274 2534 mentum
2306 2480 2565 2534 malz‘nas
2591 2482 2818 2544 vocant,
2851 2480 3288 2535 decrementum
3320 2495 3554 2553 quoque
3587 2481 3672 2539 le-

2007 2568 2183 2623 dones
2207 2571 2578 2640 nuncupant.
2613 2568 2801 2638 Atque
2830 2568 2904 2623 ob
2935 2568 3044 2624 hoc
3072 2567 3326 2624 maxime
3358 2568 3672 2641 praedictus

2008 2654 2174 2711 locus
2205 2672 2236 2708 a
2266 2655 2538 2726 plurimis
2567 2659 2856 2710 terrarum
2888 2655 3122 2728 populis
3152 2656 3368 2730 saepius
3398 2657 3669 2731 frequen-

2010 2749 2186 2799 tatur.
2211 2745 2313 2798 Est
2342 2746 2518 2800 etiam
2551 2760 2668 2798 non
2699 2743 2870 2816 longe
2900 2762 2933 2800 a
2957 2745 3232 2818 praedicto
3264 2749 3669 2818 promontorio

2009 2832 2280 2888 ﬂuviolus
2298 2836 2684 2906 cognomento
2701 2815 3063 2904 Arduus,qui
3077 2815 3338 2906 posthaec
3352 2815 3672 2907 paululum”

221 2903 494 2962 ﬂuminis
516 2898 712 2956 medio
733 2896 985 2951 navibus
1008 2894 1384 2964 portarentur
1404 2883 1583 2943 simul
1604 2883 1857 2938 locuturi
1883 2902 1896 2952 ;

225 2995 325 3049 sed
361 2992 472 3047 viri
505 2984 893 3045 eruditissimi
946 2980 1092 3037 illud
1145 2983 1390 3048 uterque
1443 2976 1501 3030 in
1550 2977 1746 3027 mente
1793 2972 1896 3029 ha-

227 3085 370 3138 bens
406 3101 418 3138 :
448 3085 686 3153 Quanto
715 3066 972 3148 'magnus
1002 3088 1082 3138 es,
1115 3065 1374 3124 humilia
1399 3071 1456 3121 te
1486 3065 1549 3120 in
1578 3062 1848 3118 omnibus
1879 3081 1899 3119 :

2008 2937 2347 2978 excrescens
2378 2938 2481 2993 per
2508 2921 2742 2992 aliquod
2789 2923 3069 2995 temporis
3111 2922 3370 2994 spatium
3401 2924 3664 2984 intrans.

2009 3009 2278 3066 meabilis
2306 3011 2567 3077 effectus,
2599 3014 2774 3082 atque
2795 3012 2867 3066 ad
2893 3011 3229 3084 praedictam
3249 3010 3556 3070 ecclesiam
3579 3015 3666 3074 ire

2007 3099 2332 3156 volentibus
2348 3099 2500 3154 viam
2525 3097 2844 3170 plurimum
2867 3098 3214 3171 impediens,
3235 3099 3668 3176 aliquantisper

233 3173 418 3244 primo
479 3183 738 3259 namque
787 3179 959 3219 mane
1002 3175 1253 3259 {urgens
1300 3156 1618 3253 imperat?
1667 3156 1900 3259 “ranam
1930 3181 1973 3248 C
2012 3187 2275 3259 ejusdem
2304 3156 3089 3243 itineris‘obstaculum‘fuit.
3119 3156 3665 3250 Postmodum'vero

235 3279 366 3316 cum
402 3257 609 3332 paucis
640 3255 711 3311 ad
759 3269 956 3326 regem
1010 3251 1390 3311 Francorum,
1423 3242 1726 3313 nimioque
1774 3258 1899 3296 am-

239 3331 609 3422 plexusemet
619 3335 1571 3406 deosculantes,sacramentisque
1583 3331 1900 3386 missarum

245 3439 505 3495 decenter
534 3436 610 3492 ab
641 3429 932 3506 episcopis
964 3428 1024 3484 in
1057 3427 1372 3498 conspectu
1394 3421 1627 3478 illorum
1652 3417 1904 3475 celebra-

247 3527 338 3595 tis,
399 3525 689 3599 prandere
744 3519 1010 3591 utrisque
1079 3513 1260 3570 simul
1321 3509 1608 3585 congruit.
1667 3507 1901 3580 Expleto

252 3632 474 3687 quoque
533 3610 806 3686 prandio,
840 3606 1054 3664 obtulit
1111 3604 1400 3660 Robertus
1459 3617 1558 3655 rex
1615 3599 1906 3654 immensa

255 3721 487 3760 munera
515 3701 646 3758 auri
679 3703 856 3771 atque
885 3695 1109 3768 argenti
1142 3698 1199 3748 et
1229 3691 1615 3764 pretiosarum
1647 3703 1905 3760 gemma-

254 3810 374 3849 rum
403 3791 676 3857 Henrico,
711 3790 948 3844 centum
991 3785 1234 3856 insuper
1280 3796 1462 3853 equos
1495 3775 1905 3834 honestissime

253 3881 597 3953 phaleratos,
633 3893 812 3951 super
863 3887 1350 3947 unumquemque
1399 3867 1579 3924 lorica
1625 3869 1680 3922 et
1717 3864 1903 3938 galea,

254 3973 532 4026 mandans
580 3968 829 4038 insuper
879 3968 1107 4019 tantum
1161 3959 1395 4017 illorum
1446 3955 1764 4013 amicitiam
1795 3953 1906 4008 mi-

254 4078 419 4116 nuere
449 4063 746 4132 quantum
778 4053 1142 4126 contingeret
1187 4067 1255 4105 ex
1304 4047 1580 4103 omnibus
1609 4044 1690 4099 illi
1725 4041 1908 4098 relin-

253 4167 440 4222 quere.
485 4150 562 4204 At
611 4144 900 4201 Henricus
948 4157 1193 4197 cernens
1247 4136 1420 4194 amici
1474 4133 1903 4200 liberalitatem,

254 4238 508 4312 suscepit
537 4253 610 4292 ex
640 4233 760 4290 illis
790 4236 1021 4288 tantum
1068 4229 1286 4284 librum
1337 4223 1647 4297 Evangelii,
1680 4238 1822 4278 auro
1853 4225 1909 4276 et

252 4308 544 4400 lapidibus
563 4322 838 4398 pretiosis
861 4321 1170 4390 insertum,
1187 4334 1250 4373 ac
1270 4313 1693 4390 phylacterium
1717 4308 1908 4366 simile

253 4420 489 4482 factum,
513 4413 826 4471 continens
849 4411 1082 4466 dentem
1107 4405 1292 4463 sancti
1315 4402 1604 4459 Vincentii
1627 4400 1830 4456 Levita:
1853 4401 1909 4454 et

250 4507 545 4579 martyris.
577 4503 732 4559 Uxor
760 4517 892 4557 vero
923 4498 1083 4554 illius
1114 4513 1284 4570 pares
1316 4493 1443 4550 auri
1475 4495 1703 4547 tantum
1733 4504 1910 4544 naves

252 4577 490 4669 accepit.
524 4595 747 4649 Caetera
779 4595 974 4645 autem
1005 4586 1310 4660 egrediens
1360 4582 1417 4639 in
1450 4581 1638 4654 gratia
1667 4577 1910 4635 dimisit.

251 4667 525 4758 Sequenti
556 4681 740 4754 igitur
769 4679 860 4735 die
891 4678 1102 4733 iterum
1156 4691 1254 4729 rex
1305 4672 1595 4728 Robertus
1627 4684 1760 4724 cum
1791 4667 1912 4740 epi-

250 4756 445 4846 scopis
475 4771 547 4828 ad
582 4767 953 4841 imperatoris
1005 4763 1252 4821 tentoria
1296 4758 1613 4834 transiens,
1646 4756 1743 4828 qui
1778 4772 1912 4811 eum

253 4845 394 4920 satis
426 4860 688 4926 sublime
707 4857 1059 4930 suscipiens,
1084 4852 1424 4926 expletoque
1446 4847 1624 4903 simul
1647 4845 1911 4918 prandio,

254 4957 491 5009 centum
521 4950 706 5006 libras
737 4947 788 5003 ei
819 4964 888 5003 ex
918 4961 1060 5002 auro
1092 4958 1238 5017 puro
1273 4937 1527 5007 obtulit;
1554 4954 1654 4992 rex
1684 4951 1915 5008 quoque

257 5060 426 5115 pares
456 5043 690 5096 tantum
722 5054 896 5092 naves
928 5034 1054 5092 auri
1090 5049 1159 5088 ex
1185 5029 1284 5086 illo
1316 5027 1572 5100 sumpsit
1607 5043 1618 5082 :
1653 5026 1914 5080 firmato~

255 5114 367 5204 que
397 5135 650 5200 uterque
682 5131 846 5200 pacto
877 5122 1168 5184 amicitiae,
1203 5119 1422 5176 rediere
1453 5118 1524 5172 ad
1555 5116 1807 5189 propria.
1831 5114 1915 5170 Ab

252 5203 386 5278 aliis
410 5233 650 5292 quoque
679 5215 916 5288 regibus
946 5211 1089 5269 satis
1122 5209 1381 5283 gratiﬁce
1411 5206 1521 5260 fuit
1553 5221 1783 5276 semper
1812 5203 1916 5258 ha-

252 5311 436 5378 bitus,
454 5305 749 5364 Adalrado
771 5303 992 5361 scilicet
1008 5317 1141 5374 rege
1163 5297 1510 5372 Anglorum,
1530 5298 1586 5352 et
1612 5292 1920 5366 Rodulpho

253 5416 389 5471 rege
417 5393 881 5462 Austrasiorum,
898 5409 1001 5448 nec
1022 5407 1136 5447 non
1160 5392 1216 5444 et
1237 5385 1444 5444 Sancio
1469 5401 1600 5457 rege
1632 5383 1921 5440 Navarriaa

255 5486 716 5561 Hispaniarum;
752 5480 1174 5552 mittebantque
1200 5477 1250 5534 ei
1283 5491 1530 5532 munera
1561 5479 1617 5530 et
1647 5473 1923 5549 petebant

254 5577 435 5636 abeo
463 5573 701 5643 auxilia.

581 5744 845 5812 ΡΑηοι.
882 5739 1124 5812 CXLII.

2011 3279 2070 3333 in
2095 3292 2222 3332 sese
2245 3275 2475 3331 rediens
2505 3274 2958 3346 profundissime
2973 3275 3140 3333 littus
3159 3293 3266 3332 suo
3281 3293 3458 3334 cursu
3478 3278 3669 3337 sulcas

2013 3371 2140 3422 tum
2173 3364 2426 3437 reliquit.
2467 3363 2568 3420 His
2600 3363 2681 3419 ita
2711 3365 2914 3436 gestis,
2949 3365 3194 3439 contigit
3221 3369 3288 3422 ut
3314 3367 3668 3428 venerabilia

2012 3455 2154 3523 Abo,
2189 3455 2360 3510 Pater
2388 3452 2729 3508 monasterii
2749 3454 2808 3509 S.
2843 3438 3138 3511 Benedicti
3164 3438 3548 3512 Floriacensis
3577 3467 3671 3514 co:-

2012 3542 2358 3616 gnominati,
2378 3541 2565 3616 gratia
2585 3544 2973 3615 propagandae
2997 3543 3297 3617 religionis
3328 3545 3669 3604 monastion

2013 3632 2072 3686 in
2104 3630 2463 3704 provinciam
2487 3629 2760 3686 transiret
2781 3632 3242 3689 meridianorum
3268 3633 3666 3692 Vuasconum.

2013 3725 2274 3792 Cumque
2305 3718 2443 3775 illuc
2475 3719 2786 3776 deveniens
2817 3720 2877 3775 in
2907 3722 3163 3793 quodam
3191 3726 3520 3781 moraretur
3549 3740 3670 3781 cce-

2015 3809 2212 3878 nobio,
2244 3810 2445 3881 ibique
2475 3824 2635 3863 more
2667 3806 2836 3864 solito
2885 3827 2953 3865 ea
3000 3827 3126 3882 quae
3160 3811 3262 3866 Dei
3294 3816 3433 3868 sunt
3463 3812 3669 3869 sedulo

2013 3903 2321 3966 exerceret,
2356 3898 2536 3953 nimio
2568 3914 2600 3953 a
2631 3897 2860 3954 cunctis
2887 3899 3272 3955 venerabatur
3302 3900 3535 3958 attactu.
3563 3903 3671 3958 Ac-

2015 3989 2155 4044 cidit
2179 3989 2358 4062 igitur
2379 3987 2473 4043 die
2495 3987 2750 4059 quadam
2775 3986 2918 4042 utin
2940 3986 3086 4043 atrio
3103 3989 3370 4059 ejusdem
3395 3990 3667 4056 omnobii,

2015 4077 2528 4134 exardescentibus
2577 4076 2971 4148 quorumdam
3013 4075 3404 4148 litigiosorum
3444 4076 3667 4136 irarum

2015 4167 2295 4236 stimulis,
2330 4167 2579 4222 nimium
2610 4181 2742 4221 acer
2769 4164 3021 4222 oriretur
3048 4165 3364 4222 tumultus.
3396 4167 3668 4238 Dumque

2012 4260 2101 4314 vir
2130 4255 2658 4321 reverentissimus,
2693 4253 3003 4327 praedictus
3031 4254 3302 4312 videlicet
3328 4257 3474 4324 Abo,
3507 4272 3668 4312 com-

2016 4348 2247 4422 periens
2271 4347 2342 4402 ad
2363 4345 2633 4402 eumdem
2655 4341 2977 4399 tumultum
2999 4345 3325 4402 sedandum
3349 4344 3669 4419 pugillares

2018 4456 2224 4513 gerens
2255 4437 2313 4492 in
2346 4434 2621 4492 manibus
2646 4432 2892 4491 tabellas
2921 4451 3055 4490 cum
3086 4433 3236 4508 style
3263 4435 3668 4508 processisset,

1942 4555 1988 4621 Β
2019 4546 2175 4584 unus
2205 4545 2236 4583 e
2265 4526 2458 4598 vulgo,
2490 4523 2722 4580 afﬂatus
2753 4522 2962 4594 spiritu
3005 4523 3316 4592 diabolico,
3345 4524 3578 4583 irruens
3608 4524 3669 4582 in

2021 4635 2153 4674 eum
2172 4611 2794 4687 ejusquelatuslancea
2813 4612 3338 4683 perforansChristi
3355 4618 3670 4687 martyrem

2022 4707 2176 4763 fecit.
2211 4705 2316 4770 Qui
2358 4704 2557 4772 etiam,
2591 4705 2657 4756 ut
2702 4701 2906 4769 fertur,
2940 4700 3112 4773 paulo
3163 4705 3297 4774 post
3338 4707 3607 4774 arreptus
3635 4719 3672 4758 a

2023 4798 2306 4866 daemone,
2352 4789 2769 4848 miserabiliter
2815 4789 2995 4844 vitam
3039 4789 3244 4844 finivit.
3278 4792 3500 4862 Corpus
3537 4805 3673 4846 vero

2025 4884 2283 4959 praedicti
2316 4881 2503 4937 Patris
2529 4884 2649 4934 tam
2681 4877 2771 4933 sui
2803 4894 2980 4950 quam
3014 4877 3203 4933 caateri
3226 4877 3445 4950 quique
3473 4876 3674 4938 fideles

2023 4974 2286 5046 ejusdem
2322 4967 2626 5043 provinciae
2681 4966 2996 5023 honoriﬁce
3043 4965 3125 5020 ibi
3156 4965 3530 5038 sepelierunt.
3564 4964 3675 5023 Ubi

2024 5063 2199 5119 etiam
2224 5061 2296 5116 ad
2329 5059 2561 5114 laudem
2592 5055 2684 5112 sui
2716 5054 2968 5110 nominis
2991 5054 3268 5128 perplura
3295 5055 3676 5131 postmodum

2025 5151 2310 5209 Dominus
2342 5147 2587 5221 largitus
2617 5149 2706 5202 est
2735 5143 3074 5200 hominibus
3106 5143 3407 5202 beneﬁcia.

2101 5244 2266 5299 Tunc
2296 5239 2475 5312 igitur
2503 5235 2785 5308 temporis
2815 5234 2872 5289 in
2908 5232 3091 5302 Italia,
3126 5238 3301 5306 atque
3342 5232 3403 5290 in
3450 5232 3676 5302 Galliis,

2032 5333 2296 5406 plerique
2341 5327 2749 5399 episcoporum
2801 5320 3084 5378 nonnulla
3132 5322 3284 5379 inter
3325 5341 3388 5380 se
3435 5320 3679 5382 diversis

2031 5418 2450 5498 quaestionibus
2468 5416 2722 5471 habuere
2743 5411 3101 5484 synodorum
3119 5410 3681 5470 conoiliahula.Nam

2031 5515 2102 5570 de
2123 5513 2202 5586 jej
2215 5509 2389 5578 uniis,
2409 5523 2535 5581 quae
2567 5501 2828 5579 plerique
2853 5498 3115 5558 fidelium
3145 5499 3368 5558 scilicet
3397 5501 3548 5575 inter
3575 5499 3680 5586 All-
3718 5561 3723 5568 ,

2031 5583 2366 5666 censionem
2395 5593 2716 5662 Salvatoris
2746 5593 2806 5655 et
2832 5590 3208 5666 Pente'costen
3239 5590 3571 5662 observant,
3599 5583 3686 5652 ita

3280 5714 3362 5804 21
