4036 6172
483 283 596 350 651

480 421 862 476 decreverunt
884 422 1033 473 utne
1055 435 1157 490 per
1177 417 1488 490 imperium
1509 417 1880 472 sacerdotum
1907 415 2132 479 fierent,

477 514 713 583 excepto
743 510 995 565 Sabbato
1025 509 1425 575 Pentecostes;
1457 512 1514 563 et
1545 525 1578 562 a
1610 505 1828 578 quibus
1864 503 1991 559 ﬁeri
2019 503 2136 558 vel-

478 600 699 670 lent,ne
720 599 1164 672 prohiberentur
1184 596 1642 670 ﬁeri.Simulque
1664 594 1874 650 incidit
1895 591 2138 666 quaestio

483 709 589 748 cur
617 688 886 746 monachi
918 705 1020 760 per
1065 693 1181 744 tres
1226 687 1314 742 vel
1360 691 1611 759 quatuor
1643 683 1985 740 Dominicas
2018 681 2142 736 dies

483 784 615 837 ante
632 778 786 834 diem
806 777 1125 834 nativitatis
1142 776 1583 843 Dominicae,seu
1607 769 2140 846 quadragesimalis

484 867 904 925 observationis
935 871 1214 939 tempore,
1249 866 1555 938 hymnum,
1608 862 1831 919 scilicet
1880 863 1944 916 Te
1974 861 2142 914 Deum

484 958 793 1027 laudamus,
827 959 1203 1013 decantarent
1234 961 1434 1010 contra
1465 971 1686 1010 morem
1729 953 2005 1008 Romanae
2038 949 2140 1002 Ec-

485 1048 692 1104 clesiae.
708 1050 832 1115 Qua
850 1045 1118 1102 videlicet
1141 1045 1456 1117 quaestione
1475 1041 1731 1116 aggressi
1753 1046 1870 1095 tam
1900 1038 2143 1094 abbates

485 1154 664 1210 quam
695 1134 965 1192 monachi
998 1134 1424 1206 responderunt
1454 1150 1514 1187 se
1546 1149 1649 1203 pro
1681 1129 1846 1184 nulla
1892 1144 1951 1182 re
1996 1124 2140 1180 illud

485 1243 675 1301 agere,
709 1225 823 1280 nisi
852 1242 921 1280 ex
951 1224 1104 1280 beati
1137 1221 1432 1278 Benedicti
1471 1217 1928 1275 nominatissimi
1968 1219 2143 1285 atque

482 1314 954 1374 excellentissimi
973 1312 1159 1368 Patris
1178 1310 1759 1384 praac'eptione,cujus
1783 1307 1960 1362 etiam
1978 1307 2142 1359 actus

484 1405 780 1478 simulque
811 1404 968 1459 dicta
989 1420 1023 1458 a
1052 1417 1286 1457 summo
1317 1401 1715 1455 Romanorum
1750 1391 2145 1469 pontiﬁce,vi-

485 1495 692 1553 delicet
721 1492 1017 1565 Gregorio,
1050 1491 1407 1546 haberentur
1437 1488 1728 1559 descripta
1779 1504 1845 1541 ac
1875 1478 2142 1539 laudabi—

485 1581 619 1642 liter
649 1582 937 1640 roborata.
957 1581 1059 1636 His
1085 1579 1335 1650 denique
1357 1577 1669 1650 compertis
1700 1573 1979 1648 episcopi,
1999 1584 2144 1628 usus

487 1673 909 1732 monachorum
941 1668 1275 1725 authentico
1307 1685 1374 1723 ex
1429 1684 1589 1722 more
1641 1665 1842 1739 viguit.
1879 1664 1992 1718 Nec
2025 1673 2146 1714 non

485 1765 660 1822 etiam
692 1763 763 1817 de
793 1760 885 1816 die
915 1757 1382 1815 annuntiationis
1413 1753 1863 1826 Dominicze,qui
1888 1751 2148 1810 celebra‘

483 1859 581 1911 tur
609 1857 807 1908 octavo
839 1849 1229 1905 Kalendarum
1259 1846 1568 1918 Aprilium,
1603 1845 1652 1900 si
1703 1844 1845 1899 forte
1877 1840 2136 1914 quolibet

483 1944 596 2000 alio
653 1946 914 2012 tempore
959 1941 1166 2010 praeter
1211 1935 1728 2006 Quadragesimam
1767 1930 1946 1987 excoli
1996 1946 2132 1984 con-

483 2032 788 2106 gruentius
845 2028 1150 2101 potuisset,
1203 2025 1274 2081 ab
1321 2025 1541 2080 eisdem
1591 2021 1968 2095 pontiﬁcibus
2018 2035 2133 2074 non

483 2138 662 2195 parva
690 2119 849 2175 illata
879 2121 966 2173 est
997 2115 1257 2188 quaestio.
1297 2113 1612 2169 Ferebatur
1641 2112 1796 2167 enim
1829 2128 1862 2165 a
1892 2108 2133 2180 quibus-

485 2212 621 2266 dam
644 2210 908 2265 eamdem
929 2205 1195 2262 videlicet
1216 2203 1721 2259 annuntiationem
1747 2198 2135 2264 Dominicam,

484 2315 646 2356 more
675 2298 1091 2370 Hispanorum,
1126 2293 1330 2364 quinto
1364 2291 1587 2346 decimo
1619 2289 2009 2345 Kalendarum
2037 2287 2135 2341 Ja-

485 2388 829 2444 nuariarum
859 2384 950 2440 die
980 2379 1566 2454 irreprehensibiliter
1615 2395 1786 2450 posse
1834 2374 2133 2432 celebrari.

485 2479 634 2534 Nam
651 2491 785 2532 cum
802 2491 906 2547 ego
924 2471 1299 2545 postmodum
1317 2469 1376 2524 in
1396 2468 1748 2525 monasterio
1770 2463 2136 2521 Cluniacensi

488 2583 623 2623 cum
655 2563 876 2620 caeteris
908 2559 1184 2617 fratribus
1232 2559 1522 2631 degerem,
1578 2558 1969 2612 convenerunt
1999 2552 2136 2607 illuc

491 2658 563 2712 ab
607 2652 904 2726 Hispaniis
951 2648 1334 2722 Quamplures
1381 2647 1636 2702 honestae
1684 2642 2137 2700 conversationis

484 2743 840 2818 jamdudum
859 2755 1020 2794 more
1031 2737 1285 2792 viventes
1303 2735 1547 2808 propriae
1568 2734 1822 2806 regionis
1845 2729 2134 2787 monachi.

491 2833 922 2906 Propinquante
947 2845 1080 2884 vero
1112 2827 1204 2882 die
1236 2824 1554 2880 nativitatis
1586 2822 1926 2890 Dominicaa,
1958 2819 2138 2892 petie-

492 2927 630 2978 runt
659 2918 918 2994 praedicti
948 2915 1218 2972 monachi
1245 2913 1633 2970 venerabilem
1667 2911 1968 2968 Odilonem
1991 2909 2143 2979 ejus-

491 3012 623 3067 dem
655 3009 764 3064 loci
795 3008 1092 3071 abbatem,
1113 3008 1178 3059 ut
1209 3020 1369 3059 more
1401 3019 1643 3058 suorum
1673 3001 1870 3056 liceret
1891 2999 1975 3054 eis
1999 2997 2142 3053 cele-

489 3102 658 3158 brare
685 3096 1229 3154 Annuntiationem.
1263 3092 1424 3157 Quod
1453 3109 1586 3146 eum
1623 3090 1913 3154 fecissent,
1951 3103 2140 3157 segre-

1461 282 1796 346 RODULFI
1849 279 2132 342 GLABRI
2178 280 2532 344 MONACHI
2579 281 2937 346 CLUNIAC.

3685 305 3780 366 65‘).

2166 435 2220 501 Α
2250 413 2766 486 incomparabilem
2798 417 2977 490 hujus
3023 421 3295 493 temporis
3339 429 3614 488 ostenderet
3636 435 3783 496 virum

2249 501 2610 560 hominibus.
2644 505 2817 561 Duxit
2846 508 3004 563 enim
3050 526 3119 565 ex
3169 511 3440 572 nobilibus
3486 517 3788 592 Francorum,

2249 595 2442 647 mente
2462 592 2713 649 nobilior
2735 594 2879 666 ipse,
2904 598 3256 671 prosapiam,
3280 605 3332 656 et
3347 607 3405 658 ut
3425 603 3587 662 lilium
3602 609 3670 665 vel
3690 629 3790 670 rosa

2249 680 2319 772 de
2348 680 2556 772 spinis,
2582 683 2652 738 de
2678 684 3057 742 ferocioribus
3081 690 3390 746 secundum
3416 695 3706 768 sanguinem
3720 717 3793 772 pa-

2250 769 2371 824 triai
2404 770 2529 825 fuit.
2575 771 2702 839 Qui,
2739 779 2803 829 ut
2831 777 3295 848 generosioribus
3324 798 3440 838 mos
3466 789 3557 851 est,
3583 769 3794 847 nobiliter

2251 859 2533 951 educatus
2558 879 2570 951 ξ
2591 862 2801 919 dehinc
2819 882 2949 920 vero
2975 866 3188 924 scholis
3206 870 3405 926 artium
3426 871 3703 931 liberalium
3719 895 3794 951 ap-

2249 946 2521 1018 plicatus.
2554 950 2664 1006 Sed
2696 953 3028 1027 intelligens
3053 973 3122 1012 ex
3152 956 3242 1013 his
3269 959 3546 1032 plerosque
3572 963 3680 1035 plus
3710 946 3797 1023 fore

2251 1041 2622 1096 contumaces
2654 1057 2830 1112 quam
2864 1044 3070 1099 divinae
3101 1046 3424 1104 obedientim
3448 1051 3691 1121 subditos,
3711 1056 3799 1110 sul-

2252 1125 2421 1180 ﬁcere
2448 1127 2558 1182 sibi
2591 1131 2839 1186 credidit
2865 1132 2913 1188 si
2945 1134 3150 1191 exinde
3181 1136 3419 1194 salutem
3448 1141 3628 1196 animae
3649 1158 3800 1214 repor-

2252 1219 2418 1270 taret.
2440 1216 2679 1274 Relictis
2712 1226 2905 1277 autein
2937 1225 3278 1296 pompatica
3301 1227 3536 1282 scientiae
3556 1230 3799 1300 studiis,ad

2252 1305 2545 1373 quoddam
2567 1311 2987 1366 monasterium
3007 1312 3154 1368 clam
3173 1314 3509 1388 ingrediens,
3523 1319 3804 1375 monachum

2251 1408 2312 1446 se
2339 1393 2462 1448 ﬁeri
2493 1397 2636 1453 satis
2661 1399 2863 1455 devote
2888 1401 3219 1474 postulavit.

2323 1482 2433 1538 Sed
2467 1486 2764 1557 quoniam,
2799 1494 2864 1544 ut
2893 1490 3171 1560 diximus,
3205 1491 3344 1547 clari
3373 1497 3490 1549 erat
3514 1494 3723 1566 generis,
3747 1493 3811 1550 id-

2253 1569 2405 1626 circo
2435 1579 2742 1644 parentum
2775 1579 2966 1634 minas
3013 1580 3480 1652 pertimescentes
3520 1581 3658 1638 nullo
3683 1585 3812 1638 modo

2253 1662 2593 1731 acquievere
2639 1664 2763 1721 fieri
2808 1669 2962 1738 quod
3013 1674 3352 1742 poposcerat
3395 1671 3587 1727 fratres
3611 1672 3817 1743 ejusdem

2256 1752 2614 1808 monasterii.
2647 1754 2709 1809 In
2742 1754 2849 1810 hoc
2878 1761 3074 1812 tamen
3104 1756 3274 1814 illum
3305 1765 3580 1816 servantes
3605 1760 3649 1815 ei
3686 1760 3816 1814 ﬁdem

2247 1838 2552 1910 dederunt,
2589 1848 2653 1898 ut
2683 1843 2731 1899 si
2761 1845 2850 1900 vis
2883 1863 2996 1901 non
3029 1847 3310 1915 obstaret,
3339 1853 3626 1921 parentum
3651 1847 3822 1904 scilicet

2245 1926 2452 1998 ipsius,
2487 1929 2876 1989 libentissime
2920 1936 3076 2006 quod
3128 1937 3365 2008 petebat
3406 1937 3687 2010 explerent.
3712 1938 3821 1992 Tan-

2244 2017 2376 2072 dem
2408 2018 2553 2074 inibi
2586 2037 2977 2091 commorans,
3012 2024 3211 2096 qualis
3259 2027 3618 2099 postmodum
3646 2027 3825 2082 futurus

2244 2111 2399 2162 esset
2427 2109 2574 2164 dans
2605 2112 2934 2168 sanctitatis
2957 2112 3247 2170 indicium
3271 2115 3654 2187 universisque
3682 2115 3744 2169 ibi
3759 2114 3827 2168 de-

2244 2197 2516 2268 gentibus
2550 2198 2832 2256 imitabile
2859 2203 3106 2273 praebuit
3135 2203 3493 2276 exemplum.
3523 2204 3828 2276 Comperiens

2244 2302 2376 2341 vero
2403 2292 2570 2359 pater
2595 2290 2724 2360 ejus
2754 2291 2908 2362 quod
2941 2292 3176 2363 fecerat,
3211 2294 3407 2350 furore
3453 2299 3691 2365 arreptus
3715 2291 3831 2348 venit

2246 2375 2317 2429 ad
2352 2376 2692 2447 praedictum
2727 2379 3172 2448 monasterium,
3210 2382 3398 2438 tilium
3440 2381 3632 2438 exinde
3657 2381 3830 2437 abstra-

2245 2467 2450 2520 cturus
2481 2483 2677 2522 revera
2708 2469 3032 2539 potioribus
3062 2469 3247 2528 lucris
3277 2470 3833 2528 inservientem.Satis—

2247 2569 2358 2624 que
2389 2555 2581 2610 verbis
2614 2557 3013 2630 redargutum,
3046 2559 3162 2615 vim
3194 2561 3246 2616 ei
3271 2562 3514 2630 faciens,
3541 2560 3687 2616 duxit
3711 2557 3836 2614 illum

2245 2641 2381 2698 inde
2403 2659 2601 2699 secum
2635 2663 2820 2718 usque
2850 2647 2907 2702 in
2935 2649 3088 2722 regis
3111 2650 3280 2705 curia
3294 2651 3670 2723 n,ipsumque
3689 2663 3839 2720 regem

2247 2732 2581 2802 obsecrans,
2604 2738 2666 2789 ut
2688 2737 2814 2806 ejus
2846 2737 3110 2793 animum
3137 2739 3213 2794 ab
3247 2739 3358 2796 hac
3389 2739 3685 2796 intentione
3702 2737 3840 2792 bono-

2249 2839 2381 2878 rum
2412 2824 2829 2895 sponsionibus
2859 2833 3171 2884 revocaret.
3200 2831 3390 2896 Quem
3421 2847 3651 2886 cernens
3678 2824 3847 2889 rex,vi-

2248 2910 2455 2967 delicet
2487 2913 2791 2983 Robertus,
2813 2920 2874 2970 ut
2906 2920 3030 2971 erat
3058 2917 3196 2988 pius
3229 2935 3297 2974 ac
3328 2912 3843 2991 religiosus,dulcius

2249 2999 2415 3056 illum
2447 3001 2780 3071 exhortans,
2803 3004 3054 3076 qualiter
3076 3007 3306 3064 bonum
3330 3007 3680 3081 propositum
3701 3007 3848 3059 mente

2249 3089 2474 3162 integra
2497 3109 2835 3149 conservare
2863 3099 3172 3167 satageret,
3198 3102 3382 3171 atque
3402 3097 3462 3153 in
3487 3112 3716 3170 praesens
3733 3090 3845 3148 beati

488 3190 607 3263 gati
639 3207 673 3244 a
702 3188 948 3254 caeteris,
976 3184 1166 3241 visum
1193 3187 1283 3238 est
1332 3186 1499 3236 nocte
1528 3181 1732 3236 eadem
1765 3179 1996 3233 duobus
2048 3193 2135 3231 se-
2168 3176 2212 3245 C
2251 3179 2482 3234 Martini
2505 3180 2761 3237 ecclesiae
2783 3184 3178 3241 archiclavum
3204 3203 3342 3243 esse
3373 3183 3848 3261 praecepit,cupiens

490 3277 752 3334 nioribus
783 3274 914 3341 loci,
937 3273 1093 3346 quod
1113 3289 1265 3327 unus
1287 3271 1357 3326 de
1380 3269 1652 3341 Hispanis
1675 3267 1903 3323 fuscina
1923 3265 2140 3320 focaria

488 3367 770 3438 arriperet
792 3365 1046 3434 desuper
1077 3361 1254 3416 altare
1283 3377 1550 3432 puerum,
1577 3359 1948 3428 mitteretque
1971 3355 2136 3408 illum

489 3456 550 3510 in
582 3453 939 3524 sartaginem
963 3449 1171 3521 prunis
1195 3448 1447 3520 plenam,
1468 3447 1548 3502 ita
1568 3446 1917 3501 clamantem
1945 3461 1956 3499 :
1988 3466 2014 3493 ‹‹
2039 3444 2137 3498 Pa-

490 3549 597 3610 ter,
624 3546 803 3614 pater,
829 3540 980 3612 quod
1007 3544 1066 3592 tu
1099 3536 1311 3592 dedisti
1343 3535 1438 3592 isti
1463 3537 1752 3592 auferunt.
1780 3558 1808 3584 »
1835 3534 1980 3600 Quid
2013 3532 2139 3605 plu—

492 3632 597 3689 ra?
621 3631 774 3703 apud
798 3647 904 3684 nos
927 3627 1168 3699 antiqua
1189 3626 1568 3693 consuetudo,
1598 3625 1680 3678 uti
1710 3624 1972 3688 decebat,
1994 3640 2134 3694 prie-

490 3720 692 3778 valuit.

1129 3804 1360 3862 CAPUT
1401 3803 1491 3859 IV.

701 3901 776 3956 De
803 3897 1154 3954 innovatione
1180 3895 1531 3951 ecclesiarum
1558 3894 1617 3947 in
1648 3899 1752 3948 toto
1783 3893 1929 3948 orbe.

554 3991 741 4064 Igitur
770 3987 922 4044 infra
959 3984 1363 4058 supradictum
1410 3982 1789 4039 millesimum
1819 3980 1985 4037 tertio
2007 3979 2134 4051 jam

486 4080 605 4136 fere
634 4078 979 4134 imminente
1010 4092 1183 4145 anno,
1207 4072 1451 4146 contigit
1481 4072 1538 4126 in
1562 4072 1830 4127 universo
1861 4086 2007 4143 pene
2028 4074 2136 4124 ter-

482 4185 682 4226 rarum
711 4169 869 4235 orbe,
888 4165 1176 4239 prazcipue
1206 4168 1397 4219 tamen
1431 4162 1486 4216 in
1519 4161 1703 4228 Italia,
1729 4163 1785 4216 et
1815 4160 1872 4214 in
1907 4157 2132 4228 Galliis,

481 4257 744 4314 innovari
763 4255 1139 4313 ecclesiarum
1159 4252 1451 4319 basilicas,
1472 4250 1604 4306 licet
1624 4250 1910 4323 pleraeque
1931 4249 2134 4304 decen-

479 4351 568 4404 ter
596 4347 794 4402 locatae
818 4345 1060 4400 minime
1082 4343 1494 4415 indiguissent.
1510 4340 1911 4396 {Emulabatur
1935 4343 2128 4393 tamen

483 4451 728 4506 quaeque
759 4449 903 4505 gens
933 4431 1409 4487 Christicolarum
1443 4431 1719 4484 adversus
1753 4427 1993 4484 alteram
2025 4427 2127 4482 de-

2249 3268 2413 3324 illum
2447 3271 2824 3341 postmodum
2879 3274 3102 3330 caeteris
3151 3277 3512 3333 imitabilem
3562 3273 3847 3330 constituere

2247 3358 2602 3431 pontiﬁcem.
2639 3361 2701 3416 Id
2733 3362 2983 3435 denique
3036 3365 3349 3422 multoties
3384 3369 3746 3440 pertentatum
3771 3363 3851 3421 est,

2247 3449 2370 3516 sed,
2402 3449 2529 3522 ipso
2561 3453 3080 3519 renuente,elfectu
3112 3456 3329 3512 caruit.
3358 3457 3638 3528 Suscepta
3665 3450 3848 3525 quippe,

2246 3555 2311 3593 ac
2335 3537 2382 3594 si
2405 3544 2662 3607 coactus,
2677 3540 2930 3597 ecclesiae
2952 3559 3110 3609 cura,
3133 3550 3424 3617 vasteque
3447 3544 3578 3601 alba
3600 3546 3774 3606 tectus,
3790 3536 3855 3590 in-

2246 3629 2477 3683 terdum
2512 3646 2671 3684 more
2701 3631 2978 3686 canonico
3010 3636 3277 3689 mentem
3301 3639 3505 3689 tamen
3529 3637 3583 3688 et
3601 3631 3751 3685 vitam
3771 3624 3851 3698 plc-

2247 3717 2397 3773 niter
2426 3717 2685 3791 possedit
2709 3720 3127 3776 monachicam.
3155 3722 3314 3778 Nam
3339 3740 3578 3796 semper
3597 3720 3658 3776 ad
3683 3715 3854 3773 nudum

2245 3812 2432 3863 tectus
2464 3806 2650 3863 cilicio
2674 3808 3076 3882 irrel'ragabili,
3093 3827 3418 3868 macerans
3440 3827 3646 3883 corpus
3659 3802 3853 3880 jejunio,

2245 3897 2356 3953 sibi
2387 3896 2789 3970 parcissimus,
2817 3897 3014 3971 largus
3045 3900 3446 3972 pauperibus,
3475 3898 3679 3972 vigiliis
3699 3900 3747 3950 et
3770 3905 3860 3947 ora-

2242 3986 2502 4042 tionibus
2531 3985 2788 4042 instabat
2817 3987 3089 4043 assiduis.
3125 3989 3427 4046 Prazterea
3451 3990 3540 4044 vlr
3566 3988 3670 4044 Deo
3698 3983 3858 4057 plenus

2243 4081 2435 4132 mente
2469 4076 2731 4148 concepit
2759 4079 2824 4130 ut
2851 4075 3301 4146 ecclesiam,cui
3336 4083 3544 4135 custos
3566 4069 3862 4132 ascitusl‘nc-

2242 4164 2669 4237 rat,arnplioris
2701 4165 3038 4237 altior-isque
3063 4166 3251 4224 totius
3287 4168 3492 4240 operis
3521 4178 3742 4237 corpore
3761 4157 3863 4213 sub-

2239 4253 2488 4310 limaret.
2521 4255 2732 4310 Sancto
2764 4252 2962 4326 itaque
2993 4255 3220 4328 Spiritu
3258 4275 3327 4313 se
3363 4259 3630 4323 docente,
3651 4250 3866 4322 designa-

2235 4345 2318 4400 vit
2366 4343 2600 4399 latomis
2648 4343 3127 4416 incomparabilis
3169 4347 3418 4415 jactare
3472 4345 3864 4401 fundamentum

2236 4432 2449 4504 operis,
2471 4433 2623 4504 quod
2653 4431 2798 4504 ipse,
2819 4436 2883 4487 ut
2908 4437 3228 4504 optaverat,
3259 4436 3338 4491 ad
3373 4436 3695 4510 perfectum
3719 4424 3868 4485 duxit.

479 4522 733 4614 centiore
766 4521 898 4614 frui.
934 4521 1065 4576 Erat
1095 4537 1250 4576 enim
1300 4519 1484 4574 instar
1537 4535 1602 4573 ac
1634 4517 1681 4573 si
1715 4518 1972 4572 mundus
2003 4517 2126 4589 ipse
2155 4547 2204 4614 Β
2236 4520 2468 4592 Expleto
2502 4521 2696 4593 itaque
2726 4538 2918 4594 Opere,
2942 4523 3381 4597 accersitisque
3410 4523 3780 4597 plurimarum
3802 4530 3871 4568 ur-

478 4611 823 4670 excutiendo
855 4614 1059 4676 semet,
1097 4610 1308 4679 rejecta
1339 4611 1639 4674 vetustate,
1675 4607 1893 4678 passim
1926 4605 2117 4661 candi-

475 4703 611 4758 dam
644 4700 1023 4758 ecelesiarum
1073 4702 1292 4754 vestem
1343 4698 1626 4752 indueret.
1663 4699 1826 4751 Tunc
1874 4696 2126 4767 denique

474 4790 896 4864 episcopalium
931 4788 1159 4844 sodium
1189 4786 1460 4842 ecclesias
1509 4802 1654 4857 pene
1708 4786 2029 4851 universas,
2061 4800 2126 4839 ac

473 4886 678 4939 caetera
709 4897 952 4953 qua-eque
983 4879 1345 4934 diversorum
1377 4881 1713 4932 sanctorum
1747 4875 2121 4942 monasteria,

474 4987 579 5026 seu
611 4970 841 5025 minora
889 4969 1158 5023 villarum
1208 4965 1479 5033 oratoria,
1513 4965 1572 5019 in
1622 4964 1862 5020 meliora
1905 4964 2124 5037 quique

474 5062 876 5129 permutavere
897 5057 1200 5113 fidelesEo
1219 5071 1449 5128 quoque
1473 5058 1728 5127 tempore
1750 5053 1900 5109 inter
1921 5058 2126 5110 caetera

474 5145 628 5200 beati
660 5145 893 5201 Martini
925 5146 1176 5201 Turonis
1207 5143 1627 5201 monasterium
1661 5143 1917 5212 emicuit,
1960 5161 1993 5200 a
2023 5160 2122 5199 ve-

474 5233 720 5290 nerabili
744 5233 964 5290 scilicet
981 5235 1105 5290 viro
1124 5235 1361 5290 lleriveo
1383 5234 1648 5306 ejusdem
1664 5233 1773 5288 loci
1800 5231 2121 5290 archiclavo

473 5338 760 5390 eversum,
801 5326 976 5395 atque
1024 5327 1157 5379 ante
1197 5325 1385 5396 ipsius
1415 5324 1640 5379 obitum
1676 5323 1920 5378 mirifico
1952 5340 2122 5395 Opere

472 5410 910 5468 remdiﬁcatum.
970 5413 1051 5469 De
1107 5414 1276 5484 cujus
1323 5413 1498 5469 etiam
1549 5414 1664 5469 vita
1710 5417 1766 5469 et
1813 5429 2121 5468 conversa-

468 5501 650 5570 tione,
684 5501 878 5574 qualis
910 5519 944 5558 a
990 5501 1240 5574 pueritia
1286 5521 1473 5576 usque
1522 5504 1594 5559 ad
1645 5502 1947 5576 praesentis
1996 5503 2120 5558 vitm

454 5591 789 5659 terminum
821 5591 1059 5668 exstitit,
1081 5591 1134 5651 si
1159 5593 1292 5671 quis
1324 5593 1536 5652 referre
1555 5591 1855 5668 quivissct,
1874 5591 2123 5669 plenitcr

2237 4611 2398 4665 bium
2422 4610 2732 4682 episcopis,
2753 4628 2898 4682 opus
2921 4611 3276 4682 praedictum
3297 4614 3424 4670 Deo
3448 4606 3763 4670 consecrari
3782 4606 3874 4661 stu.

2235 4700 2639 4772 duit.lpsoque
2657 4699 2747 4755 die
2764 4704 3030 4754 sanetum
3050 4699 3148 4756 Dei
3165 4703 3588 4760 confessorem
3604 4696 3872 4757 Martinam

2234 4789 2409 4858 intro,
2443 4789 2595 4844 sicut
2624 4789 2884 4858 decebat,
2914 4790 3192 4861 reposuit.
3216 4791 3646 4849 Venerabatur
3663 4785 3802 4846 enim
3825 4797 3874 4836 en

2234 4879 2326 4934 die
2374 4879 2673 4951 prasteritae
2725 4879 3012 4934 dedicatio
3061 4879 3356 4950 basilicae,
3395 4886 3612 4954 quarto
3652 4873 3878 4933 videlicet

2234 4969 2529 5039 Nonarum
2555 4967 2774 5024 mensis
2791 4967 2950 5022 Julii.
2975 4968 3180 5024 Fertur
3214 4971 3434 5041 etiam,
3451 4969 3728 5045 quoniam
3752 4962 3876 5018 idem

2230 5057 2318 5112 vir
2333 5057 2563 5113 Domini
2587 5056 2860 5112 Heriveus
2883 5062 3016 5114 ante
3036 5057 3270 5130 aliquot
3292 5061 3429 5117 dies
3453 5060 3704 5134 praefatm
3724 5059 3880 5110 trans-

2233 5147 2466 5203 lationis
2518 5146 2828 5203 Dominum
2882 5147 3229 5220 rogavisset,
3266 5154 3339 5204 ut
3393 5151 3469 5206 ad
3519 5144 3878 5205 ostensionem

2231 5235 2558 5292 dilectionis
2589 5253 2816 5308 sponsae
2849 5253 2966 5291 suae
2998 5236 3262 5292 ecclesiae
3298 5256 3414 5312 per
3445 5241 3687 5296 beatum
3718 5227 3883 5289 Marti-

2231 5330 2468 5393 num,ut
2484 5325 2623 5381 olim
2646 5325 2876 5393 fecerat,
2892 5327 3296 5398 quodcunque
3323 5327 3689 5384 miraculum
3710 5323 3881 5393 digna-

2231 5420 2391 5471 retur
2420 5416 2842 5470 demonstrare.
2869 5415 2972 5470 Cui
3006 5417 3064 5470 in
3096 5416 3381 5473 oratione
3414 5422 3715 5490 prostrato
3743 5423 3887 5482 appa-

2231 5507 2348 5563 ruit
2375 5505 2528 5560 idem
2560 5504 2875 5573 confessor,
2912 5504 3123 5561 blando
3159 5521 3326 5562 usus
3381 5505 3672 5580 alloquio,
3713 5501 3784 5556 ita
3810 5497 3885 5550 in-

2231 5595 2436 5676 quiens
2474 5612 2485 5653 :
2522 5619 2548 5651 ις
2581 5594 2698 5656 Hoc
2729 5594 2884 5672 quod
2915 5594 3085 5673 petis,
3117 5592 3201 5650 fili
3237 5595 3670 5666 dilectissime,
3690 5588 3821 5649 scito
3847 5588 3889 5641 te
