4098 6164
231 289 340 351 653

1093 283 1652 350 I-IISTOHIARUM
1703 288 1904 350 [ΑΒΜ
1950 289 2321 363 QUINQUE.
2371 327 2446 337 —
2489 294 2636 356 LIB.
2683 293 2786 357 III.

3529 301 3654 360 654

229 424 441 496 potiora
469 436 646 492 posse
677 416 831 490 apud
866 416 1179 472 Dominum
1229 417 1576 488 impetrare,
1613 423 1714 477 scd
1754 427 1896 477 tcm-
1926 422 1980 489 Α
2010 425 2201 493 batur,
2237 427 2395 495 prius
2423 433 2621 484 vocato
2661 428 2956 501 Vulpiam,
2989 429 3313 486 construxit
3362 436 3661 490 monaste-

226 511 343 586 pori
365 510 503 566 huic
527 508 801 565 sufﬁcere
823 505 1036 560 debent
1053 504 1316 561 exhibita
1333 507 1570 564 dudum
1593 511 1892 575 miracula,

225 601 499 675 quoniam
531 596 877 669 contiguum
911 594 1091 650 instat
1114 595 1280 667 prius
1329 599 1604 669 exsparsi
1653 601 1894 656 seminis

219 691 542 748 collectum
595 685 827 743 messis.
876 682 1010 740 Sola
1058 683 1216 740 enim
1264 685 1613 743 animarum
1662 689 1892 762 erigens

216 779 440 838 medela
470 776 767 834 exoranda
787 778 876 831 est
899 773 1329 838 universis,Pro
1353 774 1450 830 his
1473 777 1634 832 enim
1659 777 1890 833 Domini

215 866 680 927 misericordiam
711 864 1013 920 obsecrare
1059 861 1305 918 minime
1355 864 1592 919 omitto.
1626 866 1889 937 Namque

212 977 314 1033 pro
343 958 440 1014 his
468 955 699 1012 noveris
731 968 822 1008 me
852 950 1005 1024 apud
1037 950 1356 1006 Dominum
1389 953 1688 1025 prmeipue
1708 953 1886 1010 inter-

208 1045 540 1117 venire,qui
571 1042 654 1098 illi
685 1041 917 1097 assidue
940 1039 998 1094 in
1021 1040 1298 1112 praesenti
1321 1041 1594 1096 serviunt
1619 1041 1883 1098 ecclesia.

206 1138 462 1205 Quidam
493 1133 651 1190 enim
682 1131 911 1186 illorum
940 1128 1076 1200 plus
1104 1130 1269 1200 justo
1318 1130 1636 1200 prmsentis
1685 1130 1885 1186 smculi

204 1224 494 1300 implicati
528 1221 791 1295 negotiis,
823 1218 1001 1274 armis
1032 1218 1282 1289 insuper
1305 1217 1671 1274 militaribus
1701 1221 1888 1276 famu-

198 1318 416 1383 lantes,
453 1314 672 1387 quibus
709 1307 973 1364 trucidati
1024 1308 1089 1362 in
1141 1306 1338 1378 prelio
1389 1307 1769 1365 deciderunt.
1805 1310 1889 1364 De

197 1407 428 1481 quibus
470 1401 605 1458 nolo
652 1406 707 1456 te
752 1399 944 1465 lateat,
973 1398 1262 1470 quoniam
1310 1396 1404 1452 vix
1453 1397 1611 1467 apud
1663 1397 1890 1453 Christi

197 1493 592 1552 clementiam
623 1489 864 1557 obtinui,
896 1492 960 1542 ut
984 1487 1177 1560 erepti
1211 1487 1280 1541 de
1301 1485 1593 1540 ministris
1620 1487 1896 1541 tenebra-

192 1603 333 1642 rum
360 1582 516 1638 locis
548 1578 824 1651 refrigerii
857 1593 920 1633 ac
953 1576 1114 1632 lucis
1137 1575 1341 1632 sistere
1368 1573 1896 1629 mererentur.Cze-

186 1683 394 1731 terum
426 1678 493 1726 tu
534 1663 866 1724 delectabile
915 1665 1177 1722 Domino
1224 1669 1444 1730 votum,
1478 1668 1543 1717 ut
1590 1679 1894 1734 coeperas,

185 1764 452 1836 exple.»
587 1849 597 1852 _
685 1851 691 1852 γ
989 1845 1004 1852 _
1090 1843 1101 1852 _
1236 1848 1244 1852 _
1343 1842 1380 1852 Π
1782 1842 1818 1852 η

259 1849 729 1924 Superveniente
760 1845 940 1920 igitur
973 1843 1292 1940 designato
1328 1842 1439 1908 die,
1473 1842 1888 1941 congregatis-

187 1961 306 2014 que
342 1939 644 2012 episcopis
674 1941 728 1992 et
757 1935 1078 1991 abbatibus
1110 1948 1247 1987 cum
1279 1931 1590 1984 innumera
1612 1930 1887 1988 multitu-

185 2033 331 2088 dine
348 2027 622 2084 ﬁdelium
639 2031 1030 2095 utrorumque
1048 2036 1298 2076 sexuum
1315 2023 1371 2074 et
1385 2017 1884 2090 ordiuum,prius-

187 2137 380 2192 quam
434 2116 759 2187 inciperent
805 2129 980 2167 sacra
1024 2110 1175 2174 ﬁeri,
1215 2109 1302 2161 vir
1349 2106 1880 2165 reverendissimus

190 2211 491 2265 Heriveus
513 2202 906 2260 sanctioribus
930 2199 1036 2271 qui
1059 2200 1451 2254 convenerant
1474 2196 1878 2253 sacerdotibus

186 2296 498 2369 hoc,quod
532 2295 586 2349 ei
619 2291 939 2347 revelatum
966 2291 1180 2353 fuerat,
1214 2285 1590 2341 manifestare
1627 2287 1874 2344 curavit.

190 2389 437 2442 Peracta
469 2399 608 2438 vero
637 2398 704 2436 ex
733 2395 895 2434 more
929 2375 1278 2442 sacratione,
1301 2374 1576 2429 omnibus
1608 2375 1873 2429 utensili-

186 2477 306 2531 bus
339 2475 452 2530 rite
483 2468 850 2541 compositis,
887 2464 1065 2537 coepit
1094 2465 1251 2518 idem
1298 2462 1387 2516 vir
1435 2461 1702 2517 arctioris
1745 2464 1872 2519 vitae

187 2559 704 2619 macerationibus
736 2572 864 2612 sese
904 2559 1226 2621 conterere,
1259 2556 1434 2622 atque
1483 2548 1781 2607 solitarius
1811 2553 1870 2608 in

182 2653 401 2725 exigua
434 2665 621 2723 penes
651 2645 960 2701 ecclesiam
989 2641 1196 2698 cellula
1228 2639 1473 2713 psalmis
1508 2643 1562 2694 et
1592 2639 1871 2696 orationi-

186 2743 300 2797 bus
328 2756 555 2796 vacans
582 2737 810 2808 degere.
843 2733 953 2797 Qui
988 2748 1122 2786 cum
1157 2733 1287 2802 post
1316 2729 1437 2784 haec
1466 2745 1618 2783 anno
1661 2734 1868 2800 quarto

187 2829 571 2902 cognovisset
601 2841 664 2880 se
689 2825 746 2878 in
781 2821 944 2878 brevi
993 2819 1384 2892 migraturum
1416 2835 1450 2872 a
1481 2816 1711 2916 saeculo,
1738 2819 1867 2916 jam

181 2920 433 2989 jamque
466 2917 747 2988 aegrotare
778 2909 1071 2982 cmpisset,
1099 2923 1165 2962 ac
1198 2906 1394 2978 plures
1443 2905 1516 2960 ad
1556 2922 1689 2960 eum
1722 2907 1866 2962 visi-

191 3007 355 3062 tandi
405 3005 603 3078 gratia
648 3002 1082 3065 concurrerent,
1117 2994 1412 3067 simulque
1461 2993 1864 3066 praestolantes

196 3096 256 3150 in
287 3097 420 3166 ejus
460 3093 729 3148 discessu
781 3087 1019 3160 aliquod
1076 3084 1200 3140 ﬁeri
1249 3083 1599 3140 miraculum
1649 3084 1860 3151 videre,

2004 511 2155 567 rium
2207 515 2389 570 totius
2439 517 2636 589 gratiae
2685 517 3299 588 abundantissimum;
3333 526 3538 593 postea
3585 523 3659 580 ab

2001 597 2128 670 ipso
2156 607 2377 659 mutato
2427 606 2663 661 nomine
2715 607 3106 663 Frutuarense
3154 610 3658 681 cognominatum.

2000 687 2161 751 Quod
2193 707 2324 747 cum
2352 693 2692 767 multigenis
2726 693 3139 767 locupletasset
3169 696 3488 769 beneﬁciis,
3523 717 3663 757 con-

2000 777 2188 834 stituit
2219 780 2296 835 ibi
2331 783 2753 838 monachorum
2785 784 3033 853 Patrem,
3064 802 3167 858 per
3205 788 3405 844 omnia
3433 805 3495 844 se
3526 789 3663 844 imi-

1997 869 2240 939 tantem,
2299 871 2534 926 nomine
2587 872 2898 927 Joannem.
2949 873 3088 929 Erat
3135 874 3293 932 enim
3351 877 3663 948 praedictas

1998 954 2336 1013 Willermus
2363 976 2494 1014 acer
2525 960 2781 1031 ingenio,
2817 964 2874 1016 et
2901 959 3150 1034 insignis
3192 964 3536 1035 prudentia;
3571 966 3663 1022 id-

1996 1042 2148 1100 circo
2197 1062 2499 1102 summum
2549 1049 2608 1103 in
2661 1049 2896 1120 palatiis
2948 1067 3152 1123 regum
3204 1069 3270 1108 ac
3316 1055 3662 1111 caeterorum

1996 1132 2329 1204 principum
2361 1136 2661 1192 obtinebat
2708 1137 2924 1194 locum.
2957 1139 3355 1214 Quodcunque
3403 1142 3663 1216 denique

1999 1223 2425 1278 monasterium
2485 1224 2719 1296 proprio
2777 1225 3129 1284 viduabatur
3173 1234 3423 1302 pastore,
3455 1233 3661 1290 statim

1999 1309 2458 1380 compellebatur
2482 1316 2602 1368 tam
2631 1330 2665 1369 a
2696 1315 3048 1387 regibus,vel
3080 1318 3393 1376 comitibus
3423 1337 3604 1392 quam
3630 1339 3666 1377 a

2001 1397 2470 1468 pontiﬁcibus,ut
2500 1400 2843 1458 meliorandi
2865 1404 3054 1476 gratia
3077 1405 3218 1462 illud
3242 1407 3314 1463 ad
3335 1410 3663 1481 regendum

2005 1486 2347 1557 susciperet,
2381 1489 2659 1560 quoniam
2705 1490 2861 1548 ultra
2904 1497 3110 1551 caetera
3156 1495 3373 1552 divitiis
3420 1501 3476 1553 et
3524 1515 3664 1554 san-

2007 1573 2206 1629 ctitate
2237 1574 2426 1646 ipsius
2454 1578 2774 1649 patrocinio
2805 1587 3110 1656 assumpta
3147 1584 3534 1642 cernebantur
3565 1604 3667 1644 ex-

2010 1661 2215 1718 cellere
2265 1666 2639 1722 monasteria.
2675 1669 2805 1740 Ipse
2842 1686 3075 1744 quoque
3122 1673 3294 1730 ﬁrma
3337 1675 3668 1734 testabatur

2008 1751 2332 1808 assertione
2364 1754 2503 1825 quia
2534 1754 2582 1809 si
2604 1755 2786 1828 hujus
2808 1758 3195 1817 institutionis
3215 1766 3382 1819 tenor
3402 1780 3667 1836 quocun-

1997 1854 2111 1909 que
2137 1837 2262 1894 loco
2294 1857 2326 1894 a
2359 1842 2660 1899 monachis
2700 1846 3110 1915 custodiretur,
3144 1849 3364 1906 nullam
3417 1853 3662 1910 omnino

1994 1927 2381 2001 indigentiam
2403 1931 2808 2006 cujuscunque
2832 1937 2913 1991 rei
2932 1939 3452 2008 paterentur.Quod
3471 1943 3654 2000 etiam

1991 2016 2429 2075 evidentissima
2459 2020 2820 2080 declaratum
2851 2031 2939 2082 est
2969 2027 3026 2082 in
3058 2025 3203 2083 locis
3231 2028 3344 2084 sibi
3370 2032 3658 2089 commis—

1991 2104 2311 2160 sis.Fcrtur
2330 2108 2626 2180 siquidem
2645 2113 2850 2167 eadem
2871 2113 3449 2190 institutio,ususque
3472 2118 3655 2191 hujus

1987 2197 2459 2266 consuetudinis,
2492 2215 2561 2253 ex
2593 2201 2778 2256 sancti
2814 2202 2999 2259 Patris
3030 2203 3323 2261 Benedicti
3359 2215 3651 2266 monaste-

1986 2282 2090 2338 riis
2116 2282 2205 2338 vel
2238 2286 2439 2356 regula
2459 2288 2763 2345 exordium
2785 2289 3267 2366 habuisse,atque
3287 2311 3390 2366 per
3409 2296 3652 2356 beatum

1986 2369 2279 2440 Maurum,
2317 2374 2503 2446 ipsius
2538 2376 2805 2434 videlicet
2841 2379 3221 2452 discipulum,
3255 2384 3326 2438 ad
3358 2389 3654 2456 nostrum,

1983 2458 2040 2512 id
2073 2463 2182 2524 est,
2216 2460 2584 2519 Gallicanum
2620 2467 2978 2524 territorium
3010 2469 3264 2527 delatam
3299 2471 3500 2530 fuisse.
3538 2477 3654 2533 Ex-

1981 2551 2100 2602 stat
2119 2548 2293 2604 etiam
2316 2552 2571 2608 veridica
2591 2553 3101 2629 relatio,quoniam
3125 2564 3259 2631 post
3279 2560 3431 2617 beati
3457 2563 3650 2623 Mauri

1981 2634 2230 2702 obitum,
2280 2641 2614 2697 succedenti
2673 2646 2936 2716 tempore
2994 2646 3254 2704 hostium
3313 2647 3646 2710 infestatio-

1979 2723 2155 2777 nibus
2204 2727 2430 2798 expulsi
2482 2731 2815 2787 monachia
2847 2737 3201 2792 monasterio
3251 2748 3643 2812 cognomento

1975 2811 2358 2884 Glannofolio,
2395 2818 2549 2889 quod
2583 2818 2708 2890 ipse
2740 2826 3160 2892 construxerat,
3195 2811 3348 2882 sicut
3395 2829 3456 2885 in
3507 2833 3639 2904 ejus

1975 2900 2157 2972 gestis
2189 2899 2456 2968 habetur,
2491 2904 2550 2958 in
2576 2906 2991 2980 Andegavense
3021 2913 3362 2983 terrritorio,
3394 2899 3634 2976 venien-

1975 2992 2179 3060 tesque
2211 2990 2280 3043 ad
2328 2993 2750 3050 monasterium
2800 2999 2988 3056 sancti
3038 2999 3232 3056 Savini
3283 3005 3637 3066 confessoris

1973 3077 2326 3134 Pictavensis
2357 3080 2622 3136 tulerunt
2664 3100 2866 3141 secum
2918 3091 3098 3144 totam
3161 3105 3340 3160 quam
3399 3093 3637 3154 valuere

201 3156 398 3256 utpote
429 3182 535 3254 qui
568 3180 716 3235 tanti
742 3156 935 3233 meriti
960 3173 1347 3247 priesciebant
1367 3171 1709 3242 virum,ipse
1731 3189 1862 3228 vero
1895 3156 1936 3222 C
1978 3163 2628 3256 supellectilem,ibique
2659 3188 2762 3243 per
2786 3173 3026 3247 aliquod
3058 3156 3316 3249 spatium
3348 3183 3636 3255 temporis

206 3277 398 3327 mente
431 3269 629 3342 sagaci
663 3265 929 3339 praedixit
959 3263 1080 3317 illis
1113 3279 1178 3316 ac
1209 3261 1436 3316 monuit
1468 3265 1531 3314 ut
1563 3260 1675 3314 alia
1706 3277 1868 3318 cura-

210 3356 802 3433 rent;signum,quod
835 3357 892 3410 et
921 3351 1166 3408 minime
1201 3354 1398 3406 essent
1427 3349 1706 3448 visuri,ne
1735 3367 1868 3407 exs-

212 3453 526 3520 pectarent.
559 3448 667 3501 Pro
706 3461 770 3500 se
819 3442 1014 3515 potius
1065 3441 1406 3496 obsecrabat
1440 3443 1501 3493 ut
1532 3441 1864 3510 piissimum

213 3539 516 3594 Dominum
553 3535 837 3591 attentius
867 3535 1132 3597 orarent;
1159 3530 1284 3600 jam
1318 3528 1610 3600 siquidem
1636 3530 1868 3601 propin-

155 3669 169 3682 .
215 3641 392 3697 quans
423 3626 516 3682 sui
549 3623 739 3678 exitus
765 3622 969 3676 horam
1002 3618 1214 3674 erectis
1245 3617 1302 3672 in
1336 3616 1546 3672 caelum
1590 3618 1866 3678 manibus

215 3719 262 3768 et
289 3714 472 3771 oculis
504 3709 858 3768 creberrime
903 3707 1130 3763 dicebat
1162 3723 1176 3761 :
1206 3729 1232 3756 «
1268 3706 1530 3772 Domine,
1565 3706 1859 3776 miserere,

216 3804 470 3870 Domine,
506 3801 807 3856 miserere.
840 3820 868 3848 »
903 3797 1115 3867 Sicque
1147 3795 1296 3850 inter
1325 3795 1445 3850 haec
1501 3795 1674 3850 verba
1726 3794 1862 3850 ulti-

212 3907 360 3946 mum
390 3889 616 3946 efﬂavit
645 3887 942 3959 spiritum.
977 3884 1373 3956 Sepultusque
1413 3888 1503 3940 est
1553 3884 1611 3938 in
1659 3885 1861 3940 eadem

211 3979 459 4046 ecclesia,
494 3980 557 4034 in
611 3993 678 4032 eo
726 3973 947 4030 scilicet
996 3973 1143 4040 loco,
1188 3972 1286 4028 ubi
1336 3971 1609 4044 primitus
1657 3973 1861 4028 beatus

210 4067 484 4125 Martinus
511 4063 788 4139 sepultus
814 4063 1136 4136 quieverat.

865 4151 1097 4207 CAPUT
1139 4151 1202 4207 V.

208 4248 278 4302 De
306 4245 681 4305 monasteriis
711 4241 1080 4368 reaedific‘atis.
1097 4241 1233 4367 betae
1252 4259 1290 4298 α
1319 4241 1614 4298 Willermo
1633 4243 1856 4310 abbate,

825 4332 890 4368 ve
941 4315 1143 4368 insutu
1176 4329 1242 4366 is.

825 4319 909 4370 vel
941 4315 1242 4368 institutis.

271 4408 510 4474 Claruit,
544 4422 612 4461 eo
644 4405 704 4460 in
735 4402 1104 4475 tempore,im
1136 4402 1408 4474 praedicta
1428 4403 1735 4458 domorum
1763 4403 1857 4458 Dei

207 4496 626 4561 melioratione,
655 4491 1002 4549 venerobilis
1034 4491 1214 4546 abbas
1243 4490 1604 4558 Willermus,
1629 4509 1661 4545 a
1689 4492 1856 4549 beato

207 4586 490 4658 siquidem
525 4582 734 4638 Maiolo
766 4581 1040 4654 primitus
1075 4579 1332 4636 ecclesiae
1365 4580 1549 4634 sancti
1593 4581 1865 4653 martyris

207 4675 442 4749 Benigni
475 4674 650 4728 Pater
679 4669 1248 4734 constitutus.Quam
1275 4669 1540 4725 videlicet
1560 4670 1861 4728 ecclesiam

206 4763 350 4818 illico
373 4770 495 4818 tam
524 4761 674 4816 mira
695 4760 980 4816 locatione
1007 4759 1360 4831 permutavit
1379 4764 1441 4814 ut
1458 4759 1862 4830 hujuscemodi

208 4853 382 4907 altera
409 4849 650 4906 difficile
680 4853 856 4922 queat
899 4847 1168 4904 inveniri.
1205 4846 1476 4920 Regulari
1524 4849 1697 4903 etiam
1743 4850 1864 4905 dis-

208 4940 482 4996 tinctione
519 4957 634 4995 non
663 4937 859 4994 minus
889 4937 1162 5002 effloruit,
1195 4941 1366 5008 atque
1389 4936 1864 5009 incomparabilis

210 5029 383 5102 hujus
418 5028 647 5085 ordinis
679 5045 784 5084 suo
810 5033 1072 5098 tempore
1102 5030 1450 5098 propagator
1479 5027 1716 5082 exstitit.
1751 5028 1860 5083 Sed

211 5125 498 5192 quantum
527 5134 634 5191 pro
664 5116 774 5173 hac
808 5133 867 5172 re
897 5116 1248 5187 diligebatur
1270 5115 1612 5189 a‘religiosis
1642 5121 1697 5170 et
1726 5116 1858 5188 piis,

211 5213 370 5263 tanto
407 5207 600 5280 magis
631 5205 1048 5262 detrahebatur
1068 5203 1573 5276 insidiabaturque
1595 5205 1880 5262 afraudu-

210 5297 387 5354 lentis
422 5301 480 5353 et
511 5295 732 5368 impiis.
767 5295 896 5350 Fuit
925 5294 1079 5350 enim
1109 5309 1177 5349 ex
1208 5293 1370 5348 Italia
1405 5298 1588 5361 ortus,
1623 5295 1876 5353 nobilem

211 5386 432 5441 ducens
454 5403 489 5441 a
511 5384 852 5458 parentibus
869 5382 1201 5454 prosapiam
1225 5399 1235 5437 :
1258 5381 1509 5436 nobilior
1531 5388 1726 5438 tamen
1752 5385 1880 5440 illu-

209 5479 396 5531 strem
428 5492 535 5548 per
564 5477 890 5530 assecutam
927 5471 1404 5527 scientiam.Nam
1439 5472 1496 5526 in
1529 5471 1731 5527 eodem
1764 5477 1877 5530 ter-

209 5562 437 5640 ritorio,
477 5561 700 5626 scilicet
730 5563 790 5620 in
813 5560 1122 5637 fundo,qui
1146 5559 1195 5620 ei
1217 5560 1680 5638 parentumjure
1711 5562 1885 5626 debe-

1977 3270 2047 3307 ea
2075 3270 2201 3324 quae
2244 3255 2568 3312 didicerant
2615 3276 2851 3332 operam
2901 3265 3130 3322 dedere.
3162 3267 3505 3343 Rursusque
3535 3272 3635 3330 illo

1979 3341 2321 3414 frigescente
2347 3346 2612 3416 ejusdem
2644 3348 3026 3410 districtionis
3070 3359 3272 3412 tenore
3319 3341 3474 3430 apud
3509 3378 3634 3418 mo-

1977 3433 2299 3487 nasterium
2323 3436 2509 3490 sancti
2527 3437 2760 3492 Martini
2786 3443 3338 3514 Augustodunensis
3359 3455 3637 3522 suscepta

1975 3517 2342 3591 dignoscitur
2373 3521 2681 3596 aliquoties
2710 3527 2987 3600 viguisse.
3023 3532 3240 3589 Deinde
3281 3552 3415 3592 vero
3462 3517 3634 3610 qu-asi

1974 3608 2147 3662 tertia
2177 3611 2694 3685 transmigratione
2726 3615 2785 3671 in
2831 3619 3129 3691 superiore
3179 3608 3518 3698 Burgundia
3547 3627 3632 3683 lo-

1973 3700 2169 3752 catum
2203 3698 2509 3756 Balmense
2549 3705 2850 3776 occupavit
2900 3712 3347 3768 monasterium.
3379 3714 3463 3770 Ad
3495 3715 3632 3772 ulti-

1976 3801 2140 3840 mum
2175 3792 2712 3862 quoque,prazdicta
2739 3792 3007 3852 videlicet
3025 3797 3460 3873 institutiojam
3487 3820 3634 3876 pene

1974 3873 2225 3944 defessa,
2255 3883 2490 3934 auctore
2526 3881 2658 3948 Deo,
2688 3881 2862 3956 elegit
2900 3885 3012 3940 sibi
3061 3888 3363 3960 sapientia:
3408 3873 3630 3962 sedem,

1977 3961 2128 4018 vires
2171 3965 2504 4036 collectura,
2538 3985 2604 4024 ac
2633 3971 3056 4029 fructiﬁcatura
3107 3977 3370 4047 germine
3424 3961 3631 4036 multi-4

1973 4049 2131 4122 plici,
2169 4053 2226 4108 in
2259 4057 2631 4127 monasterio,
2668 4057 2887 4115 scilicet
2915 4069 3300 4134 cognomento
3331 4064 3629 4127 Cluniaco.

1970 4139 2132 4203 Quod
2161 4143 2335 4199 etiam
2363 4161 2431 4200 ex
2461 4145 2577 4201 situ
2610 4147 2878 4218 ejusdem
2909 4149 3019 4206 loci
3054 4151 3270 4209 acclivo
3301 4158 3482 4226 atque
3513 4156 3631 4213 hu-

1976 4229 2100 4284 mili
2131 4231 2247 4287 tale
2277 4234 2547 4290 sortitum
2581 4240 2671 4292 est
2701 4254 2938 4306 nomen,
2969 4238 3058 4295 vel
3088 4241 3284 4311 etiam,
3320 4245 3475 4314 quod
3527 4263 3630 4319 ap-

1970 4317 2089 4373 tius
2122 4318 2206 4373 illi
2227 4322 2515 4393 congruit,
2537 4324 2810 4382 aclue-ndo
2833 4327 3077 4396 dictum,
3100 4330 3380 4402 quoniam
3410 4317 3626 4400 cluere,

1973 4423 2231 4464 crescere
2257 4409 2529 4468 dicimus.
2561 4413 2793 4487 Insigne
2819 4416 3033 4490 quippe
3066 4417 3496 4478 incrementum
3540 4423 3632 4478 di-

1899 4517 1945 4582 D
1975 4513 2277 4554 versorum
2324 4499 2611 4557 donorum
2647 4519 2680 4558 a
2709 4505 2798 4558 sui
2845 4505 3133 4580 principio
3182 4509 3242 4566 in
3291 4509 3418 4568 dies
3465 4510 3630 4569 locus

1974 4584 2128 4640 idem
2162 4587 2432 4644 obtinuit.

2045 4675 2381 4732 Construxit
2410 4678 2589 4752 igitur
2615 4681 2954 4753 pradictum
2986 4688 3317 4744 cmnobium
3354 4690 3630 4762 primitus

1979 4763 2143 4820 Pater
2157 4766 2511 4823 monachoru
2523 4788 2576 4823 m
2597 4772 2913 4842 supradicti
2929 4774 3252 4832 Balmensis
3267 4779 3628 4849 monasterii,

1976 4853 2166 4909 Berno
2192 4860 2451 4921 vocatus,
2458 4858 2705 4929 jubente
2728 4859 3032 4918 Willermo
3064 4864 3364 4935 piisssimo
3393 4867 3629 4939 Aquita-

1982 4959 2191 4998 norum
2222 4945 2456 5010 duce,in
2487 4963 2634 5019 pago
2667 4948 3114 5022 Matisconense,
3135 4969 3312 5025 super
3341 4954 3633 5012 Graonam

1983 5031 2485 5098 ﬂuviolum.Quod
2519 5035 2694 5091 etiam
2723 5038 3047 5094 cmnobium
3083 5040 3140 5095 in
3172 5040 3364 5113 primo
3389 5059 3634 5101 nonam-

1978 5119 2135 5191 plius
2168 5137 2346 5192 quam
2381 5123 2711 5194 quindecim
2741 5130 2905 5181 terrae
2937 5127 3196 5184 colonias
3227 5128 3519 5188 diciturin
3540 5133 3637 5189 do-

1985 5213 2099 5264 tem
2152 5209 2464 5281 accepissc.
2521 5213 2745 5270 Fratres
2792 5218 2986 5271 tamen
3035 5216 3342 5274 duodecim
3391 5237 3636 5278 numero

1988 5296 2129 5351 inibi
2180 5303 2582 5354 memorantur
2630 5302 2988 5358 convenisse.
3031 5305 3110 5360 Ex
3157 5322 3410 5377 quorum
3458 5309 3636 5365 veluti

1987 5386 2210 5458 optimo
2241 5386 2463 5444 semine
2494 5389 2880 5462 multiplicata
2913 5391 3093 5466 stirps
3143 5394 3371 5451 Domini
3420 5397 3638 5453 exerci-

1990 5478 2160 5529 tuum
2191 5474 2638 5534 innumerabilis
2669 5495 2944 5554 magnam
2978 5483 3137 5540 orbis
3165 5483 3400 5559 plagam
3427 5502 3640 5561 cogno-

1988 5563 2172 5626 scitur
2226 5563 2502 5648 replesse.
2536 5566 2644 5642 Qui
2693 5570 2970 5650 quoniam
3017 5571 3132 5650 his,
3161 5589 3288 5656 qua
3330 5575 3431 5640 Dei
3473 5578 3638 5658 sunt,
