  <div class='ocr_page' id='page_1' title='image "/cluster/home/n/w/nwhite01/storage/ocr_20150623/142/hvd.32044054760020/333.png"; bbox 0 0 4098 6164; ppageno 0'>
   <div class='ocr_carea' id='block_1_1' title="bbox 525 345 645 406">
    <p class='ocr_par' dir='ltr' id='par_1_1' title="bbox 525 345 645 406">
     <span class='ocr_line' id='line_1_1' title="bbox 525 345 645 406; baseline 0 0"><span class='ocrx_word' id='word_1_1' title='bbox 525 345 645 406; x_wconf 76' lang='grc'><strong>655</strong></span> 
     </span>
    </p>
   </div>
   <div class='ocr_carea' id='block_1_2' title="bbox 1488 343 2971 408">
    <p class='ocr_par' dir='ltr' id='par_1_2' title="bbox 1488 343 2971 408">
     <span class='ocr_line' id='line_1_2' title="bbox 1488 343 2971 408; baseline -0.001 -4"><span class='ocrx_word' id='word_1_2' title='bbox 1488 345 1826 408; x_wconf 79' lang='lat' dir='ltr'><strong>llODULFI</strong></span> <span class='ocrx_word' id='word_1_3' title='bbox 1874 344 2157 405; x_wconf 79' lang='lat' dir='ltr'><strong>GLABR!</strong></span> <span class='ocrx_word' id='word_1_4' title='bbox 2204 343 2563 404; x_wconf 84' lang='lat' dir='ltr'><strong>MONACHI</strong></span> <span class='ocrx_word' id='word_1_5' title='bbox 2611 343 2971 404; x_wconf 86' lang='lat' dir='ltr'><strong>CLUNIAC.</strong></span> 
     </span>
    </p>
   </div>
   <div class='ocr_carea' id='block_1_3' title="bbox 3753 353 3850 414">
    <p class='ocr_par' dir='ltr' id='par_1_3' title="bbox 3753 353 3850 414">
     <span class='ocr_line' id='line_1_3' title="bbox 3753 353 3850 414; baseline -0.021 0"><span class='ocrx_word' id='word_1_6' title='bbox 3753 353 3850 414; x_wconf 67' lang='lat'><strong>656</strong></span> 
     </span>
    </p>
   </div>
   <div class='ocr_carea' id='block_1_4' title="bbox 521 474 3860 553">
    <p class='ocr_par' dir='ltr' id='par_1_4' title="bbox 521 474 3860 553">
     <span class='ocr_line' id='line_1_4' title="bbox 521 474 3860 553; baseline 0 -16"><span class='ocrx_word' id='word_1_7' title='bbox 521 479 794 537; x_wconf 80' lang='lat' dir='ltr'><strong>videlicet</strong></span> <span class='ocrx_word' id='word_1_8' title='bbox 815 477 1060 551; x_wconf 69' lang='lat' dir='ltr'><strong>justitiae</strong></span> <span class='ocrx_word' id='word_1_9' title='bbox 1107 481 1164 534; x_wconf 87' lang='lat' dir='ltr'><strong>et</strong></span> <span class='ocrx_word' id='word_1_10' title='bbox 1208 476 1460 552; x_wconf 90' lang='lat' dir='ltr'><strong>pietatis,</strong></span> <span class='ocrx_word' id='word_1_11' title='bbox 1492 476 1766 551; x_wconf 82' lang='lat' dir='ltr'><strong>operibus</strong></span> <span class='ocrx_word' id='word_1_12' title='bbox 1813 477 2174 534; x_wconf 77' lang='lat' dir='ltr'><strong>incessanter</strong></span> <span class='ocrx_word' id='word_1_13' title='bbox 2199 476 2254 545; x_wconf 86' lang='grc' dir='ltr'><strong>Α</strong></span> <span class='ocrx_word' id='word_1_14' title='bbox 2283 474 2428 531; x_wconf 87' lang='lat' dir='ltr'><strong>viles</strong></span> <span class='ocrx_word' id='word_1_15' title='bbox 2463 475 2883 548; x_wconf 90' lang='lat' dir='ltr'><strong>dispositurus.</strong></span> <span class='ocrx_word' id='word_1_16' title='bbox 2915 475 3176 532; x_wconf 89' lang='lat' dir='ltr'><strong>Nimium</strong></span> <span class='ocrx_word' id='word_1_17' title='bbox 3209 477 3417 551; x_wconf 84' lang='lat' dir='ltr'><strong>quippe</strong></span> <span class='ocrx_word' id='word_1_18' title='bbox 3445 479 3728 553; x_wconf 85' lang='lat' dir='ltr'><strong>ﬂagitiosus</strong></span> <span class='ocrx_word' id='word_1_19' title='bbox 3753 485 3860 541; x_wconf 78' lang='lat' dir='ltr'><strong>cile.</strong></span> 
     </span>
    </p>
   </div>
   <div class='ocr_carea' id='block_1_5' title="bbox 530 566 2171 638">
    <p class='ocr_par' dir='ltr' id='par_1_5' title="bbox 530 566 2171 638">
     <span class='ocr_line' id='line_1_5' title="bbox 530 566 2171 638; baseline -0.004 -11"><span class='ocrx_word' id='word_1_20' title='bbox 530 569 918 637; x_wconf 69' lang='lat' dir='ltr'><strong>adhaeserunt,</strong></span> <span class='ocrx_word' id='word_1_21' title='bbox 951 569 1164 624; x_wconf 90' lang='lat' dir='ltr'><strong>idcirco</strong></span> <span class='ocrx_word' id='word_1_22' title='bbox 1196 566 1365 623; x_wconf 87' lang='lat' dir='ltr'>bonis</span> <span class='ocrx_word' id='word_1_23' title='bbox 1398 567 1672 622; x_wconf 89' lang='lat' dir='ltr'><strong>omnibus</strong></span> <span class='ocrx_word' id='word_1_24' title='bbox 1705 566 1910 638; x_wconf 90' lang='lat' dir='ltr'><strong>repleri</strong></span> <span class='ocrx_word' id='word_1_25' title='bbox 1943 582 2171 622; x_wconf 89' lang='lat' dir='ltr'><strong>merue-</strong></span> 
     </span>
    </p>
   </div>
   <div class='ocr_carea' id='block_1_6' title="bbox 530 655 2180 730">
    <p class='ocr_par' dir='ltr' id='par_1_6' title="bbox 530 655 2180 730">
     <span class='ocr_line' id='line_1_6' title="bbox 530 655 2180 730; baseline -0.004 -14"><span class='ocrx_word' id='word_1_26' title='bbox 530 659 1050 730; x_wconf 88' lang='lat' dir='ltr'><strong>runt,insuperque</strong></span> <span class='ocrx_word' id='word_1_27' title='bbox 1070 656 1282 712; x_wconf 84' lang='lat' dir='ltr'><strong>futuris</strong></span> <span class='ocrx_word' id='word_1_28' title='bbox 1305 655 1586 711; x_wconf 85' lang='lat' dir='ltr'><strong>imitabile</strong></span> <span class='ocrx_word' id='word_1_29' title='bbox 1609 655 1970 728; x_wconf 90' lang='lat' dir='ltr'><strong>reliquerunt</strong></span> <span class='ocrx_word' id='word_1_30' title='bbox 1990 671 2180 711; x_wconf 87' lang='lat' dir='ltr'><strong>exem-</strong></span> 
     </span>
    </p>
   </div>
   <div class='ocr_carea' id='block_1_7' title="bbox 530 745 2176 822">
    <p class='ocr_par' dir='ltr' id='par_1_7' title="bbox 530 745 2176 822">
     <span class='ocr_line' id='line_1_7' title="bbox 530 745 2176 822; baseline -0.004 -18"><span class='ocrx_word' id='word_1_31' title='bbox 530 749 714 822; x_wconf 86' lang='lat' dir='ltr'><strong>plum.</strong></span> <span class='ocrx_word' id='word_1_32' title='bbox 744 748 888 804; x_wconf 86' lang='lat' dir='ltr'><strong>Nam</strong></span> <span class='ocrx_word' id='word_1_33' title='bbox 915 750 1045 819; x_wconf 90' lang='lat' dir='ltr'><strong>post</strong></span> <span class='ocrx_word' id='word_1_34' title='bbox 1075 745 1379 819; x_wconf 59' lang='lat' dir='ltr'><strong>praefatum</strong></span> <span class='ocrx_word' id='word_1_35' title='bbox 1424 750 1747 801; x_wconf 90' lang='lat' dir='ltr'><strong>Bernonem</strong></span> <span class='ocrx_word' id='word_1_36' title='bbox 1799 745 2060 818; x_wconf 82' lang='lat' dir='ltr'><strong>suscepit</strong></span> <span class='ocrx_word' id='word_1_37' title='bbox 2089 760 2176 799; x_wconf 92' lang='lat' dir='ltr'><strong>re-</strong></span> 
     </span>
    </p>
   </div>
   <div class='ocr_carea' id='block_1_8' title="bbox 531 833 2182 912">
    <p class='ocr_par' dir='ltr' id='par_1_8' title="bbox 531 833 2182 912">
     <span class='ocr_line' id='line_1_8' title="bbox 531 833 2182 912; baseline -0.004 -18"><span class='ocrx_word' id='word_1_38' title='bbox 531 837 768 912; x_wconf 90' lang='lat' dir='ltr'><strong>giminis</strong></span> <span class='ocrx_word' id='word_1_39' title='bbox 806 852 1008 892; x_wconf 87' lang='lat' dir='ltr'><strong>curam</strong></span> <span class='ocrx_word' id='word_1_40' title='bbox 1056 835 1530 908; x_wconf 82' lang='lat' dir='ltr'><strong>sapientissimus</strong></span> <span class='ocrx_word' id='word_1_41' title='bbox 1575 835 1756 890; x_wconf 83' lang='lat' dir='ltr'><strong>abbas</strong></span> <span class='ocrx_word' id='word_1_42' title='bbox 1788 833 1930 900; x_wconf 92' lang='lat' dir='ltr'><strong>Odo,</strong></span> <span class='ocrx_word' id='word_1_43' title='bbox 1963 834 2050 888; x_wconf 89' lang='lat' dir='ltr'><strong>vir</strong></span> <span class='ocrx_word' id='word_1_44' title='bbox 2080 850 2182 905; x_wconf 92' lang='lat' dir='ltr'><strong>per</strong></span> 
     </span>
    </p>
   </div>
   <div class='ocr_carea' id='block_1_9' title="bbox 531 920 2180 998">
    <p class='ocr_par' dir='ltr' id='par_1_9' title="bbox 531 920 2180 998">
     <span class='ocr_line' id='line_1_9' title="bbox 531 920 2180 998; baseline -0.006 -14"><span class='ocrx_word' id='word_1_45' title='bbox 531 927 727 984; x_wconf 87' lang='lat' dir='ltr'><strong>omnia</strong></span> <span class='ocrx_word' id='word_1_46' title='bbox 774 923 1278 998; x_wconf 86' lang='lat' dir='ltr'><strong>religiosissimus,</strong></span> <span class='ocrx_word' id='word_1_47' title='bbox 1311 923 1413 996; x_wconf 87' lang='lat' dir='ltr'><strong>qui</strong></span> <span class='ocrx_word' id='word_1_48' title='bbox 1462 923 1650 979; x_wconf 82' lang='lat' dir='ltr'><strong>fuerat</strong></span> <span class='ocrx_word' id='word_1_49' title='bbox 1707 923 1893 978; x_wconf 84' lang='lat' dir='ltr'><strong>sancti</strong></span> <span class='ocrx_word' id='word_1_50' title='bbox 1948 920 2180 977; x_wconf 75' lang='lat' dir='ltr'><strong>Martini</strong></span> 
     </span>
    </p>
   </div>
   <div class='ocr_carea' id='block_1_10' title="bbox 532 1012 2184 1086">
    <p class='ocr_par' dir='ltr' id='par_1_10' title="bbox 532 1012 2184 1086">
     <span class='ocr_line' id='line_1_10' title="bbox 532 1012 2184 1086; baseline -0.005 -15"><span class='ocrx_word' id='word_1_51' title='bbox 532 1015 785 1072; x_wconf 88' lang='lat' dir='ltr'><strong>Turonis</strong></span> <span class='ocrx_word' id='word_1_52' title='bbox 814 1012 1079 1070; x_wconf 71' lang='lat' dir='ltr'><strong>Ecclesia:</strong></span> <span class='ocrx_word' id='word_1_53' title='bbox 1109 1013 1476 1086; x_wconf 65' lang='lat' dir='ltr'><strong>praepositus,</strong></span> <span class='ocrx_word' id='word_1_54' title='bbox 1501 1012 1765 1068; x_wconf 91' lang='lat' dir='ltr'><strong>moribus</strong></span> <span class='ocrx_word' id='word_1_55' title='bbox 1796 1017 1853 1067; x_wconf 87' lang='lat' dir='ltr'><strong>et</strong></span> <span class='ocrx_word' id='word_1_56' title='bbox 1883 1027 2184 1066; x_wconf 84' lang='lat' dir='ltr'><strong>conversa-</strong></span> 
     </span>
    </p>
   </div>
   <div class='ocr_carea' id='block_1_11' title="bbox 532 1100 2182 1160">
    <p class='ocr_par' dir='ltr' id='par_1_11' title="bbox 532 1100 2182 1160">
     <span class='ocr_line' id='line_1_11' title="bbox 532 1100 2182 1160; baseline -0.004 0"><span class='ocrx_word' id='word_1_57' title='bbox 532 1104 687 1160; x_wconf 84' lang='lat' dir='ltr'><strong>tione</strong></span> <span class='ocrx_word' id='word_1_58' title='bbox 713 1102 1039 1160; x_wconf 82' lang='lat' dir='ltr'><strong>sanctitatis</strong></span> <span class='ocrx_word' id='word_1_59' title='bbox 1067 1101 1233 1157; x_wconf 84' lang='lat' dir='ltr'><strong>valde</strong></span> <span class='ocrx_word' id='word_1_60' title='bbox 1264 1101 1636 1158; x_wconf 86' lang='lat' dir='ltr'><strong>ornatus.Hic</strong></span> <span class='ocrx_word' id='word_1_61' title='bbox 1661 1100 1817 1156; x_wconf 90' lang='lat' dir='ltr'><strong>enim</strong></span> <span class='ocrx_word' id='word_1_62' title='bbox 1863 1100 1922 1155; x_wconf 91' lang='lat' dir='ltr'><strong>in</strong></span> <span class='ocrx_word' id='word_1_63' title='bbox 1953 1104 2182 1154; x_wconf 88' lang='lat' dir='ltr'><strong>tantum</strong></span> 
     </span>
    </p>
   </div>
   <div class='ocr_carea' id='block_1_12' title="bbox 532 1189 2186 1266">
    <p class='ocr_par' dir='ltr' id='par_1_12' title="bbox 532 1189 2186 1266">
     <span class='ocr_line' id='line_1_12' title="bbox 532 1189 2186 1266; baseline -0.004 -17"><span class='ocrx_word' id='word_1_64' title='bbox 532 1194 714 1266; x_wconf 90' lang='lat' dir='ltr'><strong>hujus</strong></span> <span class='ocrx_word' id='word_1_65' title='bbox 766 1190 1022 1248; x_wconf 87' lang='lat' dir='ltr'><strong>instituti</strong></span> <span class='ocrx_word' id='word_1_66' title='bbox 1080 1196 1433 1264; x_wconf 81' lang='lat' dir='ltr'><strong>propagator</strong></span> <span class='ocrx_word' id='word_1_67' title='bbox 1479 1191 1716 1256; x_wconf 83' lang='lat' dir='ltr'><strong>exstitit,</strong></span> <span class='ocrx_word' id='word_1_68' title='bbox 1747 1195 1869 1244; x_wconf 90' lang='lat' dir='ltr'><strong>uta</strong></span> <span class='ocrx_word' id='word_1_69' title='bbox 1894 1189 2186 1244; x_wconf 90' lang='lat' dir='ltr'><strong>Beneven-</strong></span> 
     </span>
    </p>
   </div>
   <div class='ocr_carea' id='block_1_13' title="bbox 533 1275 2185 1357">
    <p class='ocr_par' dir='ltr' id='par_1_13' title="bbox 533 1275 2185 1357">
     <span class='ocr_line' id='line_1_13' title="bbox 533 1275 2185 1357; baseline -0.006 -17"><span class='ocrx_word' id='word_1_70' title='bbox 533 1289 672 1340; x_wconf 89' lang='lat' dir='ltr'><strong>tana</strong></span> <span class='ocrx_word' id='word_1_71' title='bbox 703 1282 1000 1357; x_wconf 82' lang='lat' dir='ltr'><strong>provincia</strong></span> <span class='ocrx_word' id='word_1_72' title='bbox 1035 1297 1282 1354; x_wconf 69' lang='lat' dir='ltr'><strong>quaeque</strong></span> <span class='ocrx_word' id='word_1_73' title='bbox 1330 1280 1698 1336; x_wconf 89' lang='lat' dir='ltr'><strong>habebantur</strong></span> <span class='ocrx_word' id='word_1_74' title='bbox 1739 1279 1798 1334; x_wconf 90' lang='lat' dir='ltr'><strong>in</strong></span> <span class='ocrx_word' id='word_1_75' title='bbox 1849 1277 2014 1334; x_wconf 87' lang='lat' dir='ltr'><strong>Italia</strong></span> <span class='ocrx_word' id='word_1_76' title='bbox 2043 1275 2185 1332; x_wconf 88' lang='lat' dir='ltr'><strong>etin</strong></span> 
     </span>
    </p>
   </div>
   <div class='ocr_carea' id='block_1_14' title="bbox 535 1366 2190 1444">
    <p class='ocr_par' dir='ltr' id='par_1_14' title="bbox 535 1366 2190 1444">
     <span class='ocr_line' id='line_1_14' title="bbox 535 1366 2190 1444; baseline -0.007 -14"><span class='ocrx_word' id='word_1_77' title='bbox 535 1373 738 1430; x_wconf 87' lang='lat' dir='ltr'><strong>Galliis</strong></span> <span class='ocrx_word' id='word_1_78' title='bbox 768 1389 956 1444; x_wconf 91' lang='lat' dir='ltr'><strong>usque</strong></span> <span class='ocrx_word' id='word_1_79' title='bbox 1006 1372 1299 1426; x_wconf 83' lang='lat' dir='ltr'><strong>Oceanum</strong></span> <span class='ocrx_word' id='word_1_80' title='bbox 1351 1386 1511 1424; x_wconf 89' lang='lat' dir='ltr'><strong>mare</strong></span> <span class='ocrx_word' id='word_1_81' title='bbox 1559 1369 1784 1441; x_wconf 87' lang='lat' dir='ltr'><strong>potiora</strong></span> <span class='ocrx_word' id='word_1_82' title='bbox 1836 1366 2190 1422; x_wconf 90' lang='lat' dir='ltr'><strong>monasteria</strong></span> 
     </span>
    </p>
   </div>
   <div class='ocr_carea' id='block_1_15' title="bbox 533 1454 2190 1532">
    <p class='ocr_par' dir='ltr' id='par_1_15' title="bbox 533 1454 2190 1532">
     <span class='ocr_line' id='line_1_15' title="bbox 533 1454 2190 1532; baseline -0.005 -16"><span class='ocrx_word' id='word_1_83' title='bbox 533 1462 696 1518; x_wconf 88' lang='lat' dir='ltr'><strong>illius</strong></span> <span class='ocrx_word' id='word_1_84' title='bbox 753 1460 957 1516; x_wconf 90' lang='lat' dir='ltr'><strong>ditioni</strong></span> <span class='ocrx_word' id='word_1_85' title='bbox 1016 1458 1451 1532; x_wconf 84' lang='lat' dir='ltr'><strong>gratularentur</strong></span> <span class='ocrx_word' id='word_1_86' title='bbox 1515 1473 1643 1514; x_wconf 90' lang='lat' dir='ltr'><strong>esse</strong></span> <span class='ocrx_word' id='word_1_87' title='bbox 1710 1457 1993 1527; x_wconf 88' lang='lat' dir='ltr'><strong>subjecta.</strong></span> <span class='ocrx_word' id='word_1_88' title='bbox 2056 1454 2190 1510; x_wconf 88' lang='lat' dir='ltr'><strong>Post</strong></span> 
     </span>
    </p>
   </div>
   <div class='ocr_carea' id='block_1_16' title="bbox 537 1542 2186 1623">
    <p class='ocr_par' dir='ltr' id='par_1_16' title="bbox 537 1542 2186 1623">
     <span class='ocr_line' id='line_1_16' title="bbox 537 1542 2186 1623; baseline -0.007 -14"><span class='ocrx_word' id='word_1_89' title='bbox 537 1553 709 1623; x_wconf 88' lang='lat' dir='ltr'><strong>cujus</strong></span> <span class='ocrx_word' id='word_1_90' title='bbox 739 1551 963 1607; x_wconf 89' lang='lat' dir='ltr'><strong>obitum</strong></span> <span class='ocrx_word' id='word_1_91' title='bbox 1009 1549 1292 1605; x_wconf 90' lang='lat' dir='ltr'><strong>successit</strong></span> <span class='ocrx_word' id='word_1_92' title='bbox 1343 1548 1693 1603; x_wconf 87' lang='lat' dir='ltr'><strong>Heimardus</strong></span> <span class='ocrx_word' id='word_1_93' title='bbox 1740 1545 1830 1600; x_wconf 90' lang='lat' dir='ltr'><strong>vir</strong></span> <span class='ocrx_word' id='word_1_94' title='bbox 1859 1544 2104 1617; x_wconf 85' lang='lat' dir='ltr'><strong>simplex</strong></span> <span class='ocrx_word' id='word_1_95' title='bbox 2129 1542 2186 1598; x_wconf 90' lang='lat' dir='ltr'><strong>in</strong></span> 
     </span>
    </p>
   </div>
   <div class='ocr_carea' id='block_1_17' title="bbox 539 1633 2190 1714">
    <p class='ocr_par' dir='ltr' id='par_1_17' title="bbox 539 1633 2190 1714">
     <span class='ocr_line' id='line_1_17' title="bbox 539 1633 2190 1714; baseline -0.005 -18"><span class='ocrx_word' id='word_1_96' title='bbox 539 1640 727 1714; x_wconf 83' lang='lat' dir='ltr'><strong>ipsius</strong></span> <span class='ocrx_word' id='word_1_97' title='bbox 763 1639 976 1694; x_wconf 91' lang='lat' dir='ltr'><strong>locum.</strong></span> <span class='ocrx_word' id='word_1_98' title='bbox 1011 1637 1118 1701; x_wconf 89' lang='lat' dir='ltr'><strong>Qui</strong></span> <span class='ocrx_word' id='word_1_99' title='bbox 1174 1637 1308 1692; x_wconf 90' lang='lat' dir='ltr'><strong>licet</strong></span> <span class='ocrx_word' id='word_1_100' title='bbox 1363 1653 1477 1692; x_wconf 92' lang='lat' dir='ltr'><strong>non</strong></span> <span class='ocrx_word' id='word_1_101' title='bbox 1537 1637 1678 1690; x_wconf 90' lang='lat' dir='ltr'><strong>adeo</strong></span> <span class='ocrx_word' id='word_1_102' title='bbox 1736 1633 2190 1700; x_wconf 85' lang='lat' dir='ltr'><strong>famosissimus,</strong></span> 
     </span>
    </p>
   </div>
   <div class='ocr_carea' id='block_1_18' title="bbox 539 1723 2187 1802">
    <p class='ocr_par' dir='ltr' id='par_1_18' title="bbox 539 1723 2187 1802">
     <span class='ocr_line' id='line_1_18' title="bbox 539 1723 2187 1802; baseline -0.006 -16"><span class='ocrx_word' id='word_1_103' title='bbox 539 1728 825 1802; x_wconf 84' lang='lat' dir='ltr'><strong>regularis</strong></span> <span class='ocrx_word' id='word_1_104' title='bbox 875 1732 1074 1782; x_wconf 90' lang='lat' dir='ltr'><strong>tamen</strong></span> <span class='ocrx_word' id='word_1_105' title='bbox 1123 1724 1502 1782; x_wconf 70' lang='lat' dir='ltr'><strong>observantia:</strong></span> <span class='ocrx_word' id='word_1_106' title='bbox 1555 1740 1669 1779; x_wconf 92' lang='lat' dir='ltr'><strong>non</strong></span> <span class='ocrx_word' id='word_1_107' title='bbox 1723 1723 1915 1794; x_wconf 87' lang='lat' dir='ltr'><strong>impar</strong></span> <span class='ocrx_word' id='word_1_108' title='bbox 1969 1726 2187 1777; x_wconf 89' lang='lat' dir='ltr'><strong>custos.</strong></span> 
     </span>
    </p>
   </div>
   <div class='ocr_carea' id='block_1_19' title="bbox 539 1810 2194 1889">
    <p class='ocr_par' dir='ltr' id='par_1_19' title="bbox 539 1810 2194 1889">
     <span class='ocr_line' id='line_1_19' title="bbox 539 1810 2194 1889; baseline -0.005 -15"><span class='ocrx_word' id='word_1_109' title='bbox 539 1819 677 1875; x_wconf 89' lang='lat' dir='ltr'><strong>Post</strong></span> <span class='ocrx_word' id='word_1_110' title='bbox 706 1818 861 1872; x_wconf 87' lang='lat' dir='ltr'><strong>hunc</strong></span> <span class='ocrx_word' id='word_1_111' title='bbox 889 1831 1123 1889; x_wconf 90' lang='lat' dir='ltr'><strong>quoque</strong></span> <span class='ocrx_word' id='word_1_112' title='bbox 1163 1818 1400 1870; x_wconf 88' lang='lat' dir='ltr'><strong>sanctus</strong></span> <span class='ocrx_word' id='word_1_113' title='bbox 1451 1830 1516 1868; x_wconf 90' lang='lat' dir='ltr'><strong>ac</strong></span> <span class='ocrx_word' id='word_1_114' title='bbox 1565 1811 1912 1868; x_wconf 83' lang='lat' dir='ltr'><strong>venerabilis</strong></span> <span class='ocrx_word' id='word_1_115' title='bbox 1959 1810 2194 1883; x_wconf 89' lang='lat' dir='ltr'><strong>eligitur</strong></span> 
     </span>
    </p>
   </div>
   <div class='ocr_carea' id='block_1_20' title="bbox 539 1899 2191 1976">
    <p class='ocr_par' dir='ltr' id='par_1_20' title="bbox 539 1899 2191 1976">
     <span class='ocr_line' id='line_1_20' title="bbox 539 1899 2191 1976; baseline -0.007 -13"><span class='ocrx_word' id='word_1_116' title='bbox 539 1905 808 1974; x_wconf 88' lang='lat' dir='ltr'><strong>Maiolus,</strong></span> <span class='ocrx_word' id='word_1_117' title='bbox 839 1905 1009 1976; x_wconf 90' lang='lat' dir='ltr'><strong>cujus</strong></span> <span class='ocrx_word' id='word_1_118' title='bbox 1062 1903 1336 1975; x_wconf 90' lang='lat' dir='ltr'><strong>superius</strong></span> <span class='ocrx_word' id='word_1_119' title='bbox 1389 1901 1734 1958; x_wconf 86' lang='lat' dir='ltr'><strong>memoriam</strong></span> <span class='ocrx_word' id='word_1_120' title='bbox 1783 1900 2047 1969; x_wconf 89' lang='lat' dir='ltr'><strong>fecimus,</strong></span> <span class='ocrx_word' id='word_1_121' title='bbox 2091 1899 2191 1972; x_wconf 85' lang='lat' dir='ltr'><strong>qui</strong></span> 
     </span>
    </p>
   </div>
   <div class='ocr_carea' id='block_1_21' title="bbox 538 1991 2189 2062">
    <p class='ocr_par' dir='ltr' id='par_1_21' title="bbox 538 1991 2189 2062">
     <span class='ocr_line' id='line_1_21' title="bbox 538 1991 2189 2062; baseline -0.005 -10"><span class='ocrx_word' id='word_1_122' title='bbox 538 1996 714 2052; x_wconf 90' lang='lat' dir='ltr'><strong>etiam</strong></span> <span class='ocrx_word' id='word_1_123' title='bbox 748 2009 1143 2050; x_wconf 91' lang='lat' dir='ltr'><strong>successorem</strong></span> <span class='ocrx_word' id='word_1_124' title='bbox 1177 1991 1288 2048; x_wconf 86' lang='lat' dir='ltr'><strong>sibi</strong></span> <span class='ocrx_word' id='word_1_125' title='bbox 1326 1991 1750 2046; x_wconf 86' lang='lat' dir='ltr'><strong>munachorum</strong></span> <span class='ocrx_word' id='word_1_126' title='bbox 1782 1991 2012 2045; x_wconf 88' lang='lat' dir='ltr'><strong>Patrem</strong></span> <span class='ocrx_word' id='word_1_127' title='bbox 2045 2005 2189 2062; x_wconf 70' lang='lat' dir='ltr'><strong>prae-</strong></span> 
     </span>
    </p>
   </div>
   <div class='ocr_carea' id='block_1_22' title="bbox 535 2077 2189 2152">
    <p class='ocr_par' dir='ltr' id='par_1_22' title="bbox 535 2077 2189 2152">
     <span class='ocr_line' id='line_1_22' title="bbox 535 2077 2189 2152; baseline -0.006 -11"><span class='ocrx_word' id='word_1_128' title='bbox 535 2085 684 2141; x_wconf 89' lang='lat' dir='ltr'><strong>vidit</strong></span> <span class='ocrx_word' id='word_1_129' title='bbox 711 2083 1038 2141; x_wconf 91' lang='lat' dir='ltr'><strong>Odilonem.</strong></span> <span class='ocrx_word' id='word_1_130' title='bbox 1075 2080 1175 2136; x_wconf 90' lang='lat' dir='ltr'><strong>Hic</strong></span> <span class='ocrx_word' id='word_1_131' title='bbox 1214 2080 1428 2136; x_wconf 91' lang='lat' dir='ltr'><strong>etenim</strong></span> <span class='ocrx_word' id='word_1_132' title='bbox 1480 2080 1719 2152; x_wconf 86' lang='lat' dir='ltr'><strong>quintus</strong></span> <span class='ocrx_word' id='word_1_133' title='bbox 1753 2096 1785 2134; x_wconf 89' lang='lat' dir='ltr'><strong>a</strong></span> <span class='ocrx_word' id='word_1_134' title='bbox 1817 2078 2006 2152; x_wconf 90' lang='lat' dir='ltr'><strong>primo</strong></span> <span class='ocrx_word' id='word_1_135' title='bbox 2053 2077 2189 2133; x_wconf 92' lang='lat' dir='ltr'><strong>Ber-</strong></span> 
     </span>
    </p>
   </div>
   <div class='ocr_carea' id='block_1_23' title="bbox 538 2166 2188 2240">
    <p class='ocr_par' dir='ltr' id='par_1_23' title="bbox 538 2166 2188 2240">
     <span class='ocr_line' id='line_1_23' title="bbox 538 2166 2188 2240; baseline -0.005 -10"><span class='ocrx_word' id='word_1_136' title='bbox 538 2191 690 2230; x_wconf 92' lang='lat' dir='ltr'><strong>none</strong></span> <span class='ocrx_word' id='word_1_137' title='bbox 733 2172 913 2228; x_wconf 87' lang='lat' dir='ltr'><strong>abbas</strong></span> <span class='ocrx_word' id='word_1_138' title='bbox 959 2169 1182 2226; x_wconf 82' lang='lat' dir='ltr'><strong>exstitit</strong></span> <span class='ocrx_word' id='word_1_139' title='bbox 1238 2168 1495 2240; x_wconf 68' lang='lat' dir='ltr'><strong>praedicti</strong></span> <span class='ocrx_word' id='word_1_140' title='bbox 1543 2168 1870 2224; x_wconf 89' lang='lat' dir='ltr'><strong>Cluniensis</strong></span> <span class='ocrx_word' id='word_1_141' title='bbox 1920 2166 2188 2222; x_wconf 77' lang='lat' dir='ltr'><strong>ccsnobii.</strong></span> 
     </span>
    </p>
   </div>
   <div class='ocr_carea' id='block_1_24' title="bbox 537 2255 2190 2334">
    <p class='ocr_par' dir='ltr' id='par_1_24' title="bbox 537 2255 2190 2334">
     <span class='ocr_line' id='line_1_24' title="bbox 537 2255 2190 2334; baseline -0.004 -15"><span class='ocrx_word' id='word_1_142' title='bbox 537 2265 618 2319; x_wconf 85' lang='lat' dir='ltr'><strong>Ex</strong></span> <span class='ocrx_word' id='word_1_143' title='bbox 651 2278 767 2334; x_wconf 92' lang='lat' dir='ltr'><strong>quo</strong></span> <span class='ocrx_word' id='word_1_144' title='bbox 794 2259 1063 2316; x_wconf 86' lang='lat' dir='ltr'><strong>videlicet</strong></span> <span class='ocrx_word' id='word_1_145' title='bbox 1093 2258 1352 2314; x_wconf 66' lang='lat' dir='ltr'><strong>coenobio</strong></span> <span class='ocrx_word' id='word_1_146' title='bbox 1404 2275 1506 2330; x_wconf 91' lang='lat' dir='ltr'><strong>per</strong></span> <span class='ocrx_word' id='word_1_147' title='bbox 1553 2258 1812 2313; x_wconf 91' lang='lat' dir='ltr'><strong>diversas</strong></span> <span class='ocrx_word' id='word_1_148' title='bbox 1865 2255 2190 2330; x_wconf 89' lang='lat' dir='ltr'><strong>provincias</strong></span> 
     </span>
    </p>
   </div>
   <div class='ocr_carea' id='block_1_25' title="bbox 539 2346 2190 2422">
    <p class='ocr_par' dir='ltr' id='par_1_25' title="bbox 539 2346 2190 2422">
     <span class='ocr_line' id='line_1_25' title="bbox 539 2346 2190 2422; baseline -0.005 -14"><span class='ocrx_word' id='word_1_149' title='bbox 539 2353 748 2408; x_wconf 81' lang='lat' dir='ltr'><strong>fratres</strong></span> <span class='ocrx_word' id='word_1_150' title='bbox 795 2349 1009 2422; x_wconf 71' lang='lat' dir='ltr'><strong>saepius</strong></span> <span class='ocrx_word' id='word_1_151' title='bbox 1067 2348 1253 2420; x_wconf 89' lang='lat' dir='ltr'><strong>petiti,</strong></span> <span class='ocrx_word' id='word_1_152' title='bbox 1284 2351 1457 2418; x_wconf 90' lang='lat' dir='ltr'><strong>atque</strong></span> <span class='ocrx_word' id='word_1_153' title='bbox 1511 2346 1934 2401; x_wconf 89' lang='lat' dir='ltr'><strong>monachorum</strong></span> <span class='ocrx_word' id='word_1_154' title='bbox 1991 2346 2190 2400; x_wconf 87' lang='lat' dir='ltr'><strong>Patres</strong></span> 
     </span>
    </p>
   </div>
   <div class='ocr_carea' id='block_1_26' title="bbox 538 2434 2187 2512">
    <p class='ocr_par' dir='ltr' id='par_1_26' title="bbox 538 2434 2187 2512">
     <span class='ocr_line' id='line_1_26' title="bbox 538 2434 2187 2512; baseline -0.006 -14"><span class='ocrx_word' id='word_1_155' title='bbox 538 2440 812 2507; x_wconf 90' lang='lat' dir='ltr'><strong>ordinati,</strong></span> <span class='ocrx_word' id='word_1_156' title='bbox 855 2438 1178 2512; x_wconf 88' lang='lat' dir='ltr'><strong>plurimum</strong></span> <span class='ocrx_word' id='word_1_157' title='bbox 1239 2436 1478 2492; x_wconf 90' lang='lat' dir='ltr'><strong>Domino</strong></span> <span class='ocrx_word' id='word_1_158' title='bbox 1527 2436 1888 2508; x_wconf 91' lang='lat' dir='ltr'><strong>acquisivere</strong></span> <span class='ocrx_word' id='word_1_159' title='bbox 1936 2434 2187 2490; x_wconf 88' lang='lat' dir='ltr'><strong>lucrum.</strong></span> 
     </span>
    </p>
   </div>
   <div class='ocr_carea' id='block_1_27' title="bbox 539 2524 2192 2596">
    <p class='ocr_par' dir='ltr' id='par_1_27' title="bbox 539 2524 2192 2596">
     <span class='ocr_line' id='line_1_27' title="bbox 539 2524 2192 2596; baseline -0.006 -9"><span class='ocrx_word' id='word_1_160' title='bbox 539 2531 641 2588; x_wconf 88' lang='lat' dir='ltr'><strong>Hic</strong></span> <span class='ocrx_word' id='word_1_161' title='bbox 666 2534 861 2586; x_wconf 89' lang='lat' dir='ltr'><strong>tamen</strong></span> <span class='ocrx_word' id='word_1_162' title='bbox 899 2529 1085 2594; x_wconf 87' lang='lat' dir='ltr'><strong>Pater,</strong></span> <span class='ocrx_word' id='word_1_163' title='bbox 1114 2525 1334 2581; x_wconf 90' lang='lat' dir='ltr'><strong>scilicet</strong></span> <span class='ocrx_word' id='word_1_164' title='bbox 1362 2524 1804 2592; x_wconf 88' lang='lat' dir='ltr'><strong>Willermus,de</strong></span> <span class='ocrx_word' id='word_1_165' title='bbox 1827 2541 1940 2596; x_wconf 90' lang='lat' dir='ltr'><strong>quo</strong></span> <span class='ocrx_word' id='word_1_166' title='bbox 1964 2525 2022 2578; x_wconf 92' lang='lat' dir='ltr'><strong>in</strong></span> <span class='ocrx_word' id='word_1_167' title='bbox 2053 2541 2192 2596; x_wconf 64' lang='lat' dir='ltr'><strong>prce-</strong></span> 
     </span>
    </p>
   </div>
   <div class='ocr_carea' id='block_1_28' title="bbox 538 2613 2190 2686">
    <p class='ocr_par' dir='ltr' id='par_1_28' title="bbox 538 2613 2190 2686">
     <span class='ocr_line' id='line_1_28' title="bbox 538 2613 2190 2686; baseline -0.005 -9"><span class='ocrx_word' id='word_1_168' title='bbox 538 2620 862 2678; x_wconf 90' lang='lat' dir='ltr'><strong>sentiarum</strong></span> <span class='ocrx_word' id='word_1_169' title='bbox 903 2632 1094 2673; x_wconf 89' lang='lat' dir='ltr'><strong>sermo</strong></span> <span class='ocrx_word' id='word_1_170' title='bbox 1142 2615 1444 2671; x_wconf 80' lang='lat' dir='ltr'><strong>exordium</strong></span> <span class='ocrx_word' id='word_1_171' title='bbox 1493 2614 1718 2680; x_wconf 87' lang='lat' dir='ltr'><strong>habuit,</strong></span> <span class='ocrx_word' id='word_1_172' title='bbox 1751 2631 1865 2686; x_wconf 69' lang='lat' dir='ltr'><strong>pra:</strong></span> <span class='ocrx_word' id='word_1_173' title='bbox 1914 2613 2190 2668; x_wconf 85' lang='lat' dir='ltr'><strong>omnibus</strong></span> 
     </span>
    </p>
   </div>
   <div class='ocr_carea' id='block_1_29' title="bbox 539 2703 2193 2780">
    <p class='ocr_par' dir='ltr' id='par_1_29' title="bbox 539 2703 2193 2780">
     <span class='ocr_line' id='line_1_29' title="bbox 539 2703 2193 2780; baseline -0.004 -13"><span class='ocrx_word' id='word_1_174' title='bbox 539 2709 746 2767; x_wconf 87' lang='lat' dir='ltr'><strong>exinde</strong></span> <span class='ocrx_word' id='word_1_175' title='bbox 794 2706 1251 2780; x_wconf 67' lang='lat' dir='ltr'><strong>prmcedentibus</strong></span> <span class='ocrx_word' id='word_1_176' title='bbox 1299 2705 1648 2776; x_wconf 70' lang='lat' dir='ltr'><strong>praescripta:</strong></span> <span class='ocrx_word' id='word_1_177' title='bbox 1700 2704 2084 2760; x_wconf 89' lang='lat' dir='ltr'><strong>institutionis</strong></span> <span class='ocrx_word' id='word_1_178' title='bbox 2116 2703 2193 2760; x_wconf 89' lang='lat' dir='ltr'><strong>la-</strong></span> 
     </span>
    </p>
   </div>
   <div class='ocr_carea' id='block_1_30' title="bbox 541 2793 2190 2868">
    <p class='ocr_par' dir='ltr' id='par_1_30' title="bbox 541 2793 2190 2868">
     <span class='ocr_line' id='line_1_30' title="bbox 541 2793 2190 2868; baseline -0.005 -12"><span class='ocrx_word' id='word_1_179' title='bbox 541 2797 828 2856; x_wconf 91' lang='lat' dir='ltr'><strong>boriosior</strong></span> <span class='ocrx_word' id='word_1_180' title='bbox 861 2813 926 2852; x_wconf 90' lang='lat' dir='ltr'><strong>ac</strong></span> <span class='ocrx_word' id='word_1_181' title='bbox 958 2793 1382 2868; x_wconf 90' lang='lat' dir='ltr'><strong>spermologius</strong></span> <span class='ocrx_word' id='word_1_182' title='bbox 1435 2795 1839 2850; x_wconf 81' lang='lat' dir='ltr'><strong>fructiﬁcatior</strong></span> <span class='ocrx_word' id='word_1_183' title='bbox 1867 2799 1955 2850; x_wconf 89' lang='lat' dir='ltr'><strong>est</strong></span> <span class='ocrx_word' id='word_1_184' title='bbox 1996 2811 2190 2866; x_wconf 88' lang='lat' dir='ltr'><strong>reper-</strong></span> 
     </span>
    </p>
   </div>
   <div class='ocr_carea' id='block_1_31' title="bbox 544 2895 662 2946">
    <p class='ocr_par' dir='ltr' id='par_1_31' title="bbox 544 2895 662 2946">
     <span class='ocr_line' id='line_1_31' title="bbox 544 2895 662 2946; baseline -0.017 0"><span class='ocrx_word' id='word_1_185' title='bbox 544 2895 662 2946; x_wconf 92' lang='lat' dir='ltr'><strong>tus.</strong></span> 
     </span>
    </p>
   </div>
   <div class='ocr_carea' id='block_1_32' title="bbox 1185 2974 1546 3030">
    <p class='ocr_par' dir='ltr' id='par_1_32' title="bbox 1185 2974 1546 3030">
     <span class='ocr_line' id='line_1_32' title="bbox 1185 2974 1546 3030; baseline -0.006 0"><span class='ocrx_word' id='word_1_186' title='bbox 1185 2974 1417 3030; x_wconf 80' lang='lat' dir='ltr'><strong>CAPUT</strong></span> <span class='ocrx_word' id='word_1_187' title='bbox 1455 2974 1546 3028; x_wconf 92' lang='lat' dir='ltr'><strong>VI.</strong></span> 
     </span>
    </p>
   </div>
   <div class='ocr_carea' id='block_1_33' title="bbox 693 3064 2038 3137">
    <p class='ocr_par' dir='ltr' id='par_1_33' title="bbox 693 3064 2038 3137">
     <span class='ocr_line' id='line_1_33' title="bbox 693 3064 2038 3137; baseline -0.004 -12"><span class='ocrx_word' id='word_1_188' title='bbox 693 3074 775 3127; x_wconf 82' lang='lat' dir='ltr'><strong>De</strong></span> <span class='ocrx_word' id='word_1_189' title='bbox 801 3076 1130 3124; x_wconf 83' lang='lat' dir='ltr'><strong>sanctorum</strong></span> <span class='ocrx_word' id='word_1_190' title='bbox 1160 3065 1491 3135; x_wconf 79' lang='lat' dir='ltr'><strong>pignoribus</strong></span> <span class='ocrx_word' id='word_1_191' title='bbox 1520 3064 1723 3137; x_wconf 80' lang='lat' dir='ltr'><strong>ubique</strong></span> <span class='ocrx_word' id='word_1_192' title='bbox 1752 3065 2038 3120; x_wconf 76' lang='lat' dir='ltr'><strong>revelatis.</strong></span> 
     </span>
    </p>
   </div>
   <div class='ocr_carea' id='block_1_34' title="bbox 614 3154 2189 3224">
    <p class='ocr_par' dir='ltr' id='par_1_34' title="bbox 614 3154 2189 3224">
     <span class='ocr_line' id='line_1_34' title="bbox 614 3154 2189 3224; baseline -0.003 -9"><span class='ocrx_word' id='word_1_193' title='bbox 614 3158 952 3224; x_wconf 89' lang='lat' dir='ltr'><strong>Candidato,</strong></span> <span class='ocrx_word' id='word_1_194' title='bbox 993 3161 1058 3212; x_wconf 91' lang='lat' dir='ltr'><strong>ut</strong></span> <span class='ocrx_word' id='word_1_195' title='bbox 1103 3154 1382 3221; x_wconf 87' lang='lat' dir='ltr'><strong>diximus,</strong></span> <span class='ocrx_word' id='word_1_196' title='bbox 1435 3154 1491 3208; x_wconf 91' lang='lat' dir='ltr'><strong>in</strong></span> <span class='ocrx_word' id='word_1_197' title='bbox 1541 3154 1768 3209; x_wconf 79' lang='lat' dir='ltr'><strong>novatis</strong></span> <span class='ocrx_word' id='word_1_198' title='bbox 1815 3155 2189 3210; x_wconf 85' lang='lat' dir='ltr'><strong>ecclesiarum</strong></span> 
     </span>
    </p>
   </div>
   <div class='ocr_carea' id='block_1_35' title="bbox 2285 563 3824 641">
    <p class='ocr_par' dir='ltr' id='par_1_35' title="bbox 2285 563 3824 641">
     <span class='ocr_line' id='line_1_35' title="bbox 2285 563 3824 641; baseline 0.006 -22"><span class='ocrx_word' id='word_1_199' title='bbox 2285 569 2433 632; x_wconf 91' lang='lat' dir='ltr'><strong>ctus,</strong></span> <span class='ocrx_word' id='word_1_200' title='bbox 2467 563 2724 620; x_wconf 71' lang='lat' dir='ltr'><strong>ecclesia:</strong></span> <span class='ocrx_word' id='word_1_201' title='bbox 2776 563 3021 636; x_wconf 89' lang='lat' dir='ltr'><strong>insuper</strong></span> <span class='ocrx_word' id='word_1_202' title='bbox 3075 565 3271 634; x_wconf 89' lang='lat' dir='ltr'><strong>decus,</strong></span> <span class='ocrx_word' id='word_1_203' title='bbox 3324 566 3451 623; x_wconf 89' lang='lat' dir='ltr'><strong>nisu</strong></span> <span class='ocrx_word' id='word_1_204' title='bbox 3503 585 3608 641; x_wconf 91' lang='lat' dir='ltr'><strong>quo</strong></span> <span class='ocrx_word' id='word_1_205' title='bbox 3651 571 3824 628; x_wconf 81' lang='lat' dir='ltr'><strong>valeba</strong></span> 
     </span>
    </p>
   </div>
   <div class='ocr_carea' id='block_1_36' title="bbox 2286 653 3867 734">
    <p class='ocr_par' dir='ltr' id='par_1_36' title="bbox 2286 653 3867 734">
     <span class='ocr_line' id='line_1_36' title="bbox 2286 653 3867 734; baseline 0.006 -26"><span class='ocrx_word' id='word_1_206' title='bbox 2286 654 2502 709; x_wconf 87' lang='lat' dir='ltr'><strong>fcedare</strong></span> <span class='ocrx_word' id='word_1_207' title='bbox 2532 655 2814 709; x_wconf 88' lang='lat' dir='ltr'><strong>tentabat.</strong></span> <span class='ocrx_word' id='word_1_208' title='bbox 2847 653 3182 710; x_wconf 74' lang='lat' dir='ltr'><strong>Judaaorum</strong></span> <span class='ocrx_word' id='word_1_209' title='bbox 3207 672 3436 728; x_wconf 89' lang='lat' dir='ltr'><strong>quoque</strong></span> <span class='ocrx_word' id='word_1_210' title='bbox 3452 655 3506 712; x_wconf 91' lang='lat' dir='ltr'><strong>in</strong></span> <span class='ocrx_word' id='word_1_211' title='bbox 3532 662 3733 714; x_wconf 89' lang='lat' dir='ltr'><strong>tantum</strong></span> <span class='ocrx_word' id='word_1_212' title='bbox 3755 677 3867 734; x_wconf 66' lang='lat' dir='ltr'><strong>pre-</strong></span> 
     </span>
    </p>
   </div>
   <div class='ocr_carea' id='block_1_37' title="bbox 2285 741 3864 823">
    <p class='ocr_par' dir='ltr' id='par_1_37' title="bbox 2285 741 3864 823">
     <span class='ocr_line' id='line_1_37' title="bbox 2285 741 3864 823; baseline 0.007 -26"><span class='ocrx_word' id='word_1_213' title='bbox 2285 742 2662 798; x_wconf 90' lang='lat' dir='ltr'><strong>varicatorias</strong></span> <span class='ocrx_word' id='word_1_214' title='bbox 2693 741 2975 815; x_wconf 86' lang='lat' dir='ltr'><strong>diligebat</strong></span> <span class='ocrx_word' id='word_1_215' title='bbox 3026 745 3490 814; x_wconf 88' lang='lat' dir='ltr'><strong>consuetudines,</strong></span> <span class='ocrx_word' id='word_1_216' title='bbox 3521 750 3580 802; x_wconf 88' lang='lat' dir='ltr'><strong>ut</strong></span> <span class='ocrx_word' id='word_1_217' title='bbox 3617 764 3672 804; x_wconf 89' lang='lat' dir='ltr'><strong>se</strong></span> <span class='ocrx_word' id='word_1_218' title='bbox 3710 766 3864 823; x_wconf 81' lang='lat' dir='ltr'><strong>regem</strong></span> 
     </span>
    </p>
   </div>
   <div class='ocr_carea' id='block_1_38' title="bbox 2288 831 3868 909">
    <p class='ocr_par' dir='ltr' id='par_1_38' title="bbox 2288 831 3868 909">
     <span class='ocr_line' id='line_1_38' title="bbox 2288 831 3868 909; baseline 0.006 -23"><span class='ocrx_word' id='word_1_219' title='bbox 2288 832 2555 904; x_wconf 88' lang='lat' dir='ltr'><strong>ipsorum</strong></span> <span class='ocrx_word' id='word_1_220' title='bbox 2588 848 2692 887; x_wconf 89' lang='lat' dir='ltr'><strong>suo</strong></span> <span class='ocrx_word' id='word_1_221' title='bbox 2733 833 3111 905; x_wconf 67' lang='lat' dir='ltr'><strong>prmnomine,</strong></span> <span class='ocrx_word' id='word_1_222' title='bbox 3146 831 3468 891; x_wconf 74' lang='lat' dir='ltr'><strong>Rainardus</strong></span> <span class='ocrx_word' id='word_1_223' title='bbox 3513 836 3702 909; x_wconf 88' lang='lat' dir='ltr'><strong>quippe</strong></span> <span class='ocrx_word' id='word_1_224' title='bbox 3741 838 3868 895; x_wconf 86' lang='lat' dir='ltr'><strong>dice-</strong></span> 
     </span>
    </p>
   </div>
   <div class='ocr_carea' id='block_1_39' title="bbox 2289 919 3868 994">
    <p class='ocr_par' dir='ltr' id='par_1_39' title="bbox 2289 919 3868 994">
     <span class='ocr_line' id='line_1_39' title="bbox 2289 919 3868 994; baseline 0.005 -18"><span class='ocrx_word' id='word_1_225' title='bbox 2289 919 2620 987; x_wconf 87' lang='lat' dir='ltr'><strong>batur,suis</strong></span> <span class='ocrx_word' id='word_1_226' title='bbox 2646 920 2922 977; x_wconf 90' lang='lat' dir='ltr'><strong>omnibus</strong></span> <span class='ocrx_word' id='word_1_227' title='bbox 2950 921 3431 994; x_wconf 87' lang='lat' dir='ltr'><strong>imperaret.Cum</strong></span> <span class='ocrx_word' id='word_1_228' title='bbox 3453 923 3599 980; x_wconf 88' lang='lat' dir='ltr'><strong>enim</strong></span> <span class='ocrx_word' id='word_1_229' title='bbox 3619 925 3671 980; x_wconf 90' lang='lat' dir='ltr'><strong>in</strong></span> <span class='ocrx_word' id='word_1_230' title='bbox 3692 928 3868 984; x_wconf 64' lang='lat' dir='ltr'><strong>caeteris</strong></span> 
     </span>
    </p>
   </div>
   <div class='ocr_carea' id='block_1_40' title="bbox 2293 1008 3870 1076">
    <p class='ocr_par' dir='ltr' id='par_1_40' title="bbox 2293 1008 3870 1076">
     <span class='ocr_line' id='line_1_40' title="bbox 2293 1008 3870 1076; baseline 0.006 -13"><span class='ocrx_word' id='word_1_231' title='bbox 2293 1008 2807 1076; x_wconf 89' lang='lat' dir='ltr'><strong>mendacissimus,</strong></span> <span class='ocrx_word' id='word_1_232' title='bbox 2841 1010 3017 1065; x_wconf 90' lang='lat' dir='ltr'><strong>etiam</strong></span> <span class='ocrx_word' id='word_1_233' title='bbox 3056 1009 3396 1068; x_wconf 70' lang='lat' dir='ltr'><strong>Christianae</strong></span> <span class='ocrx_word' id='word_1_234' title='bbox 3442 1011 3567 1068; x_wconf 79' lang='lat' dir='ltr'><strong>ﬁdei</strong></span> <span class='ocrx_word' id='word_1_235' title='bbox 3609 1013 3870 1072; x_wconf 81' lang='lat' dir='ltr'><strong>insidiosas</strong></span> 
     </span>
    </p>
   </div>
   <div class='ocr_carea' id='block_1_41' title="bbox 2293 1098 3871 1176">
    <p class='ocr_par' dir='ltr' id='par_1_41' title="bbox 2293 1098 3871 1176">
     <span class='ocr_line' id='line_1_41' title="bbox 2293 1098 3871 1176; baseline 0.005 -24"><span class='ocrx_word' id='word_1_236' title='bbox 2293 1098 2618 1154; x_wconf 88' lang='lat' dir='ltr'><strong>habebatur</strong></span> <span class='ocrx_word' id='word_1_237' title='bbox 2646 1098 2957 1154; x_wconf 89' lang='lat' dir='ltr'><strong>detractor.</strong></span> <span class='ocrx_word' id='word_1_238' title='bbox 2992 1100 3182 1172; x_wconf 85' lang='lat' dir='ltr'><strong>Atque</strong></span> <span class='ocrx_word' id='word_1_239' title='bbox 3211 1099 3339 1156; x_wconf 88' lang='lat' dir='ltr'><strong>ideo</strong></span> <span class='ocrx_word' id='word_1_240' title='bbox 3369 1117 3670 1176; x_wconf 88' lang='lat' dir='ltr'><strong>pauperum</strong></span> <span class='ocrx_word' id='word_1_241' title='bbox 3702 1103 3871 1160; x_wconf 83' lang='lat' dir='ltr'><strong>indicia</strong></span> 
     </span>
    </p>
   </div>
   <div class='ocr_carea' id='block_1_42' title="bbox 2294 1185 3874 1263">
    <p class='ocr_par' dir='ltr' id='par_1_42' title="bbox 2294 1185 3874 1263">
     <span class='ocr_line' id='line_1_42' title="bbox 2294 1185 3874 1263; baseline 0.004 -21"><span class='ocrx_word' id='word_1_242' title='bbox 2294 1187 2518 1259; x_wconf 88' lang='lat' dir='ltr'><strong>absque</strong></span> <span class='ocrx_word' id='word_1_243' title='bbox 2551 1185 2670 1242; x_wconf 90' lang='lat' dir='ltr'><strong>ulla</strong></span> <span class='ocrx_word' id='word_1_244' title='bbox 2699 1187 3108 1261; x_wconf 90' lang='lat' dir='ltr'><strong>promulgabat</strong></span> <span class='ocrx_word' id='word_1_245' title='bbox 3138 1189 3373 1262; x_wconf 87' lang='lat' dir='ltr'><strong>pietate,</strong></span> <span class='ocrx_word' id='word_1_246' title='bbox 3402 1191 3622 1263; x_wconf 88' lang='lat' dir='ltr'><strong>penitus</strong></span> <span class='ocrx_word' id='word_1_247' title='bbox 3657 1191 3874 1249; x_wconf 75' lang='lat' dir='ltr'><strong>humani~</strong></span> 
     </span>
    </p>
   </div>
   <div class='ocr_carea' id='block_1_43' title="bbox 2294 1275 3875 1350">
    <p class='ocr_par' dir='ltr' id='par_1_43' title="bbox 2294 1275 3875 1350">
     <span class='ocr_line' id='line_1_43' title="bbox 2294 1275 3875 1350; baseline 0.005 -19"><span class='ocrx_word' id='word_1_248' title='bbox 2294 1280 2414 1332; x_wconf 91' lang='lat' dir='ltr'><strong>tate</strong></span> <span class='ocrx_word' id='word_1_249' title='bbox 2444 1280 2687 1332; x_wconf 88' lang='lat' dir='ltr'><strong>remota.</strong></span> <span class='ocrx_word' id='word_1_250' title='bbox 2715 1275 2859 1332; x_wconf 85' lang='lat' dir='ltr'><strong>Nam</strong></span> <span class='ocrx_word' id='word_1_251' title='bbox 2888 1277 2991 1344; x_wconf 89' lang='lat' dir='ltr'><strong>rei,</strong></span> <span class='ocrx_word' id='word_1_252' title='bbox 3027 1295 3202 1350; x_wconf 89' lang='lat' dir='ltr'><strong>quam</strong></span> <span class='ocrx_word' id='word_1_253' title='bbox 3233 1279 3493 1335; x_wconf 89' lang='lat' dir='ltr'><strong>dicturus</strong></span> <span class='ocrx_word' id='word_1_254' title='bbox 3533 1297 3672 1346; x_wconf 88' lang='lat' dir='ltr'><strong>sum,</strong></span> <span class='ocrx_word' id='word_1_255' title='bbox 3699 1285 3770 1338; x_wconf 82' lang='lat' dir='ltr'><strong>tot</strong></span> <span class='ocrx_word' id='word_1_256' title='bbox 3791 1287 3875 1340; x_wconf 82' lang='lat' dir='ltr'><strong>tes-</strong></span> 
     </span>
    </p>
   </div>
   <div class='ocr_carea' id='block_1_44' title="bbox 2294 1366 3874 1444">
    <p class='ocr_par' dir='ltr' id='par_1_44' title="bbox 2294 1366 3874 1444">
     <span class='ocr_line' id='line_1_44' title="bbox 2294 1366 3874 1444; baseline 0.006 -25"><span class='ocrx_word' id='word_1_257' title='bbox 2294 1369 2382 1420; x_wconf 89' lang='lat' dir='ltr'><strong>tes</strong></span> <span class='ocrx_word' id='word_1_258' title='bbox 2415 1366 2762 1421; x_wconf 87' lang='lat' dir='ltr'><strong>exstiterunt</strong></span> <span class='ocrx_word' id='word_1_259' title='bbox 2791 1367 2994 1439; x_wconf 87' lang='lat' dir='ltr'><strong>quanti</strong></span> <span class='ocrx_word' id='word_1_260' title='bbox 3027 1368 3085 1422; x_wconf 91' lang='lat' dir='ltr'><strong>in</strong></span> <span class='ocrx_word' id='word_1_261' title='bbox 3117 1369 3320 1423; x_wconf 90' lang='lat' dir='ltr'><strong>eadem</strong></span> <span class='ocrx_word' id='word_1_262' title='bbox 3353 1368 3574 1425; x_wconf 90' lang='lat' dir='ltr'><strong>civitate</strong></span> <span class='ocrx_word' id='word_1_263' title='bbox 3590 1387 3648 1424; x_wconf 91' lang='lat' dir='ltr'><strong>eo</strong></span> <span class='ocrx_word' id='word_1_264' title='bbox 3667 1375 3874 1444; x_wconf 78' lang='lat' dir='ltr'><strong>tempore</strong></span> 
     </span>
    </p>
   </div>
   <div class='ocr_carea' id='block_1_45' title="bbox 2295 1453 2882 1510">
    <p class='ocr_par' dir='ltr' id='par_1_45' title="bbox 2295 1453 2882 1510">
     <span class='ocr_line' id='line_1_45' title="bbox 2295 1453 2882 1510; baseline 0.003 -2"><span class='ocrx_word' id='word_1_265' title='bbox 2295 1453 2566 1509; x_wconf 87' lang='lat' dir='ltr'><strong>vivebant</strong></span> <span class='ocrx_word' id='word_1_266' title='bbox 2598 1453 2882 1510; x_wconf 88' lang='lat' dir='ltr'><strong>homines.</strong></span> 
     </span>
    </p>
   </div>
   <div class='ocr_carea' id='block_1_46' title="bbox 2369 1543 3877 1621">
    <p class='ocr_par' dir='ltr' id='par_1_46' title="bbox 2369 1543 3877 1621">
     <span class='ocr_line' id='line_1_46' title="bbox 2369 1543 3877 1621; baseline 0.005 -23"><span class='ocrx_word' id='word_1_267' title='bbox 2369 1543 2840 1615; x_wconf 88' lang='lat' dir='ltr'><strong>Comprehensus</strong></span> <span class='ocrx_word' id='word_1_268' title='bbox 2870 1543 3186 1618; x_wconf 84' lang='lat' dir='ltr'><strong>aliquando</strong></span> <span class='ocrx_word' id='word_1_269' title='bbox 3221 1545 3541 1620; x_wconf 84' lang='lat' dir='ltr'><strong>flagitiosus</strong></span> <span class='ocrx_word' id='word_1_270' title='bbox 3561 1549 3877 1621; x_wconf 82' lang='lat' dir='ltr'><strong>quidam,l‘ur-</strong></span> 
     </span>
    </p>
   </div>
   <div class='ocr_carea' id='block_1_47' title="bbox 2301 1632 3875 1709">
    <p class='ocr_par' dir='ltr' id='par_1_47' title="bbox 2301 1632 3875 1709">
     <span class='ocr_line' id='line_1_47' title="bbox 2301 1632 3875 1709; baseline 0.004 -23"><span class='ocrx_word' id='word_1_271' title='bbox 2301 1636 2425 1686; x_wconf 92' lang='lat' dir='ltr'><strong>tum</strong></span> <span class='ocrx_word' id='word_1_272' title='bbox 2453 1632 2693 1700; x_wconf 85' lang='lat' dir='ltr'><strong>faciens,</strong></span> <span class='ocrx_word' id='word_1_273' title='bbox 2727 1633 3058 1706; x_wconf 86' lang='lat' dir='ltr'><strong>ductusque</strong></span> <span class='ocrx_word' id='word_1_274' title='bbox 3089 1635 3160 1690; x_wconf 89' lang='lat' dir='ltr'><strong>ad</strong></span> <span class='ocrx_word' id='word_1_275' title='bbox 3192 1651 3326 1690; x_wconf 91' lang='lat' dir='ltr'><strong>eum</strong></span> <span class='ocrx_word' id='word_1_276' title='bbox 3360 1641 3423 1691; x_wconf 89' lang='lat' dir='ltr'><strong>ut</strong></span> <span class='ocrx_word' id='word_1_277' title='bbox 3455 1637 3576 1709; x_wconf 88' lang='lat' dir='ltr'><strong>ejus</strong></span> <span class='ocrx_word' id='word_1_278' title='bbox 3620 1638 3875 1707; x_wconf 83' lang='lat' dir='ltr'><strong>audientis,</strong></span> 
     </span>
    </p>
   </div>
   <div class='ocr_carea' id='block_1_48' title="bbox 2301 1722 3878 1800">
    <p class='ocr_par' dir='ltr' id='par_1_48' title="bbox 2301 1722 3878 1800">
     <span class='ocr_line' id='line_1_48' title="bbox 2301 1722 3878 1800; baseline 0.006 -25"><span class='ocrx_word' id='word_1_279' title='bbox 2301 1722 2439 1792; x_wconf 90' lang='lat' dir='ltr'><strong>quid</strong></span> <span class='ocrx_word' id='word_1_280' title='bbox 2475 1722 2543 1777; x_wconf 94' lang='lat' dir='ltr'><strong>de</strong></span> <span class='ocrx_word' id='word_1_281' title='bbox 2576 1739 2642 1777; x_wconf 92' lang='lat' dir='ltr'><strong>eo</strong></span> <span class='ocrx_word' id='word_1_282' title='bbox 2668 1723 2999 1779; x_wconf 86' lang='lat' dir='ltr'><strong>faciendum</strong></span> <span class='ocrx_word' id='word_1_283' title='bbox 3043 1729 3218 1792; x_wconf 90' lang='lat' dir='ltr'><strong>esset,</strong></span> <span class='ocrx_word' id='word_1_284' title='bbox 3250 1727 3648 1800; x_wconf 87' lang='lat' dir='ltr'><strong>assignaretur.</strong></span> <span class='ocrx_word' id='word_1_285' title='bbox 3678 1730 3766 1795; x_wconf 87' lang='lat' dir='ltr'><strong>Qui</strong></span> <span class='ocrx_word' id='word_1_286' title='bbox 3794 1734 3878 1786; x_wconf 85' lang='lat' dir='ltr'><strong>sta-</strong></span> 
     </span>
    </p>
   </div>
   <div class='ocr_carea' id='block_1_49' title="bbox 2300 1810 3877 1890">
    <p class='ocr_par' dir='ltr' id='par_1_49' title="bbox 2300 1810 3877 1890">
     <span class='ocr_line' id='line_1_49' title="bbox 2300 1810 3877 1890; baseline 0.005 -26"><span class='ocrx_word' id='word_1_287' title='bbox 2300 1810 2406 1865; x_wconf 90' lang='lat' dir='ltr'><strong>tim</strong></span> <span class='ocrx_word' id='word_1_288' title='bbox 2439 1811 2596 1866; x_wconf 89' lang='lat' dir='ltr'><strong>omni</strong></span> <span class='ocrx_word' id='word_1_289' title='bbox 2633 1811 3004 1870; x_wconf 90' lang='lat' dir='ltr'><strong>miseratione</strong></span> <span class='ocrx_word' id='word_1_290' title='bbox 3035 1817 3568 1889; x_wconf 30' lang='lat' dir='ltr'><strong>remota&#39;suspendi</strong></span> <span class='ocrx_word' id='word_1_291' title='bbox 3593 1817 3647 1872; x_wconf 89' lang='lat' dir='ltr'><strong>in</strong></span> <span class='ocrx_word' id='word_1_292' title='bbox 3675 1817 3877 1890; x_wconf 85' lang='lat' dir='ltr'><strong>patibulo</strong></span> 
     </span>
    </p>
   </div>
   <div class='ocr_carea' id='block_1_50' title="bbox 2302 1898 3877 1978">
    <p class='ocr_par' dir='ltr' id='par_1_50' title="bbox 2302 1898 3877 1978">
     <span class='ocr_line' id='line_1_50' title="bbox 2302 1898 3877 1978; baseline 0.006 -25"><span class='ocrx_word' id='word_1_293' title='bbox 2302 1898 2469 1954; x_wconf 90' lang='lat' dir='ltr'><strong>illum</strong></span> <span class='ocrx_word' id='word_1_294' title='bbox 2503 1899 2874 1971; x_wconf 85' lang='lat' dir='ltr'><strong>adjudicavit.</strong></span> <span class='ocrx_word' id='word_1_295' title='bbox 2903 1905 2973 1957; x_wconf 86' lang='lat' dir='ltr'><strong>At</strong></span> <span class='ocrx_word' id='word_1_296' title='bbox 3004 1902 3128 1975; x_wconf 91' lang='lat' dir='ltr'><strong>ipse</strong></span> <span class='ocrx_word' id='word_1_297' title='bbox 3177 1903 3277 1975; x_wconf 92' lang='lat' dir='ltr'><strong>qui</strong></span> <span class='ocrx_word' id='word_1_298' title='bbox 3325 1905 3698 1978; x_wconf 89' lang='lat' dir='ltr'><strong>deprehensus</strong></span> <span class='ocrx_word' id='word_1_299' title='bbox 3736 1907 3877 1963; x_wconf 78' lang='lat' dir='ltr'><strong>fuerat</strong></span> 
     </span>
    </p>
   </div>
   <div class='ocr_carea' id='block_1_51' title="bbox 2301 1986 3874 2068">
    <p class='ocr_par' dir='ltr' id='par_1_51' title="bbox 2301 1986 3874 2068">
     <span class='ocr_line' id='line_1_51' title="bbox 2301 1986 3874 2068; baseline 0.006 -27"><span class='ocrx_word' id='word_1_300' title='bbox 2301 1986 2754 2059; x_wconf 80' lang='lat' dir='ltr'><strong>lacrymabiliter</strong></span> <span class='ocrx_word' id='word_1_301' title='bbox 2783 1990 3122 2062; x_wconf 70' lang='lat' dir='ltr'><strong>praedictum</strong></span> <span class='ocrx_word' id='word_1_302' title='bbox 3153 1991 3508 2050; x_wconf 81' lang='lat' dir='ltr'><strong>Rainardum</strong></span> <span class='ocrx_word' id='word_1_303' title='bbox 3531 2010 3712 2068; x_wconf 89' lang='lat' dir='ltr'><strong>rogare</strong></span> <span class='ocrx_word' id='word_1_304' title='bbox 3728 1996 3874 2068; x_wconf 71' lang='lat' dir='ltr'><strong>cmpit,</strong></span> 
     </span>
    </p>
   </div>
   <div class='ocr_carea' id='block_1_52' title="bbox 2303 2076 3876 2156">
    <p class='ocr_par' dir='ltr' id='par_1_52' title="bbox 2303 2076 3876 2156">
     <span class='ocr_line' id='line_1_52' title="bbox 2303 2076 3876 2156; baseline 0.006 -25"><span class='ocrx_word' id='word_1_305' title='bbox 2303 2080 2367 2131; x_wconf 87' lang='lat' dir='ltr'><strong>ut</strong></span> <span class='ocrx_word' id='word_1_306' title='bbox 2397 2076 2448 2132; x_wconf 92' lang='lat' dir='ltr'><strong>ei</strong></span> <span class='ocrx_word' id='word_1_307' title='bbox 2481 2077 2551 2132; x_wconf 90' lang='lat' dir='ltr'><strong>ad</strong></span> <span class='ocrx_word' id='word_1_308' title='bbox 2587 2095 2843 2150; x_wconf 50' lang='lat' dir='ltr'><strong>presens</strong></span> <span class='ocrx_word' id='word_1_309' title='bbox 2881 2079 3058 2135; x_wconf 88' lang='lat' dir='ltr'><strong>vitam</strong></span> <span class='ocrx_word' id='word_1_310' title='bbox 3106 2080 3457 2155; x_wconf 85' lang='lat' dir='ltr'><strong>indulgeret,</strong></span> <span class='ocrx_word' id='word_1_311' title='bbox 3487 2085 3876 2156; x_wconf 84' lang='lat' dir='ltr'><strong>promittensque</strong></span> 
     </span>
    </p>
   </div>
   <div class='ocr_carea' id='block_1_53' title="bbox 2301 2166 3874 2246">
    <p class='ocr_par' dir='ltr' id='par_1_53' title="bbox 2301 2166 3874 2246">
     <span class='ocr_line' id='line_1_53' title="bbox 2301 2166 3874 2246; baseline 0.004 -26"><span class='ocrx_word' id='word_1_312' title='bbox 2301 2183 2364 2221; x_wconf 92' lang='lat' dir='ltr'><strong>se</strong></span> <span class='ocrx_word' id='word_1_313' title='bbox 2393 2166 2669 2239; x_wconf 88' lang='lat' dir='ltr'><strong>deinceps</strong></span> <span class='ocrx_word' id='word_1_314' title='bbox 2700 2183 2816 2224; x_wconf 90' lang='lat' dir='ltr'><strong>non</strong></span> <span class='ocrx_word' id='word_1_315' title='bbox 2849 2167 3356 2227; x_wconf 87' lang='lat' dir='ltr'><strong>latrocinaturum.</strong></span> <span class='ocrx_word' id='word_1_316' title='bbox 3389 2173 3495 2228; x_wconf 89' lang='lat' dir='ltr'><strong>Sed</strong></span> <span class='ocrx_word' id='word_1_317' title='bbox 3536 2173 3874 2246; x_wconf 88' lang='lat' dir='ltr'><strong>nequicquam.</strong></span> 
     </span>
    </p>
   </div>
   <div class='ocr_carea' id='block_1_54' title="bbox 2301 2253 3877 2330">
    <p class='ocr_par' dir='ltr' id='par_1_54' title="bbox 2301 2253 3877 2330">
     <span class='ocr_line' id='line_1_54' title="bbox 2301 2253 3877 2330; baseline 0.007 -22"><span class='ocrx_word' id='word_1_318' title='bbox 2301 2253 2602 2310; x_wconf 90' lang='lat' dir='ltr'><strong>Crudelior</strong></span> <span class='ocrx_word' id='word_1_319' title='bbox 2631 2257 2847 2330; x_wconf 89' lang='lat' dir='ltr'><strong>quippe</strong></span> <span class='ocrx_word' id='word_1_320' title='bbox 2877 2259 3049 2314; x_wconf 78' lang='lat' dir='ltr'><strong>fiebat</strong></span> <span class='ocrx_word' id='word_1_321' title='bbox 3079 2261 3464 2318; x_wconf 85' lang='lat' dir='ltr'><strong>sacramentis</strong></span> <span class='ocrx_word' id='word_1_322' title='bbox 3514 2262 3673 2318; x_wconf 89' lang='lat' dir='ltr'><strong>etiam</strong></span> <span class='ocrx_word' id='word_1_323' title='bbox 3709 2279 3760 2318; x_wconf 85' lang='lat' dir='ltr'><strong>se</strong></span> <span class='ocrx_word' id='word_1_324' title='bbox 3783 2263 3877 2318; x_wconf 76' lang='lat' dir='ltr'><strong>obs-</strong></span> 
     </span>
    </p>
   </div>
   <div class='ocr_carea' id='block_1_55' title="bbox 2302 2343 3878 2416">
    <p class='ocr_par' dir='ltr' id='par_1_55' title="bbox 2302 2343 3878 2416">
     <span class='ocr_line' id='line_1_55' title="bbox 2302 2343 3878 2416; baseline 0.008 -20"><span class='ocrx_word' id='word_1_325' title='bbox 2302 2343 2585 2416; x_wconf 88' lang='lat' dir='ltr'><strong>tringens,</strong></span> <span class='ocrx_word' id='word_1_326' title='bbox 2621 2361 2735 2400; x_wconf 91' lang='lat' dir='ltr'><strong>non</strong></span> <span class='ocrx_word' id='word_1_327' title='bbox 2762 2345 2916 2402; x_wconf 90' lang='lat' dir='ltr'><strong>ultra</strong></span> <span class='ocrx_word' id='word_1_328' title='bbox 2946 2346 3242 2404; x_wconf 89' lang='lat' dir='ltr'><strong>victurum</strong></span> <span class='ocrx_word' id='word_1_329' title='bbox 3293 2349 3674 2407; x_wconf 90' lang='lat' dir='ltr'><strong>obseerantem</strong></span> <span class='ocrx_word' id='word_1_330' title='bbox 3717 2369 3766 2407; x_wconf 89' lang='lat' dir='ltr'><strong>se</strong></span> <span class='ocrx_word' id='word_1_331' title='bbox 3803 2352 3878 2406; x_wconf 88' lang='lat' dir='ltr'><strong>mi-</strong></span> 
     </span>
    </p>
   </div>
   <div class='ocr_carea' id='block_1_56' title="bbox 2301 2433 3875 2514">
    <p class='ocr_par' dir='ltr' id='par_1_56' title="bbox 2301 2433 3875 2514">
     <span class='ocr_line' id='line_1_56' title="bbox 2301 2433 3875 2514; baseline 0.007 -29"><span class='ocrx_word' id='word_1_332' title='bbox 2301 2448 2521 2488; x_wconf 91' lang='lat' dir='ltr'><strong>serum.</strong></span> <span class='ocrx_word' id='word_1_333' title='bbox 2555 2433 2661 2498; x_wconf 88' lang='lat' dir='ltr'><strong>Qui</strong></span> <span class='ocrx_word' id='word_1_334' title='bbox 2693 2434 2896 2492; x_wconf 89' lang='lat' dir='ltr'><strong>videns</strong></span> <span class='ocrx_word' id='word_1_335' title='bbox 2947 2437 3190 2494; x_wconf 89' lang='lat' dir='ltr'><strong>minime</strong></span> <span class='ocrx_word' id='word_1_336' title='bbox 3241 2456 3413 2512; x_wconf 91' lang='lat' dir='ltr'><strong>posse</strong></span> <span class='ocrx_word' id='word_1_337' title='bbox 3460 2440 3716 2514; x_wconf 88' lang='lat' dir='ltr'><strong>prolatam</strong></span> <span class='ocrx_word' id='word_1_338' title='bbox 3759 2441 3875 2496; x_wconf 83' lang='lat' dir='ltr'><strong>dese</strong></span> 
     </span>
    </p>
   </div>
   <div class='ocr_carea' id='block_1_57' title="bbox 2302 2521 3875 2602">
    <p class='ocr_par' dir='ltr' id='par_1_57' title="bbox 2302 2521 3875 2602">
     <span class='ocr_line' id='line_1_57' title="bbox 2302 2521 3875 2602; baseline 0.004 -27"><span class='ocrx_word' id='word_1_339' title='bbox 2302 2521 2615 2578; x_wconf 89' lang='lat' dir='ltr'><strong>immutare</strong></span> <span class='ocrx_word' id='word_1_340' title='bbox 2645 2527 3018 2594; x_wconf 89' lang='lat' dir='ltr'><strong>sententiam,</strong></span> <span class='ocrx_word' id='word_1_341' title='bbox 3050 2526 3160 2583; x_wconf 90' lang='lat' dir='ltr'><strong>hoc</strong></span> <span class='ocrx_word' id='word_1_342' title='bbox 3191 2528 3555 2586; x_wconf 88' lang='lat' dir='ltr'><strong>solummodo</strong></span> <span class='ocrx_word' id='word_1_343' title='bbox 3593 2532 3875 2602; x_wconf 82' lang='lat' dir='ltr'><strong>impetravit,</strong></span> 
     </span>
    </p>
   </div>
   <div class='ocr_carea' id='block_1_58' title="bbox 2302 2612 3876 2690">
    <p class='ocr_par' dir='ltr' id='par_1_58' title="bbox 2302 2612 3876 2690">
     <span class='ocr_line' id='line_1_58' title="bbox 2302 2612 3876 2690; baseline 0.005 -26"><span class='ocrx_word' id='word_1_344' title='bbox 2302 2614 2365 2665; x_wconf 93' lang='lat' dir='ltr'><strong>ut</strong></span> <span class='ocrx_word' id='word_1_345' title='bbox 2395 2612 2666 2682; x_wconf 66' lang='lat' dir='ltr'><strong>praedicto</strong></span> <span class='ocrx_word' id='word_1_346' title='bbox 2698 2613 2861 2669; x_wconf 84' lang='lat' dir='ltr'><strong>fieret</strong></span> <span class='ocrx_word' id='word_1_347' title='bbox 2889 2616 3193 2672; x_wconf 84' lang='lat' dir='ltr'><strong>confessus</strong></span> <span class='ocrx_word' id='word_1_348' title='bbox 3220 2635 3462 2675; x_wconf 90' lang='lat' dir='ltr'><strong>suorum</strong></span> <span class='ocrx_word' id='word_1_349' title='bbox 3484 2619 3768 2675; x_wconf 81' lang='lat' dir='ltr'><strong>facinorum</strong></span> <span class='ocrx_word' id='word_1_350' title='bbox 3791 2617 3876 2690; x_wconf 82' lang='lat' dir='ltr'><strong>epi-</strong></span> 
     </span>
    </p>
   </div>
   <div class='ocr_carea' id='block_1_59' title="bbox 2299 2701 3875 2781">
    <p class='ocr_par' dir='ltr' id='par_1_59' title="bbox 2299 2701 3875 2781">
     <span class='ocr_line' id='line_1_59' title="bbox 2299 2701 3875 2781; baseline 0.003 -26"><span class='ocrx_word' id='word_1_351' title='bbox 2299 2716 2507 2772; x_wconf 92' lang='lat' dir='ltr'><strong>scopo;</strong></span> <span class='ocrx_word' id='word_1_352' title='bbox 2543 2701 2765 2773; x_wconf 85' lang='lat' dir='ltr'><strong>sibique</strong></span> <span class='ocrx_word' id='word_1_353' title='bbox 2797 2703 3064 2777; x_wconf 89' lang='lat' dir='ltr'><strong>protinus</strong></span> <span class='ocrx_word' id='word_1_354' title='bbox 3097 2707 3406 2774; x_wconf 90' lang='lat' dir='ltr'><strong>morituro,</strong></span> <span class='ocrx_word' id='word_1_355' title='bbox 3439 2709 3585 2781; x_wconf 91' lang='lat' dir='ltr'><strong>quod</strong></span> <span class='ocrx_word' id='word_1_356' title='bbox 3622 2708 3772 2780; x_wconf 86' lang='lat' dir='ltr'><strong>hujus</strong></span> <span class='ocrx_word' id='word_1_357' title='bbox 3796 2705 3875 2761; x_wconf 88' lang='lat' dir='ltr'><strong>mi-</strong></span> 
     </span>
    </p>
   </div>
   <div class='ocr_carea' id='block_1_60' title="bbox 2301 2789 3872 2863">
    <p class='ocr_par' dir='ltr' id='par_1_60' title="bbox 2301 2789 3872 2863">
     <span class='ocr_line' id='line_1_60' title="bbox 2301 2789 3872 2863; baseline 0.005 -20"><span class='ocrx_word' id='word_1_358' title='bbox 2301 2789 2538 2846; x_wconf 90' lang='lat' dir='ltr'><strong>nisterio</strong></span> <span class='ocrx_word' id='word_1_359' title='bbox 2571 2808 2915 2848; x_wconf 89' lang='lat' dir='ltr'><strong>concessum</strong></span> <span class='ocrx_word' id='word_1_360' title='bbox 2947 2797 3055 2862; x_wconf 92' lang='lat' dir='ltr'><strong>est,</strong></span> <span class='ocrx_word' id='word_1_361' title='bbox 3089 2794 3408 2852; x_wconf 84' lang='lat' dir='ltr'><strong>clementer</strong></span> <span class='ocrx_word' id='word_1_362' title='bbox 3435 2797 3738 2854; x_wconf 82' lang='lat' dir='ltr'><strong>remitteret.</strong></span> <span class='ocrx_word' id='word_1_363' title='bbox 3753 2795 3872 2863; x_wconf 85' lang='lat' dir='ltr'><strong>Quod</strong></span> 
     </span>
    </p>
   </div>
   <div class='ocr_carea' id='block_1_61' title="bbox 2301 2879 3874 2959">
    <p class='ocr_par' dir='ltr' id='par_1_61' title="bbox 2301 2879 3874 2959">
     <span class='ocr_line' id='line_1_61' title="bbox 2301 2879 3874 2959; baseline 0.004 -27"><span class='ocrx_word' id='word_1_364' title='bbox 2301 2882 2365 2933; x_wconf 91' lang='lat' dir='ltr'><strong>ut</strong></span> <span class='ocrx_word' id='word_1_365' title='bbox 2394 2879 2667 2948; x_wconf 87' lang='lat' dir='ltr'><strong>obtinuit,</strong></span> <span class='ocrx_word' id='word_1_366' title='bbox 2699 2879 2853 2937; x_wconf 87' lang='lat' dir='ltr'><strong>illico</strong></span> <span class='ocrx_word' id='word_1_367' title='bbox 2885 2899 2918 2938; x_wconf 90' lang='lat' dir='ltr'><strong>a</strong></span> <span class='ocrx_word' id='word_1_368' title='bbox 2945 2899 3198 2955; x_wconf 85' lang='lat' dir='ltr'><strong>nequam</strong></span> <span class='ocrx_word' id='word_1_369' title='bbox 3249 2887 3531 2942; x_wconf 76' lang='lat' dir='ltr'><strong>ministris</strong></span> <span class='ocrx_word' id='word_1_370' title='bbox 3577 2884 3874 2959; x_wconf 89' lang='lat' dir='ltr'><strong>compellitur</strong></span> 
     </span>
    </p>
   </div>
   <div class='ocr_carea' id='block_1_62' title="bbox 2301 2969 3868 3044">
    <p class='ocr_par' dir='ltr' id='par_1_62' title="bbox 2301 2969 3868 3044">
     <span class='ocr_line' id='line_1_62' title="bbox 2301 2969 3868 3044; baseline 0.003 -21"><span class='ocrx_word' id='word_1_371' title='bbox 2301 2985 2656 3041; x_wconf 89' lang='lat' dir='ltr'><strong>suspensum</strong></span> <span class='ocrx_word' id='word_1_372' title='bbox 2684 2969 2788 3038; x_wconf 91' lang='lat' dir='ltr'><strong>iri;</strong></span> <span class='ocrx_word' id='word_1_373' title='bbox 2822 2972 3182 3044; x_wconf 91' lang='lat' dir='ltr'><strong>eductusque</strong></span> <span class='ocrx_word' id='word_1_374' title='bbox 3215 2975 3290 3030; x_wconf 88' lang='lat' dir='ltr'><strong>ad</strong></span> <span class='ocrx_word' id='word_1_375' title='bbox 3323 2976 3683 3032; x_wconf 90' lang='lat' dir='ltr'><strong>constitutum</strong></span> <span class='ocrx_word' id='word_1_376' title='bbox 3726 2973 3868 3030; x_wconf 90' lang='lat' dir='ltr'><strong>locum</strong></span> 
     </span>
    </p>
   </div>
   <div class='ocr_carea' id='block_1_63' title="bbox 2302 3057 3871 3138">
    <p class='ocr_par' dir='ltr' id='par_1_63' title="bbox 2302 3057 3871 3138">
     <span class='ocr_line' id='line_1_63' title="bbox 2302 3057 3871 3138; baseline 0.003 -25"><span class='ocrx_word' id='word_1_377' title='bbox 2302 3057 2422 3114; x_wconf 68' lang='lat' dir='ltr'><strong>haec</strong></span> <span class='ocrx_word' id='word_1_378' title='bbox 2450 3060 2625 3115; x_wconf 88' lang='lat' dir='ltr'><strong>verba</strong></span> <span class='ocrx_word' id='word_1_379' title='bbox 2650 3061 2863 3133; x_wconf 67' lang='lat' dir='ltr'><strong>saepius</strong></span> <span class='ocrx_word' id='word_1_380' title='bbox 2894 3059 3141 3117; x_wconf 88' lang='lat' dir='ltr'><strong>iterabat</strong></span> <span class='ocrx_word' id='word_1_381' title='bbox 3165 3080 3177 3117; x_wconf 90' lang='lat'><strong>:</strong></span> <span class='ocrx_word' id='word_1_382' title='bbox 3204 3063 3450 3121; x_wconf 87' lang='lat' dir='ltr'><strong>Domine</strong></span> <span class='ocrx_word' id='word_1_383' title='bbox 3470 3065 3710 3138; x_wconf 88' lang='lat' dir='ltr'><strong>Jesu,qui</strong></span> <span class='ocrx_word' id='word_1_384' title='bbox 3729 3065 3777 3120; x_wconf 88' lang='lat' dir='ltr'><strong>in</strong></span> <span class='ocrx_word' id='word_1_385' title='bbox 3795 3063 3871 3118; x_wconf 86' lang='lat' dir='ltr'><strong>hac</strong></span> 
     </span>
    </p>
   </div>
   <div class='ocr_carea' id='block_1_64' title="bbox 2300 3146 3871 3223">
    <p class='ocr_par' dir='ltr' id='par_1_64' title="bbox 2300 3146 3871 3223">
     <span class='ocr_line' id='line_1_64' title="bbox 2300 3146 3871 3223; baseline 0.003 -24"><span class='ocrx_word' id='word_1_386' title='bbox 2300 3146 2393 3202; x_wconf 92' lang='lat' dir='ltr'><strong>die</strong></span> <span class='ocrx_word' id='word_1_387' title='bbox 2424 3149 2752 3221; x_wconf 90' lang='lat' dir='ltr'><strong>pependisti</strong></span> <span class='ocrx_word' id='word_1_388' title='bbox 2773 3149 2830 3204; x_wconf 93' lang='lat' dir='ltr'><strong>in</strong></span> <span class='ocrx_word' id='word_1_389' title='bbox 2849 3167 3020 3206; x_wconf 91' lang='lat' dir='ltr'><strong>cruce</strong></span> <span class='ocrx_word' id='word_1_390' title='bbox 3039 3169 3141 3223; x_wconf 91' lang='lat' dir='ltr'><strong>pro</strong></span> <span class='ocrx_word' id='word_1_391' title='bbox 3165 3153 3356 3210; x_wconf 87' lang='lat' dir='ltr'><strong>salute</strong></span> <span class='ocrx_word' id='word_1_392' title='bbox 3381 3151 3871 3223; x_wconf 81' lang='lat' dir='ltr'><strong>hominum,indulge</strong></span> 
     </span>
    </p>
   </div>
   <div class='ocr_carea' id='block_1_65' title="bbox 545 3228 3872 3317">
    <p class='ocr_par' dir='ltr' id='par_1_65' title="bbox 545 3228 3872 3317">
     <span class='ocr_line' id='line_1_65' title="bbox 545 3228 3872 3317; baseline -0.003 -12"><span class='ocrx_word' id='word_1_393' title='bbox 545 3248 803 3306; x_wconf 88' lang='lat' dir='ltr'><strong>basilicis</strong></span> <span class='ocrx_word' id='word_1_394' title='bbox 834 3246 1104 3302; x_wconf 90' lang='lat' dir='ltr'><strong>universo</strong></span> <span class='ocrx_word' id='word_1_395' title='bbox 1131 3244 1371 3310; x_wconf 88' lang='lat' dir='ltr'><strong>mundo,</strong></span> <span class='ocrx_word' id='word_1_396' title='bbox 1405 3243 1787 3313; x_wconf 87' lang='lat' dir='ltr'><strong>subsequenti</strong></span> <span class='ocrx_word' id='word_1_397' title='bbox 1819 3248 2098 3315; x_wconf 88' lang='lat' dir='ltr'><strong>tempore,</strong></span> <span class='ocrx_word' id='word_1_398' title='bbox 2134 3244 2189 3299; x_wconf 90' lang='lat' dir='ltr'><strong>id</strong></span> <span class='ocrx_word' id='word_1_399' title='bbox 2222 3228 2264 3295; x_wconf 70' lang='grc' dir='ltr'><strong>ί]</strong></span> <span class='ocrx_word' id='word_1_400' title='bbox 2301 3237 2467 3292; x_wconf 79' lang='lat' dir='ltr'><strong>mihi.</strong></span> <span class='ocrx_word' id='word_1_401' title='bbox 2520 3238 2656 3292; x_wconf 77' lang='lat' dir='ltr'><strong>Erat</strong></span> <span class='ocrx_word' id='word_1_402' title='bbox 2701 3239 2858 3294; x_wconf 87' lang='lat' dir='ltr'><strong>enim</strong></span> <span class='ocrx_word' id='word_1_403' title='bbox 2911 3237 3006 3295; x_wconf 84' lang='lat' dir='ltr'><strong>ille</strong></span> <span class='ocrx_word' id='word_1_404' title='bbox 3047 3240 3282 3298; x_wconf 90' lang='lat' dir='ltr'><strong>dierum</strong></span> <span class='ocrx_word' id='word_1_405' title='bbox 3332 3248 3545 3312; x_wconf 84' lang='lat' dir='ltr'><strong>sextus,</strong></span> <span class='ocrx_word' id='word_1_406' title='bbox 3575 3245 3664 3317; x_wconf 87' lang='lat' dir='ltr'><strong>qui</strong></span> <span class='ocrx_word' id='word_1_407' title='bbox 3712 3242 3872 3298; x_wconf 81' lang='lat' dir='ltr'><strong>idcirco</strong></span> 
     </span>
    </p>
   </div>
   <div class='ocr_carea' id='block_1_66' title="bbox 537 3332 2187 3407">
    <p class='ocr_par' dir='ltr' id='par_1_66' title="bbox 537 3332 2187 3407">
     <span class='ocr_line' id='line_1_66' title="bbox 537 3332 2187 3407; baseline -0.005 -11"><span class='ocrx_word' id='word_1_408' title='bbox 537 3344 645 3407; x_wconf 91' lang='lat' dir='ltr'><strong>est,</strong></span> <span class='ocrx_word' id='word_1_409' title='bbox 679 3353 832 3393; x_wconf 87' lang='lat' dir='ltr'><strong>anno</strong></span> <span class='ocrx_word' id='word_1_410' title='bbox 864 3339 1062 3391; x_wconf 89' lang='lat' dir='ltr'><strong>octavo</strong></span> <span class='ocrx_word' id='word_1_411' title='bbox 1085 3333 1246 3388; x_wconf 77' lang='lat' dir='ltr'><strong>infra</strong></span> <span class='ocrx_word' id='word_1_412' title='bbox 1277 3332 1616 3405; x_wconf 65' lang='lat' dir='ltr'><strong>praedictum</strong></span> <span class='ocrx_word' id='word_1_413' title='bbox 1669 3333 2046 3388; x_wconf 89' lang='lat' dir='ltr'><strong>millesimum</strong></span> <span class='ocrx_word' id='word_1_414' title='bbox 2079 3333 2187 3388; x_wconf 91' lang='lat' dir='ltr'><strong>hu-</strong></span> 
     </span>
    </p>
   </div>
   <div class='ocr_carea' id='block_1_67' title="bbox 539 3421 2186 3488">
    <p class='ocr_par' dir='ltr' id='par_1_67' title="bbox 539 3421 2186 3488">
     <span class='ocr_line' id='line_1_67' title="bbox 539 3421 2186 3488; baseline -0.003 -5"><span class='ocrx_word' id='word_1_415' title='bbox 539 3425 763 3482; x_wconf 90' lang='lat' dir='ltr'><strong>manati</strong></span> <span class='ocrx_word' id='word_1_416' title='bbox 805 3423 1120 3480; x_wconf 87' lang='lat' dir='ltr'><strong>Salvatoris</strong></span> <span class='ocrx_word' id='word_1_417' title='bbox 1169 3438 1412 3488; x_wconf 91' lang='lat' dir='ltr'><strong>annum,</strong></span> <span class='ocrx_word' id='word_1_418' title='bbox 1448 3421 1697 3476; x_wconf 87' lang='lat' dir='ltr'><strong>revelata</strong></span> <span class='ocrx_word' id='word_1_419' title='bbox 1745 3427 1884 3477; x_wconf 91' lang='lat' dir='ltr'><strong>sunt</strong></span> <span class='ocrx_word' id='word_1_420' title='bbox 1931 3422 2186 3478; x_wconf 88' lang='lat' dir='ltr'><strong>diverso-</strong></span> 
     </span>
    </p>
   </div>
   <div class='ocr_carea' id='block_1_68' title="bbox 539 3509 2186 3587">
    <p class='ocr_par' dir='ltr' id='par_1_68' title="bbox 539 3509 2186 3587">
     <span class='ocr_line' id='line_1_68' title="bbox 539 3509 2186 3587; baseline -0.002 -16"><span class='ocrx_word' id='word_1_421' title='bbox 539 3533 669 3571; x_wconf 91' lang='lat' dir='ltr'><strong>rum</strong></span> <span class='ocrx_word' id='word_1_422' title='bbox 701 3517 1181 3587; x_wconf 89' lang='lat' dir='ltr'><strong>argumentorum</strong></span> <span class='ocrx_word' id='word_1_423' title='bbox 1231 3509 1482 3578; x_wconf 90' lang='lat' dir='ltr'><strong>indiciis,</strong></span> <span class='ocrx_word' id='word_1_424' title='bbox 1517 3528 1800 3582; x_wconf 88' lang='lat' dir='ltr'><strong>quorsum</strong></span> <span class='ocrx_word' id='word_1_425' title='bbox 1851 3511 1952 3566; x_wconf 89' lang='lat' dir='ltr'><strong>diu</strong></span> <span class='ocrx_word' id='word_1_426' title='bbox 2002 3511 2186 3568; x_wconf 88' lang='lat' dir='ltr'><strong>latue-</strong></span> 
     </span>
    </p>
   </div>
   <div class='ocr_carea' id='block_1_69' title="bbox 537 3598 2184 3674">
    <p class='ocr_par' dir='ltr' id='par_1_69' title="bbox 537 3598 2184 3674">
     <span class='ocr_line' id='line_1_69' title="bbox 537 3598 2184 3674; baseline -0.002 -15"><span class='ocrx_word' id='word_1_427' title='bbox 537 3608 688 3670; x_wconf 89' lang='lat' dir='ltr'><strong>rant,</strong></span> <span class='ocrx_word' id='word_1_428' title='bbox 717 3602 1104 3674; x_wconf 90' lang='lat' dir='ltr'><strong>plurimorum</strong></span> <span class='ocrx_word' id='word_1_429' title='bbox 1131 3603 1465 3654; x_wconf 90' lang='lat' dir='ltr'><strong>sanctorum</strong></span> <span class='ocrx_word' id='word_1_430' title='bbox 1518 3598 1782 3670; x_wconf 87' lang='lat' dir='ltr'><strong>pignora.</strong></span> <span class='ocrx_word' id='word_1_431' title='bbox 1813 3599 1958 3654; x_wconf 87' lang='lat' dir='ltr'><strong>Nam</strong></span> <span class='ocrx_word' id='word_1_432' title='bbox 2007 3599 2184 3655; x_wconf 89' lang='lat' dir='ltr'><strong>veluti</strong></span> 
     </span>
    </p>
   </div>
   <div class='ocr_carea' id='block_1_70' title="bbox 535 3686 2185 3767">
    <p class='ocr_par' dir='ltr' id='par_1_70' title="bbox 535 3686 2185 3767">
     <span class='ocr_line' id='line_1_70' title="bbox 535 3686 2185 3767; baseline -0.004 -17"><span class='ocrx_word' id='word_1_433' title='bbox 535 3693 832 3767; x_wconf 89' lang='lat' dir='ltr'><strong>quoddam</strong></span> <span class='ocrx_word' id='word_1_434' title='bbox 850 3686 1292 3746; x_wconf 91' lang='lat' dir='ltr'><strong>resurrectionis</strong></span> <span class='ocrx_word' id='word_1_435' title='bbox 1309 3687 1655 3742; x_wconf 89' lang='lat' dir='ltr'><strong>decoramen</strong></span> <span class='ocrx_word' id='word_1_436' title='bbox 1674 3686 2076 3759; x_wconf 72' lang='lat' dir='ltr'><strong>prmstolantes</strong></span> <span class='ocrx_word' id='word_1_437' title='bbox 2091 3688 2185 3752; x_wconf 87' lang='lat' dir='ltr'><strong>Dei</strong></span> 
     </span>
    </p>
   </div>
   <div class='ocr_carea' id='block_1_71' title="bbox 538 3777 2183 3847">
    <p class='ocr_par' dir='ltr' id='par_1_71' title="bbox 538 3777 2183 3847">
     <span class='ocr_line' id='line_1_71' title="bbox 538 3777 2183 3847; baseline -0.004 -7"><span class='ocrx_word' id='word_1_438' title='bbox 538 3787 683 3840; x_wconf 89' lang='lat' dir='ltr'><strong>nutu</strong></span> <span class='ocrx_word' id='word_1_439' title='bbox 732 3779 993 3836; x_wconf 85' lang='lat' dir='ltr'><strong>fidelium</strong></span> <span class='ocrx_word' id='word_1_440' title='bbox 1045 3777 1350 3834; x_wconf 86' lang='lat' dir='ltr'><strong>obtutibus</strong></span> <span class='ocrx_word' id='word_1_441' title='bbox 1399 3781 1656 3847; x_wconf 89' lang='lat' dir='ltr'><strong>patuere,</strong></span> <span class='ocrx_word' id='word_1_442' title='bbox 1711 3793 1961 3847; x_wconf 89' lang='lat' dir='ltr'><strong>quorum</strong></span> <span class='ocrx_word' id='word_1_443' title='bbox 2011 3777 2183 3833; x_wconf 90' lang='lat' dir='ltr'><strong>etiam</strong></span> 
     </span>
    </p>
   </div>
   <div class='ocr_carea' id='block_1_72' title="bbox 536 3863 2183 3942">
    <p class='ocr_par' dir='ltr' id='par_1_72' title="bbox 536 3863 2183 3942">
     <span class='ocr_line' id='line_1_72' title="bbox 536 3863 2183 3942; baseline -0.004 -13"><span class='ocrx_word' id='word_1_444' title='bbox 536 3871 831 3929; x_wconf 89' lang='lat' dir='ltr'><strong>mentibus</strong></span> <span class='ocrx_word' id='word_1_445' title='bbox 871 3867 1193 3942; x_wconf 89' lang='lat' dir='ltr'><strong>plurimum</strong></span> <span class='ocrx_word' id='word_1_446' title='bbox 1244 3864 1492 3921; x_wconf 89' lang='lat' dir='ltr'><strong>intulere</strong></span> <span class='ocrx_word' id='word_1_447' title='bbox 1539 3863 1820 3920; x_wconf 87' lang='lat' dir='ltr'><strong>solamen.</strong></span> <span class='ocrx_word' id='word_1_448' title='bbox 1854 3864 1980 3920; x_wconf 67' lang='lat' dir='ltr'><strong>Ilzec</strong></span> <span class='ocrx_word' id='word_1_449' title='bbox 2030 3867 2183 3923; x_wconf 89' lang='lat' dir='ltr'><strong>enim</strong></span> 
     </span>
    </p>
   </div>
   <div class='ocr_carea' id='block_1_73' title="bbox 535 3953 2184 4032">
    <p class='ocr_par' dir='ltr' id='par_1_73' title="bbox 535 3953 2184 4032">
     <span class='ocr_line' id='line_1_73' title="bbox 535 3953 2184 4032; baseline -0.004 -13"><span class='ocrx_word' id='word_1_450' title='bbox 535 3960 806 4018; x_wconf 88' lang='lat' dir='ltr'><strong>revelatio</strong></span> <span class='ocrx_word' id='word_1_451' title='bbox 866 3957 1139 4032; x_wconf 87' lang='lat' dir='ltr'><strong>primitus</strong></span> <span class='ocrx_word' id='word_1_452' title='bbox 1197 3955 1254 4009; x_wconf 92' lang='lat' dir='ltr'><strong>in</strong></span> <span class='ocrx_word' id='word_1_453' title='bbox 1309 3953 1594 4011; x_wconf 89' lang='lat' dir='ltr'><strong>Senonica</strong></span> <span class='ocrx_word' id='word_1_454' title='bbox 1647 3953 1968 4009; x_wconf 87' lang='lat' dir='ltr'><strong>Galliarum</strong></span> <span class='ocrx_word' id='word_1_455' title='bbox 2020 3956 2184 4026; x_wconf 86' lang='lat' dir='ltr'><strong>urbe,</strong></span> 
     </span>
    </p>
   </div>
   <div class='ocr_carea' id='block_1_74' title="bbox 535 4042 2184 4126">
    <p class='ocr_par' dir='ltr' id='par_1_74' title="bbox 535 4042 2184 4126">
     <span class='ocr_line' id='line_1_74' title="bbox 535 4042 2184 4126; baseline -0.005 -18"><span class='ocrx_word' id='word_1_456' title='bbox 535 4052 688 4126; x_wconf 90' lang='lat' dir='ltr'><strong>apud</strong></span> <span class='ocrx_word' id='word_1_457' title='bbox 723 4047 1029 4107; x_wconf 90' lang='lat' dir='ltr'><strong>ecclesiam</strong></span> <span class='ocrx_word' id='word_1_458' title='bbox 1061 4045 1212 4100; x_wconf 86' lang='lat' dir='ltr'><strong>beati</strong></span> <span class='ocrx_word' id='word_1_459' title='bbox 1243 4043 1516 4116; x_wconf 83' lang='lat' dir='ltr'><strong>martyris</strong></span> <span class='ocrx_word' id='word_1_460' title='bbox 1564 4042 1842 4115; x_wconf 88' lang='lat' dir='ltr'><strong>Stephani</strong></span> <span class='ocrx_word' id='word_1_461' title='bbox 1893 4043 2184 4116; x_wconf 89' lang='lat' dir='ltr'><strong>dignosci-</strong></span> 
     </span>
    </p>
   </div>
   <div class='ocr_carea' id='block_1_75' title="bbox 532 4131 2185 4212">
    <p class='ocr_par' dir='ltr' id='par_1_75' title="bbox 532 4131 2185 4212">
     <span class='ocr_line' id='line_1_75' title="bbox 532 4131 2185 4212; baseline -0.005 -14"><span class='ocrx_word' id='word_1_462' title='bbox 532 4139 629 4198; x_wconf 84' lang='lat' dir='ltr'><strong>tur</strong></span> <span class='ocrx_word' id='word_1_463' title='bbox 657 4139 922 4212; x_wconf 75' lang='lat' dir='ltr'><strong>cmpisse.</strong></span> <span class='ocrx_word' id='word_1_464' title='bbox 955 4135 1055 4192; x_wconf 92' lang='lat' dir='ltr'><strong>Cui</strong></span> <span class='ocrx_word' id='word_1_465' title='bbox 1106 4133 1282 4190; x_wconf 88' lang='lat' dir='ltr'><strong>etiam</strong></span> <span class='ocrx_word' id='word_1_466' title='bbox 1330 4136 1572 4205; x_wconf 61' lang='lat' dir='ltr'><strong>praeerat</strong></span> <span class='ocrx_word' id='word_1_467' title='bbox 1628 4131 2005 4205; x_wconf 72' lang='lat' dir='ltr'><strong>archiprazsul</strong></span> <span class='ocrx_word' id='word_1_468' title='bbox 2054 4135 2185 4191; x_wconf 91' lang='lat' dir='ltr'><strong>Leo-</strong></span> 
     </span>
    </p>
   </div>
   <div class='ocr_carea' id='block_1_76' title="bbox 532 4219 2186 4299">
    <p class='ocr_par' dir='ltr' id='par_1_76' title="bbox 532 4219 2186 4299">
     <span class='ocr_line' id='line_1_76' title="bbox 532 4219 2186 4299; baseline -0.005 -12"><span class='ocrx_word' id='word_1_469' title='bbox 532 4229 976 4299; x_wconf 89' lang='lat' dir='ltr'><strong>tericus,aquo</strong></span> <span class='ocrx_word' id='word_1_470' title='bbox 1031 4224 1252 4281; x_wconf 90' lang='lat' dir='ltr'><strong>scilicet</strong></span> <span class='ocrx_word' id='word_1_471' title='bbox 1311 4221 1656 4278; x_wconf 87' lang='lat' dir='ltr'><strong>admiranda</strong></span> <span class='ocrx_word' id='word_1_472' title='bbox 1716 4219 1901 4276; x_wconf 89' lang='lat' dir='ltr'><strong>relatu</strong></span> <span class='ocrx_word' id='word_1_473' title='bbox 1959 4228 2186 4295; x_wconf 89' lang='lat' dir='ltr'><strong>reperta</strong></span> 
     </span>
    </p>
   </div>
   <div class='ocr_carea' id='block_1_77' title="bbox 533 4311 2184 4388">
    <p class='ocr_par' dir='ltr' id='par_1_77' title="bbox 533 4311 2184 4388">
     <span class='ocr_line' id='line_1_77' title="bbox 533 4311 2184 4388; baseline -0.004 -11"><span class='ocrx_word' id='word_1_474' title='bbox 533 4325 674 4377; x_wconf 90' lang='lat' dir='ltr'><strong>sunt</strong></span> <span class='ocrx_word' id='word_1_475' title='bbox 727 4319 806 4374; x_wconf 91' lang='lat' dir='ltr'><strong>ibi</strong></span> <span class='ocrx_word' id='word_1_476' title='bbox 861 4316 1236 4388; x_wconf 90' lang='lat' dir='ltr'><strong>antiquorum</strong></span> <span class='ocrx_word' id='word_1_477' title='bbox 1271 4328 1591 4367; x_wconf 89' lang='lat' dir='ltr'><strong>&#39;saerorum</strong></span> <span class='ocrx_word' id='word_1_478' title='bbox 1647 4311 1918 4383; x_wconf 87' lang='lat' dir='ltr'><strong>insignia.</strong></span> <span class='ocrx_word' id='word_1_479' title='bbox 1961 4313 2184 4385; x_wconf 86' lang='lat' dir='ltr'><strong>Quippe</strong></span> 
     </span>
    </p>
   </div>
   <div class='ocr_carea' id='block_1_78' title="bbox 531 4400 2180 4478">
    <p class='ocr_par' dir='ltr' id='par_1_78' title="bbox 531 4400 2180 4478">
     <span class='ocr_line' id='line_1_78' title="bbox 531 4400 2180 4478; baseline -0.005 -13"><span class='ocrx_word' id='word_1_480' title='bbox 531 4411 683 4465; x_wconf 90' lang='lat' dir='ltr'><strong>inter</strong></span> <span class='ocrx_word' id='word_1_481' title='bbox 711 4411 918 4463; x_wconf 77' lang='lat' dir='ltr'><strong>ezetera</strong></span> <span class='ocrx_word' id='word_1_482' title='bbox 949 4404 1241 4478; x_wconf 88' lang='lat' dir='ltr'><strong>perplura,</strong></span> <span class='ocrx_word' id='word_1_483' title='bbox 1275 4418 1401 4473; x_wconf 70' lang='lat' dir='ltr'><strong>qua:</strong></span> <span class='ocrx_word' id='word_1_484' title='bbox 1442 4401 1720 4465; x_wconf 88' lang='lat' dir='ltr'><strong>latebant,</strong></span> <span class='ocrx_word' id='word_1_485' title='bbox 1753 4400 1968 4455; x_wconf 89' lang='lat' dir='ltr'><strong>dicitur</strong></span> <span class='ocrx_word' id='word_1_486' title='bbox 2008 4402 2180 4475; x_wconf 70' lang='lat' dir='ltr'><strong>virga:</strong></span> 
     </span>
    </p>
   </div>
   <div class='ocr_carea' id='block_1_79' title="bbox 532 4488 2183 4571">
    <p class='ocr_par' dir='ltr' id='par_1_79' title="bbox 532 4488 2183 4571">
     <span class='ocr_line' id='line_1_79' title="bbox 532 4488 2183 4571; baseline -0.005 -17"><span class='ocrx_word' id='word_1_487' title='bbox 532 4496 710 4571; x_wconf 83' lang='lat' dir='ltr'><strong>Moysi</strong></span> <span class='ocrx_word' id='word_1_488' title='bbox 746 4493 1034 4549; x_wconf 90' lang='lat' dir='ltr'><strong>invenisse</strong></span> <span class='ocrx_word' id='word_1_489' title='bbox 1066 4495 1308 4564; x_wconf 89' lang='lat' dir='ltr'><strong>partem.</strong></span> <span class='ocrx_word' id='word_1_490' title='bbox 1345 4490 1428 4544; x_wconf 89' lang='lat' dir='ltr'><strong>Ad</strong></span> <span class='ocrx_word' id='word_1_491' title='bbox 1461 4491 1631 4560; x_wconf 82' lang='lat' dir='ltr'><strong>cujus</strong></span> <span class='ocrx_word' id='word_1_492' title='bbox 1675 4489 1751 4543; x_wconf 92' lang='lat' dir='ltr'><strong>rei</strong></span> <span class='ocrx_word' id='word_1_493' title='bbox 1801 4488 2019 4545; x_wconf 81' lang='lat' dir='ltr'><strong>famam</strong></span> <span class='ocrx_word' id='word_1_494' title='bbox 2051 4507 2183 4546; x_wconf 90' lang='lat' dir='ltr'><strong>con-</strong></span> 
     </span>
    </p>
   </div>
   <div class='ocr_carea' id='block_1_80' title="bbox 2299 3325 3874 3390">
    <p class='ocr_par' dir='ltr' id='par_1_80' title="bbox 2299 3325 3874 3390">
     <span class='ocr_line' id='line_1_80' title="bbox 2299 3325 3874 3390; baseline 0.002 -11"><span class='ocrx_word' id='word_1_495' title='bbox 2299 3325 2572 3381; x_wconf 83' lang='lat' dir='ltr'><strong>fidelibus</strong></span> <span class='ocrx_word' id='word_1_496' title='bbox 2605 3327 2893 3384; x_wconf 89' lang='lat' dir='ltr'><strong>universis</strong></span> <span class='ocrx_word' id='word_1_497' title='bbox 2925 3331 3284 3386; x_wconf 90' lang='lat' dir='ltr'><strong>reverentior</strong></span> <span class='ocrx_word' id='word_1_498' title='bbox 3323 3332 3578 3390; x_wconf 86' lang='lat' dir='ltr'><strong>habetur.</strong></span> <span class='ocrx_word' id='word_1_499' title='bbox 3607 3334 3721 3388; x_wconf 87' lang='lat' dir='ltr'><strong>Esto</strong></span> <span class='ocrx_word' id='word_1_500' title='bbox 3751 3348 3760 3386; x_wconf 94' lang='lat'>:</span> <span class='ocrx_word' id='word_1_501' title='bbox 3787 3329 3874 3383; x_wconf 84' lang='lat' dir='ltr'><strong>vin-</strong></span> 
     </span>
    </p>
   </div>
   <div class='ocr_carea' id='block_1_81' title="bbox 2297 3414 3873 3496">
    <p class='ocr_par' dir='ltr' id='par_1_81' title="bbox 2297 3414 3873 3496">
     <span class='ocr_line' id='line_1_81' title="bbox 2297 3414 3873 3496; baseline 0.003 -28"><span class='ocrx_word' id='word_1_502' title='bbox 2297 3414 2751 3486; x_wconf 89' lang='lat' dir='ltr'><strong>citur,elevatur,</strong></span> <span class='ocrx_word' id='word_1_503' title='bbox 2772 3421 3106 3491; x_wconf 89' lang='lat' dir='ltr'><strong>arctatoque</strong></span> <span class='ocrx_word' id='word_1_504' title='bbox 3136 3420 3516 3493; x_wconf 90' lang='lat' dir='ltr'><strong>suspenditur</strong></span> <span class='ocrx_word' id='word_1_505' title='bbox 3541 3417 3873 3496; x_wconf 84' lang='lat' dir='ltr'><strong>gutture.Cun-</strong></span> 
     </span>
    </p>
   </div>
   <div class='ocr_carea' id='block_1_82' title="bbox 2298 3504 3872 3582">
    <p class='ocr_par' dir='ltr' id='par_1_82' title="bbox 2298 3504 3872 3582">
     <span class='ocr_line' id='line_1_82' title="bbox 2298 3504 3872 3582; baseline 0.002 -25"><span class='ocrx_word' id='word_1_506' title='bbox 2298 3504 2524 3576; x_wconf 91' lang='lat' dir='ltr'><strong>ctisque</strong></span> <span class='ocrx_word' id='word_1_507' title='bbox 2574 3506 2647 3561; x_wconf 90' lang='lat' dir='ltr'><strong>ab</strong></span> <span class='ocrx_word' id='word_1_508' title='bbox 2697 3506 2805 3562; x_wconf 89' lang='lat' dir='ltr'><strong>hac</strong></span> <span class='ocrx_word' id='word_1_509' title='bbox 2853 3507 3104 3577; x_wconf 81' lang='lat' dir='ltr'><strong>funesta,</strong></span> <span class='ocrx_word' id='word_1_510' title='bbox 3139 3513 3205 3564; x_wconf 93' lang='lat' dir='ltr'><strong>ut</strong></span> <span class='ocrx_word' id='word_1_511' title='bbox 3250 3513 3547 3582; x_wconf 89' lang='lat' dir='ltr'><strong>putabant,</strong></span> <span class='ocrx_word' id='word_1_512' title='bbox 3579 3509 3872 3567; x_wconf 81' lang='lat' dir='ltr'><strong>exsecutione</strong></span> 
     </span>
    </p>
   </div>
   <div class='ocr_carea' id='block_1_83' title="bbox 2299 3594 3870 3670">
    <p class='ocr_par' dir='ltr' id='par_1_83' title="bbox 2299 3594 3870 3670">
     <span class='ocr_line' id='line_1_83' title="bbox 2299 3594 3870 3670; baseline 0.001 -23"><span class='ocrx_word' id='word_1_513' title='bbox 2299 3595 2727 3663; x_wconf 86' lang='lat' dir='ltr'><strong>recedentibus,</strong></span> <span class='ocrx_word' id='word_1_514' title='bbox 2764 3597 3024 3670; x_wconf 89' lang='lat' dir='ltr'><strong>pendens</strong></span> <span class='ocrx_word' id='word_1_515' title='bbox 3075 3596 3236 3667; x_wconf 82' lang='lat' dir='ltr'><strong>velut</strong></span> <span class='ocrx_word' id='word_1_516' title='bbox 3288 3601 3562 3656; x_wconf 87' lang='lat' dir='ltr'><strong>exanimis</strong></span> <span class='ocrx_word' id='word_1_517' title='bbox 3615 3599 3792 3655; x_wconf 87' lang='lat' dir='ltr'><strong>mansit</strong></span> <span class='ocrx_word' id='word_1_518' title='bbox 3829 3594 3870 3648; x_wconf 85' lang='lat' dir='ltr'><strong>in</strong></span> 
     </span>
    </p>
   </div>
   <div class='ocr_carea' id='block_1_84' title="bbox 2298 3681 3869 3764">
    <p class='ocr_par' dir='ltr' id='par_1_84' title="bbox 2298 3681 3869 3764">
     <span class='ocr_line' id='line_1_84' title="bbox 2298 3681 3869 3764; baseline -0.001 -28"><span class='ocrx_word' id='word_1_519' title='bbox 2298 3681 2453 3738; x_wconf 91' lang='lat' dir='ltr'><strong>diem</strong></span> <span class='ocrx_word' id='word_1_520' title='bbox 2486 3683 2756 3740; x_wconf 90' lang='lat' dir='ltr'><strong>alterum.</strong></span> <span class='ocrx_word' id='word_1_521' title='bbox 2778 3687 2944 3741; x_wconf 91' lang='lat' dir='ltr'><strong>Tunc</strong></span> <span class='ocrx_word' id='word_1_522' title='bbox 2976 3692 3120 3741; x_wconf 91' lang='lat' dir='ltr'><strong>nutu</strong></span> <span class='ocrx_word' id='word_1_523' title='bbox 3145 3685 3344 3745; x_wconf 90' lang='lat' dir='ltr'><strong>divino</strong></span> <span class='ocrx_word' id='word_1_524' title='bbox 3368 3690 3549 3764; x_wconf 89' lang='lat' dir='ltr'><strong>ruptis</strong></span> <span class='ocrx_word' id='word_1_525' title='bbox 3569 3684 3869 3762; x_wconf 86' lang='lat' dir='ltr'><strong>ligaminibus</strong></span> 
     </span>
    </p>
   </div>
   <div class='ocr_carea' id='block_1_85' title="bbox 2297 3772 3867 3852">
    <p class='ocr_par' dir='ltr' id='par_1_85' title="bbox 2297 3772 3867 3852">
     <span class='ocr_line' id='line_1_85' title="bbox 2297 3772 3867 3852; baseline -0.001 -26"><span class='ocrx_word' id='word_1_526' title='bbox 2297 3772 2556 3845; x_wconf 90' lang='lat' dir='ltr'><strong>suscepit</strong></span> <span class='ocrx_word' id='word_1_527' title='bbox 2586 3777 2740 3830; x_wconf 89' lang='lat' dir='ltr'><strong>terra</strong></span> <span class='ocrx_word' id='word_1_528' title='bbox 2765 3775 3020 3830; x_wconf 91' lang='lat' dir='ltr'><strong>solutum</strong></span> <span class='ocrx_word' id='word_1_529' title='bbox 3052 3775 3380 3847; x_wconf 90' lang='lat' dir='ltr'><strong>hominem,</strong></span> <span class='ocrx_word' id='word_1_530' title='bbox 3412 3780 3615 3852; x_wconf 85' lang='lat' dir='ltr'><strong>pariter</strong></span> <span class='ocrx_word' id='word_1_531' title='bbox 3639 3781 3687 3834; x_wconf 90' lang='lat' dir='ltr'><strong>et</strong></span> <span class='ocrx_word' id='word_1_532' title='bbox 3724 3776 3867 3830; x_wconf 87' lang='lat' dir='ltr'><strong>vivum</strong></span> 
     </span>
    </p>
   </div>
   <div class='ocr_carea' id='block_1_86' title="bbox 2296 3861 3867 3938">
    <p class='ocr_par' dir='ltr' id='par_1_86' title="bbox 2296 3861 3867 3938">
     <span class='ocr_line' id='line_1_86' title="bbox 2296 3861 3867 3938; baseline -0.001 -23"><span class='ocrx_word' id='word_1_533' title='bbox 2296 3861 2398 3932; x_wconf 92' lang='lat' dir='ltr'><strong>qui</strong></span> <span class='ocrx_word' id='word_1_534' title='bbox 2430 3862 2744 3934; x_wconf 82' lang='lat' dir='ltr'><strong>cogebatur</strong></span> <span class='ocrx_word' id='word_1_535' title='bbox 2774 3865 2972 3921; x_wconf 91' lang='lat' dir='ltr'><strong>subire</strong></span> <span class='ocrx_word' id='word_1_536' title='bbox 3003 3879 3201 3920; x_wconf 87' lang='lat' dir='ltr'><strong>necem</strong></span> <span class='ocrx_word' id='word_1_537' title='bbox 3233 3867 3346 3922; x_wconf 89' lang='lat' dir='ltr'><strong>sibi</strong></span> <span class='ocrx_word' id='word_1_538' title='bbox 3375 3869 3625 3925; x_wconf 88' lang='lat' dir='ltr'><strong>sublatus</strong></span> <span class='ocrx_word' id='word_1_539' title='bbox 3653 3883 3739 3938; x_wconf 88' lang='lat' dir='ltr'><strong>per</strong></span> <span class='ocrx_word' id='word_1_540' title='bbox 3759 3862 3867 3918; x_wconf 85' lang='lat' dir='ltr'><strong>aeris</strong></span> 
     </span>
    </p>
   </div>
   <div class='ocr_carea' id='block_1_87' title="bbox 2295 3947 3866 4032">
    <p class='ocr_par' dir='ltr' id='par_1_87' title="bbox 2295 3947 3866 4032">
     <span class='ocr_line' id='line_1_87' title="bbox 2295 3947 3866 4032; baseline -0.001 -28"><span class='ocrx_word' id='word_1_541' title='bbox 2295 3967 2496 4006; x_wconf 90' lang='lat' dir='ltr'><strong>vacua.</strong></span> <span class='ocrx_word' id='word_1_542' title='bbox 2532 3953 2638 4018; x_wconf 91' lang='lat' dir='ltr'><strong>Qui</strong></span> <span class='ocrx_word' id='word_1_543' title='bbox 2665 3954 2965 4026; x_wconf 87' lang='lat' dir='ltr'><strong>ingressus</strong></span> <span class='ocrx_word' id='word_1_544' title='bbox 2996 3956 3292 4013; x_wconf 88' lang='lat' dir='ltr'><strong>civitatem</strong></span> <span class='ocrx_word' id='word_1_545' title='bbox 3324 3959 3608 4032; x_wconf 87' lang='lat' dir='ltr'><strong>stupidum</strong></span> <span class='ocrx_word' id='word_1_546' title='bbox 3644 3947 3866 4010; x_wconf 82' lang='lat' dir='ltr'><strong>universis</strong></span> 
     </span>
    </p>
   </div>
   <div class='ocr_carea' id='block_1_88' title="bbox 2295 4037 3866 4122">
    <p class='ocr_par' dir='ltr' id='par_1_88' title="bbox 2295 4037 3866 4122">
     <span class='ocr_line' id='line_1_88' title="bbox 2295 4037 3866 4122; baseline 0.001 -28"><span class='ocrx_word' id='word_1_547' title='bbox 2295 4041 2544 4111; x_wconf 69' lang='lat' dir='ltr'><strong>praebuit</strong></span> <span class='ocrx_word' id='word_1_548' title='bbox 2573 4043 2992 4114; x_wconf 89' lang='lat' dir='ltr'><strong>spectaculum.</strong></span> <span class='ocrx_word' id='word_1_549' title='bbox 3025 4047 3133 4103; x_wconf 82' lang='lat' dir='ltr'><strong>Sed</strong></span> <span class='ocrx_word' id='word_1_550' title='bbox 3159 4048 3314 4105; x_wconf 75' lang='lat' dir='ltr'><strong>heu!</strong></span> <span class='ocrx_word' id='word_1_551' title='bbox 3347 4049 3486 4122; x_wconf 88' lang='lat' dir='ltr'><strong>proh</strong></span> <span class='ocrx_word' id='word_1_552' title='bbox 3508 4044 3682 4103; x_wconf 86' lang='lat' dir='ltr'><strong>doior!</strong></span> <span class='ocrx_word' id='word_1_553' title='bbox 3711 4041 3767 4098; x_wconf 90' lang='lat' dir='ltr'><strong>ad</strong></span> <span class='ocrx_word' id='word_1_554' title='bbox 3786 4037 3866 4112; x_wconf 82' lang='lat' dir='ltr'><strong>pri-</strong></span> 
     </span>
    </p>
   </div>
   <div class='ocr_carea' id='block_1_89' title="bbox 2261 4129 3342 4206">
    <p class='ocr_par' dir='ltr' id='par_1_89' title="bbox 2261 4129 3342 4206">
     <span class='ocr_line' id='line_1_89' title="bbox 2261 4129 3342 4206; baseline 0.009 -23"><span class='ocrx_word' id='word_1_555' title='bbox 2261 4129 2450 4184; x_wconf 43' lang='lat' dir='ltr'><strong>Istina</strong></span> <span class='ocrx_word' id='word_1_556' title='bbox 2479 4147 2748 4188; x_wconf 89' lang='lat' dir='ltr'><strong>reversus</strong></span> <span class='ocrx_word' id='word_1_557' title='bbox 2780 4132 3107 4206; x_wconf 83' lang='lat' dir='ltr'><strong>ﬂagitiosus</strong></span> <span class='ocrx_word' id='word_1_558' title='bbox 3137 4140 3342 4196; x_wconf 89' lang='lat' dir='ltr'><strong>evasit.</strong></span> 
     </span>
    </p>
   </div>
   <div class='ocr_carea' id='block_1_90' title="bbox 2365 4215 3866 4303">
    <p class='ocr_par' dir='ltr' id='par_1_90' title="bbox 2365 4215 3866 4303">
     <span class='ocr_line' id='line_1_90' title="bbox 2365 4215 3866 4303; baseline 0.001 -30"><span class='ocrx_word' id='word_1_559' title='bbox 2365 4219 2467 4274; x_wconf 88' lang='lat' dir='ltr'><strong>Cui</strong></span> <span class='ocrx_word' id='word_1_560' title='bbox 2501 4220 2580 4274; x_wconf 90' lang='lat' dir='ltr'><strong>rei</strong></span> <span class='ocrx_word' id='word_1_561' title='bbox 2613 4221 2804 4277; x_wconf 89' lang='lat' dir='ltr'><strong>simile</strong></span> <span class='ocrx_word' id='word_1_562' title='bbox 2836 4224 3017 4279; x_wconf 82' lang='lat' dir='ltr'><strong>fertur</strong></span> <span class='ocrx_word' id='word_1_563' title='bbox 3045 4228 3364 4303; x_wconf 87' lang='lat' dir='ltr'><strong>contigisse</strong></span> <span class='ocrx_word' id='word_1_564' title='bbox 3401 4227 3458 4284; x_wconf 88' lang='lat' dir='ltr'><strong>in</strong></span> <span class='ocrx_word' id='word_1_565' title='bbox 3489 4223 3788 4284; x_wconf 84' lang='lat' dir='ltr'><strong>Trecassina</strong></span> <span class='ocrx_word' id='word_1_566' title='bbox 3810 4215 3866 4271; x_wconf 85' lang='lat' dir='ltr'><strong>ci-</strong></span> 
     </span>
    </p>
   </div>
   <div class='ocr_carea' id='block_1_91' title="bbox 2291 4307 3862 4390">
    <p class='ocr_par' dir='ltr' id='par_1_91' title="bbox 2291 4307 3862 4390">
     <span class='ocr_line' id='line_1_91' title="bbox 2291 4307 3862 4390; baseline 0.004 -28"><span class='ocrx_word' id='word_1_567' title='bbox 2291 4308 2466 4364; x_wconf 88' lang='lat' dir='ltr'><strong>vitate</strong></span> <span class='ocrx_word' id='word_1_568' title='bbox 2498 4326 2613 4364; x_wconf 90' lang='lat' dir='ltr'><strong>non</strong></span> <span class='ocrx_word' id='word_1_569' title='bbox 2645 4308 2816 4384; x_wconf 91' lang='lat' dir='ltr'><strong>longo</strong></span> <span class='ocrx_word' id='word_1_570' title='bbox 2848 4317 2981 4368; x_wconf 90' lang='lat' dir='ltr'><strong>ante</strong></span> <span class='ocrx_word' id='word_1_571' title='bbox 3013 4318 3295 4390; x_wconf 90' lang='lat' dir='ltr'><strong>tempore.</strong></span> <span class='ocrx_word' id='word_1_572' title='bbox 3327 4315 3469 4373; x_wconf 89' lang='lat' dir='ltr'><strong>Nam</strong></span> <span class='ocrx_word' id='word_1_573' title='bbox 3513 4316 3641 4371; x_wconf 90' lang='lat' dir='ltr'><strong>dum</strong></span> <span class='ocrx_word' id='word_1_574' title='bbox 3679 4307 3862 4384; x_wconf 73' lang='lat' dir='ltr'><strong>quidam</strong></span> 
     </span>
    </p>
   </div>
   <div class='ocr_carea' id='block_1_92' title="bbox 2293 4394 3865 4476">
    <p class='ocr_par' dir='ltr' id='par_1_92' title="bbox 2293 4394 3865 4476">
     <span class='ocr_line' id='line_1_92' title="bbox 2293 4394 3865 4476; baseline -0.003 -24"><span class='ocrx_word' id='word_1_575' title='bbox 2293 4397 2470 4465; x_wconf 83' lang='lat' dir='ltr'><strong>fures,</strong></span> <span class='ocrx_word' id='word_1_576' title='bbox 2506 4398 2681 4454; x_wconf 89' lang='lat' dir='ltr'><strong>boves</strong></span> <span class='ocrx_word' id='word_1_577' title='bbox 2711 4416 2824 4470; x_wconf 65' lang='lat' dir='ltr'><strong>pra:</strong></span> <span class='ocrx_word' id='word_1_578' title='bbox 2858 4419 2918 4457; x_wconf 90' lang='lat' dir='ltr'><strong>se</strong></span> <span class='ocrx_word' id='word_1_579' title='bbox 2949 4403 3266 4476; x_wconf 90' lang='lat' dir='ltr'><strong>minantes,</strong></span> <span class='ocrx_word' id='word_1_580' title='bbox 3288 4424 3322 4462; x_wconf 92' lang='lat' dir='ltr'><strong>a</strong></span> <span class='ocrx_word' id='word_1_581' title='bbox 3353 4405 3594 4464; x_wconf 86' lang='lat' dir='ltr'><strong>dominis</strong></span> <span class='ocrx_word' id='word_1_582' title='bbox 3635 4403 3781 4457; x_wconf 88' lang='lat' dir='ltr'><strong>boum</strong></span> <span class='ocrx_word' id='word_1_583' title='bbox 3803 4394 3865 4448; x_wconf 88' lang='lat' dir='ltr'><strong>in-</strong></span> 
     </span>
    </p>
   </div>
   <div class='ocr_carea' id='block_1_93' title="bbox 2292 4486 3863 4564">
    <p class='ocr_par' dir='ltr' id='par_1_93' title="bbox 2292 4486 3863 4564">
     <span class='ocr_line' id='line_1_93' title="bbox 2292 4486 3863 4564; baseline 0.003 -22"><span class='ocrx_word' id='word_1_584' title='bbox 2292 4487 2458 4559; x_wconf 88' lang='lat' dir='ltr'><strong>sequi</strong></span> <span class='ocrx_word' id='word_1_585' title='bbox 2491 4503 2552 4543; x_wconf 91' lang='lat' dir='ltr'><strong>se</strong></span> <span class='ocrx_word' id='word_1_586' title='bbox 2583 4486 3026 4564; x_wconf 82' lang='lat' dir='ltr'><strong>intellexissent,</strong></span> <span class='ocrx_word' id='word_1_587' title='bbox 3051 4496 3472 4553; x_wconf 89' lang='lat' dir='ltr'><strong>commiserunt</strong></span> <span class='ocrx_word' id='word_1_588' title='bbox 3499 4493 3708 4550; x_wconf 87' lang='lat' dir='ltr'><strong>eosdem</strong></span> <span class='ocrx_word' id='word_1_589' title='bbox 3732 4487 3863 4542; x_wconf 66' lang='lat' dir='ltr'><strong>bove-‘1</strong></span> 
     </span>
    </p>
   </div>
   <div class='ocr_carea' id='block_1_94' title="bbox 530 4576 3864 4658">
    <p class='ocr_par' dir='ltr' id='par_1_94' title="bbox 530 4576 3864 4658">
     <span class='ocr_line' id='line_1_94' title="bbox 530 4576 3864 4658; baseline -0.003 -18"><span class='ocrx_word' id='word_1_590' title='bbox 530 4588 817 4642; x_wconf 90' lang='lat' dir='ltr'><strong>venerunt</strong></span> <span class='ocrx_word' id='word_1_591' title='bbox 848 4582 1067 4654; x_wconf 89' lang='lat' dir='ltr'><strong>quique</strong></span> <span class='ocrx_word' id='word_1_592' title='bbox 1097 4580 1318 4644; x_wconf 83' lang='lat' dir='ltr'><strong>fideles,</strong></span> <span class='ocrx_word' id='word_1_593' title='bbox 1353 4595 1465 4634; x_wconf 90' lang='lat' dir='ltr'><strong>non</strong></span> <span class='ocrx_word' id='word_1_594' title='bbox 1517 4577 1709 4633; x_wconf 90' lang='lat' dir='ltr'><strong>solum</strong></span> <span class='ocrx_word' id='word_1_595' title='bbox 1761 4594 1828 4632; x_wconf 83' lang='lat' dir='ltr'><strong>ex</strong></span> <span class='ocrx_word' id='word_1_596' title='bbox 1871 4577 2184 4635; x_wconf 86' lang='lat' dir='ltr'><strong>Gallicanis</strong></span> <span class='ocrx_word' id='word_1_597' title='bbox 2215 4589 2261 4654; x_wconf 84' lang='lat' dir='ltr'><strong>D</strong></span> <span class='ocrx_word' id='word_1_598' title='bbox 2291 4576 2413 4632; x_wconf 74' lang='lat' dir='ltr'><strong>Viro</strong></span> <span class='ocrx_word' id='word_1_599' title='bbox 2444 4577 2678 4633; x_wconf 88' lang='lat' dir='ltr'><strong>cuidam</strong></span> <span class='ocrx_word' id='word_1_600' title='bbox 2712 4580 2836 4635; x_wconf 90' lang='lat' dir='ltr'><strong>seni</strong></span> <span class='ocrx_word' id='word_1_601' title='bbox 2868 4585 2924 4636; x_wconf 91' lang='lat' dir='ltr'><strong>et</strong></span> <span class='ocrx_word' id='word_1_602' title='bbox 2953 4581 3446 4658; x_wconf 89' lang='lat' dir='ltr'><strong>innocenti,quasi</strong></span> <span class='ocrx_word' id='word_1_603' title='bbox 3475 4583 3644 4640; x_wconf 89' lang='lat' dir='ltr'><strong>victus</strong></span> <span class='ocrx_word' id='word_1_604' title='bbox 3661 4585 3864 4633; x_wconf 79' lang='lat' dir='ltr'><strong>necessa-</strong></span> 
     </span>
    </p>
   </div>
   <div class='ocr_carea' id='block_1_95' title="bbox 529 4667 2184 4748">
    <p class='ocr_par' dir='ltr' id='par_1_95' title="bbox 529 4667 2184 4748">
     <span class='ocr_line' id='line_1_95' title="bbox 529 4667 2184 4748; baseline -0.004 -18"><span class='ocrx_word' id='word_1_605' title='bbox 529 4672 866 4748; x_wconf 89' lang='lat' dir='ltr'><strong>provinciis.</strong></span> <span class='ocrx_word' id='word_1_606' title='bbox 895 4686 1100 4727; x_wconf 86' lang='lat' dir='ltr'><strong>verum</strong></span> <span class='ocrx_word' id='word_1_607' title='bbox 1125 4668 1301 4725; x_wconf 91' lang='lat' dir='ltr'><strong>etiam</strong></span> <span class='ocrx_word' id='word_1_608' title='bbox 1334 4685 1400 4724; x_wconf 85' lang='lat' dir='ltr'><strong>ex</strong></span> <span class='ocrx_word' id='word_1_609' title='bbox 1432 4667 1703 4722; x_wconf 88' lang='lat' dir='ltr'><strong>universa</strong></span> <span class='ocrx_word' id='word_1_610' title='bbox 1734 4684 1878 4737; x_wconf 89' lang='lat' dir='ltr'><strong>pene</strong></span> <span class='ocrx_word' id='word_1_611' title='bbox 1909 4667 2092 4737; x_wconf 88' lang='lat' dir='ltr'><strong>Italia,</strong></span> <span class='ocrx_word' id='word_1_612' title='bbox 2119 4686 2184 4724; x_wconf 90' lang='lat' dir='ltr'><strong>ac</strong></span> 
     </span>
    </p>
   </div>
   <div class='ocr_carea' id='block_1_96' title="bbox 531 4755 2183 4830">
    <p class='ocr_par' dir='ltr' id='par_1_96' title="bbox 531 4755 2183 4830">
     <span class='ocr_line' id='line_1_96' title="bbox 531 4755 2183 4830; baseline -0.005 -10"><span class='ocrx_word' id='word_1_613' title='bbox 531 4764 602 4819; x_wconf 91' lang='lat' dir='ltr'><strong>de</strong></span> <span class='ocrx_word' id='word_1_614' title='bbox 649 4759 1060 4819; x_wconf 88' lang='lat' dir='ltr'><strong>transmarinis</strong></span> <span class='ocrx_word' id='word_1_615' title='bbox 1110 4757 1466 4830; x_wconf 88' lang='lat' dir='ltr'><strong>regionibus,</strong></span> <span class='ocrx_word' id='word_1_616' title='bbox 1501 4755 1795 4828; x_wconf 89' lang='lat' dir='ltr'><strong>simulque</strong></span> <span class='ocrx_word' id='word_1_617' title='bbox 1839 4761 2183 4830; x_wconf 65' lang='lat' dir='ltr'><strong>aegrotantes</strong></span> 
     </span>
    </p>
   </div>
   <div class='ocr_carea' id='block_1_97' title="bbox 531 4845 2185 4926">
    <p class='ocr_par' dir='ltr' id='par_1_97' title="bbox 531 4845 2185 4926">
     <span class='ocr_line' id='line_1_97' title="bbox 531 4845 2185 4926; baseline -0.005 -17"><span class='ocrx_word' id='word_1_618' title='bbox 531 4871 644 4908; x_wconf 89' lang='lat' dir='ltr'><strong>non</strong></span> <span class='ocrx_word' id='word_1_619' title='bbox 681 4852 845 4926; x_wconf 86' lang='lat' dir='ltr'><strong>pauci</strong></span> <span class='ocrx_word' id='word_1_620' title='bbox 874 4854 1210 4905; x_wconf 89' lang='lat' dir='ltr'><strong>sanctorum</strong></span> <span class='ocrx_word' id='word_1_621' title='bbox 1257 4845 1582 4901; x_wconf 88' lang='lat' dir='ltr'><strong>interventu</strong></span> <span class='ocrx_word' id='word_1_622' title='bbox 1631 4845 1837 4900; x_wconf 81' lang='lat' dir='ltr'><strong>exinde</strong></span> <span class='ocrx_word' id='word_1_623' title='bbox 1887 4845 2185 4900; x_wconf 87' lang='lat' dir='ltr'><strong>redierunt</strong></span> 
     </span>
    </p>
   </div>
   <div class='ocr_carea' id='block_1_98' title="bbox 530 4933 2182 5008">
    <p class='ocr_par' dir='ltr' id='par_1_98' title="bbox 530 4933 2182 5008">
     <span class='ocr_line' id='line_1_98' title="bbox 530 4933 2182 5008; baseline -0.005 -10"><span class='ocrx_word' id='word_1_624' title='bbox 530 4943 872 4998; x_wconf 89' lang='lat' dir='ltr'><strong>incolumes.</strong></span> <span class='ocrx_word' id='word_1_625' title='bbox 907 4939 1039 5008; x_wconf 87' lang='lat' dir='ltr'><strong>Sed,</strong></span> <span class='ocrx_word' id='word_1_626' title='bbox 1093 4941 1158 4992; x_wconf 91' lang='lat' dir='ltr'><strong>ut</strong></span> <span class='ocrx_word' id='word_1_627' title='bbox 1211 4934 1534 5008; x_wconf 71' lang='lat' dir='ltr'><strong>smpissime</strong></span> <span class='ocrx_word' id='word_1_628' title='bbox 1588 4933 1849 5006; x_wconf 87' lang='lat' dir='ltr'><strong>contigit,</strong></span> <span class='ocrx_word' id='word_1_629' title='bbox 1903 4935 2182 5006; x_wconf 88' lang='lat' dir='ltr'><strong>quoniam</strong></span> 
     </span>
    </p>
   </div>
   <div class='ocr_carea' id='block_1_99' title="bbox 529 5022 2182 5096">
    <p class='ocr_par' dir='ltr' id='par_1_99' title="bbox 529 5022 2182 5096">
     <span class='ocr_line' id='line_1_99' title="bbox 529 5022 2182 5096; baseline -0.005 -9"><span class='ocrx_word' id='word_1_630' title='bbox 529 5032 684 5087; x_wconf 89' lang='lat' dir='ltr'><strong>unde</strong></span> <span class='ocrx_word' id='word_1_631' title='bbox 715 5031 977 5085; x_wconf 89' lang='lat' dir='ltr'><strong>humana</strong></span> <span class='ocrx_word' id='word_1_632' title='bbox 1009 5026 1232 5082; x_wconf 89' lang='lat' dir='ltr'><strong>utilitas</strong></span> <span class='ocrx_word' id='word_1_633' title='bbox 1264 5023 1444 5081; x_wconf 91' lang='lat' dir='ltr'><strong>sumit</strong></span> <span class='ocrx_word' id='word_1_634' title='bbox 1489 5023 1813 5091; x_wconf 80' lang='lat' dir='ltr'><strong>exordium,</strong></span> <span class='ocrx_word' id='word_1_635' title='bbox 1847 5022 2182 5096; x_wconf 89' lang='lat' dir='ltr'><strong>cupiditatis</strong></span> 
     </span>
    </p>
   </div>
   <div class='ocr_carea' id='block_1_100' title="bbox 527 5112 2180 5191">
    <p class='ocr_par' dir='ltr' id='par_1_100' title="bbox 527 5112 2180 5191">
     <span class='ocr_line' id='line_1_100' title="bbox 527 5112 2180 5191; baseline -0.004 -18"><span class='ocrx_word' id='word_1_636' title='bbox 527 5116 667 5174; x_wconf 89' lang='lat' dir='ltr'><strong>vitio</strong></span> <span class='ocrx_word' id='word_1_637' title='bbox 703 5115 1267 5191; x_wconf 86' lang='lat' dir='ltr'><strong>impellente,exinde</strong></span> <span class='ocrx_word' id='word_1_638' title='bbox 1298 5113 1443 5169; x_wconf 90' lang='lat' dir='ltr'><strong>solet</strong></span> <span class='ocrx_word' id='word_1_639' title='bbox 1474 5112 1767 5167; x_wconf 89' lang='lat' dir='ltr'><strong>incurrere</strong></span> <span class='ocrx_word' id='word_1_640' title='bbox 1799 5129 2022 5178; x_wconf 88' lang='lat' dir='ltr'><strong>casum,</strong></span> <span class='ocrx_word' id='word_1_641' title='bbox 2043 5129 2180 5168; x_wconf 91' lang='lat' dir='ltr'><strong>nam</strong></span> 
     </span>
    </p>
   </div>
   <div class='ocr_carea' id='block_1_101' title="bbox 526 5201 2174 5279">
    <p class='ocr_par' dir='ltr' id='par_1_101' title="bbox 526 5201 2174 5279">
     <span class='ocr_line' id='line_1_101' title="bbox 526 5201 2174 5279; baseline -0.002 -18"><span class='ocrx_word' id='word_1_642' title='bbox 526 5207 804 5279; x_wconf 67' lang='lat' dir='ltr'><strong>praedicta</strong></span> <span class='ocrx_word' id='word_1_643' title='bbox 860 5207 1001 5261; x_wconf 87' lang='lat' dir='ltr'><strong>urbs</strong></span> <span class='ocrx_word' id='word_1_644' title='bbox 1059 5209 1346 5261; x_wconf 88' lang='lat' dir='ltr'><strong>conventu</strong></span> <span class='ocrx_word' id='word_1_645' title='bbox 1404 5201 1772 5275; x_wconf 88' lang='lat' dir='ltr'><strong>populorum,</strong></span> <span class='ocrx_word' id='word_1_646' title='bbox 1809 5206 1870 5256; x_wconf 91' lang='lat' dir='ltr'><strong>ut</strong></span> <span class='ocrx_word' id='word_1_647' title='bbox 1899 5201 2174 5270; x_wconf 86' lang='lat' dir='ltr'><strong>diximus,</strong></span> 
     </span>
    </p>
   </div>
   <div class='ocr_carea' id='block_1_102' title="bbox 524 5289 2180 5369">
    <p class='ocr_par' dir='ltr' id='par_1_102' title="bbox 524 5289 2180 5369">
     <span class='ocr_line' id='line_1_102' title="bbox 524 5289 2180 5369; baseline -0.004 -17"><span class='ocrx_word' id='word_1_648' title='bbox 524 5295 712 5369; x_wconf 89' lang='lat' dir='ltr'><strong>gratia</strong></span> <span class='ocrx_word' id='word_1_649' title='bbox 764 5295 1000 5368; x_wconf 90' lang='lat' dir='ltr'><strong>pietatis</strong></span> <span class='ocrx_word' id='word_1_650' title='bbox 1049 5295 1251 5350; x_wconf 77' lang='lat' dir='ltr'><strong>ell‘ecta</strong></span> <span class='ocrx_word' id='word_1_651' title='bbox 1291 5289 1756 5364; x_wconf 88' lang='lat' dir='ltr'><strong>opulentissima,</strong></span> <span class='ocrx_word' id='word_1_652' title='bbox 1789 5294 2180 5363; x_wconf 79' lang='lat' dir='ltr'><strong>conceperant</strong></span> 
     </span>
    </p>
   </div>
   <div class='ocr_carea' id='block_1_103' title="bbox 521 5379 2181 5453">
    <p class='ocr_par' dir='ltr' id='par_1_103' title="bbox 521 5379 2181 5453">
     <span class='ocr_line' id='line_1_103' title="bbox 521 5379 2181 5453; baseline -0.003 -13"><span class='ocrx_word' id='word_1_653' title='bbox 521 5381 682 5440; x_wconf 90' lang='lat' dir='ltr'><strong>illius</strong></span> <span class='ocrx_word' id='word_1_654' title='bbox 714 5383 1069 5440; x_wconf 90' lang='lat' dir='ltr'><strong>habitatores</strong></span> <span class='ocrx_word' id='word_1_655' title='bbox 1103 5382 1344 5438; x_wconf 90' lang='lat' dir='ltr'><strong>nimiam</strong></span> <span class='ocrx_word' id='word_1_656' title='bbox 1379 5399 1480 5453; x_wconf 88' lang='lat' dir='ltr'><strong>pro</strong></span> <span class='ocrx_word' id='word_1_657' title='bbox 1516 5384 1674 5436; x_wconf 90' lang='lat' dir='ltr'><strong>tanto</strong></span> <span class='ocrx_word' id='word_1_658' title='bbox 1708 5379 1987 5435; x_wconf 80' lang='lat' dir='ltr'><strong>beneficio</strong></span> <span class='ocrx_word' id='word_1_659' title='bbox 2027 5379 2181 5435; x_wconf 89' lang='lat' dir='ltr'><strong>inso-</strong></span> 
     </span>
    </p>
   </div>
   <div class='ocr_carea' id='block_1_104' title="bbox 519 5469 2172 5545">
    <p class='ocr_par' dir='ltr' id='par_1_104' title="bbox 519 5469 2172 5545">
     <span class='ocr_line' id='line_1_104' title="bbox 519 5469 2172 5545; baseline -0.002 -16"><span class='ocrx_word' id='word_1_660' title='bbox 519 5473 784 5529; x_wconf 88' lang='lat' dir='ltr'><strong>lentiam.</strong></span> <span class='ocrx_word' id='word_1_661' title='bbox 818 5471 1118 5545; x_wconf 89' lang='lat' dir='ltr'><strong>Siquidem</strong></span> <span class='ocrx_word' id='word_1_662' title='bbox 1152 5475 1381 5526; x_wconf 91' lang='lat' dir='ltr'><strong>mortuo</strong></span> <span class='ocrx_word' id='word_1_663' title='bbox 1405 5471 1592 5544; x_wconf 89' lang='lat' dir='ltr'><strong>ipsius</strong></span> <span class='ocrx_word' id='word_1_664' title='bbox 1641 5469 1893 5525; x_wconf 87' lang='lat' dir='ltr'><strong>civitatis</strong></span> <span class='ocrx_word' id='word_1_665' title='bbox 1940 5469 2172 5537; x_wconf 91' lang='lat' dir='ltr'><strong>comite,</strong></span> 
     </span>
    </p>
   </div>
   <div class='ocr_carea' id='block_1_105' title="bbox 520 5551 2170 5634">
    <p class='ocr_par' dir='ltr' id='par_1_105' title="bbox 520 5551 2170 5634">
     <span class='ocr_line' id='line_1_105' title="bbox 520 5551 2170 5634; baseline -0.002 -15"><span class='ocrx_word' id='word_1_666' title='bbox 520 5551 870 5619; x_wconf 74' lang='lat' dir='ltr'><strong>Flotmundo</strong></span> <span class='ocrx_word' id='word_1_667' title='bbox 902 5559 1284 5627; x_wconf 88' lang='lat' dir='ltr'><strong>nomine,viro</strong></span> <span class='ocrx_word' id='word_1_668' title='bbox 1315 5577 1476 5633; x_wconf 68' lang='lat' dir='ltr'><strong>mque</strong></span> <span class='ocrx_word' id='word_1_669' title='bbox 1507 5558 2170 5634; x_wconf 87' lang='lat' dir='ltr'><strong>simplicissimo,susce-</strong></span> 
     </span>
    </p>
   </div>
   <div class='ocr_carea' id='block_1_106' title="bbox 517 5645 2170 5738">
    <p class='ocr_par' dir='ltr' id='par_1_106' title="bbox 517 5645 2170 5738">
     <span class='ocr_line' id='line_1_106' title="bbox 517 5645 2170 5738; baseline -0.002 -26"><span class='ocrx_word' id='word_1_670' title='bbox 517 5645 609 5738; x_wconf 72' lang='grc' dir='ltr'><strong>ριι</strong></span> <span class='ocrx_word' id='word_1_671' title='bbox 645 5653 773 5731; x_wconf 86' lang='lat' dir='ltr'><strong>ejus</strong></span> <span class='ocrx_word' id='word_1_672' title='bbox 812 5647 972 5715; x_wconf 84' lang='lat' dir='ltr'><strong>ﬁlius</strong></span> <span class='ocrx_word' id='word_1_673' title='bbox 1017 5649 1410 5731; x_wconf 86' lang='lat' dir='ltr'><strong>principstum</strong></span> <span class='ocrx_word' id='word_1_674' title='bbox 1462 5649 1609 5711; x_wconf 84' lang='lat' dir='ltr'><strong>satis</strong></span> <span class='ocrx_word' id='word_1_675' title='bbox 1632 5663 1932 5727; x_wconf 77' lang='lat' dir='ltr'><strong>nequam,</strong></span> <span class='ocrx_word' id='word_1_676' title='bbox 1965 5665 2057 5711; x_wconf 86' lang='lat' dir='ltr'><strong>res</strong></span> <span class='ocrx_word' id='word_1_677' title='bbox 2087 5647 2170 5709; x_wconf 87' lang='lat' dir='ltr'><strong>ci-</strong></span> 
     </span>
    </p>
   </div>
   <div class='ocr_carea' id='block_1_107' title="bbox 2294 4665 3862 4746">
    <p class='ocr_par' dir='ltr' id='par_1_107' title="bbox 2294 4665 3862 4746">
     <span class='ocr_line' id='line_1_107' title="bbox 2294 4665 3862 4746; baseline -0.001 -27"><span class='ocrx_word' id='word_1_678' title='bbox 2294 4665 2380 4720; x_wconf 92' lang='lat' dir='ltr'><strong>ria</strong></span> <span class='ocrx_word' id='word_1_679' title='bbox 2409 4665 2730 4738; x_wconf 77' lang='lat' dir='ltr'><strong>quaesituri,</strong></span> <span class='ocrx_word' id='word_1_680' title='bbox 2750 4686 2944 4725; x_wconf 82' lang='lat' dir='ltr'><strong>revera</strong></span> <span class='ocrx_word' id='word_1_681' title='bbox 2976 4670 3124 4746; x_wconf 67' lang='lat' dir='ltr'><strong>fugae</strong></span> <span class='ocrx_word' id='word_1_682' title='bbox 3155 4673 3490 4745; x_wconf 72' lang='lat' dir='ltr'><strong>praesidium</strong></span> <span class='ocrx_word' id='word_1_683' title='bbox 3523 4671 3746 4744; x_wconf 84' lang='lat' dir='ltr'><strong>petentes</strong></span> <span class='ocrx_word' id='word_1_684' title='bbox 3770 4673 3862 4718; x_wconf 70' lang='lat' dir='ltr'><strong>eva-</strong></span> 
     </span>
    </p>
   </div>
   <div class='ocr_carea' id='block_1_108' title="bbox 2292 4747 3863 4833">
    <p class='ocr_par' dir='ltr' id='par_1_108' title="bbox 2292 4747 3863 4833">
     <span class='ocr_line' id='line_1_108' title="bbox 2292 4747 3863 4833; baseline -0.005 -24"><span class='ocrx_word' id='word_1_685' title='bbox 2292 4754 2436 4810; x_wconf 91' lang='lat' dir='ltr'><strong>suri.</strong></span> <span class='ocrx_word' id='word_1_686' title='bbox 2471 4757 2632 4822; x_wconf 86' lang='lat' dir='ltr'><strong>Quod</strong></span> <span class='ocrx_word' id='word_1_687' title='bbox 2678 4773 2812 4812; x_wconf 89' lang='lat' dir='ltr'><strong>cum</strong></span> <span class='ocrx_word' id='word_1_688' title='bbox 2858 4758 3150 4828; x_wconf 84' lang='lat' dir='ltr'><strong>fecissent,</strong></span> <span class='ocrx_word' id='word_1_689' title='bbox 3184 4763 3382 4818; x_wconf 83' lang='lat' dir='ltr'><strong>statim</strong></span> <span class='ocrx_word' id='word_1_690' title='bbox 3425 4758 3775 4833; x_wconf 83' lang='lat' dir='ltr'><strong>deprehensus</strong></span> <span class='ocrx_word' id='word_1_691' title='bbox 3797 4747 3863 4803; x_wconf 85' lang='lat' dir='ltr'><strong>est</strong></span> 
     </span>
    </p>
   </div>
   <div class='ocr_carea' id='block_1_109' title="bbox 2291 4847 3859 4918">
    <p class='ocr_par' dir='ltr' id='par_1_109' title="bbox 2291 4847 3859 4918">
     <span class='ocr_line' id='line_1_109' title="bbox 2291 4847 3859 4918; baseline -0.002 -20"><span class='ocrx_word' id='word_1_692' title='bbox 2291 4861 2468 4900; x_wconf 85' lang='lat' dir='ltr'><strong>senex</strong></span> <span class='ocrx_word' id='word_1_693' title='bbox 2525 4862 2658 4900; x_wconf 90' lang='lat' dir='ltr'><strong>cum</strong></span> <span class='ocrx_word' id='word_1_694' title='bbox 2717 4847 2938 4915; x_wconf 92' lang='lat' dir='ltr'><strong>bobus;</strong></span> <span class='ocrx_word' id='word_1_695' title='bbox 2974 4850 3246 4918; x_wconf 89' lang='lat' dir='ltr'><strong>trahitur,</strong></span> <span class='ocrx_word' id='word_1_696' title='bbox 3300 4851 3549 4916; x_wconf 72' lang='lat' dir='ltr'><strong>caeditur,</strong></span> <span class='ocrx_word' id='word_1_697' title='bbox 3579 4862 3636 4902; x_wconf 88' lang='lat' dir='ltr'><strong>ac</strong></span> <span class='ocrx_word' id='word_1_698' title='bbox 3678 4848 3859 4898; x_wconf 81' lang='lat' dir='ltr'><strong>reorum</strong></span> 
     </span>
    </p>
   </div>
   <div class='ocr_carea' id='block_1_110' title="bbox 2293 4923 3858 5014">
    <p class='ocr_par' dir='ltr' id='par_1_110' title="bbox 2293 4923 3858 5014">
     <span class='ocr_line' id='line_1_110' title="bbox 2293 4923 3858 5014; baseline -0.004 -28"><span class='ocrx_word' id='word_1_699' title='bbox 2293 4950 2452 4988; x_wconf 92' lang='lat' dir='ltr'><strong>more</strong></span> <span class='ocrx_word' id='word_1_700' title='bbox 2484 4933 2756 4990; x_wconf 89' lang='lat' dir='ltr'><strong>vincitur.</strong></span> <span class='ocrx_word' id='word_1_701' title='bbox 2790 4935 3126 5010; x_wconf 88' lang='lat' dir='ltr'><strong>Ductusque</strong></span> <span class='ocrx_word' id='word_1_702' title='bbox 3169 4941 3243 4996; x_wconf 90' lang='lat' dir='ltr'><strong>ad</strong></span> <span class='ocrx_word' id='word_1_703' title='bbox 3295 4939 3598 5014; x_wconf 90' lang='lat' dir='ltr'><strong>principem</strong></span> <span class='ocrx_word' id='word_1_704' title='bbox 3642 4923 3858 4990; x_wconf 85' lang='lat' dir='ltr'><strong>civitatis.</strong></span> 
     </span>
    </p>
   </div>
   <div class='ocr_carea' id='block_1_111' title="bbox 2291 5016 3860 5098">
    <p class='ocr_par' dir='ltr' id='par_1_111' title="bbox 2291 5016 3860 5098">
     <span class='ocr_line' id='line_1_111' title="bbox 2291 5016 3860 5098; baseline -0.006 -22"><span class='ocrx_word' id='word_1_705' title='bbox 2291 5021 2566 5078; x_wconf 89' lang='lat' dir='ltr'><strong>comitem</strong></span> <span class='ocrx_word' id='word_1_706' title='bbox 2597 5022 2862 5079; x_wconf 91' lang='lat' dir='ltr'><strong>videlicet</strong></span> <span class='ocrx_word' id='word_1_707' title='bbox 2893 5024 3287 5098; x_wconf 87' lang='lat' dir='ltr'><strong>Heribertum,</strong></span> <span class='ocrx_word' id='word_1_708' title='bbox 3317 5028 3436 5084; x_wconf 90' lang='lat' dir='ltr'><strong>vult</strong></span> <span class='ocrx_word' id='word_1_709' title='bbox 3463 5039 3677 5084; x_wconf 86' lang='lat' dir='ltr'><strong>causam</strong></span> <span class='ocrx_word' id='word_1_710' title='bbox 3714 5016 3860 5072; x_wconf 83' lang='lat' dir='ltr'><strong>discu-</strong></span> 
     </span>
    </p>
   </div>
   <div class='ocr_carea' id='block_1_112' title="bbox 2290 5111 3858 5191">
    <p class='ocr_par' dir='ltr' id='par_1_112' title="bbox 2290 5111 3858 5191">
     <span class='ocr_line' id='line_1_112' title="bbox 2290 5111 3858 5191; baseline 0 -26"><span class='ocrx_word' id='word_1_711' title='bbox 2290 5113 2428 5166; x_wconf 89' lang='lat' dir='ltr'><strong>tere.</strong></span> <span class='ocrx_word' id='word_1_712' title='bbox 2465 5112 2590 5167; x_wconf 90' lang='lat' dir='ltr'><strong>Non</strong></span> <span class='ocrx_word' id='word_1_713' title='bbox 2623 5113 2890 5181; x_wconf 89' lang='lat' dir='ltr'><strong>auditur;</strong></span> <span class='ocrx_word' id='word_1_714' title='bbox 2927 5116 3067 5186; x_wconf 91' lang='lat' dir='ltr'><strong>quin</strong></span> <span class='ocrx_word' id='word_1_715' title='bbox 3101 5119 3294 5190; x_wconf 76' lang='lat' dir='ltr'><strong>potius</strong></span> <span class='ocrx_word' id='word_1_716' title='bbox 3321 5117 3483 5191; x_wconf 88' lang='lat' dir='ltr'><strong>quasi</strong></span> <span class='ocrx_word' id='word_1_717' title='bbox 3524 5111 3685 5188; x_wconf 83' lang='lat' dir='ltr'><strong>cruda</strong></span> <span class='ocrx_word' id='word_1_718' title='bbox 3707 5113 3858 5191; x_wconf 50' lang='grc' dir='ltr'><strong>δεηθέν</strong></span> 
     </span>
    </p>
   </div>
   <div class='ocr_carea' id='block_1_113' title="bbox 2289 5189 3857 5276">
    <p class='ocr_par' dir='ltr' id='par_1_113' title="bbox 2289 5189 3857 5276">
     <span class='ocr_line' id='line_1_113' title="bbox 2289 5189 3857 5276; baseline 0.004 -22"><span class='ocrx_word' id='word_1_719' title='bbox 2289 5202 2412 5257; x_wconf 88' lang='lat' dir='ltr'><strong>tute</strong></span> <span class='ocrx_word' id='word_1_720' title='bbox 2442 5217 2575 5257; x_wconf 90' lang='lat' dir='ltr'><strong>reus</strong></span> <span class='ocrx_word' id='word_1_721' title='bbox 2607 5203 2784 5272; x_wconf 90' lang='lat' dir='ltr'><strong>necis,</strong></span> <span class='ocrx_word' id='word_1_722' title='bbox 2819 5189 3134 5276; x_wconf 87' lang='lat' dir='ltr'><strong>suspendio</strong></span> <span class='ocrx_word' id='word_1_723' title='bbox 3174 5209 3246 5263; x_wconf 90' lang='lat' dir='ltr'><strong>ab</strong></span> <span class='ocrx_word' id='word_1_724' title='bbox 3295 5189 3490 5265; x_wconf 83' lang='lat' dir='ltr'><strong>eodem</strong></span> <span class='ocrx_word' id='word_1_725' title='bbox 3532 5199 3714 5259; x_wconf 85' lang='lat' dir='ltr'><strong>comite</strong></span> <span class='ocrx_word' id='word_1_726' title='bbox 3734 5189 3857 5261; x_wconf 66' lang='grc' dir='ltr'><strong>είυυ·</strong></span> 
     </span>
    </p>
   </div>
   <div class='ocr_carea' id='block_1_114' title="bbox 2287 5288 3858 5369">
    <p class='ocr_par' dir='ltr' id='par_1_114' title="bbox 2287 5288 3858 5369">
     <span class='ocr_line' id='line_1_114' title="bbox 2287 5288 3858 5369; baseline -0.003 -25"><span class='ocrx_word' id='word_1_727' title='bbox 2287 5288 2820 5364; x_wconf 90' lang='lat' dir='ltr'><strong>dicatur.Quodque</strong></span> <span class='ocrx_word' id='word_1_728' title='bbox 2852 5294 3027 5349; x_wconf 91' lang='lat' dir='ltr'><strong>etiam</strong></span> <span class='ocrx_word' id='word_1_729' title='bbox 3060 5295 3282 5369; x_wconf 88' lang='lat' dir='ltr'><strong>absque</strong></span> <span class='ocrx_word' id='word_1_730' title='bbox 3315 5296 3430 5351; x_wconf 88' lang='lat' dir='ltr'><strong>ulla</strong></span> <span class='ocrx_word' id='word_1_731' title='bbox 3467 5290 3711 5350; x_wconf 85' lang='lat' dir='ltr'><strong>dilatione</strong></span> <span class='ocrx_word' id='word_1_732' title='bbox 3736 5289 3858 5354; x_wconf 71' lang='grc' dir='ltr'><strong>ροη·</strong></span> 
     </span>
    </p>
   </div>
   <div class='ocr_carea' id='block_1_115' title="bbox 2286 5370 3852 5457">
    <p class='ocr_par' dir='ltr' id='par_1_115' title="bbox 2286 5370 3852 5457">
     <span class='ocr_line' id='line_1_115' title="bbox 2286 5370 3852 5457; baseline -0.003 -24"><span class='ocrx_word' id='word_1_733' title='bbox 2286 5381 2444 5434; x_wconf 89' lang='lat' dir='ltr'><strong>etum</strong></span> <span class='ocrx_word' id='word_1_734' title='bbox 2476 5385 2584 5435; x_wconf 92' lang='lat' dir='ltr'><strong>est.</strong></span> <span class='ocrx_word' id='word_1_735' title='bbox 2621 5381 2731 5436; x_wconf 92' lang='lat' dir='ltr'><strong>Sed</strong></span> <span class='ocrx_word' id='word_1_736' title='bbox 2765 5398 2897 5437; x_wconf 84' lang='lat' dir='ltr'><strong>mox</strong></span> <span class='ocrx_word' id='word_1_737' title='bbox 2928 5387 2991 5438; x_wconf 93' lang='lat' dir='ltr'><strong>ut</strong></span> <span class='ocrx_word' id='word_1_738' title='bbox 3020 5385 3400 5457; x_wconf 89' lang='lat' dir='ltr'><strong>suspendium</strong></span> <span class='ocrx_word' id='word_1_739' title='bbox 3433 5378 3666 5457; x_wconf 86' lang='lat' dir='ltr'><strong>pertulit,</strong></span> <span class='ocrx_word' id='word_1_740' title='bbox 3684 5370 3852 5430; x_wconf 78' lang='lat' dir='ltr'><strong>mirum</strong></span> 
     </span>
    </p>
   </div>
   <div class='ocr_carea' id='block_1_116' title="bbox 2285 5461 3854 5551">
    <p class='ocr_par' dir='ltr' id='par_1_116' title="bbox 2285 5461 3854 5551">
     <span class='ocr_line' id='line_1_116' title="bbox 2285 5461 3854 5551; baseline 0.002 -30"><span class='ocrx_word' id='word_1_741' title='bbox 2285 5467 2344 5521; x_wconf 92' lang='lat' dir='ltr'><strong>in</strong></span> <span class='ocrx_word' id='word_1_742' title='bbox 2378 5468 2615 5523; x_wconf 89' lang='lat' dir='ltr'><strong>modum</strong></span> <span class='ocrx_word' id='word_1_743' title='bbox 2641 5469 2892 5540; x_wconf 83' lang='lat' dir='ltr'><strong>juvenca</strong></span> <span class='ocrx_word' id='word_1_744' title='bbox 2915 5473 3111 5545; x_wconf 89' lang='lat' dir='ltr'><strong>magni</strong></span> <span class='ocrx_word' id='word_1_745' title='bbox 3143 5480 3198 5529; x_wconf 89' lang='lat' dir='ltr'><strong>et</strong></span> <span class='ocrx_word' id='word_1_746' title='bbox 3226 5470 3494 5549; x_wconf 88' lang='lat' dir='ltr'><strong>pervalidi</strong></span> <span class='ocrx_word' id='word_1_747' title='bbox 3523 5461 3854 5551; x_wconf 57' lang='grc' dir='ltr'><strong>οονροτίενθξθ·</strong></span> 
     </span>
    </p>
   </div>
   <div class='ocr_carea' id='block_1_117' title="bbox 2281 5549 3852 5638">
    <p class='ocr_par' dir='ltr' id='par_1_117' title="bbox 2281 5549 3852 5638">
     <span class='ocr_line' id='line_1_117' title="bbox 2281 5549 3852 5638; baseline -0.007 -24"><span class='ocrx_word' id='word_1_748' title='bbox 2281 5560 2372 5614; x_wconf 91' lang='lat' dir='ltr'><strong>cto</strong></span> <span class='ocrx_word' id='word_1_749' title='bbox 2403 5573 2642 5632; x_wconf 87' lang='lat' dir='ltr'><strong>corpore</strong></span> <span class='ocrx_word' id='word_1_750' title='bbox 2671 5575 2890 5615; x_wconf 88' lang='lat' dir='ltr'><strong>cornua</strong></span> <span class='ocrx_word' id='word_1_751' title='bbox 2919 5565 3187 5634; x_wconf 88' lang='lat' dir='ltr'><strong>suspensi</strong></span> <span class='ocrx_word' id='word_1_752' title='bbox 3222 5559 3430 5638; x_wconf 89' lang='lat' dir='ltr'><strong>plantis</strong></span> <span class='ocrx_word' id='word_1_753' title='bbox 3458 5549 3750 5638; x_wconf 43' lang='lat' dir='ltr'><strong>supposuit:</strong></span> <span class='ocrx_word' id='word_1_754' title='bbox 3769 5549 3852 5638; x_wconf 62' lang='grc' dir='ltr'><strong>εἱς-</strong></span> 
     </span>
    </p>
   </div>
   <div class='ocr_carea' id='block_1_118' title="bbox 2282 5623 3851 5725">
    <p class='ocr_par' dir='ltr' id='par_1_118' title="bbox 2282 5623 3851 5725">
     <span class='ocr_line' id='line_1_118' title="bbox 2282 5623 3851 5725; baseline 0.002 -20"><span class='ocrx_word' id='word_1_755' title='bbox 2282 5664 2394 5725; x_wconf 90' lang='lat' dir='ltr'><strong>que</strong></span> <span class='ocrx_word' id='word_1_756' title='bbox 2422 5623 2526 5724; x_wconf 75' lang='lat' dir='ltr'><strong>per</strong></span> <span class='ocrx_word' id='word_1_757' title='bbox 2551 5648 2816 5708; x_wconf 86' lang='lat' dir='ltr'><strong>triduum</strong></span> <span class='ocrx_word' id='word_1_758' title='bbox 2848 5649 2972 5712; x_wconf 86' lang='lat' dir='ltr'><strong>sine</strong></span> <span class='ocrx_word' id='word_1_759' title='bbox 3003 5623 3201 5713; x_wconf 82' lang='lat' dir='ltr'><strong>dolore</strong></span> <span class='ocrx_word' id='word_1_760' title='bbox 3222 5623 3412 5711; x_wconf 70' lang='lat' dir='ltr'><strong>visum</strong></span> <span class='ocrx_word' id='word_1_761' title='bbox 3439 5623 3851 5708; x_wconf 66' lang='lat' dir='ltr'><strong>sustinuit.EXPl°</strong></span> 
     </span>
    </p>
   </div>
  </div>
