4098 6164
238 299 353 366 657

1088 300 1636 370 HISTORIARUM
1696 303 1918 367 LIBRI
1962 307 2332 385 QUINQUE.
2380 347 2459 362 —-
2502 317 2649 380 LIB.
2696 318 2801 381 ῙῙῙ.

3541 319 3665 386 658

241 443 412 514 teque
439 433 658 507 triduo,
685 437 902 497 audivit
930 438 980 496 is
1007 439 1111 513 qui
1137 441 1423 514 pendebat
1447 436 1914 530 viateresjuxta
1940 441 1994 510 A
2024 463 2137 520 quo
2164 465 2298 506 casu
2323 449 2651 523 potuissent
2679 451 2752 509 ab
2783 469 2848 510 eo
2874 451 3089 512 divelli.
3119 451 3227 522 Qui
3258 471 3532 530 egressus
3562 459 3664 516 de-

237 535 660 604 pratereuntes
715 530 1089 586 sermocinari
1134 532 1206 587 ad
1253 530 1520 586 invicem.
1551 523 1675 591 Qui
1712 530 1908 588 excla-

235 638 409 677 mans
439 637 580 676 voce
611 637 727 692 qua
759 620 962 692 potuit,
996 621 1070 676 ad
1100 621 1508 693 deponendum
1539 634 1600 674 se
1640 626 1904 688 quanto-

234 711 361 767 cius
416 711 618 765 venire
646 710 908 782 rogabat.
945 708 1032 765 llli
1062 726 1200 766 vero
1229 710 1531 766 audientes
1569 708 1907 768 daemonica

231 800 358 856 ﬁeri
392 798 672 856 illusione
699 799 1029 855 credebant.
1064 799 1466 856 Proclamante
1496 813 1744 871 quoque
1775 800 1902 873 ipso

228 889 550 956 attentius,
575 905 751 960 seque
771 888 962 944 vivere
984 889 1335 956 affirmante,
1359 895 1748 945 occurrerunt
1767 891 1898 958 viri,

227 978 533 1034 solventes
554 977 720 1033 illum
741 977 1158 1050 deposuerunt.
1183 978 1291 1043 Qui
1313 979 1636 1050 perductus
1667 980 1740 1034 ad
1764 980 1902 1035 civi-

226 1071 440 1136 tatem,
477 1067 622 1122 dum
668 1070 1143 1139 percunctaretur
1197 1068 1488 1139 quomodo
1548 1068 1790 1124 tandem
1835 1069 1897 1124 in

226 1156 505 1230 patibulo
550 1156 806 1229 pendens
854 1171 984 1211 sese
1034 1155 1361 1225 habuisset,
1394 1157 1636 1213 aiebat:
1682 1157 1895 1214 «Dum

224 1262 453 1311 essem,
482 1245 774 1316 inquiens,
782 1245 1004 1315 junior,
1021 1246 1396 1317 acceptajam
1421 1247 1894 1320 conjuge,excepi

222 1352 365 1393 cum
413 1336 554 1408 ipsa
597 1334 851 1390 oblatum
902 1332 1049 1390 mihi
1080 1351 1117 1390 a
1151 1335 1405 1406 quodam
1435 1337 1506 1392 de
1539 1349 1705 1392 sacro
1739 1336 1896 1393 fonte

222 1425 509 1491 filiolum,
544 1423 635 1479 cui
689 1423 863 1479 etiam
906 1423 1324 1480 consensimus
1372 1427 1530 1494 dare,
1567 1442 1636 1481 ex
1693 1431 1894 1484 nostra

217 1531 408 1588 parva
431 1511 794 1574 facultatula,
819 1527 994 1584 quem
1028 1511 1230 1568 solum
1251 1513 1322 1568 de
1345 1519 1530 1569 matre
1552 1531 1892 1587 suscepera-

217 1622 358 1662 mus
389 1601 629 1659 liberali
658 1600 839 1675 gratia
865 1601 1125 1657 vitulum
1159 1618 1364 1658 unum.
1382 1603 1454 1659 Ut
1482 1605 1640 1659 enim
1665 1604 1888 1676 pridem

218 1711 356 1751 sum
393 1691 685 1748 dimissus
714 1690 865 1746 celsa
893 1691 964 1746 de
993 1691 1167 1746 trabe
1198 1692 1610 1763 pendere,visa
1639 1697 1726 1750 est
1745 1694 1888 1749 mihi

2015 538 2149 593 tulit
2180 539 2402 597 litteras
2435 543 2710 613 przedieto
2741 544 2991 617 principi
3033 546 3273 602 refertas
3305 545 3437 603 dolo
3476 552 3532 604 et
3564 565 3663 606 ne-

2013 628 2232 700 quitia;
2266 635 2322 686 et
2353 635 2653 702 quoniam,
2687 633 2798 688 nisi
2832 634 3078 690 celerius
3105 636 3346 691 domum
3376 635 3656 698 Christia-

2012 734 2221 773 norum
2250 719 2639 776 venerabilem
2672 721 3050 789 subverteret,
3087 722 3262 777 sciret
3292 740 3356 779 se
3382 724 3441 780 in
3469 725 3660 796 proxi-

2011 825 2174 863 mum
2206 808 2554 864 Christianis
2584 825 2830 881 regnum
2862 809 3023 866 illius
3051 812 3474 883 occupantibus
3495 815 3657 872 omni

2009 898 2244 968 penitus
2275 898 2558 972 dignitate
2588 899 2918 954 carere.His
2948 916 3082 956 vero
3110 900 3382 972 princeps
3412 901 3657 971 auditis,

2007 987 2274 1060 protinus
2325 989 2518 1043 furore
2573 992 2859 1058 arreptus,
2888 987 3054 1043 misit
3098 989 3559 1062 Hierosolymam
3586 991 3660 1047 de

2007 1077 2132 1132 suis
2154 1077 2254 1148 qui
2281 1077 2624 1148 praedictum
2649 1077 2909 1132 funditus
2928 1077 3330 1133 subverterent
3347 1079 3657 1151 templum.

2001 1165 2113 1229 Qui
2163 1165 2462 1220 venientes
2519 1166 2782 1220 fecerunt
2831 1171 2896 1221 ut
2944 1165 3030 1222 eis
3060 1167 3248 1223 fuerat
3277 1167 3658 1240 imperatum.

2007 1259 2205 1327 Ipsum
2238 1270 2470 1326 quoque
2519 1270 2839 1309 concavum
2890 1255 3142 1326 sepulcri
3188 1256 3487 1313 tumulum
3513 1256 3657 1313 ferri

2003 1343 2293 1400 tuditibus
2343 1359 2625 1415 quassare
2677 1345 2972 1399 tentantes
3021 1345 3267 1400 minime
3319 1345 3652 1401 valuerunt.

2002 1435 2167 1488 Tunc
2185 1433 2362 1488 etiam
2385 1431 2537 1487 beati
2559 1430 2834 1503 martyris
2854 1431 3086 1505 Georgii
3119 1433 3422 1489 ecclesiam
3446 1435 3505 1488 in
3539 1433 3655 1490 Ra-

2001 1522 2162 1577 mulo
2184 1521 2402 1592 pariter
2424 1521 2855 1586 subvertcrunt,
2880 1522 3052 1591 cujus
3073 1521 3214 1576 olim
3239 1521 3424 1578 virtus
3456 1526 3658 1577 Sarra-

1999 1619 2277 1667 cenorum
2329 1608 2578 1664 nimium
2627 1613 2860 1680 gentem
2908 1614 3214 1666 terruerat.
3249 1610 3454 1666 Fertur
3491 1610 3657 1666 enim

1999 1702 2201 1756 crebro
2224 1699 2362 1753 illuc
2384 1715 2482 1753 eos
2507 1698 2730 1769 ingredi
2754 1699 3056 1769 cupientes
3075 1703 3308 1771 raptum
3331 1699 3657 1755 caecitatem

213 1782 516 1859 grandior
547 1779 827 1836 υῐὶίνθτείε
856 1781 1210 1846 Occurrisse,
1242 1785 1597 1854 extensoque
1648 1799 1888 1855 corpore
1921 1820 1967 1884 B
1998 1789 2329 1862 pertulisse.
2362 1788 2573 1841 Everso
2611 1785 2811 1858 igitur,
2845 1790 2912 1842 ut
2939 1787 3215 1853 diximus,
3249 1787 3485 1859 templo,
3519 1791 3661 1861 post

219 1879 403 1948 atque
437 1874 638 1926 erecta
664 1869 880 1925 cervice
910 1869 1124 1925 leniter
1166 1869 1313 1926 meis
1360 1872 1642 1928 submisit
1671 1889 1892 1928 cornua
1923 1869 1967 1884 υ
2002 1877 2307 1951 paululum
2329 1875 2637 1932 manifeste
2657 1874 2867 1931 claruit
2887 1875 3166 1947 quoniam
3186 1876 3524 1932 Jud'aeorum
3549 1891 3656 1930 ne-

216 1963 478 2040 plantis,
501 1976 569 2014 ac
598 1975 686 2014 me
708 1957 1071 2030 hujusmodi,
1109 1959 1370 2029 quandiu
1403 1963 1674 2034 pependi,
1708 1962 1889 2018 susti-

220 2055 376 2111 nuit.
414 2074 447 2102 η
481 2050 602 2106 Hoc
648 2064 774 2103 vero
821 2047 920 2102 illo
964 2047 1067 2119 qui
1119 2051 1383 2104 servatus
1415 2067 1448 2104 a
1478 2055 1666 2107 morte
1703 2051 1892 2107 fuerat

217 2144 543 2210 referente,
571 2138 638 2193 ad
673 2137 828 2193 illius
859 2135 1197 2208 exemplum
1227 2137 1360 2192 data
1391 2143 1481 2194 est
1507 2141 1890 2212 postmodum

213 2236 266 2291 in
300 2247 459 2306 gyro
492 2226 686 2284 filiolis
733 2225 912 2282 fontis
960 2229 1178 2282 sacraeII
1195 2226 1327 2286 fidei
1361 2228 1682 2285 vitulorum
1713 2229 1889 2285 innu-

213 2338 390 2381 mera
445 2316 792 2374 multitudo.
819 2315 1105 2371 Praeterea
1154 2315 1465 2384 Rainardo,
1493 2323 1560 2376 ut
1605 2319 1888 2394 diximus,

206 2405 736 2486 judaizante,quin
767 2404 960 2476 potius
989 2403 1342 2472 insaniente,
1362 2423 1608 2465 suasum
1631 2414 1723 2465 est
1745 2407 1887 2480 regi,

221 2498 328 2573 qui
361 2494 640 2551 videlicet
667 2491 835 2548 illum
867 2492 1203 2564 frequenter
1231 2494 1303 2548 ob
1336 2511 1505 2550 suam
1538 2496 1891 2570 improbita-

217 2594 342 2646 tem
370 2585 771 2656 redarguerat,
788 2585 852 2636 ut
872 2580 1099 2636 scilicet
1116 2585 1289 2636 tantae
1319 2582 1569 2641 civitatis
1591 2586 1678 2658 pri
1687 2585 1888 2657 ncipa-

217 2681 357 2735 tum
376 2673 543 2746 regio
564 2671 909 2744 subjugaret
938 2668 1222 2735 dominio,
1243 2688 1313 2726 ne
1342 2671 1639 2743 siquidem
1662 2673 1889 2729 diutius

216 2769 381 2823 vir-es
414 2760 663 2836 pessimi
695 2757 1038 2815 incrementi
1063 2765 1321 2815 sumeret
1341 2762 1688 2818 scandalum
1711 2779 1889 2819 sacrm

215 2854 383 2913 ﬁdei.
409 2855 542 2918 Qua
579 2850 802 2905 ratione
833 2863 933 2903 rex
962 2847 1325 2919 compulsus,
1351 2850 1513 2906 misit
1542 2852 1885 2918 exercitum,

220 2944 329 3018 qui
359 2939 712 3015 praedictum
735 2936 1099 2992 Rainardum
1127 2953 1160 2992 a
1182 2936 1410 2994 civitate
1433 2939 1733 3010 pellerent,
1754 2939 1891 2996 sibi-

222 3050 345 3108 que
376 3031 542 3087 illam
596 3027 878 3083 tuendam
929 3029 1244 3082 servarent.
1275 3026 1590 3086 Venientes
1620 3046 1755 3085 vero
1788 3028 1888 3102 qui

222 3121 399 3180 missi
433 3119 671 3174 fuerant
701 3131 734 3170 a
763 3130 917 3188 rege,
947 3118 1225 3186 ceperunt
1256 3116 1458 3171 urbem
1491 3127 1653 3173 'cum
1706 3119 1892 3174 nimia

2002 1967 2188 2041 quitia
2208 1969 2438 2022 tantum
2460 1964 2624 2019 uetas
2645 1964 2722 2019 sit
2739 1969 3056 2036 patratum.
3072 1965 3261 2036 thue
3283 1963 3656 2036 divulgatum

1999 2060 2090 2113 est
2119 2072 2221 2128 per
2244 2055 2444 2111 orbem
2473 2052 2837 2122 universum,
2862 2054 3159 2109 communi
3191 2052 3458 2108 omnium
3489 2051 3658 2107 Chri-

2002 2145 2328 2203 stianorum
2359 2158 2648 2199 consensu
2680 2143 2978 2198 decretum
3013 2145 3102 2198 est
3129 2146 3196 2197 ut
3225 2158 3429 2197 omnes
3460 2140 3654 2196 Judzei

2003 2235 2075 2290 ab
2101 2233 2338 2289 illorum
2367 2231 2539 2287 terris
2566 2229 2655 2286 vel
2699 2231 3034 2288 civitatibus
3079 2231 3344 2286 funditus
3375 2228 3657 2302 pelleren-

2001 2329 2116 2380 tur.
2149 2322 2360 2392 Sicque
2389 2319 2647 2376 universi
2677 2319 2808 2375 odio
2840 2320 3046 2387 habiti,
3077 2319 3306 2392 expulsi
3332 2319 3402 2375 de
3449 2318 3654 2374 civita-

2000 2411 2181 2478 tibus,
2216 2409 2316 2464 alii
2345 2409 2558 2482 gladiis
2603 2408 2900 2478 trucidati,
2933 2408 3031 2465 alii
3065 2407 3412 2464 ﬂuminibus
3459 2408 3652 2463 necati

2001 2499 2369 2572 diversisque
2381 2497 2658 2554 mortium
2672 2498 2984 2570 generibus
3003 2496 3336 2567 interempti
3353 2513 3366 2563 ;
3381 2495 3652 2551 nonnulli

1999 2591 2176 2647 etiam
2201 2605 2328 2645 sese
2349 2589 2575 2644 diversa
2595 2588 2749 2642 cede
2769 2585 3211 2652 interemerunt,
3232 2584 3540 2640 itascilic'et
3559 2591 3646 2652 ut,

1999 2680 2178 2751 digna
2219 2679 2291 2734 de
2331 2678 2416 2734 eis
2458 2675 2678 2733 ultione
2709 2681 2963 2747 peracta,
2996 2675 3090 2730 vix
3115 2673 3285 2746 pauci
3315 2672 3554 2730 illorum
3587 2675 3649 2731 in

1998 2768 2138 2825 orbe
2164 2767 2560 2838 reperirentur
2581 2765 2864 2820 Romano.
3101 2767 3103 2769 ’

2071 2857 2236 2911 Tunc
2283 2869 2515 2926 quoque
2570 2853 2866 2908 decretum
2917 2855 3006 2907 est
3048 2852 3119 2907 ab
3159 2850 3450 2922 episcopis
3475 2854 3652 2924 atque

1999 2943 2378 3002 interdictum
2405 2948 2469 2998 ut
2497 2941 2692 2996 nullus
2717 2941 3184 2997 Christianorum
3202 2937 3320 2993 illis
3344 2940 3485 2994 sein
3511 2957 3654 3011 quo-

2000 3050 2233 3105 cunque
2261 3033 2509 3089 sociaret
2538 3030 2789 3103 negotio.
2825 3029 2882 3084 Si
2933 3027 3032 3101 qui
3079 3033 3275 3083 tamen
3321 3027 3393 3082 de
3424 3026 3542 3084 illis
3576 3030 3651 3085 ad

1999 3121 2278 3195 baptismi
2310 3121 2560 3195 gratiam
2610 3118 2866 3175 converti
2916 3116 3239 3173 voluissent
3294 3132 3653 3189 omnemque

218 3206 706 3284 depopulatione,
730 3208 958 3276 partem
979 3203 1155 3258 etiam
1182 3205 1310 3275 ejus
1332 3222 1447 3260 non
1479 3208 1770 3263 modicam
1795 3208 1883 3261 in—

2008 3191 2613 3282 Judaicamvrespuere
2643 3207 3129 3262 consuetudinem
3155 3203 3243 3260 vel
3265 3205 3652 3274 morem,illos

221 3299 430 3358 cendio
458 3309 814 3352 cremavere.
847 3292 1152 3365 Superavi—t
1181 3293 1474 3364 siquidem
1522 3296 1884 3369 magnitudi-

223 3405 353 3448 nem
389 3383 610 3461 prioris
636 3381 835 3456 gaudii
866 3381 1337 3454 promerentibus
1370 3383 1608 3456 ﬂagitiis
1632 3385 1885 3441 enormi-

225 3486 314 3537 tas
345 3472 726 3535 calamitatis.

861 3575 1093 3633 CAPUT
1131 3575 1256 3633 VII.

345 3678 429 3731 Dc
461 3669 744 3727 eversione
774 3667 1520 3794 templlidﬂierosolymorum,
1550 3678 1600 3727 et
1629 3671 1779 3728 (tarde

932 3755 968 3793 ιι
1006 3755 1229 3794 κον-απτ.

932 3755 1229 3794 uaaeorum.

297 3835 379 3890 Eo
410 3845 653 3905 quoque
672 3831 953 3900 tempore,
980 3824 1037 3881 id
1062 3830 1152 3882 est
1181 3843 1332 3882 anno
1363 3843 1514 3883 nono
1538 3833 1670 3900 post
1690 3831 1895 3902 praefa-

235 3928 360 3980 tum
395 3917 810 3979 millesimum,
834 3913 1100 3986 ecclesia,
1123 3932 1248 3987 qum
1266 3917 1420 3987 apud
1437 3917 1897 3991 Hierosolymam

233 4011 579 4084 sepulcrum
613 4004 948 4062 continebat
988 4003 1218 4060 Domini
1250 4020 1315 4060 ac
1345 4005 1658 4064 Salvatoris
1689 4009 1897 4075 nostri,

242 4115 446 4156 eversa
471 4098 566 4153 est
587 4093 854 4149 funditus
867 4092 1041 4163 jussu
1065 4091 1346 4164 principis
1373 4092 1702 4165 Babylonis.
1721 4095 1903 4166 Cujus

235 4187 507 4244 videlicet
549 4180 870 4240 eversionis
909 4181 1134 4236 occasio
1165 4180 1299 4248 tale,
1352 4182 1507 4253 quod
1552 4183 1766 4239 dicturi
1797 4201 1902 4239 su-

239 4294 394 4346 mus,
420 4271 802 4348 cognoscitur
829 4270 1132 4326 exordium
1164 4269 1619 4327 habuisse.Gum
1651 4273 1808 4328 enim
1831 4275 1903 4329 de

240 4369 359 4422 toto
388 4370 689 4420 terrarum
722 4360 861 4414 orbe
889 4359 962 4414 ob
995 4357 1225 4430 insigne
1273 4358 1644 4415 Dominicum
1687 4377 1904 4418 memo-

241 4454 378 4512 riale
403 4450 671 4526 plurima
699 4447 963 4504 ﬁdelium
988 4447 1301 4503 multitudo
1323 4447 1779 4523 Hierosolymam
1814 4451 1900 4505 vi-

1994 3305 2226 3358 tantum
2286 3299 2583 3370 suscipere
2638 3297 3036 3352 decreverunt.
3072 3293 3235 3358 Quod
3285 3296 3342 3349 et
3386 3295 3652 3352 fecerunt

1999 3389 2237 3463 plurimi
2257 3386 2492 3444 illorum
2512 3385 2703 3457 magis
2725 3401 2922 3441 amore
2953 3383 3258 3457 praesentis
3289 3382 3419 3438 vitae
3465 3385 3650 3440 coacti

2001 3481 2160 3534 metu
2192 3477 2398 3532 mortis
2431 3491 2608 3547 quam
2650 3474 2778 3528 vitai
2823 3472 3189 3545 sempiternis
3219 3471 3472 3544 gaudiis.
3502 3473 3651 3528 Nam

2003 3568 2339 3640 quicunque
2369 3565 2604 3620 illorum
2635 3578 2762 3618 sese
2807 3561 2955 3618 tales
3008 3560 3342 3617 mentiendo
3386 3560 3514 3617 ﬁeri
3544 3577 3653 3633 po-

2004 3660 2313 3730 poscerunt
2333 3653 2505 3726 paulo
2534 3655 2665 3724 post
2696 3653 2768 3706 ad
2796 3667 3018 3707 morem
3040 3648 3359 3723 pristinum
3382 3653 3522 3706 sunt
3542 3649 3652 3705 im-

2005 3746 2293 3819 pudenter
2321 3741 2554 3799 reversi.
2588 3742 2869 3797 Praeterea
2896 3739 2988 3796 bis
3007 3738 3087 3794 ita
3115 3738 3320 3811 gestis,
3343 3738 3658 3811 praedictus

2007 3835 2335 3890 litterarum
2349 3831 2586 3904 bajulus
2602 3829 2674 3885 ad
2693 3830 2952 3885 nativum
2978 3827 3129 3883 male
3160 3841 3404 3884 securus
3425 3829 3662 3901 repeda-

2007 3924 2092 3978 vit
2119 3921 2334 3978 solum.
2369 3920 2554 3992 Coepit
2599 3918 2797 3990 itaque
2827 3915 3032 3973 sedulo
3063 3915 3398 3988 perquirere
3429 3917 3478 3972 si
3512 3917 3661 3973 forte

2009 4011 2346 4084 quempiam
2390 4007 2581 4081 gentis
2620 4023 2741 4065 sum
2772 4005 2996 4061 fraudis
3027 4004 3328 4059 conscium
3361 4005 3657 4076 reperiret.

2014 4100 2266 4156 Inventis
2313 4115 2449 4153 vero
2493 4094 2802 4169 perpaucis
2842 4094 2901 4147 in
2936 4092 3166 4148 civitate
3210 4091 3661 4150 Aurelianorum

2011 4189 2216 4262 pavide
2241 4187 2558 4242 admodum
2589 4183 2956 4254 degentibus,
2984 4197 3187 4237 rursus
3220 4180 3394 4253 ccepit
3423 4180 3660 4237 illorum

2013 4276 2362 4333 familiarius
2409 4275 2495 4330 uti
2529 4272 2826 4328 corsortio.
2859 4270 3086 4326 Accidit
3114 4269 3294 4341 igitur
3322 4273 3387 4325 ut
3417 4268 3659 4342 quidam

2012 4365 2378 4438 peregrinus,
2403 4364 2529 4434 ejus
2553 4361 2610 4415 in
2635 4359 3028 4416 transmarino
3051 4359 3245 4415 socius
3266 4358 3472 4414 itinere
3485 4363 3661 4431 atque

2013 4453 2338 4510 certissime
2369 4452 2526 4507 illius
2557 4449 2783 4505 itineris
2813 4448 3083 4505 conscius
3113 4447 3354 4521 negotii,
3384 4446 3526 4503 illuc
3557 4447 3660 4503 de-

245 4542 477 4602 sitaturi
511 4533 844 4612 pergerent,
877 4553 1085 4592 rursus
1135 4535 1308 4608 erepit
1353 4537 1584 4594 invidus
1628 4538 1980 4624 diabolus!)
2012 4544 2234 4600 veniret
2263 4556 2586 4613 rursusque
2615 4538 2784 4594 illum
2816 4539 3153 4595 Judteorum
3184 4537 3462 4594 amicitiis
3483 4535 3662 4593 nimis

245 4647 345 4704 per
359 4631 669 4688 assuetam
691 4626 804 4681 sibi
823 4624 1163 4681 Judaeorum
1186 4629 1420 4697 gentem
1440 4643 1586 4682 verae
1613 4627 1748 4682 ﬁdei
1781 4627 1901 4682 cul-

247 4721 474 4777 toribus
505 4732 799 4772 venenum
829 4731 949 4770 suze
975 4714 1247 4787 nequitia:
1273 4715 1603 4787 propinare.
1628 4717 1762 4770 Erat
1792 4717 1900 4788 igi-

249 4814 342 4864 tur
369 4809 562 4879 hujus
592 4804 823 4878 generis
855 4805 1008 4876 apud
1056 4802 1534 4860 Aurelianensem
1583 4804 1903 4860 Galliarum

251 4899 471 4972 regiam
504 4894 716 4949 urbem
751 4909 864 4948 non
901 4893 1130 4948 modica
1159 4892 1497 4961 multitudo,
1533 4893 1631 4965 qui
1684 4894 1904 4948 caeteris

255 5003 364 5042 sua:
413 4983 619 5058 gentis
667 4981 1035 5048 tumidiores,
1067 4984 1124 5036 et
1154 4981 1332 5037 invidi
1362 4985 1538 5054 atque
1567 4980 1907 5037 audaciores

251 5080 387 5132 sunt
419 5071 663 5145 reperti.
695 5071 764 5126 Hi
797 5071 1046 5142 denique
1071 5086 1322 5142 nequam
1355 5069 1596 5127 consilio
1617 5070 1760 5125 inito
1790 5086 1910 5126 cor-

256 5165 542 5238 raperunt
571 5159 887 5233 quemdam
922 5159 1056 5214 data
1085 5159 1352 5231 pecunia,
1384 5158 1652 5215 videlicet
1681 5159 1907 5231 girova-

259 5267 392 5322 gum
424 5251 541 5306 sub
575 5248 878 5320 peregrino
909 5249 1134 5314 habitu,
1169 5247 1404 5303 nomine
1445 5249 1784 5318 Robertum,
1819 5249 1907 5303 fu-

261 5339 504 5412 gitivum
542 5337 746 5410 utique
789 5354 1020 5393 servum
1077 5339 1256 5393 beata:
1319 5337 1513 5393 Mariae
1571 5336 1909 5393 Melerensis

261 5427 526 5487 ccenobii.
561 5427 743 5490 Quem
777 5426 1128 5499 accipientes
1155 5431 1321 5482 caute
1344 5426 1634 5484 miserunt
1654 5427 1723 5482 ad
1749 5427 1909 5498 prin-

265 5519 447 5592 cipem
471 5514 786 5589 Babylonis
809 5532 942 5572 cum
972 5515 1267 5571 Hebraicis
1299 5515 1747 5584 characteribus,
1777 5515 1912 5571 scri-

267 5607 378 5678 ptis
423 5605 712 5679 epistolis,
746 5603 1066 5679 pictaciolis
1113 5603 1248 5660 ferri
1296 5605 1502 5661 baculo
1552 5605 1808 5671 insertis,
1841 5622 1912 5661 ne

2012 4634 2228 4688 hmrere
2258 4636 2554 4696 cerneret;
2591 4627 2784 4700 palam
2817 4627 3108 4683 universis
3145 4626 3406 4682 indicare
3435 4625 3663 4682 curavit

2013 4720 2212 4794 quanti
2237 4720 2373 4775 mali
2397 4717 2636 4792 gerulus
2659 4716 2758 4773 ille
2777 4720 2934 4773 esset
2954 4716 3286 4781 homoncio,
3301 4732 3372 4770 ex
3384 4715 3556 4785 cujus
3579 4714 3662 4768 rei

2015 4827 2194 4866 causa
2223 4810 2559 4865 Judzeorum
2591 4807 2877 4878 potiretur
2907 4805 3137 4877 opibus.
3161 4802 3289 4870 Qu’i,
3318 4801 3473 4858 illico
3505 4817 3662 4856 com-

2015 4898 2342 4971 prehensus
2385 4896 2651 4966 aerisque
2709 4894 2967 4967 agitatus
3024 4890 3385 4958 verberibus,
3420 4889 3666 4962 propriae

2015 4985 2279 5041 dilationi
2312 4985 2622 5039 conﬁtetur
2651 4983 2890 5048 crimen,
2928 4995 3177 5052 moxque
3204 4996 3238 5034 a
3263 4977 3550 5035 ministris
3575 4994 3666 5034 re-

2017 5074 2107 5148 gis
2136 5074 2195 5128 in
2227 5077 2540 5145 conspectu
2575 5072 2751 5127 totius
2783 5069 2971 5143 plebis
3015 5073 3180 5124 extra
3223 5067 3516 5124 civitatem
3547 5066 3669 5140 igni

2017 5167 2105 5219 est
2123 5161 2346 5218 tradius
2377 5165 2551 5232 atque
2583 5157 3191 5232 consumptusJudzei
3213 5162 3408 5212 tamen
3438 5156 3669 5230 profugi

2018 5269 2084 5307 ac
2105 5250 2458 5322 vagabundi,
2485 5250 2582 5320 qui
2608 5249 2664 5303 in
2687 5249 2831 5305 locis
2853 5247 3068 5304 abditis
3090 5245 3497 5302 delitescentes
3519 5262 3670 5318 prae-

2019 5341 2184 5396 dicta:
2217 5340 2625 5411 snpcrfuerant
2654 5337 2824 5402 cladi,
2858 5341 2988 5409 post
3015 5335 3487 5408 quinquennium
3519 5349 3674 5390 ever-

2020 5429 2203 5485 sionis
2235 5427 2434 5500 templi
2491 5430 2789 5498 ccepcrunt
2830 5427 2889 5481 in
2941 5425 3188 5481 urbibus
3229 5441 3510 5498 apparere
3541 5437 3669 5494 per-

2020 5519 2214 5589 pauci.
2249 5518 2316 5572 Et
2365 5515 2641 5588 quoniam
2697 5518 2948 5587 oportet,
2983 5513 3255 5586 quamvis
3310 5515 3378 5568 ad
3434 5512 3668 5568 illorum

2022 5606 2446 5674 confusionem,
2472 5597 2536 5660 ut
2559 5622 2626 5662 ex
2644 5599 2760 5660 illis
2783 5602 2966 5678 aliqui
2989 5605 3049 5662 in
3072 5606 3338 5662 futurum
3352 5597 3668 5674 supersint,
