4036 6172
506 290 624 354 659

1387 306 1396 312 '
1475 298 1814 365 RODULFI
1857 294 2142 363 GLABRI
2187 291 2545 358 MONACHI
2589 295 2944 361 CLUNIAG.

3699 311 3794 374 660

507 426 597 483 γε]
631 427 701 485 ad
733 427 1199 487 conﬁrmandum
1227 433 1526 507 proprium
1560 435 1863 500 net-35,59“
1895 434 1967 489 ad
1999 431 2160 488 testi-
2189 428 2244 495 Α
2271 426 2384 485 bus
2415 446 2480 485 ac
2513 427 2798 504 religiosis
2829 431 3164 505 quibusque
3209 430 3381 502 laicis,
3411 436 3643 498 acerrime
3665 446 3798 518 coepit

511 517 776 574 monium
809 519 922 576 fusi
955 521 1258 595 sanguinis
1289 522 1523 591 Christi,
1557 522 1772 580 idcirco
1801 541 1932 579 vero
1966 522 2150 579 credi-

511 624 647 664 mus
677 610 1139 668 Christianorum
1188 612 1619 670 animositatem
1667 613 1865 670 divina
1913 613 2152 685 dispen-

511 703 676 755 sante
704 701 1066 772 providentia
1095 701 1152 756 in
1198 702 1282 758 eis
1329 704 1402 758 ad
1451 706 1684 775 tempus
1725 702 2146 758 mansuevisse.

508 786 723 843 Eodem
745 789 1131 847 nihilominus
1154 791 1445 858 anno,divi
1455 810 1528 848 na
1540 791 1890 866 propitiante
1904 791 2153 847 clemen-

503 874 607 943 tia,
632 877 801 950 coepit
820 882 1010 934 mater
1026 879 1210 952 ipsius
1229 881 1810 952 principis,videlicct
1841 880 2151 936 Ammirati

507 963 838 1038 Babylonis,
873 968 1086 1025 mulier
1121 969 1642 1037 Christianissima,
1677 970 1914 1025 nomine
1947 969 2150 1033 Maria,

507 1054 854 1111 retediﬁcare
881 1056 1097 1113 Christi
1126 1059 1437 1130 templum,
1463 1061 1639 1130 jussu
1687 1060 1815 1130 ejus
1862 1057 1964 1113 ﬁlii
1999 1074 2154 1113 ever-

507 1143 874 1216 sum,politis
905 1149 961 1201 et
987 1146 1227 1219 quadris
1249 1147 1564 1220 lapidibus.
1589 1149 1735 1203 Nam
1758 1152 1812 1203 et
1833 1146 1922 1203 vir
1943 1147 2151 1219 ipsius,

508 1232 677 1305 quasi
707 1233 854 1290 alter
889 1234 1261 1298 Nicodamus,
1294 1240 1458 1309 pater
1479 1236 1658 1307 hujus
1688 1236 1910 1292 scilicet
1940 1237 2010 1291 de
2035 1253 2150 1308 quo

506 1337 762 1394 praesens
792 1327 880 1378 est
910 1341 1101 1380 sermo
1133 1325 1388 1393 habitus,
1414 1326 1636 1382 occulte
1665 1325 2033 1381 Christianus
2064 1325 2150 1380 di-

506 1410 658 1465 citur
687 1411 891 1468 fuisse.
925 1413 1089 1468 Tunc
1135 1430 1367 1486 quoque
1415 1416 1486 1470 de
1529 1416 1805 1471 universo
1863 1418 2151 1470 terrarum

505 1498 644 1554 orbe
690 1498 1049 1558 incredibilis
1098 1502 1404 1559 hominum
1447 1503 1762 1560 multitudo
1795 1503 2154 1560 exsultanter

505 1585 962 1660 Hierosolymam
1004 1596 1330 1663 pergentes,
1363 1593 1562 1648 domui
1613 1593 1714 1649 Dei
1759 1595 2153 1650 restauraudaa

506 1673 767 1746 plurima
795 1676 1133 1735 detulerunt
1161 1696 1423 1737 munera.

1121 1769 1348 1827 CAPUT
1387 1770 1534 1826 VIII.

754 1855 855 1910 'De
886 1855 1093 1913 haeresi
1116 1858 1263 1930 apud
1285 1860 1610 1917 Aurelianos
1640 1869 1875 1933 reperta.

576 1941 772 1998 Tertio
794 1943 864 2000 de
879 1943 1157 2001 vicesimo
1190 1946 1342 2003 intra
1362 1949 1487 2020 jam
1519 1948 1743 2005 dictum
1774 1949 2156 2007 millesimum

502 2047 680 2098 anno,
714 2035 941 2104 reperta
997 2038 1086 2090 est
1141 2037 1296 2108 apud
1349 2039 1650 2110 praefatam
1680 2040 2155 2096 Aurelianensem

503 2119 713 2176 urbem
745 2123 925 2177 cruda
951 2123 1201 2180 nimium
1240 2130 1416 2198 atque
1448 2127 1708 2184 insolens
1735 2129 1994 2197 haeresis,
2027 2146 2155 2202 quae

509 2208 732 2265 scilicet
783 2209 1017 2267 diutius
1059 2213 1284 2270 occulte
1340 2216 1687 2288 germinata,
1721 2218 1778 2273 in
1811 2219 2154 2290 perditionis

503 2301 761 2370 segetem
791 2297 947 2354 male
990 2299 1310 2370 pullulans,
1343 2303 1539 2376 plures
1592 2305 1650 2360 in
1713 2323 1830 2362 suae
1878 2307 2154 2364 caecitatis

503 2384 889 2458 praecipitavit
931 2387 1231 2460 laqueum.
1265 2392 1471 2447 Fertur
1525 2410 1782 2466 namque
1833 2412 1867 2450 a
1907 2395 2153 2452 muliere

504 2476 760 2546 quadam
792 2491 860 2530 ex
890 2475 1056 2532 Italia
1083 2480 1450 2548 procedente,
1483 2481 1604 2536 haec
1634 2482 2013 2540 insanissima
2042 2484 2152 2539 hm-

508 2564 655 2619 resis
687 2563 746 2618 in
775 2563 978 2621 Galliis
999 2565 1277 2624 habuisse
1297 2569 1620 2640 exordium,
1646 2587 1772 2642 quae
1795 2575 1860 2626 ut
1878 2576 2004 2628 erat
2023 2572 2149 2628 dia-

501 2651 639 2707 bolo
672 2651 846 2723 plena
875 2654 1191 2710 seducebat
1220 2673 1600 2730 quoscunque
1623 2659 1870 2728 volebat,
1904 2678 2019 2718 non
2052 2679 2148 2717 so-

497 2739 622 2795 lum
648 2739 862 2796 idiotas
879 2745 937 2797 et
957 2741 1277 2816 simplices,
1299 2762 1500 2802 verum
1521 2749 1697 2804 etiam
1720 2748 2028 2822 plerosque
2048 2751 2149 2823 qui

487 2828 847 2885 Videbantur
866 2831 1154 2888 doctiores
1177 2833 1233 2889 in
1257 2834 1601 2892 clericorum
1628 2838 1852 2894 ordine.
1877 2841 2011 2905 Quae
2042 2841 2150 2895 sci-

495 2917 633 2975 licet
661 2918 900 2976 veniens
934 2919 1223 2980 civitatem
1253 2924 1750 2992 Aurelianensem,
1782 2928 1924 2983 dum
1956 2945 2145 2984 mora-

495 3011 657 3063 retur
677 3007 757 3063 ibi
781 3024 884 3080 per
902 3008 1137 3081 aliquod
1161 3013 1420 3084 spatium
1438 3015 1738 3087 temporis,
1773 3032 1994 3072 veneno
2026 3035 2145 3072 suae

493 3097 769 3169 nequitiae
789 3097 989 3169 plures
1009 3097 1224 3156 infecit.
1248 3101 1409 3166 Quod
1435 3103 1608 3160 etiam
1633 3103 2011 3161 seminarium
2044 3124 2144 3162 ne-

494 3201 672 3258 quam
693 3184 753 3240 in
772 3185 1062 3258 pluriores
1083 3188 1142 3244 hi
1166 3189 1266 3260 qui
1289 3197 1670 3263 susceperant
1698 3197 1817 3249 toto
1839 3195 2144 3250 conamine

491 3290 766 3347 spargere
787 3275 1146 3332 nitebantur.
1163 3278 1421 3335 Fuerunt
1451 3296 1661 3354 nempe
1681 3281 1862 3353 hujus
1886 3285 2142 3354 perversi

491 3362 783 3433 dogmatis
803 3362 1221 3420 haeresiarches
1241 3368 1377 3430 duo,
1402 3368 1543 3424 heu!
1570 3369 1713 3442 proh
1741 3370 1907 3426 dolor
1930 3371 1942 3427 l
1969 3373 2065 3444 qui
2084 3372 2140 3427 in

489 3447 720 3505 civitate
750 3451 1113 3521 putabantur
1137 3469 1348 3524 genere
1365 3473 1431 3510 ac
1449 3457 1694 3514 scientia
1717 3459 2064 3516 valentiores
2084 3462 2141 3516 in

488 3537 662 3604 clero,
698 3555 953 3610 quorum
985 3558 1139 3597 unus
1171 3541 1530 3612 Heribertus,
1555 3545 1702 3601 alter
1735 3548 1964 3604 Lisoius
1996 3549 2143 3606 dicc—

492 3626 686 3682 batur.
721 3627 789 3682 Hi
821 3627 1094 3701 denique.
1127 3633 1389 3701 quandiu
1439 3651 1532 3689 res
1583 3634 1772 3702 latuit,
1805 3640 1925 3692 tam
1986 3640 2138 3710 apud

493 3731 689 3788 regem
721 3732 900 3788 quam
932 3719 1086 3789 apud
1119 3717 1318 3791 palatii
1350 3738 1618 3792 proceres
1662 3740 1957 3780 summam
1989 3729 2140 3783 obti-

491 3807 743 3859 nuerant
768 3802 1112 3861 amicitiam.
1130 3806 1350 3880 Nempe
1381 3809 1597 3867 idcirco
1627 3811 1855 3868 facilius
1878 3831 2141 3886 quosque

493 3891 761 3963 decipere
792 3897 1126 3965 potuerunt,
1160 3912 1411 3968 quorum
1434 3902 1657 3956 mentes
1677 3917 1844 3958 amor
1863 3902 1994 3958 ﬁdei
2014 3905 2142 3959 uni-

487 3979 736 4036 versalis
761 3980 960 4038 minus
991 3984 1356 4041 astrinxerat.
1388 3986 1493 4050 Qui
1525 4005 1640 4043 non
1685 3989 1874 4045 solum
1910 3991 1966 4046 in
2002 4009 2141 4064 prae-

483 4064 650 4124 dicta'
672 4070 840 4138 urbe,
869 4071 972 4126 sed
1005 4073 1181 4128 etiam
1210 4074 1267 4128 in
1298 4076 1507 4130 vicinis
1539 4077 1784 4133 urbibus
1814 4079 2138 4154 malignum

487 4158 704 4231 dogma
757 4175 1034 4231 spargere
1073 4161 1400 4232 tentabant,
1431 4164 1571 4219 dum
1623 4167 1936 4238 quemdam
1985 4186 2140 4226 sanm

476 4245 706 4302 mentis
730 4245 788 4301 in
813 4247 1314 4322 Rothomagorum
1349 4252 1577 4309 civitate
1607 4256 2008 4328 presbyterum
2043 4275 2140 4314 cu-

477 4333 707 4404 pientes
731 4352 849 4390 suee
869 4341 1198 4393 consortem
1223 4340 1410 4396 facere
1430 4343 1698 4409 vesania),
1715 4343 2137 4418 missislegatis

471 4421 574 4492 qui
617 4422 669 4476 ei
719 4439 892 4479 omne
939 4431 1226 4482 secretum
1284 4428 1463 4500 hujus
1523 4431 1780 4503 perversi
1836 4435 2134 4508 dogmatis

2184 1800 2232 1864 B

2268 518 2623 588 perscrutari
2683 520 2782 591 qui
2839 526 3038 576 essent
3106 528 3359 579 auctores
3408 524 3563 596 hujus
3609 535 3802 602 perversi

2262 606 2676 677 dogmatis,vel
2710 609 2810 680 qui
2845 609 2996 682 parti
3028 609 3258 666 illorum
3278 611 3395 681 jam
3411 614 3602 688 decepti
3627 636 3805 676 consen-

2261 694 2460 750 tirent.
2498 697 2673 752 Facta
2705 698 2884 769 igitur
2932 700 3385 770 perscrutatione
3435 702 3566 759 inter
3609 706 3808 776 clericos,

2263 785 2558 854 quomodo
2594 786 3004 859 unusquisque
3046 788 3285 844 sentiret
3312 794 3366 844 et
3393 793 3620 849 crederet
3642 812 3694 850 ea
3717 815 3809 868 qua

2263 872 2408 926 ﬁdes
2420 874 2708 930 catholica
2721 893 2825 947 per
2844 876 3169 932 doctrinam
3192 879 3542 950 apostolicam
3563 883 3812 941 incommu-

2261 961 2518 1016 tabiliter
2529 969 2720 1019 servat
2735 965 3189 1036 etpraedicat,i11i
3205 967 3237 1021 d
3248 968 3766 1035 uo,videlicetLisoius
3775 980 3814 1030 et

2261 1049 2620 1119 Heribertus,
2638 1052 2836 1108 statim
2852 1070 2914 1109 se
2927 1052 3094 1109 aliter
3105 1056 3316 1111 sentire
3327 1073 3432 1112 non
3446 1063 3698 1130 negantes,
3709 1078 3814 1132 qua-

2261 1138 2348 1194 les
2361 1140 2394 1193 d
2407 1139 2417 1192 i
2429 1157 2462 1194 u
2478 1139 3660 1208 latuerant,manifestaverunt.Deindevero
3671 1148 3816 1220 plures

2262 1233 2396 1300 post
2417 1227 2548 1284 illos
2572 1246 2633 1285 se
2653 1231 2803 1302 parti
2827 1229 3076 1287 istorum
3108 1233 3516 1304 proﬁtebantur
3541 1235 3813 1302 haerere,uec

2261 1315 2382 1371 ulla
2413 1318 2634 1374 ratione
2665 1336 2727 1375 se
2756 1337 2928 1391 posse
2962 1321 3337 1377 afﬁrmabant
3351 1323 3420 1377 ab
3451 1322 3654 1380 illorum
3680 1341 3819 1398 segre-

2262 1419 2397 1476 gare
2429 1407 2742 1462 consortio.
2777 1409 2999 1474 Quibus
3043 1410 3374 1482 compertis,
3405 1415 3516 1466 tam
3567 1429 3648 1468 rex
3686 1431 3818 1485 quam

2261 1494 2566 1564 pontiﬁces
2623 1495 2909 1552 tristiores
2963 1497 3154 1554 etl'ecti
3222 1498 3687 1572 interrogaverunt
3726 1501 3824 1556 illos

2263 1584 2564 1650 secretius,
2600 1589 2799 1657 utpote
2851 1586 3006 1642 viros
3062 1587 3349 1644 hactenus
3379 1587 3434 1643 in
3463 1589 3608 1644 omni
3648 1607 3821 1644 morum

2262 1671 2549 1743 probitate
2588 1673 3062 1745 perutilissimos,
3094 1692 3346 1747 quorum
3392 1694 3538 1733 unus
3581 1676 3828 1733 Lisoiusiu

2265 1761 2618 1817 monasterio
2663 1767 2875 1819 sanctae
2907 1764 3108 1820 Crucis
3151 1765 3492 1822 clericorum
3518 1765 3828 1822 charissimus

2265 1847 2628 1919 habebatur;
2689 1852 2837 1908 alter
2890 1852 3044 1909 idem
3105 1854 3442 1912 Heribertus
3514 1854 3678 1911 sancti
3717 1855 3832 1910 Petri

2265 1937 2538 2007 ecclesiae,
2593 1946 2977 2012 cognomento
3035 1942 3341 2011 Puellaris,
3399 1943 3626 2016 capitale
3672 1942 3830 1998 schola

2263 2028 2498 2083 tenebat
2518 2029 2865 2084 dominium.
2889 2030 2994 2095 Qui
3028 2031 3168 2087 dum
3204 2032 3538 2106 interrogati
3566 2032 3788 2098 fuissent,
3811 2047 3835 2084 a

2264 2132 2380 2187 quo
2401 2116 2486 2171 vel
2512 2119 2667 2174 unde
2687 2120 2770 2174 eis
2793 2119 2905 2175 ista
2935 2121 3318 2193 praesumptio
3348 2122 3653 2187 accidisset,
3675 2121 3834 2190 hujus-

2264 2205 2418 2260 modi
2442 2206 2728 2262 dederunt
2749 2225 3125 2278 responsum:
3161 2233 3189 2260 ‹‹
3216 2210 3336 2265 Hoc
3359 2210 3514 2265 enim
3529 2209 3620 2265 diu
3634 2207 3835 2280 estquod

2262 2299 2687 2366 sectam,quam
2700 2314 2800 2352 vos
2815 2299 2942 2368 jam
2957 2299 3121 2353 tarde
3131 2297 3836 2372 agnoscitis,amplectimur.

2262 2384 2363 2438 sed
2397 2389 2515 2439 tam
2548 2402 2650 2441 vos
2681 2403 2859 2458 quam
2892 2392 3129 2443 caeteros
3180 2388 3585 2460 cujuscunque
3626 2386 3748 2459 legis
3777 2383 3841 2439 vel

2260 2472 2482 2528 ordinis
2508 2473 2564 2528 in
2599 2491 2728 2529 eam
2761 2476 2967 2531 cadere
3005 2478 3516 2548 exspectavimus;
3547 2477 3682 2549 quod
3709 2475 3841 2530 etiam

2259 2560 2451 2616 adhuc
2481 2563 2600 2618 fore
2622 2563 2934 2621 credimus.
2972 2586 2998 2614 »
3033 2565 3134 2620 His
3165 2566 3364 2634 dictis,
3399 2566 3660 2622 continuo
3697 2563 3843 2635 palam

2257 2655 2651 2722 exposuerunt
2689 2653 2955 2708 omnium
2990 2654 3378 2724 antiquarum
3411 2653 3779 2710 stultissimam
3801 2666 3847 2704 ac

2258 2738 2645 2796 miserrimam
2657 2759 2808 2807 ,nem
2816 2760 2885 2814 pe
2898 2743 2989 2798 sui
3004 2743 3396 2816 deceptricem
3407 2741 3847 2810 ,haresemﬂujus

2256 2827 2524 2884 videlicet
2555 2830 2920 2886 ratiocinatio
2955 2835 3117 2888 tanto
3139 2832 3350 2889 minus
3380 2838 3507 2890 erat
3538 2831 3736 2887 idoneis
3760 2846 3849 2883 ser-

2258 2919 2534 2972 monibus
2559 2919 3026 2992 obnixa,quanto
3051 2927 3290 2978 constat
3319 2938 3452 2978 esse
3473 2920 3553 2976 illi
3576 2925 3657 2976 ter
3673 2913 3850 2973 veritati

2255 3006 2628 3063 contrariam.
2663 3008 2944 3064 Dicebant
2974 3025 3110 3082 ergo
3140 3010 3539 3067 deliramenta
3566 3025 3698 3072 esse,
3726 3003 3853 3077 quid-

2256 3094 2394 3164 quid
2441 3093 2512 3150 -in
2555 3096 2731 3152 veteri
2779 3114 2846 3152 ac
2893 3115 3039 3154 novo
3087 3115 3322 3155 canone
3379 3098 3553 3155 certis
3601 3096 3761 3170 signis
3802 3108 3850 3147 ac

2258 3182 2541 3256 prodigiis
2571 3186 2982 3258 veteribusque
3011 3189 3404 3244 testatoribus
3422 3189 3494 3245 de
3515 3188 3659 3244 trina
3674 3198 3853 3255 unaque

2252 3271 2473 3327 Deitatc
2507 3274 2674 3328 beata
2704 3275 3014 3331 conﬁrmat
3045 3277 3398 3333 auctoritas.
3433 3277 3646 3333 Ccelum
3688 3272 3855 3346 pariter

2253 3376 2316 3414 ac
2344 3365 2579 3427 terram,
2613 3366 2679 3416 ut
2709 3362 3172 3436 conspiciuntur,
3207 3366 3448 3438 absque
3501 3370 3719 3422 auctore
3744 3357 3857 3416 initii

2252 3465 2483 3521 semper
2511 3450 2803 3506 exstitisse
2835 3455 3196 3510 asserebant.
3234 3457 3308 3510 Et
3341 3473 3478 3510 cum
3515 3453 3856 3510 universarum

2253 3537 2538 3593 hmresum
2572 3539 2951 3607 insanientes,
2985 3558 3201 3598 canum
3240 3561 3410 3600 more
3439 3544 3707 3599 latrantes
3723 3540 3863 3594 deter-

2251 3625 2484 3690 rima,in
2501 3627 2607 3682 hoc
2620 3632 2844 3684 tantum
2861 3629 3162 3702 Epicureis
3175 3639 3350 3688 erant
3373 3632 3653 3688 haereticis
3665 3626 3858 3691 similes,

2251 3715 2528 3785 quoniam
2552 3716 2916 3789 voluptatum
2944 3719 3184 3792 ﬂagitiis
3202 3722 3553 3786 credebant,
3568 3738 3675 3776 non
3691 3731 3861 3774 recom-

2249 3805 2482 3874 pensari
2531 3805 2771 3861 ultionis
2821 3807 3161 3864 vindictam.
3198 3809 3398 3865 Omne
3450 3809 3856 3866 Christianorum

2249 3908 2416 3963 opus,
2452 3892 2684 3964 pietatis
2714 3895 2998 3950 duntaxat
3026 3900 3083 3952 et
3103 3897 3564 3972 justitize,quod
3594 3895 3860 3954 aestimatur

2248 3979 2500 4051 pretium
2549 3983 3033 4040 remunerationis
3088 3991 3351 4052 aeternae,
3387 3987 3644 4043 laborem
3695 3998 3860 4054 super-

2249 4068 2368 4123 fluu
2381 4087 2432 4123 m
2450 4070 2794 4139 judicabant
2814 4089 2962 4126 esse.
2980 4077 3208 4129 Interea
3226 4074 3328 4131 his
3346 4068 3864 4148 aliisquequamplu-

2247 4157 2416 4213 rimis
2434 4158 3146 4232 insaniisimpudentcrab
3159 4162 3397 4219 eisdem
3413 4161 3864 4236 prolatis,defuere

2247 4246 2450 4302 ﬁdeles
2481 4251 2657 4320 atque
2691 4249 2879 4304 idonei
2913 4253 3094 4307 testes
3125 4252 3429 4322 veritatis,
3461 4252 3566 4326 qui
3605 4250 3715 4308 illis
3741 4245 3866 4306 sufﬁ-

2246 4335 2465 4390 cienter
2493 4353 2554 4391 se
2585 4335 2800 4392 vellent
2847 4342 2966 4392 tam
3016 4339 3250 4395 veritati
3309 4358 3498 4412 quam
3548 4339 3774 4413 propriae
3798 4351 3871 4389 ac-

2245 4424 2544 4495 quiescere
2570 4425 2767 4492 saluti,
2803 4428 3156 4499 respondere
3201 4430 3281 4484 de
3333 4431 3468 4487 suis
3523 4429 3684 4486 caecis
3733 4429 3872 4496 atque

470 4508 872 4581 explanantes,
924 4513 1219 4571 docerent.
1281 4517 1561 4574 Dicebant
1617 4537 1828 4594 nempe
1887 4525 2008 4580 fore
2066 4525 2120 4581 in
2152 4532 2203 4599 Ι)
2244 4513 2500 4570 erroneis
2531 4515 2954 4572 assertionibus
2983 4516 3272 4574 valerent-

469 4597 824 4670 proximum,
857 4599 918 4656 in
949 4600 1180 4658 illorum
1215 4603 1437 4660 scilicet
1465 4607 1682 4678 dogma
1708 4611 1915 4666 cadere
1944 4629 2123 4684 popu-

465 4685 590 4742 lum
624 4687 984 4745 universum.
1012 4691 1237 4754 Quibus
1266 4695 1603 4766 compertis,
1637 4698 1943 4770 presbyter
1965 4700 2127 4756 solli-

466 4776 579 4832 cite
601 4777 854 4849 perrexit
873 4778 947 4834 ad
967 4779 1537 4838 Christianissimum
1561 4785 1836 4842 comitem
1859 4789 2124 4859 ejusdem

467 4864 722 4922 civitatis
741 4866 1122 4936 Richardum,
1137 4870 1464 4942 exposuitei
1481 4889 1716 4929 omnem
1750 4876 1850 4941 rei,
1877 4881 1940 4931 ut
1961 4894 2125 4933 com-

466 4956 1133 5024 pererat,ordinem.Qui
1157 4958 1424 5015 videlicet
1445 4977 1641 5018 comes
1669 4965 1939 5034 protinus
1964 4967 2125 5022 misit

465 5039 730 5098 celeriter
749 5045 821 5098 ad
841 5062 1056 5116 regem,
1083 5046 1275 5118 palam
1297 5048 1346 5103 ei
1373 5048 1591 5105 faciens
1616 5050 2040 5110 clandestinam
2065 5056 2121 5111 in

464 5144 644 5200 regno
698 5133 929 5203 proprio
987 5134 1201 5192 Christi
1257 5137 1455 5192 ovium
1515 5142 1762 5210 pestem.
1796 5141 1870 5197 Ut
1925 5149 2120 5199 autem

463 5218 731 5288 cognovit
757 5235 874 5285 rex,
900 5221 1124 5279 scilicet
1149 5225 1460 5292 Robertus,
1487 5231 1551 5282 ut
1579 5233 1705 5284 erat
1735 5230 2114 5290 doctissimus

462 5321 528 5361 ac
549 5304 1108 5376 Christianissimus,
1132 5311 1318 5369 tristis
1339 5331 1405 5370 ac
1428 5330 1680 5370 mcerens
1705 5316 1952 5374 nimium
1977 5321 2112 5376 effe-

457 5396 611 5463 ctus,
627 5394 902 5466 quoniam
927 5401 982 5452 et
999 5398 1228 5454 ruinam
1253 5402 1450 5472 patriae
1472 5420 1533 5458 re
1552 5420 1687 5460 vera
1701 5409 1757 5460 et
1779 5407 2110 5464 animarum

457 5483 758 5538 metuebat
791 5485 1112 5546 interitum.
1147 5487 1361 5545 idcirco
1394 5493 1746 5564 quantocius
1783 5496 2112 5552 Aurelianis

453 5588 792 5644 properans,
828 5576 1156 5632 convocatis
1187 5577 1457 5650 plurimis
1483 5580 1773 5656 episcopis
1799 5588 1856 5641 et
1886 5586 2111 5643 abbati-

2300 4603 2409 4658 Sed
2440 4607 2497 4657 et
2526 4620 2632 4658 nos
2663 4621 2895 4676 quoque
2927 4607 3261 4662 secundum
3298 4608 3692 4682 exiguitatem
3724 4597 3872 4660 nostri

2234 4689 2590 4757 intellectus,
2613 4692 2726 4759 his,
2751 4711 2898 4765 quos
2922 4695 3421 4767 przenotavimus,
3447 4697 3678 4753 illorum
3699 4689 3874 4750 errori-

2235 4780 2345 4835 bus
2366 4779 2453 4834 vcl
2478 4797 2579 4852 per
2599 4797 2785 4852 pauca
2814 4783 3169 4854 respondere
3201 4785 3614 4842 decrevimus.
3639 4779 3873 4842 Primitus

2232 4873 2430 4924 tamen
2456 4869 2654 4925 ﬁdeles
2676 4869 2981 4926 hortamur
3002 4871 3323 4930 universos
3348 4875 3665 4931 utinterim
3685 4874 3873 4928 mentes

2233 4957 2465 5013 illorum
2492 4959 2839 5030 praesagium
2868 4965 3098 5016 serenet
3123 4962 3434 5032 Apostoli,
3455 4964 3558 5036 qui
3591 4960 3873 5036 praevidens

2230 5045 2289 5100 in
2323 5047 2578 5101 futuram
2610 5047 2950 5117 hujusmodi
2984 5048 3286 5106 cautelam
3321 5053 3551 5109 intulit.
3577 5049 3872 5124 0pcrlet,in-

2230 5134 2375 5206 quit.
2392 5135 2622 5191 haereses
2643 5145 2838 5203 essc,ut
2861 5139 3092 5209 ξίφη-ἰείη
3103 5139 3212 5210 ﬁde
3225 5151 3369 5196 sunt
3387 5139 3771 5212 probenturJn
3784 5136 3873 5191 hoc

2223 5223 3028 5295 igiturpermaximeistorum
3045 5226 3408 5298 insipientia
3425 5227 3873 5304 deprehenditur.

2223 5317 2396 5384 atque
2429 5313 2537 5385 ipsi
2580 5315 2738 5368 omni
2773 5315 3016 5371 scientia
3048 5333 3113 5371 ac
3143 5316 3460 5388 sapientia
3491 5319 3657 5374 vacui
3690 5329 3873 5391 perno-

2221 5408 2632 5466 scuntur,cum
2658 5410 2871 5474 negent
2891 5409 3303 5461 creaturarum
3342 5414 3656 5464 auctorem
3686 5407 3880 5462 univer-

2221 5509 2443 5558 sarum,
2479 5491 2701 5547 scilicet
2754 5493 2958 5548 Deum.
3011 5494 3308 5559 Quoniam
3373 5498 3754 5552 manifestum
3806 5494 3878 5546 est

2220 5582 2374 5654 quod
2409 5598 2600 5648 omne,
2638 5588 3104 5656 quantacunque
3133 5581 3212 5639 sit
3248 5585 3442 5643 molis
3497 5587 3586 5645 vel
3620 5583 3884 5659 magnitu-
