4036 6172
466 384 470 390 1
519 285 640 352 663,
1391 299 1431 361 .'
1489 294 1834 358 RODULFI
1865 293 2150 358 GLABRI
2196 291 2553 359 MONACHI
2596 293 2964 358 GLUNIAC.
3729 300 3828 366 054

515 419 1080 495 principium.Cujus
1109 422 1285 481 etiam
1317 427 1438 482 tota
1467 425 1769 500 plenitudo
1801 443 1903 499 per
1941 425 2158 495 omnia,
2195 425 2258 496 AL
2279 425 2838 498 eriperent,minime
2867 423 3466 500 valuerunt,quoniam
3487 425 3680 487 vindice
3701 430 3833 490 ﬂm-

514 513 574 568 et
600 511 736 568 finis
764 512 1164 571 omnium.Sed
1193 532 1327 571 cum
1357 515 1482 588 ipse
1511 516 1896 589 Omnipotens
1929 517 1986 572 in
2019 524 2164 588 Quoo
2278 532 2375 571 ma
2421 520 2801 574 consumente
2845 515 2997 584 illos,
3032 517 3303 573 continuo
3340 517 3397 572 in
3426 517 3682 590 pulverem
3725 528 3836 577 sunt

516 599 655 658 dam
685 606 1084 660 creaturarum
1116 604 1602 672 medio,videlicet
1625 605 1685 660 in
1711 605 1968 672 homine,
1993 622 2162 662 suam
2276 605 2516 660 redacti.
2536 605 2592 659 Si
2626 605 2725 678 qui
2755 621 2890 660 vero
2921 605 3296 677 postmodum
3328 606 3493 677 hujus
3517 609 3836 678 perversiiatis

517 690 900 763 expressisset
929 692 1560 768 imaginem,illumque
1585 695 1819 768 preprio
1842 695 2167 751 dimisisset
2277 697 2594 750 sectatores
2626 694 2864 750 fuerunt
2897 695 3131 767 reperti.
3169 694 3345 752 simili
3386 695 3604 751 ultionis
3635 695 3836 753 vindicta

519 779 778 849 arbitrio,
816 780 1170 855 insuperque
1192 784 1391 839 omnia
1420 785 1625 840 mundi
1657 784 1878 857 optima
1907 783 2067 841 illius
2087 784 2166 840 di-
2279 782 2496 854 ubique
2527 783 2762 838 fuerunt
2794 783 3322 856 perditiPraaterea
3350 783 3660 839 venerabilis
3683 785 3836 839 catho-

519 867 662 926 tio'ni
694 869 1074 939 subdidisset,
1125 871 1384 944 neglecto
1440 873 1684 946 propriae
1729 874 2170 930 constitutionis
2277 870 2400 926 lica:
2434 870 2566 926 fidei
2597 870 2809 937 cultus,
2845 871 3160 943 exstirpata
3193 870 3587 932 insanientium
3614 870 3838 942 pessimo-

523 958 940 1027 moderamine,
974 976 1041 1016 ac
1074 960 1208 1033 plus
1227 961 1531 1034 quidpiam
1550 961 1638 1018 vel
1669 962 1826 1018 aliud
1859 980 2034 1036 quam
2069 981 2171 1019 au-
2282 976 2412 1015 rum
2444 959 2696 1028 vesania,
2731 959 2946 1032 ubique
2978 965 3266 1016 terrarum
3298 959 3497 1016 clarior
3514 959 3732 1015 emicuit.

523 1047 700 1104 cteris
730 1048 1001 1106 voluntas
1047 1049 1218 1108 illum
1269 1052 1602 1108 decreverat
1651 1059 1779 1108 sese
1826 1052 2171 1108 existimans
2925 1048 3155 1106 CAPUT
3195 1049 3284 1106 IX.

527 1137 672 1208 fore,
701 1137 976 1194 continuo
1025 1143 1187 1195 tanto
1238 1140 1490 1197 deterior
1517 1146 1608 1196 est
1657 1142 1918 1208 effectus,
1952 1147 2172 1213 quanto
2743 1142 2814 1196 De
2838 1139 2974 1210 ﬁliis
3003 1141 3144 1209 regis
3172 1139 3422 1211 ejusdem.

527 1226 1048 1299 prmumpﬁorAd
1081 1231 1252 1301 cuius
1283 1231 1566 1301 potiorem
1597 1229 1773 1285 etiam
1807 1231 2172 1287 reformatio«
2353 1226 2621 1298 Suscepit
2687 1227 2866 1300 igitur
2930 1228 3204 1298 praefatus
3260 1243 3359 1283 rex
3404 1228 3470 1283 de
3525 1226 3846 1298 suprascripta

529 1331 663 1372 nem
696 1316 853 1373 idem
867 1318 1140 1374 Conditor
1162 1336 1472 1390 personam
1489 1318 1593 1374 ﬁlii
1617 1337 1734 1374 suae
1748 1320 1992 1375 Deitatis
2015 1320 2177 1376 misit
2282 1317 2528 1388 conjuge
2577 1333 2684 1372 sua
2733 1316 2883 1372 filios
2930 1321 3203 1389 quatuor,
3231 1316 3608 1388 providusque
3635 1315 3695 1370 de
3723 1315 3847 1387 regni

527 1404 587 1461 in
620 1407 931 1475 mundum,
965 1407 1058 1464 sui
1108 1409 1540 1480 praeformatam
1571 1426 1803 1464 sumere
1836 1409 2173 1483 imaginem.
2284 1406 2768 1478 successu,elegit
2798 1421 3040 1479 regnare
3075 1411 3208 1478 post
3229 1423 3291 1462 se
3319 1404 3541 1460 illorum
3571 1403 3844 1477 primogeni-

527 1495 663 1558 Onae
693 1494 917 1551 scilicet
945 1502 1164 1568 quanto
1196 1496 1392 1554 utilior
1423 1515 1490 1554 ac
1519 1499 2004 1569 decentior,tanto
2034 1501 2173 1555 sub-
2283 1498 2409 1550 tum
2442 1495 2742 1566 Hugonem
2775 1495 3031 1564 nomine,
3067 1511 3315 1567 puerum
3348 1493 3548 1559 adhuc,
3579 1491 3849 1548 clarissima

528 1582 689 1639 tilior
717 1601 783 1640 ac
813 1585 1344 1650 mirabilior.0uam
1376 1587 1550 1643 etiam
1583 1587 1844 1660 plerique
1869 1589 2176 1645 hominum
2282 1583 2499 1639 indolis
2532 1583 2839 1640 illustrem.
2873 1584 3141 1656 Cumque
3171 1585 3243 1639 de
3275 1583 3457 1655 ipsius
3487 1581 3732 1638 sacrando
3752 1580 3852 1636 sub-

531 1689 648 1729 non
677 1673 956 1741 valentes,
980 1689 1082 1732 seu
1122 1675 1320 1732 minus
1349 1676 1604 1733 volentes
1636 1679 1980 1743 credere,vel
2013 1696 2175 1734 ama-
2285 1672 2448 1728 iimio
2489 1672 2766 1745 primates
2821 1673 2981 1745 regni
3043 1673 3372 1746 sagaciores
3423 1669 3744 1735 contulisset.
3769 1668 3850 1724 We

532 1777 615 1828 re,
647 1765 712 1818 ut
741 1763 826 1819 sic
855 1764 1092 1820 tandem
1149 1765 1209 1820 in
1242 1764 1340 1820 illa
1370 1781 1486 1821 suae
1517 1765 1726 1821 salutis
1759 1767 2176 1823 sufficientiam
2214 1799 2263 1864 Β
2293 1762 2344 1818 ei
2377 1763 2586 1818 dedere
2616 1779 2965 1834 responsum
2993 1778 3004 1816 :
3043 1785 3068 1812 ‹‹
3104 1762 3240 1818 Sine
3274 1777 3530 1834 puerum,
3563 1776 3666 1826 τοι,
3693 1758 3733 1813 εί
3763 1757 3851 1829 Ρ¹³·

531 1852 863 1925 potuissent
890 1852 1245 1910 intellectam
1278 1854 1567 1927 reperire;
1597 1855 1906 1928 potiusque
1933 1857 2182 1913 diversis
2219 1845 2263 1864 υ
2293 1855 2402 1918 cet,
2435 1852 2747 1906 crescendo
2791 1852 3099 1922 procedere
3142 1851 3199 1906 in
3231 1849 3426 1906 viriles
3455 1866 3643 1913 annos.
3671 1863 3746 1914 De.
3770 1845 3851 1901 νεὶ·

532 1941 798 2013 impliciti
822 1943 1118 1998 erroribus
1148 1948 1308 1998 tanto
1339 1944 1689 2000 exstiterunt
1709 1945 1966 2001 veritatis
2000 1946 2183 2002 rebel-
2296 1940 2378 1995 uti
2425 1940 2495 1995 de
2531 1945 2586 1995 te
2641 1945 2872 2012 gestum
2903 1945 3014 2005 est,
3049 1941 3193 1995 tanti
3230 1939 3394 2012 regni
3427 1938 3638 2011 pondus
3666 1936 3853 1991 infirma

537 2028 875 2102 les,.quanto
907 2031 1234 2103 probantur
1276 2031 1437 2090 illius
1494 2034 1844 2106 cognitionis
1897 2040 2182 2108 expertes.
2293 2029 2630 2086 committas
2671 2029 2847 2084 «Stati.
2881 2050 2908 2078 η
2942 2030 3079 2085 Erat
3127 2033 3328 2084 autem
3384 2028 3530 2084 idem
3575 2041 3699 2099 PUOI‘
3724 2025 3854 2080 ῖθτῐηθ

538 2118 620 2175 De
647 2124 900 2190 quorum
932 2120 1133 2192 procul
1185 2121 1364 2178 dubio
1395 2126 1549 2178 sorte
1589 2127 1728 2178 sunt
1757 2124 2038 2180 universae
2069 2125 2184 2180 hae-
2295 2119 2589 2174 decennis.
2621 2117 2727 2182 Qui
2761 2118 3003 2174 minime
3036 2117 3274 2173 illorum
3315 2117 3667 2189 acquiescens
3713 2113 3853 2176 dictis,

537 2223 720 2274 roses,
751 2206 840 2264 vel
894 2225 1384 2283 quorumcunque
1428 2227 1693 2268 errorum
1740 2217 1910 2268 sectas
1953 2213 2012 2268 in
2062 2217 2184 2270 toto
2295 2213 2481 2262 matre
2541 2206 2832 2279 praecipue
2886 2207 3222 2280 instigante,
3275 2205 3428 2280 regio
3475 2205 3530 2260 in
3574 2201 3854 2274 Compendio

536 2299 825 2353 terrarum
857 2297 1014 2354 orbe.
1047 2297 1272 2362 Quibus
1317 2299 1540 2356 scilicet
1569 2302 1864 2370 omnibus,
1898 2302 2010 2359 nisi
2042 2321 2130 2359 cor

2295 2297 2536 2352 adscitis
2567 2296 2726 2369 regni
2750 2297 3132 2368 primoribus,
3166 2311 3464 2362 coronam,
3499 2298 3558 2350 ut
3583 2293 3857 2355 decreverat,

533 2385 685 2440 versi
712 2389 1039 2457 sequantur
1083 2387 1288 2443 Jesum
1336 2391 1501 2460 gesta
1548 2389 1928 2460 plenitudine,
1973 2392 2184 2448 melius
2292 2402 2360 2440 ex
2382 2402 2542 2441 more
2579 2402 2613 2440 ει
2643 2385 3018 2457 pontificibus
3049 2385 3181 2441 fecit
3214 2403 3396 2458 puero
3433 2382 3654 2456 imponi.
3685 2381 3735 2436 in
3761 2396 3856 2452 Ρτο·

535 2475 727 2530 fuerat
784 2489 901 2530 non
958 2473 1160 2532 fuisse.
1218 2478 1292 2532 At
1342 2494 1593 2549 quorum
1639 2495 1805 2536 mens
1855 2480 2028 2552 plena
2069 2483 2183 2538 ﬁde
2292 2491 2460 2531 cessu
2492 2491 2725 2546 quoque
2755 2475 3036 2546 temporis
3069 2491 3206 2530 cum
3229 2472 3858 2540 adolevisset,cernensse

536 2563 789 2619 amando
819 2567 876 2619 et
915 2563 1202 2621 credendo
1241 2564 1325 2620 illi
1378 2565 1652 2634 obedivit,
1700 2573 1861 2624 tanto
1915 2569 2185 2627 meliores
2295 2564 2377 2621 nil
2409 2564 2652 2619 dominii
2685 2564 2765 2619 rei
2798 2563 3109 2636 peculiaris
3126 2563 3562 2636 prmterviotum
3582 2565 3634 2616 et
3649 2558 3858 2614 vestitum

537 2668 607 2708 ex
632 2668 700 2708 eo
729 2652 914 2708 effecti
949 2656 1168 2725 quanto
1198 2654 1510 2725 perfectius
1542 2656 1912 2712 adhaeserunt
1945 2657 2052 2720 illi,
2085 2659 2184 2732 qui
2294 2669 2361 2709 ex
2392 2667 2589 2726 regno,
2618 2653 2774 2708 unde
2819 2657 3131 2708 coronatus
3179 2653 3392 2720 fuerat,
3426 2667 3587 2724 posse
3629 2645 3861 2708 mandare,

536 2744 628 2797 est
657 2739 890 2796 initium
921 2743 980 2797 et
1002 2741 1280 2814 perfectio
1327 2743 1508 2800 totius
1559 2745 1717 2800 boni.
1743 2746 1822 2801 Ex
1850 2746 1943 2803 his
1975 2764 2186 2821 nempe
2293 2741 2466 2815 cmpit
2495 2743 2666 2798 corde
2693 2742 2914 2799 tristari
2943 2747 3118 2814 atque
3145 2742 3307 2815 apud
3335 2746 3550 2814 patrem
3579 2744 3637 2794 ut
3669 2741 3715 2792 et
3738 2733 3862 2806 quid-

537 2832 766 2886 constat
795 2833 918 2886 tota
945 2834 1281 2888 sanctorum
1314 2831 1628 2890 laudabilis
1653 2852 1908 2904 summa,
1932 2854 2182 2910 quorum
2294 2832 2452 2904 piam
2474 2831 2717 2888 dominii
2749 2831 3062 2904 largiretur
3089 2828 3564 2904 conqueri.000d
3591 2828 3702 2900 eius
3727 2828 3863 2880 mai"

535 2917 884 2976 venerabilis
941 2921 1228 2978 memoria
1282 2921 1556 2980 universa
1612 2924 1958 2982 saeculorum
2015 2932 2186 2984 ornat
2293 2921 2902 2992 comperiensmterat
2927 2919 3279 2977 avarissima
3310 2918 3607 2991 maritique
3627 2913 3860 2984 magistra,

539 3009 1058 3082 tempora.0uibus
1079 3010 1257 3068 etiam
1279 3012 1480 3068 datum
1506 3016 1594 3068 est
1615 3030 1746 3069 cum
1778 3015 2182 3072 universorum
2293 3011 2416 3065 fieri
2451 3009 2726 3073 renitens,
2760 3010 3000 3081 insuper
3028 3009 3312 3066 conviciis
3343 3025 3409 3066 ac
3440 3003 3731 3064 maledictis
3747 3002 3864 3074 juve-

535 3098 804 3156 Creatore
831 3103 1085 3171 perenne
1115 3104 1172 3156 et
1215 3100 1461 3157 feliciter
1505 3118 1634 3158 esse
1662 3107 1721 3158 et
1756 3104 1964 3173 vivere,
1995 3103 2182 3160 illius—
2229 3170 2250 3173 A
2298 3115 2432 3154 nem
2481 3097 2824 3161 lacessebat.
2849 3100 2917 3154 Et
2966 3099 3121 3155 sicut
3167 3097 3414 3170 quidam
3461 3095 3536 3151 ait
3566 3111 3578 3150 :
3608 3093 3723 3150 Novi
3758 3092 3860 3155 ίηθε,

533 3195 651 3261 Qus
679 3170 913 3260 semper
954 3189 1271 3263 agnitionis
1314 3190 1537 3247 visione
1583 3192 1867 3250 beatiores
1898 3170 2036 3250 fore.
2069 3196 2184 3250 Nos
2215 3170 2259 3236 θ
2297 3191 2457 3244 nium
2501 3189 2821 3256 mulierum,
2853 3205 2979 3243 cum
3022 3188 3175 3255 velis,
3211 3189 3335 3260 ipsa
3383 3187 3548 3253 nolit;
3576 3187 3633 3240 ut
3671 3183 3712 3237 si
3748 3178 3862 3240 ηοιίέι

534 3279 718 3353 igitur
745 3279 984 3334 tandem
1035 3279 1350 3343 credimus,
1391 3283 1457 3334 ut
1514 3282 2039 3353 spoponderamus,
2091 3284 2182 3340 his
2289 3281 2470 3349 cupiet
2500 3279 2643 3333 ultro
2667 3296 2686 3331 :
2712 3294 2846 3332 nam
2879 3295 3006 3349 qua:
3039 3276 3318 3349 prius,ne
3349 3277 3498 3332 fastu
3531 3270 3675 3346 regni
3702 3269 3864 3325 care-mi

536 3367 742 3440 paucis
783 3366 1021 3424 illorum
1069 3369 1483 3425 damnatorum
1527 3369 1766 3426 insaniae
1826 3373 2184 3430 sufﬁcienter
2292 3366 2507 3438 aliquo,
2541 3366 2846 3439 ingruente
2873 3366 3065 3422 mariti
3098 3365 3424 3422 infortunio
3454 3367 3643 3421 contra
3664 3355 3863 3415 omnium

539 3457 935 3528 respondisse.
970 3456 1251 3513 Praeterea
1295 3475 1427 3514 cum
1473 3475 1508 3514 a
1537 3458 1807 3530 pluribus
1835 3463 1992 3518 omni
2023 3479 2184 3535 saga-
2291 3455 2415 3512 sola
2443 3457 2742 3512 decretum
2767 3454 3109 3511 sublimavit
3138 3457 3623 3527 puerum,postea
3641 3451 3864 3535 totoiuen-

533 3545 709 3602 citate
738 3545 1068 3601 laboratum
1112 3545 1337 3614 fuisset,
1368 3546 1618 3618 qualiter
1665 3549 1922 3621 deposita
1966 3531 2180 3610 mentis
2290 3545 2368 3601 iis
2399 3543 2552 3610 niSU,
2587 3561 2652 3600 ac
2683 3543 2731 3598 Si
2765 3543 2991 3600 hostem
3023 3543 3440 3617 alienigenam,
3471 3539 3718 3613 turpabat
3741 3531 3862 3588 illum

534 3634 782 3708 perfidia
828 3650 1028 3690 veram
1078 3641 1136 3690 et
1176 3635 1564 3692 universalem
1617 3639 1936 3710 reciperent
1982 3641 2176 3709 fidem,
2291 3634 2479 3690 verbis
2500 3639 2557 3689 et
2585 3633 2877 3706 operibus.
2914 3632 3014 3688 ille
3051 3649 3184 3688 vero
3233 3650 3482 3689 cernens
3511 3646 3570 3685 88
3595 3644 3696 3683 non
3737 3633 3859 3694 P0533

531 3726 708 3796 atque
737 3723 819 3778 illi
852 3722 1210 3780 omnimodis
1243 3740 1304 3780 se
1337 3723 1522 3781 facere
1552 3726 1922 3798 denegarent,
1957 3729 2177 3786 dictum
2287 3722 2511 3778 diutius
2543 3721 2682 3778 talia
2729 3721 3135 3794 aequanimiter
3170 3721 3442 3787 tolerare,
3467 3716 3674 3792 junctis
3717 3721 3862 3769 secum

533 3815 624 3868 est
647 3811 754 3880 eis,
788 3810 1072 3884 quoniam
1104 3811 1216 3868 nisi
1248 3811 1493 3869 celerius
1516 3814 1585 3869 ad
1621 3832 1823 3870 sanam
1857 3816 1988 3872 ﬁdei
2021 3835 2180 3874 men-
2289 3811 2585 3885 aliquibus
2614 3828 2731 3866 sua:
2762 3810 2947 3866 aetatis
2987 3810 3336 3882 juvenibus,
3364 3811 3529 3882 caapit
3565 3800 3786 3862 infestari
3821 3811 3863 3850 ac

530 3904 652 3956 tem
684 3899 945 3969 redeant,
981 3901 1138 3974 regis
1170 3902 1348 3973 jussu
1397 3905 1453 3958 et
1497 3902 1779 3959 universae
1825 3903 2012 3976 plebis
2043 3924 2176 3963 con-
2287 3903 2539 3975 diripere
2587 3903 2659 3959 ad
2714 3901 2948 3957 libitum
2998 3919 3091 3958 res
3122 3903 3482 3975 genitorum.
3515 3901 3713 3956 Tamen
3738 3885 3862 3963 paulo

526 4005 704 4046 sensu
737 3989 871 4062 igne
901 3995 1098 4046 essent
1121 3990 1390 4064 protinus
1406 3993 1818 4048 crematuri.At
1842 3993 1925 4048 illi
1946 3995 2096 4051 male
2118 3996 2176 4053 in
2288 3998 2418 4065 post
2449 3992 2548 4048 Dei
2581 3997 2729 4048 nutu
2765 3991 2819 4046 in
2857 4008 2920 4046 se
2947 4008 3238 4058 reversus,
3263 3993 3338 4048 ad
3365 3990 3646 4065 genitores
3671 3980 3862 4038 rediens,

525 4095 636 4134 sua
666 4079 873 4135 confisi
903 4079 1157 4146 vesania,
1189 4079 1276 4134 vel
1328 4081 1738 4152 pertimescere
1778 4099 1840 4137 se
1861 4066 2175 4154 jactantes,
2287 4081 2494 4137 humili
2527 4099 2626 4138 eos
2656 4081 3055 4137 satisfactione
3087 4081 3400 4137 benevolos
3421 4095 3555 4151 erga
3581 4091 3638 4133 se
3656 4065 3862 4128 reddidit.

525 4183 706 4240 seque
752 4184 1028 4224 evasuros
1064 4169 1135 4224 ab
1165 4168 1300 4242 igne
1331 4169 1543 4225 illaesos
1574 4171 2000 4242 promittentes,
2034 4174 2175 4246 quin
2287 4172 2450 4227 Tunc
2479 4171 2718 4225 domum
2753 4171 2824 4226 ab
2858 4171 3081 4225 eisdem
3132 4169 3390 4243 largitur
3418 4168 3522 4235 illi,
3555 4170 3616 4222 ut
3641 4159 3861 4246 optimo")

524 4239 722 4329 potius
751 4257 823 4313 ad
856 4256 1098 4314 meliora
1124 4239 1236 4313 sibi
1269 4239 1654 4315 suadentibus
1686 4239 2012 4332 spernendo
2042 4239 2174 4318 illu-
2285 4261 2528 4317 decebat
2557 4257 2766 4325 ﬁlium,
2788 4261 2890 4330 jus
2921 4259 3141 4330 ubique
3179 4239 3253 4314 ac
3298 4262 3558 4332 potestas
3605 4239 3861 4336 regni.

524 4343 1023 4402 debaut.Cernens
1056 4363 1288 4419 quoque
1319 4363 1417 4403 rex
1439 4352 1495 4403 et
1517 4347 1767 4404 universi
1793 4350 2172 4422 quiaderant,
2283 4348 2474 4422 qualis
2517 4353 2573 4404 et
2620 4352 2876 4420 quantus
2935 4348 3316 4420 postmodum
3373 4345 3606 4410 exstitit,
3654 4335 3862 4422 presenti

525 4435 727 4490 minus
757 4451 929 4507 posse
957 4433 1088 4491 illos
1121 4418 1372 4491 revocari
1404 4436 1477 4491 ab
1506 4436 1754 4504 insania,
1770 4418 2174 4509 jussitaceen¥
2283 4418 2431 4510 style
2463 4418 2666 4510 nequit
2685 4418 2981 4509 explicari.
3007 4439 3192 4503 Quam
3215 4435 3463 4492 humilis
3495 4451 3556 4490 ac
3585 4425 3750 4486 dulcis
3773 4418 3862 4475 elo.

521 4523 664 4579 dere
691 4539 806 4579 non
854 4523 1024 4597 longe
1068 4542 1102 4579 a
1132 4524 1364 4580 civitate
1393 4525 1589 4598 ignem
1623 4527 2076 4597 permaximum,
2111 4535 2174 4585 ut
2205 4542 2250 4607 Ῑ)
2280 4528 2441 4599 quio,
2476 4526 2626 4599 patri
2658 4542 2724 4580 ac
2754 4525 2924 4580 matri
2966 4525 3150 4582 servis
3197 4523 3577 4589 obedientior,
3601 4522 3862 4607 paupel‘liin

523 4610 614 4668 vel
664 4627 732 4668 eo
780 4612 922 4668 forte
964 4595 1154 4668 territi
1187 4631 1222 4668 a
1259 4631 1368 4670 sua
1397 4595 1761 4687 malignitate
1813 4595 2168 4674 desinerent.
2205 4595 2246 4607 υ
2283 4595 2693 4688 largus-dator,
2729 4613 3151 4671 monachorum
3181 4618 3240 4669 et
3267 4613 3604 4670 clericorum
3655 4595 3861 4660 conscia

524 4700 604 4757 Ad
639 4716 812 4774 quem
844 4715 978 4756 cum
1009 4701 1380 4768 ducerentur,
1397 4703 1598 4758 rabida
1630 4704 1818 4758 adacti
1851 4704 2172 4776 dementia,
2281 4711 2392 4773 tor,
2427 4721 2533 4759 nec
2574 4721 2688 4758 non
2730 4704 2884 4776 apud
2943 4706 3168 4778 patrem
3215 4706 3559 4758 cunctorum
3616 4691 3863 4780 rogaui‘i'm

517 4805 587 4848 se
617 4789 974 4847 omnimodis
1005 4789 1116 4848 hoc
1143 4790 1290 4847 velle
1319 4791 1761 4864 proclamabant
1781 4809 1845 4848 ac
1869 4810 1996 4850 sese
2018 4794 2171 4853 ultro
2280 4793 2662 4851 ﬁdelissimus
2689 4792 3260 4864 interventor,quam
3293 4784 3660 4847 afﬂuenterin
3678 4778 3856 4836 cum?“s

517 4879 805 4953 adignem
826 4879 1197 4936 trahentibus
1216 4879 1792 4945 inferebant.0uibus
1807 4883 1880 4937 ad
1894 4883 2170 4940 ultimum
2281 4883 2519 4956 optimis
2551 4881 2773 4949 melior,
2806 4881 2942 4954 quis
2971 4880 3123 4937 valet
3148 4881 3389 4952 exsequi
3425 4872 3665 4936 relator?
3691 4865 3858 4935 Hui“

519 4981 765 5026 numero
797 4971 865 5024 13
898 4969 1017 5044 igni
1052 4970 1440 5038 traditis,cum
1466 4971 1490 5041 j
1517 4987 1589 5024 ‘m
1624 4971 1937 5042 coepissent
1979 4974 2173 5031 acrius
2282 4972 2438 5028 modi
2471 4972 2628 5027 enim
2652 4971 2808 5026 fama
2829 4971 3045 5042 ubique
3070 4970 3501 5043 provinciarum
3526 4960 3758 5050 percitus
3773 4964 3864 5050 tit!"

515 5057 710 5124 aduri,
746 5043 1046 5131 cmperunt
1077 5076 1214 5115 voce
1247 5076 1364 5131 qua
1411 5063 1674 5131 poterant
1706 5076 1774 5115 ex
1803 5062 2003 5118 eodem
2037 5063 2170 5135 igne
2281 5063 2592 5134 optabatur
2615 5078 2648 5115 a
2680 5059 3208 5132 multis,praacipue
3237 5061 3312 5115 ab
3336 5055 3640 5121 ltalicis,ut
3666 5043 3762 5103 sibi
3787 5043 3863 5094 illl-

520 5144 774 5201 clamare
803 5164 866 5203 se
896 5150 1148 5218 pessime
1179 5150 1454 5221 deceptos
1502 5153 1623 5203 arte
1663 5149 1952 5206 diabolica
1983 5169 2169 5225 nuper
2275 5157 2522 5225 peraret,
2558 5151 2614 5204 in
2648 5149 2958 5221 imperium
2992 5147 3323 5204 sublimari.
3357 5148 3501 5204 Nam
3534 5146 3588 5198 et
3612 5155 3671 5194 ex
3698 5142 3860 5225 cogtie'

517 5232 591 5288 de
623 5232 1026 5292 universorum
1057 5236 1174 5292 Deo
1205 5253 1272 5292 ac
1320 5235 1566 5292 Domino
1615 5236 1767 5292 male
1807 5221 2083 5306 sensisse;
2111 5247 2167 5298 ct
2273 5221 2471 5296 incnto
2503 5237 2720 5311 proavi,
2757 5238 3003 5310 Magnus
3044 5237 3211 5311 Hugo
3266 5235 3566 5293 dicebatur
3603 5246 3634 5284 a
3659 5221 3858 5309 cunctis-

515 5322 594 5376 ob
623 5321 774 5377 hanc
807 5323 880 5378 ab
925 5323 1146 5380 eisdem
1200 5325 1416 5380 illatam
1451 5325 1498 5380 ei
1559 5325 1986 5397 blasphemiam
2033 5330 2164 5386 illos
2274 5330 2421 5384 Dum
2453 5328 2633 5399 igitur
2665 5325 3102 5397 incomparabili
3135 5325 3349 5382 mentis
3371 5320 3544 5379 simul
3567 5333 3628 5373 ac
3654 5316 3860 5378 corporis

515 5411 822 5484 temporali
857 5417 1030 5485 atque
1080 5418 1294 5470 (eterna
1325 5413 1546 5469 ultione
1577 5413 1856 5486 torqueri.
1899 5415 2000 5472 His
2030 5435 2161 5476 vero
2273 5420 2480 5474 decore
2513 5418 2761 5482 ﬂoreret,
2795 5415 3164 5486 exigentibus
3196 5413 3484 5484 mojorum
3537 5399 3764 5477 flagitiis,
3780 5405 3860 5486 te:

518 5475 716 5573 plures
747 5518 776 5556 e
807 5475 1327 5558 circumstantibus
1358 5501 1595 5568 auditis,
1629 5475 2014 5561 humanitatis
2050 5509 2163 5579 pie-
2273 5513 2443 5580 ponte
2495 5506 2662 5562 illum
2725 5475 3126 5560 morsuinvida
3170 5475 3387 5560 mundo
3443 5475 3733 5564 subriquit.
3775 5475 3859 5535 Sed

513 5594 635 5647 tate
666 5589 912 5663 permoti
945 5590 1306 5660 accedentes,
1340 5595 1406 5646 ut
1443 5590 1530 5646 vel
1579 5591 1887 5648 semivivos
1926 5594 1998 5649 ab
2029 5594 2162 5669 igne
2271 5597 2443 5669 quale
2467 5595 2767 5669 justitiam
2801 5593 3048 5666 contigit
3091 5590 3404 5660 universis,
3438 5585 3591 5646 nullo
3644 5580 3862 5638 εθτωοηο
