4036 6172
1097 306 1640 372 HISTORIARUM
1684 307 1892 372 LIBRI
1935 307 2313 381 QUINQUE.
2360 340 2426 353 —-
2481 305 2626 370 LIB.
2677 305 2781 370 ΠΙ.

3513 307 3635 375 666

235 438 382 496 valet
409 437 678 512 exprimi.
715 440 791 498 De
820 439 990 513 cujus
1017 439 1193 497 etiam
1223 442 1425 530 funere
1453 442 1879 515 subsequentes
1905 443 1960 512 Α
1989 458 2166 514 quam
2197 440 2363 497 civile
2395 441 2912 513 patratur.lnterea
2942 455 3078 530 eum
3107 454 3285 515 super
3297 438 3391 500 his
3405 458 3637 503 venera-

237 527 520 585 iambicos
552 533 790 603 rogatus
823 547 856 586 a
879 530 1156 586 fratribus
1185 527 1414 587 cecini:

297 659 650 731 Plasmator,
682 680 852 736 parce
883 663 1108 720 mmstis
1141 664 1560 733 mundialibus,

303 750 622 808 Succurrat
653 752 825 808 ﬂetus
855 753 1078 808 intimis
1104 753 1403 810 doloribus
1432 771 1444 808 :

304 837 514 894 Pascat
546 846 856 897 maerentes
889 841 1256 915 singulluum
1286 843 1560 915 gemitus,

305 927 642 984 Humanum
676 930 855 986 decus
884 931 1025 985 dum
1057 931 1207 1003 rapit
1237 931 1527 988 interitus.

307 1016 494 1073 Annis
524 1017 767 1073 ﬂorebat
795 1019 1015 1074 mundo
1048 1019 1422 1089 juvenilibus,

309 1106 421 1160 Ter
448 1106 618 1162 denis
651 1107 848 1162 minus
877 1113 1203 1164 excreverat
1232 1109 1484 1176 duobus,

311 1197 641 1267 Regnorum
675 1194 871 1251 lumen
901 1196 1086 1268 Hugo,
1120 1214 1364 1270 regnum
1400 1197 1711 1253 maximus.

313 1285 495 1348 Quem
530 1300 641 1338 nox
671 1283 903 1340 funesta
932 1285 1137 1340 invidit
1166 1286 1527 1342 hominibus.

312 1371 432 1427 Non
466 1371 616 1427 alter
645 1377 844 1428 nostro
875 1373 1006 1428 talis
1033 1375 1243 1430 emicat
1267 1392 1404 1444 mvo,

313 1460 528 1534 Regnis
561 1466 881 1533 spectatus,
914 1462 1173 1517 adscitus
1205 1463 1468 1536 imperio.

313 1549 605 1604 Bellorum
633 1554 794 1606 tanto
825 1550 1130 1606 decoretur
1159 1551 1478 1626 triumpho,

311 1637 524 1710 Vigore
548 1637 671 1710 pari
702 1637 889 1694 valeat
919 1655 1212 1712 corporeo.

311 1727 464 1790 Quos
497 1743 643 1799 gens
675 1728 1030 1784 FrancOrum
1060 1728 1287 1801 vigebat
1317 1729 1673 1797 laetabunda,

312 1815 589 1888 Fideique
622 1833 761 1889 pace
786 1821 907 1872 tota
937 1817 1112 1873 simul
1145 1819 1352 1875 Gallia.

317 1905 525 1961 Omnis
558 1921 731 1977 quem
765 1923 947 1978 prona
978 1907 1248 1979 poscebat
1281 1907 1465 1976 Italia,

314 1995 506 2050 Caesar
530 1999 596 2050 ut
618 1996 756 2067 jura
786 2001 1078 2068 promeret
1109 1995 1342 2069 regalia.

315 2083 420 2139 Sed
457 2088 516 2139 te
549 2100 664 2137 non
693 2088 912 2148 nostra,
939 2085 1223 2156 juvenum
1251 2085 1663 2158 pulcherrime,

318 2172 434 2227 Heu
464 2173 476 2226 l
517 2171 662 2244 proh
695 2171 892 2228 dolor!
924 2178 1190 2246 tempora
1220 2192 1480 2231 meruere
1507 2194 1520 2244 ;

317 2259 542 2324 Quibus
571 2247 866 2316 inundant
897 2261 1185 2317 malorum
1220 2263 1490 2331 miseriae,

308 2349 478 2406 Vires
509 2349 801 2404 bonorum
831 2355 1112 2406 corruunt
1142 2351 1396 2408 assidue.

316 2439 399 2494 'l‘u
435 2435 610 2492 dolor
637 2437 861 2506 matris,
895 2439 1319 2512 calamitasque
1352 2441 1552 2513 patris,

314 2526 558 2584 Crudele
588 2525 766 2583 nimis
799 2529 1223 2585 monimentum
1255 2531 1552 2602 germanis
1589 2550 1600 2587 :

314 2616 526 2672 Maeror
553 2617 887 2673 communis
911 2617 1136 2673 cunctis
1171 2619 1226 2673 in
1261 2619 1512 2691 palatiis,

313 2705 740 2778 Justitiumque
772 2707 1121 2780 pepulorum
1153 2707 1396 2764 ultimis.

317 2795 508 2850 Leone
542 2813 762 2868 presso,
795 2795 955 2870 virgo
987 2797 1164 2853 solem
1195 2803 1444 2870 ceperat,

312 2885 437 2938 Tua
470 2902 606 2939 cum
638 2885 803 2941 dirus
835 2887 1100 2942 membra
1132 2885 1316 2959 pallor
1345 2893 1610 2962 occupat.

318 2973 498 3029 Denis
528 2972 735 3029 diebus
768 2980 920 3030 sorte
954 2976 1016 3030 lit
1038 2974 1134 3030 lux
1165 2976 1434 3049 septima,

321 3064 400 3118 Te
430 3063 582 3134 patri
616 3063 772 3119 fama
800 3063 1124 3136 perdidisse
1157 3066 1408 3121 nuntiat.

320 3153 450 3208 Jam
483 3153 854 3220 saeculorum,
887 3171 1077 3221 cerne,
1111 3158 1300 3210 rector
1329 3156 1567 3228 Optime,

260 3232 262 3234 ’
321 3241 565 3298 Gentem
595 3242 947 3297 Francorum
979 3242 1076 3315 qui
1111 3248 1272 3316 regat
1304 3245 1620 3314 tutissime,

321 3331 678 3402 llostemque
710 3349 926 3386 saevum
957 3331 1145 3388 valeat
1175 3332 1448 3404 repellere
1481 3350 1494 3389 :

316 3421 562 3476 Pactum
597 3420 811 3492 quietis
841 3420 926 3476 illi
957 3421 1032 3476 da
1061 3427 1374 3495 perpetuae.

252 3554 355 3620 Qui
384 3554 443 3609 in
477 3555 686 3610 eadem
727 3569 847 3625 qua
893 3555 1168 3627 primitus
1215 3560 1527 3612 coronatus
1576 3557 1764 3614 fuerat
1809 3577 1900 3616 ec-

245 3642 443 3710 etesia,
477 3644 632 3699 beati
685 3645 957 3716 martyris
1005 3643 1254 3700 Cornelii
1305 3645 1589 3712 videlicet,
1632 3648 1790 3720 regio
1839 3648 1899 3704 in

247 3731 610 3803 Compendio
638 3736 742 3787 est;
757 3732 1044 3804 sepultus.
1070 3733 1206 3789 Post
1233 3733 1403 3804 cujus
1450 3735 1676 3792 obitum
1729 3738 1903 3809 ccepit

246 3821 460 3877 iterum
495 3821 649 3877 idem
682 3837 782 3876 rex
813 3825 1084 3889 tractare,
1109 3821 1243 3894 quis
1272 3823 1647 3895 potissimum
1669 3841 1737 3881 ex
1759 3829 1901 3882 resi-

252 3911 378 3966 duis
401 3909 563 3965 ﬁlius
594 3913 728 3983 post
755 3927 816 3966 se
845 3926 1094 3983 regnare
1124 3911 1376 3967 deberet.
1391 3911 1783 3971 Constituerat
1797 3932 1899 3971 au-

249 4002 360 4056 tem
395 3999 727 4056 secundum
741 3999 1090 4072 Burgundiaa
1102 4000 1310 4056 ducem
1334 4001 1646 4058 Heuricum
1665 4005 1902 4062 nomine

245 4092 378 4160 post
408 4088 718 4160 Hugonem
747 4089 1294 4160 natum,ipsumque
1322 4089 1575 4144 decrevit
1597 4108 1702 4162 pro
1726 4093 1900 4150 fratre

245 4176 300 4232 in
330 4193 588 4250 regnum
618 4176 960 4233 sublimare.
995 4179 1107 4234 Sed
1135 4195 1372 4233 rursum
1404 4184 1590 4234 mater
1627 4180 1900 4237 muliebri

241 4266 624 4323 animositate
653 4267 896 4340 agitata,
927 4271 1049 4322 tam
1081 4284 1115 4322 a
1143 4271 1308 4338 patre
1338 4283 1517 4338 quam
1567 4285 1602 4324 a
1651 4271 1896 4339 caeteris,

239 4356 337 4429 qui
387 4355 544 4428 parti
592 4355 753 4411 illius
800 4356 1088 4424 favebant,
1138 4356 1435 4423 dissentit,
1467 4357 1712 4413 dicens:
1757 4361 1897 4415 Ter-

237 4445 394 4500 tium
405 4444 481 4500 ad
495 4444 658 4517 regni
673 4444 1050 4500 moderamen
1069 4445 1533 4518 praestantiorem
1551 4446 1673 4502 fore
1683 4447 1869 4504 filium
1878 4492 1896 4520 ,

1991 529 2164 586 bilem
2197 531 2425 586 Patrem
2448 529 2810 585 Willelmum
2842 529 3412 604 consuluisset,apud
3442 533 3638 589 Divio-

1991 619 2156 674 uensi
2190 620 2548 691 castro,quid
2581 636 2750 691 agere
2783 619 3054 686 deberet;
3089 636 3401 692 oransque,
3424 627 3489 678 ut
3515 627 3639 679 erat

1988 709 2077 765 vir
2107 709 2288 765 totius
2321 709 2793 764 mansuetudinis
2841 713 2898 764 et
2949 709 3202 780 pietatis,
3236 710 3487 782 qualiter
3517 717 3638 768 tam

1992 816 2094 870 pro
2125 816 2188 854 se
2218 815 2394 870 quam
2427 815 2529 870 pro
2561 797 2676 854 illis
2708 797 3020 853 Dominum
3051 799 3382 866 oraret,tale
3406 817 3641 872 respon-

1991 905 2120 944 sum
2154 889 2228 944 ab
2258 889 2460 943 eodem
2493 888 2776 959 suscepit:
2814 909 2840 936 ‹‹
2873 886 3208 942 Meminisse
3241 892 3356 953 te,o
3386 906 3643 954 re!,con-

1990 977 2149 1033 venit
2177 977 2527 1049 injuriarum
2553 975 3119 1048 opprobriorumque
3147 977 3292 1048 patri
3317 993 3382 1031 ac
3405 978 3577 1033 matri
3609 997 3642 1034 a

1992 1071 2047 1122 te
2076 1066 2370 1122 illatorum
2413 1066 2469 1120 in
2499 1070 2602 1120 tua
2636 1065 2961 1136 juventute,
2998 1064 3276 1136 quoniam
3324 1065 3466 1121 talia
3513 1067 3641 1133 tibi,

1983 1157 2148 1226 justo
2194 1156 2391 1226 judice
2439 1155 2554 1210 Deo
2588 1154 2978 1226 permittente,
3013 1170 3046 1208 a
3099 1153 3235 1209 filiis
3275 1154 3644 1226 ingeruntur,

1992 1244 2190 1317 qualia
2219 1249 2283 1299 tu
2314 1244 2438 1316 ipse
2467 1243 2830 1315 genitoribus
2863 1243 3215 1315 ingessisti.»
3241 1243 3369 1300 Haec
3400 1245 3644 1300 audiens

1993 1351 2091 1391 rex
2121 1332 2550 1406 patientissime
2581 1331 2936 1403 tulit;seque
2969 1330 3119 1386 ultro
3153 1331 3504 1403 culpabilem
3528 1333 3645 1390 cla-

1995 1439 2185 1491 mans,
2219 1439 2332 1476 non
2363 1421 2615 1494 negavit.
2652 1419 2871 1475 Deinde
2903 1424 3036 1491 post
3069 1419 3433 1476 obsidionem
3460 1439 3526 1477 ac
3548 1423 3649 1477 de-

1993 1511 2430 1584 populationem
2464 1510 2771 1580 utriusque
2818 1507 3146 1580 provinciae,
3184 1509 3252 1563 ad
3306 1526 3507 1582 pacem
3559 1527 3646 1566 re-

1995 1599 2567 1672 deuntes,paulisper
2587 1598 3124 1670 quieverunt.Anno
3138 1615 3370 1670 quoque
3382 1600 3648 1670 sequenti

1997 1706 2198 1745 mense
2225 1688 2384 1745 Julio
2419 1688 2708 1744 Robertus
2741 1705 2840 1742 rex
2882 1687 3036 1760 apud
3087 1691 3343 1742 castrum
3372 1687 3649 1744 .Meledu-

1927 1819 1974 1883 Β
2003 1795 2180 1835 nense
2205 1778 2361 1834 diem
2393 1777 2602 1833 clausit
2631 1780 2982 1843 extremum,
3002 1775 3382 1849 delatumque
3413 1781 3500 1832 est
3526 1795 3650 1834 cor-

2006 1886 2116 1941 pus
2147 1870 2276 1940 ejus
2307 1869 2379 1923 ad
2409 1867 2714 1922 ecclesiam
2747 1866 2932 1921 sancti
2970 1866 3226 1938 Dionysii
3259 1867 3552 1939 martyris,
3587 1884 3651 1922 ac

2004 1958 2064 2014 in
2093 1960 2292 2014 eadem
2326 1956 2644 2030 sepultum.
2676 1956 2838 2011 Tunc
2871 1973 3077 2011 rursus
3107 1955 3294 2010 oritur
3340 1956 3491 2012 inter
3527 1973 3649 2012 ma-

2004 2052 2151 2104 trem
2185 2052 2242 2102 et
2270 2045 2423 2102 filios
2448 2045 2701 2100 rediviva
2728 2043 3030 2100 discordia;
3062 2043 3477 2110 crudelitas,ac
3507 2063 3650 2117 pra:-

2003 2137 2308 2193 teritarum
2340 2135 2558 2190 irarum
2592 2134 2755 2190 frena
2780 2133 2975 2188 laxant
3005 2133 3320 2189 inveterata
3355 2133 3506 2188 odia.
3541 2135 3652 2190 Diu

2005 2225 2378 2297 multumque
2402 2224 2682 2280 vastando
2706 2239 2798 2278 res
2814 2223 3078 2294 proprias
3100 2223 3524 2277 debacchatum
3540 2229 3650 2290 est,

2005 2316 2188 2370 donec
2237 2313 2408 2368 Fulco
2455 2313 2899 2383 Andegavorum
2953 2327 3167 2379 comes,
3215 2316 3499 2384 cognatus
3529 2313 3650 2384 [al.,

2006 2403 2349 2473 avunculus]
2396 2401 2620 2458 scilicet
2665 2400 2950 2473 ipsorum,
3000 2406 3248 2455 matrem
3298 2400 3652 2472 redarguens

2005 2509 2110 2548 cur
2138 2490 2439 2547 bestialem
2452 2490 2753 2546 vesaniam
2785 2506 2922 2561 erga
2951 2489 3101 2544 ﬁlios
3117 2493 3656 2556 exerceret,utrum-

2006 2599 2120 2654 que
2149 2584 2448 2653 parentem
2486 2578 2546 2634 in
2603 2594 2806 2651 pacem
2860 2578 3180 2633 reduceret.
3215 2577 3492 2650 Sequenti
3522 2595 3655 2635 vero

2007 2687 2158 2726 anno
2189 2671 2393 2726 eodem
2424 2684 2645 2732 mense,
2666 2672 2839 2739 atque
2869 2666 2926 2721 in
2960 2667 3164 2724 eodem
3195 2671 3384 2724 castro
3417 2685 3531 2738 quo
3558 2685 3655 2723 rex

2005 2760 2230 2816 obierat
2258 2765 2316 2814 et
2343 2757 2472 2830 ipsa
2501 2756 2663 2824 obiit,
2698 2756 2948 2828 indeque
2979 2760 3206 2828 portata
3246 2760 3335 2810 est
3365 2757 3437 2810 ad
3469 2757 3655 2812 sancti

2006 2847 2264 2921 Dionysii
2297 2844 2622 2913 basilicam,
2655 2862 2720 2899 ac
2743 2846 2914 2916 juxta
2944 2861 3138 2917 regem
3171 2845 3420 2916 sepulta.
3453 2844 3655 2901 Henri-

2007 2955 2112 2992 cus
2139 2953 2348 3007 nempe
2391 2951 2509 3000 rex,
2543 2934 2802 3006 paternis
2834 2935 3006 2988 rebus
3037 2933 3276 3004 potitus,
3310 2951 3655 3005 germanum

2008 3044 2184 3083 suum
2218 3025 2534 3080 Robertum
2567 3022 2869 3078 constituit
2898 3022 3246 3093 Burgundize
3277 3022 3660 3079 ducem.Pree-

2010 3119 2167 3172 terea
2197 3131 2331 3170 cum
2361 3112 2516 3168 idem
2549 3129 2647 3167 rex
2692 3110 3113 3182 rempublicam
3159 3109 3337 3164 vivaci
3380 3116 3574 3166 mente
3603 3117 3660 3167 et

2010 3204 2146 3273 agili
2178 3219 2418 3274 corpore
2449 3201 2611 3273 regni
2644 3200 2734 3256 sui
2768 3200 3101 3266 discuteret,
3139 3203 3278 3254 tunc
3319 3200 3563 3274 contigit
3595 3204 3660 3256 ut

2011 3293 2339 3350 Leolericus
2369 3293 2666 3347 Senonum
2715 3287 3091 3361 archipraesul
3141 3289 3346 3344 obiret.
3380 3288 3479 3345 Ille
3525 3307 3657 3346 vero

2010 3399 2195 3438 unum
2227 3382 2298 3437 de
2327 3398 2445 3436 suae
2468 3377 2704 3452 gentilis
2722 3377 3660 3434 nobilibusconsecrarimandavit

2009 3477 2187 3543 atque
2219 3472 2276 3526 in
2303 3472 2430 3541 ejus
2459 3469 2586 3525 loco
2618 3465 2946 3540 subrogari.
2981 3467 3092 3523 Sed
3119 3467 3238 3522 Odo
3268 3483 3463 3522 rerum
3495 3467 3660 3522 ditis-

2010 3560 2361 3628 simus,licet
2390 3559 2503 3613 fide
2533 3574 2772 3629 pauper,
2799 3556 3048 3612 alterum
3080 3561 3318 3612 econtra
3347 3555 3656 3628 delegerat,

2009 3667 2082 3706 ne
2102 3651 2205 3721 jus
2238 3647 2464 3721 regium
2494 3645 2683 3702 hacin
2708 3650 2870 3718 parte
2892 3644 3039 3700 foret
3063 3645 3374 3718 integrum.
3394 3646 3538 3700 Nam
3558 3645 3658 3717 qui

2008 3739 2217 3795 viventi
2250 3737 2400 3810 patri
2432 3737 2679 3791 Roberto
2711 3733 2896 3790 multa
2924 3739 3044 3790 tam
3063 3733 3117 3788 vi
3147 3751 3325 3806 quam
3343 3734 3658 3790 calliditate

2010 3827 2414 3899 subripuerat;
2449 3829 2572 3880 arte
2603 3823 2781 3879 simili
2814 3822 2952 3878 [iliis
2983 3823 3171 3879 facere
3202 3823 3492 3895 cupiebat.
3511 3823 3655 3879 Cum

2009 3916 2168 3972 enim
2200 3915 2474 3987 primitus
2503 3913 2784 3979 civitates,
2804 3913 3118 3968 Trecorum
3149 3912 3414 3969 videlicet
3433 3930 3498 3968 ac
3516 3911 3658 3968 Mel-

2009 4006 2381 4072 dorum,cum
2415 4001 2838 4074 multiplicibus
2870 4001 3099 4067 castris,
3121 4000 3204 4055 illi
3238 4002 3654 4073 praeripuisset,

2008 4099 2141 4167 post
2171 4097 2414 4148 mortem
2449 4093 2577 4162 ejns
2608 4090 2918 4161 conjugiet
2948 4088 3086 4144 ﬁliis
3117 4088 3275 4144 illius
3307 4089 3655 4144 Senonicam

2007 4183 2303 4253 subripuit
2332 4181 2556 4246 urbem,
2592 4195 2770 4250 quam
2803 4177 2980 4233 etiam
3012 4181 3153 4232 tunc
3206 4178 3486 4232 adversus
3525 4176 3655 4232 illos

2006 4271 2246 4327 infamis
2263 4285 2565 4342 possessor
2577 4267 3074 4330 vallaverat.Quod
3096 4282 3338 4322 cernens
3351 4266 3653 4332 Henricus,

2006 4375 2142 4416 acra
2171 4357 2352 4413 animi
2384 4355 2680 4412 ferocitate
2709 4355 2915 4410 tandiu
2951 4354 3118 4410 illum
3141 4353 3442 4410 insecutus
3464 4357 3657 4411 estde-

2006 4446 2300 4513 bellando,
2332 4460 2640 4518 quousque
2671 4460 2822 4517 genu
2866 4443 3104 4499 flectens
3147 4443 3197 4498 ei
3245 4460 3308 4499 se
3356 4444 3652 4514 subderet,

237 4535 346 4605 qui
379 4537 440 4590 et
471 4533 1156 4606 Robertipatrisnomine
1171 4534 1663 4591 censebatur.Hoc
1682 4537 1900 4610 quippe
1931 4555 1976 4620 ι)
2007 4538 2254 4608 ejusque
2280 4534 2484 4590 ditioni
2519 4533 2797 4590 obediens
2828 4536 3077 4604 pararet.
3112 4533 3249 4588 Erat
3280 4532 3437 4588 enim
3468 4532 3653 4589 isdem

235 4621 399 4678 inter
428 4623 640 4678 fratres
669 4621 1050 4680 seminarium
1081 4623 1385 4679 discordia
1406 4622 1896 4682 fuit.Coadunatis
2006 4626 2128 4682 Odo
2159 4629 2331 4682 natus
2362 4640 2432 4679 ex
2474 4623 2594 4678 lilia
2639 4622 2970 4678 Cbuonradi
3018 4621 3170 4696 regis
3217 4622 3654 4678 Austrasiorum

240 4711 502 4784 denique
551 4727 652 4767 rex
696 4711 1002 4784 metropoli
1061 4711 1260 4768 Remis
1305 4712 1471 4784 regni
1520 4712 1895 4784 primatibus,

233 4799 526 4856 stabilivit
554 4799 717 4873 regni
749 4816 982 4856 coronae-
1001 4801 1339 4866 Henricum,
1373 4816 1550 4873 quem
1580 4802 1890 4875 delegerat.

236 4889 410 4944 Tunc
436 4889 679 4944 demum
711 4893 843 4961 post
881 4887 1121 4961 aliquod
1172 4888 1452 4960 temporis
1499 4890 1780 4960 spatium,
1813 4892 1897 4948 illi

238 4976 358 5033 duo
387 4977 621 5046 fratres,
655 4977 887 5033 ﬁrmato
917 4976 1186 5033 amicitiai
1217 4978 1458 5044 fredore,
1491 4979 1779 5052 praecipue
1825 4982 1898 5037 ob

241 5065 618 5122 insolentiam
669 5067 876 5122 matris
925 5082 1150 5138 crepare
1192 5065 1248 5120 vi
1306 5065 1579 5123 invadere
1635 5069 1794 5125 vicos
1843 5075 1900 5126 et

239 5154 484 5210 easteila
511 5156 605 5211 sui
635 5156 844 5228 patris,
867 5172 933 5212 ac
963 5154 1344 5211 circumcirca
1367 5156 1618 5228 diripere
1648 5174 1776 5228 quas
1794 5176 1894 5231 po-

242 5249 432 5300 terant
458 5246 744 5301 bonoru
773 5243 1417 5316 illius.Namille,quem
1446 5262 1640 5318 regem
1661 5246 1892 5316 fecerat,

245 5331 464 5405 Dregas
493 5333 584 5390 illi
612 5339 871 5390 castrum
901 5333 1374 5405 subripuit:alter
1387 5350 1520 5388 vero
1542 5334 1600 5388 in
1625 5335 1896 5409 Burgun-

255 5418 347 5475 dia
376 5423 646 5495 partibus
676 5421 1014 5478 Avallonem
1046 5427 1221 5494 atque
1252 5421 1594 5478 Belnensem
1631 5423 1893 5496 [al.,Bel-

265 5503 636 5585 lensem].Pro
667 5511 886 5584 quibus
918 5529 1017 5568 rex
1045 5510 1207 5585 gravi
1237 5510 1510 5568 turbatus
1541 5529 1758 5582 amore,
1777 5515 1892 5570 col-

265 5591 428 5669 ligeus
458 5600 780 5658 exercitum
811 5601 1078 5658 ascendit
1095 5600 1743 5674 Burgundiamzbellum
1762 5603 1896 5676 plus

2006 4717 2177 4772 Berta
2219 4714 2475 4781 nomine,
2509 4712 2643 4768 licet
2672 4729 2708 4768 a
2736 4712 2920 4784 patris
2971 4712 3064 4767 sui
3114 4711 3344 4784 proavis
3396 4712 3654 4766 obscurae

2006 4803 2269 4860 duxisset
2303 4818 2488 4875 genus
2537 4800 2723 4856 lineae.
2759 4801 2826 4856 Et
2878 4799 3156 4872 quoniam
3209 4799 3329 4870 regi
3382 4797 3650 4862 Rodulfo,

2002 4891 2296 4950 avunculo
2345 4889 2568 4947 scilicet
2610 4891 2759 4960 ejus,
2793 4905 2908 4944 non
2959 4893 3085 4944 erat
3132 4888 3324 4960 proles
3355 4885 3493 4956 ulla,
3526 4903 3654 4959 quae

2006 4983 2153 5038 foret
2183 4980 2342 5054 regni
2375 4979 2578 5046 haares,
2614 4978 2990 5050 praesumpsit
3023 4978 3148 5049 ipso
3181 4975 3424 5043 vivente,
3454 4975 3510 5030 vi
3551 4993 3653 5047 po-

2006 5071 2126 5128 tius
2155 5087 2332 5142 quam
2365 5084 2582 5132 amore,
2618 5067 2778 5140 regni
2812 5067 3070 5122 habenas
3102 5063 3430 5138 praeripere,
3462 5066 3652 5120 confe-

2003 5159 2392 5230 rensinsuper
2415 5156 2878 5221 multadonaria,
2903 5159 2969 5210 ut
2997 5155 3080 5211 eis
3095 5172 3403 5210 assensum
3436 5155 3653 5226 praebe-

2004 5248 2430 5321 rentprimores
2458 5245 2677 5318 patriae.
2704 5245 2814 5300 Sed
2849 5245 3244 5316 nequidquam
3273 5262 3285 5299 :
3312 5242 3541 5299 Domini
3565 5248 3655 5298 est

2004 5340 2162 5395 enim
2177 5353 2442 5409 regnum,
2467 5339 2524 5389 et
2549 5333 3155 5405 cuicunquevoluerit,
3183 5331 3525 5388 dabitillud.
3552 5333 3655 5386 Est
3727 5333 3733 5340 ’

2004 5428 2180 5484 etiam
2213 5423 2581 5498 proverbium
2619 5440 2631 5478 :
2665 5423 3000 5478 Secundum
3040 5424 3213 5479 tidem
3258 5421 3515 5478 hominis
3546 5420 3655 5475 erit

2003 5516 2232 5574 amicus
2265 5513 2441 5568 illius.
2475 5512 2630 5566 Gens
2659 5509 2814 5565 enim
2849 5510 3138 5582 praecipue
3179 5508 3341 5582 regni
3389 5508 3653 5578 ejusdem

2007 5605 2390 5663 assertionem
2421 5600 2554 5656 ﬁdei
2589 5597 2977 5673 ﬂoccipendit,
3023 5605 3080 5656 et
3111 5600 3295 5655 lendus
3325 5615 3428 5671 pro
3471 5594 3652 5650 nihilo
