4036 6172
485 263 601 334 667
1458 278 1802 344 RODULFI
1844 278 2123 346 CLABRI
2166 278 2521 349 MONACHI
2565 285 2921 352 CLUNIAC.
3687 299 3785 368 668

483 413 662 471 ducit.
696 412 926 469 Exstitit
954 411 1136 486 igitur
1162 414 1294 484 post
1322 415 1570 471 mortem
1610 412 1841 473 Henrici
1874 414 2125 491 impera-
2154 415 2210 484 Α
2239 418 2488 493 navigio,
2518 416 2793 478 velociter
2821 418 2907 479 illi
2937 419 3144 480 adfuit.
3179 419 3281 492 Qui
3308 422 3436 484 dum
3460 422 3611 487 simul
3627 445 3786 495 oonvea

480 504 645 576 toris,
679 503 777 576 qui
811 503 919 560 fuit
950 520 1129 577 nepos
1158 503 1313 576 regis
1353 504 1604 570 Rodulfi,
1637 505 2023 563 Chuonradus
2054 508 2126 563 de
2235 508 2462 565 nientes
2521 510 2755 567 irruunt
2806 510 2867 567 in
2925 512 3251 586 amplexus,
3299 532 3442 573 unus
3480 519 3787 592 simplicitate

480 616 596 675 quo
627 600 686 654 in
716 593 1211 686 subsequentibus
1242 593 1871 662 narrabimus,habens
1901 596 1959 651 in
1987 614 2122 652 con-
2233 615 2449 667 revera,
2484 601 2672 657 czeteri
2729 601 2862 661 dolo
2911 602 3109 672 illecti,
3160 603 3434 662 simulata;
3477 609 3614 681 pacis
3648 617 3786 686 atque

472 690 639 763 jugio
669 690 899 759 neptem
929 682 1151 757 praefati
1182 682 1411 739 Rodulﬁ
1448 699 1463 738 :
1501 684 1574 740 ob
1607 684 1713 740 hoc
1745 686 1995 742 maxime
2023 703 2120 743 va-
2230 688 2499 744 amicitiae
2532 691 2821 747 miscuere
2850 691 3157 764 colloquia.
3191 693 3325 749 Post
3350 695 3510 752 ﬁnem
3537 714 3652 754 vero
3674 682 3785 757 insi-

475 781 660 837 lenter
689 775 964 833 resistens
998 773 1431 828 contradicebat
1449 772 1919 837 0doni.Quorum
1942 777 2117 832 etiam
2229 777 2587 835 mulatorum
2598 780 2906 836 verborum
2921 785 3107 855 empto
3120 784 3787 859 recessu.jamlongiuscule

474 869 548 926 lis
578 866 861 924 acerrima
891 862 1051 937 regni
1085 862 1395 933 utriusque
1423 862 1739 919 maximam
1773 864 1910 920 fecit
1943 865 2116 937 depo-
2226 867 2631 940 progrediente
2690 867 3006 937 Willelmo,
3048 872 3331 927 revocavit
3375 888 3498 929 eum
3551 875 3787 934 Tebaldus

472 953 951 1031 pulationem.Ad
988 950 1261 1007 ultimum
1293 950 1546 1023 denique
1570 967 1704 1007 cum
1729 954 1855 1023 jam
1884 953 1942 1008 in
1978 970 2115 1010 con-
2225 955 2394 1026 quasi
2427 957 2737 1012 secretiora
2761 957 2953 1013 adhuc
2981 958 3033 1014 ei
3079 957 3322 1031 loquens
3369 961 3679 1029 crediturus,
3706 983 3785 1021 seu

471 1051 673 1120 spectu
704 1044 805 1100 Dei
835 1042 1134 1099 excederet
1178 1057 1453 1095 mensura
1482 1040 1630 1095 tanti
1679 1040 1842 1105 mali,
1876 1042 2114 1098 collecto
2223 1042 2457 1101 charius
2485 1044 3787 1123 valedicturus.Atilleremumdextraaccipiens,

400 1184 407 1185 κ
468 1137 856 1206 undecunque
900 1130 1152 1187 exercitu
1197 1128 1573 1201 permaximo,
1606 1130 1944 1186 conscendit
1990 1131 2113 1187 Odo
2220 1132 2522 1203 prohibuit
2550 1137 2628 1208 ut,
2644 1150 2815 1190 nemo
2845 1151 3089 1190 suorum
3119 1137 3314 1192 exiens
3342 1153 3470 1193 eum
3491 1145 3789 1211 sequeretur,

467 1228 525 1283 in
560 1224 893 1281 Tullensem
927 1236 1167 1294 pagum,
1199 1235 1371 1291 quem
1395 1220 1520 1289 jam
1554 1219 1768 1291 saepius
1798 1219 2112 1292 depdpula-
2218 1220 2467 1277 exsilivit
2498 1223 2570 1277 ad
2598 1222 3118 1294 ripam.Tebaldus
3134 1241 3361 1297 quoque
3379 1224 3793 1301 illumappropin-

463 1318 642 1381 verat,
675 1313 873 1385 ibique
922 1325 1272 1381 oppugnatis
1302 1307 1456 1379 cepit
1499 1307 1781 1364 Barrense
1827 1313 2107 1378 castrum,
2219 1326 2431 1381 quans,
2462 1310 2628 1382 quasi
2661 1310 2885 1383 aliquid
2917 1310 3244 1380 locuturus,
3266 1311 3416 1369 illico
3443 1318 3636 1383 exerta,
3654 1333 3791 1388 quam

464 1422 596 1462 cum
630 1418 846 1474 magna
890 1405 1083 1455 tamen
1133 1395 1541 1468 diremptionis
1588 1396 1883 1452 eversione
1930 1398 2109 1454 totius
2218 1398 2290 1454 ad
2322 1399 2431 1455 hoc
2460 1398 2673 1455 tulerat
2702 1400 2812 1456 sub
2843 1398 3038 1473 pallio,
3072 1405 3261 1474 spata,
3284 1401 3533 1483 _unoictu
3562 1420 3793 1478 acorpore

463 1490 1062 1568 provincizeﬂumque
1082 1486 1144 1541 in
1174 1486 1373 1541 eodem
1391 1485 1798 1540 castrolocatis
1821 1485 2109 1543 militibus
2216 1491 2394 1567 caput
2422 1487 2701 1544 decussit.
2735 1489 2896 1553 Quod
2925 1493 3232 1547 cernentes
3263 1489 3360 1563 qui
3392 1507 3520 1547 cum
3561 1491 3792 1551 Willelmo

462 1583 535 1638 ad
564 1578 883 1637 custodirm
912 1576 1092 1634 ferme
1122 1572 1548 1646 quingentis,ut
1563 1574 1899 1645 tamenipse
1920 1592 2104 1647 quan-
2213 1581 2510 1643 venerant,
2544 1576 2885 1650 remigando
2917 1577 3116 1651 fugam
3156 1578 3462 1651 arripiunt,
3513 1580 3793 1637 nuntiavere

460 1669 647 1727 tocius
679 1667 751 1723 ad
780 1664 1015 1740 propria
1045 1663 1588 1736 repedaret;utpote
1616 1661 1716 1735 qui
1747 1663 2105 1738 curisagita-
2215 1665 2783 1740 Rothomagensibus
2800 1670 2865 1722 ut
2880 1666 3367 1740 contigerat.Erat
3386 1667 3533 1725 enim
3550 1668 3789 1727 Willelmo

457 1759 632 1815 batur
659 1750 1502 1853 innumeris:praestolabantur
1519 1751 1713 1853 itaque
1736 1751 1904 1853 illum
1926 1754 2099 1827 legati
2129 1786 2179 1853 Β
2214 1754 2372 1811 ﬁlius
2397 1772 2465 1811 ex
2485 1755 2813 1811 concubina
2828 1753 3157 1813 Richardus
3171 1755 3425 1824 nomine,
3438 1762 3617 1814 tamen
3642 1758 3793 1827 adhuc

455 1866 524 1905 ex
555 1846 720 1904 Italia
751 1842 975 1910 directi,
1007 1841 1332 1897 deferentes
1361 1839 1413 1896 ei
1448 1840 1684 1896 arrham
1715 1840 2099 1916 principatus,
2129 1839 2178 1853 ”
2212 1843 2570 1901 adolescens.
2614 1845 2797 1909 Quem
2838 1843 3193 1916 accipientes
3240 1845 3333 1902 sui
3376 1850 3677 1903 statuerunt
3712 1864 3792 1920 pro

453 1942 520 1994 ut
564 1935 833 2010 agebant,
862 1931 1042 1988 totius
1089 1929 1264 1986 Italiae
1312 1928 1586 2003 regionis.
1621 1930 2104 2004 Contempserant
2209 1936 2375 2004 patre
2405 1932 2728 2005 principem
2747 1931 3247 2006 regni.Tebaldus
3263 1951 3467 2008 nempe
3488 1939 3792 2008 patratosce-

451 2027 610 2084 enim
641 2039 817 2081 suum
848 2018 1550 2094 principem,pra3dictum
1580 2019 1849 2076 videlicet
1867 2021 2100 2078 Chuon-
2209 2020 2326 2077 lere
2381 2022 2649 2078 concitus
2698 2021 2951 2094 perrexit
2986 2022 3059 2078 ad
3119 2022 3484 2080 Heribertum
3536 2023 3793 2079 Trecorum

451 2116 683 2181 radum,
714 2107 1610 2179 Mediolanenses,conjuratione
1640 2108 1793 2164 facta
1821 2110 2100 2168 adversus
2209 2109 2504 2178 comitem,
2539 2114 2745 2183 petens
2775 2110 2848 2166 ab
2873 2126 2941 2166 eo
2973 2127 3236 2167 sororem
3265 2110 3454 2184 ipsius
3480 2111 3594 2168 dari
3632 2110 3724 2168 sibi
3749 2112 3791 2166 in

454 2219 612 2269 eum,
638 2199 864 2272 junctis
894 2197 1005 2253 sibi
1054 2212 1203 2268 quos
1251 2199 1518 2268 poterant
1563 2213 1632 2251 ex
1678 2196 2007 2256 civitatibus
2036 2201 2096 2256 in
2207 2198 2569 2273 conjugium,
2601 2214 2840 2254 uxorem
2870 2197 3093 2255 scilicet
3113 2199 3793 2275 praedictiWillelmiquem

449 2288 716 2348 circuitu.
753 2285 1182 2342 Existimabant
1225 2300 1457 2356 quoque
1513 2285 1787 2367 eumdem
1835 2288 2096 2346 Odonem
2206 2286 2593 2344 interfecerat.
2625 2288 2699 2342 At
2748 2285 2846 2341 ille
2894 2287 3097 2342 statim
3145 2288 3417 2360 promisit
3443 2287 3580 2355 dari,
3623 2303 3793 2345 vocans

448 2394 620 2454 posse
652 2375 945 2450 percipere
976 2388 1221 2446 regnum
1241 2372 1883 2449 Austrasiorum,atque
1903 2378 1973 2433 ad
1997 2395 2097 2435 eos
2206 2393 2334 2433 eam
2367 2377 2439 2432 ad
2471 2373 2827 2448 colloquium
2855 2375 2969 2443 sui,
3001 2392 3128 2449 quae
3151 2377 3419 2433 nondum
3433 2378 3795 2450 genueratpm-

446 2467 718 2533 transire,
752 2468 817 2520 ut
846 2462 963 2518 illis
992 2466 1216 2535 gereret
1245 2461 1780 2534 principatum.Sed
1810 2464 1962 2522 sicut
1991 2467 2092 2525 ait:
2203 2464 2340 2533 lem,
2373 2464 2543 2538 quasi
2569 2463 2978 2521 consolaturus
3005 2480 3075 2522 ex
3103 2465 3324 2522 damno
3355 2460 3561 2532 mariti,
3602 2464 3796 2521 tradidit

451 2554 800 2613 Manufortis
829 2550 1079 2626 insignis
1110 2553 1433 2624 praecentor
1479 2550 1768 2608 bellorum
1809 2554 2041 2611 Domini
2078 2574 2091 2612 :
2204 2554 2365 2611 illam
2393 2552 3026 2621 Tebaldo,detestabile
3041 2553 3797 2628 satisinconjugium.Exqua

449 2646 706 2718 Dejecisti
732 2660 857 2711 τος,
898 2640 1193 2713 inquiens,
1225 2641 1355 2695 dum
1402 2641 1794 2710 allevarentur,
1826 2641 1910 2699 ita
1956 2662 2092 2701 con-
2201 2642 2406 2716 genuit
2433 2642 2713 2708 Odonem,
2747 2644 2972 2714 patrem
2991 2641 3266 2700 videlicet
3290 2643 3796 2716 istius,cujusﬁnem

444 2734 597 2809 tigit.
629 2734 775 2790 Nam
815 2731 1007 2788 subito
1039 2727 1235 2786 Gocilo
1266 2729 1385 2784 dux
1413 2729 1595 2785 totius
1641 2730 1841 2803 primae
1873 2732 2091 2790 Rhetiaa
2199 2729 3201 2803 teterrimumsupradiximus.Illud
3216 2728 3793 2789 etiamcommemorari

446 2822 703 2897 regionis
734 2821 819 2878 eis
849 2820 1121 2876 Rhenum
1153 2834 1286 2873 cum
1331 2818 1585 2874 exercitu
1618 2819 1800 2875 nimio
1849 2821 1907 2876 in
1954 2839 2088 2879 eum
2198 2819 2259 2876 in
2289 2819 2447 2876 calce
2477 2817 2633 2875 tertii
2662 2817 2845 2874 libelli
2876 2816 3116 2891 placuit,
3150 2819 3415 2893 qualiter
3440 2818 3796 2877 vindexdivina

444 2913 699 2980 irruens,
730 2926 965 2966 omnem
986 2906 1206 2963 Odonis
1238 2907 1555 2962 exercitum
1577 2909 1637 2962 in
1669 2908 1868 2982 fugam
1894 2910 2086 2979 vertit,
2198 2912 2459 2983 potestas
2489 2907 2671 2964 totius
2694 2906 2834 2963 boni
2866 2908 3251 2977 moderatrix,
3277 2906 3795 2967 insolentiaahumani

443 3001 580 3058 licet
603 3017 671 3058 ex
699 3003 947 3072 utraque
977 3000 1139 3070 parte
1168 2996 1425 3068 plurima
1471 2996 1783 3055 multitudo
1832 2999 2089 3057 moriens
2196 2997 2427 3072 generis
2457 2995 2542 3052 vel
2573 2995 2753 3052 ultrix
2782 2995 3321 3070 impraesentiarum
3353 2996 3641 3056 exstiterit.
3676 2994 3795 3053 Olim

440 3089 915 3147 corruerit.Tunc
945 3085 1196 3158 denique
1226 3087 1284 3140 et
1309 3083 1435 3157 ipse
1464 3084 1586 3141 Odo
1604 3085 2090 3146 miserrimeinte-
2124 3153 2158 3160 _
2196 3086 2376 3160 igitur
2410 3085 2562 3143 circa
2610 3084 2994 3142 millesimum
3043 3086 3338 3143 incarnati
3383 3087 3551 3144 Verbi
3595 3100 3792 3148 annum,

440 3181 568 3248 riit;
601 3180 772 3251 cujus
800 3177 1055 3233 lacerum
1088 3175 1331 3230 cadaver
1360 3174 1643 3247 Rogerius
1673 3175 2084 3235 Catalonorum
2115 3153 2160 3222 α
2196 3193 2329 3233 cum
2356 3192 2455 3231 rex
2483 3175 2771 3232 Robertus
2802 3174 3125 3247 accepisset
3152 3176 3276 3232 sibi
3297 3177 3553 3251 reginam
3566 3174 3796 3232 Constan-

439 3267 672 3342 preesul,
706 3267 932 3322 habens
958 3280 1156 3320 secum
1185 3263 1376 3318 virum
1398 3263 1789 3320 venerabilem
1812 3266 2082 3324 abbatem
2190 3266 2331 3321 tiam
2365 3281 2399 3321 a
2428 3264 2695 3336 partibus
2725 3262 3052 3336 Aquitania
3083 3263 3145 3319 in
3158 3264 3530 3339 conjugium,
3548 3264 3796 3336 coeperunt

442 3357 823 3422 Ricbardum,
857 3371 892 3409 a
920 3353 1073 3408 caede
1102 3351 1433 3424 suspiciens
1463 3351 1629 3408 uxori
1667 3354 1935 3410 reddidit.
1969 3358 2084 3425 (24)
2190 3354 2483 3411 conﬂuere
2511 3351 2699 3426 gratia
2724 3352 2990 3424 ejusdem
3018 3351 3238 3427 reginas
3261 3353 3324 3419 in
3344 3353 3633 3411 Franciam
3650 3354 3789 3424 atque

441 3444 711 3513 [Narrant
739 3442 915 3498 etiam
948 3440 1391 3513 plerique,quod
1421 3457 1633 3513 corpus
1658 3442 1786 3514 ejus
1815 3444 1916 3500 diu
1940 3446 2087 3502 mul-
2192 3441 2615 3516 Burgundiam,
2674 3441 2747 3497 ab
2793 3439 3040 3496 Avernis.
3077 3446 3137 3505 et
3181 3442 3523 3515 Aquitania,
3569 3440 3792 3497 homines

438 3536 682 3604 tumque
712 3529 1024 3603 quaesitum
1056 3528 1300 3584 inveniri
1343 3545 1456 3583 non
1488 3530 1696 3601 potuit,
1729 3533 1913 3589 donec
1940 3552 2087 3591 uxor
2192 3531 2354 3589 omni
2382 3530 2614 3587 levitate
2641 3529 2968 3594 vanissimi,
3017 3531 3290 3589 moribus
3321 3537 3380 3588 et
3401 3536 3553 3589 veste
3590 3526 3795 3592 distorti,

438 3622 566 3693 ejus
596 3618 833 3675 veniens
862 3618 963 3674 tali
991 3616 1334 3690 intersignio
1364 3616 1621 3674 invenit:
1648 3619 1900 3678 habebat
1927 3624 2083 3680 enim
2193 3620 2375 3679 armis
2399 3624 2456 3676 et
2481 3635 2768 3692 equorum
2793 3616 3048 3691 phaleris
3078 3619 3528 3694 incompositi,a
3556 3617 3800 3675 medicos-

435 3724 736 3783 verrucam
763 3706 917 3763 inter
943 3702 1219 3779 genitalia
1248 3709 1305 3761 et
1335 3705 1561 3780 anum.]
1587 3708 1748 3772 Quod
1778 3709 1862 3765 sic
1889 3710 2085 3767 inven-
2194 3711 2332 3784 pitis
2375 3708 2602 3777 nudati,
2661 3707 3022 3764 histrionum
3079 3724 3248 3766 more
3309 3709 3507 3768 barbis
3552 3708 3677 3775 rasi,
3724 3721 3796 3761 ca—

438 3802 564 3854 tum
597 3795 908 3869 accipiens,
944 3793 1153 3851 direxit
1179 3792 1325 3849 illud
1357 3794 1860 3869 Turonis,‘ibique
1890 3801 2085 3872 sepul-
2193 3798 2330 3872 ligis
2356 3801 2415 3854 et
2463 3796 2650 3854 ocreis
2701 3795 3052 3870 turpissimi,
3112 3797 3256 3856 ﬁdei
3305 3803 3365 3855 et
3422 3797 3580 3872 pacis
3628 3795 3799 3852 {eadem

437 3893 565 3944 tum
598 3891 688 3943 est
708 3886 880 3958 juxta
909 3888 1133 3958 patrem
1164 3899 1339 3939 suum
1372 3883 1429 3940 in
1464 3884 1610 3941 atrio
1632 3887 1818 3943 sancti
1851 3888 2086 3946 Martini
2191 3887 2430 3946 omnino
2458 3885 2646 3944 vacui.
2680 3886 2939 3952 Quorum
2965 3885 3164 3959 itaque
3178 3889 3441 3945 nefanda
3467 3881 3793 3960 exemplaria,

344 3986 357 3993 ‘
437 3974 758 4049 superioris
797 3972 1063 4030 caanobii.
1097 3973 1164 4028 Et
1217 3971 1453 4044 quidem
1504 3973 1638 4029 linis
1685 3974 1904 4033 Odonis
1952 3978 2087 4036 talis
2193 3976 2337 4033 heul
2374 3974 2519 4048 proh
2552 3973 2745 4030 dolori
2781 3977 2904 4029 tota
2933 3990 3078 4049 gens
3109 3976 3475 4034 Francorum
3505 3990 3676 4048 nuper
3703 3987 3799 4027 om-

435 4064 867 4130 exstitit.Quem
900 4061 1115 4118 idcirco
1144 4059 1283 4116 huic
1303 4059 1473 4117 seriei
1503 4062 1755 4119 intexere
1771 4063 2084 4135 voluimus,
2196 4065 2362 4121 nium
2393 4061 2814 4119 honestissima
2842 4078 2909 4118 ac
2937 4064 3435 4136 Burgundionum
3450 4062 3722 4122 sitibunda
3734 4074 3800 4114 ra-

435 4153 689 4227 qualiter
710 4150 1241 4225 impraesentiarum
1255 4155 1906 4221 cognoscereturrerum
1923 4154 2088 4213 Crea-
2195 4153 2342 4226 puit,
2374 4152 2559 4208 donec
2578 4149 2772 4206 omnis
2800 4150 2948 4206 foret
2957 4151 3234 4224 nequitia
3247 4158 3309 4210 et
3331 4147 3800 4226 turpitudinisille

433 4247 525 4298 tor
542 4241 919 4313 justissimus
953 4242 1219 4313 potenter
1245 4237 1496 4311 capiere,
1529 4240 1684 4311 quod
1732 4241 1872 4298 olim
1906 4245 2087 4302 Thes-
2196 4258 2327 4298 rum
2360 4237 2693 4297 conformis.
2729 4238 2788 4294 Si
2808 4237 3054 4311 quilibet
3072 4257 3209 4297 vero
3241 4241 3553 4316 religiosus
3582 4242 3798 4297 acDeum

432 4332 656 4387 moforo
688 4348 794 4386 suo
824 4328 1007 4402 Moysi
1039 4326 2084 4403 promisit:Ego,inquiens,Dominus,
2196 4329 2413 4386 timens
2440 4326 2583 4384 talia
2627 4331 2898 4400 gerentes
2942 4344 3321 4401 compescere
3372 4329 3711 4391 tentavisset,
3743 4323 3800 4379 ab

431 4422 529 4493 qui
547 4419 737 4492 judico
762 4427 982 4491 peccata
1004 4426 1227 4491 patrum
1257 4418 1317 4471 in
1340 4417 1476 4488 ﬁliis
1505 4419 1563 4472 in
1594 4420 1815 4474 tertiam
1843 4425 1897 4477 ct
1918 4439 2088 4494 quar-
2197 4418 2418 4475 eisdem
2451 4415 2684 4472 insania
2714 4416 3046 4473 notabatur.
3067 4417 3180 4475 Sed
3211 4410 3801 4491 virintegerrimaatidei

432 4517 545 4564 tam
573 4508 999 4579 generationem.
1035 4504 1269 4561 Tertius
1298 4521 1554 4577 namque
1583 4505 1678 4583 hic
1705 4506 1848 4574 Odo,
1871 4509 1944 4565 de
1974 4527 2089 4582 quo
2117 4523 2166 4589 D
2198 4524 2265 4563 ac
2295 4504 2635 4563 constantia
2666 4503 3503 4581 pater,videlicetWillelmus,
3532 4503 3801 4581 quemjam

431 4598 465 4654 a
497 4595 667 4652 nobis
696 4611 887 4651 sermo
921 4593 1187 4667 superior
1213 4598 1303 4648 est
1324 4593 1770 4666 habitus,nepos
1800 4595 1907 4652 fuit
1924 4597 2083 4656 illius
2192 4612 2374 4668 supra
2390 4592 3003 4664 commemoravimus,
3036 4596 3803 4669 rejectopudoresumptaque

430 4683 671 4742 Tebaldi
704 4682 936 4739 Carnoti
968 4681 1659 4755 comitis,cuicognomen
1674 4683 1936 4741 Tricator
1952 4686 2079 4743 fuit.
2195 4682 2447 4758 spiritali
2474 4681 2817 4752 invectione,
2852 4699 3047 4757 regem
3077 4685 3302 4758 pariter
3331 4703 3401 4743 ac
3430 4685 3693 4760 reginam,
3720 4692 3805 4735 cur

429 4776 534 4832 Hic
562 4791 775 4847 nempe
822 4772 1120 4846 quondam
1165 4772 1408 4842 junctus
1457 4770 1700 4827 Arnulfo
1738 4772 2081 4833 Flandrensi
2194 4773 2334 4831 talia
2362 4772 2424 4828 in
2453 4788 2561 4828 suo
2591 4787 2771 4845 regno
2793 4771 3805 4846 permitt‘erenttieri,acerrimeincro—

428 4864 650 4932 comiti,
680 4865 953 4937 expetens
987 4877 1089 4935 per
1115 4859 1338 4933 legatos
1367 4858 1733 4917 Willelmum
1765 4862 2083 4920 Rotboma-
2193 4858 2370 4936 pavit,
2405 4861 2622 4934 quippe
2652 4861 2810 4934 quod
2836 4866 3177 4919 ceterorum
3217 4862 3689 4921 honestissimum
3713 4856 3804 4914 ho-

427 4971 634 5027 gorum
668 4953 878 5009 ducem
909 4950 1069 5008 velut
1099 4950 1171 5006 ad
1206 4948 1491 5005 familiare
1509 4948 1870 5022 colloquium
1896 4953 2078 5024 pacis,
2192 4968 2335 5008 nore
2363 4954 2423 5008 et
2471 4949 2852 5022 religiositate
2906 4951 3129 5009 diutius
3170 4951 3466 5010 clamarat
3509 4959 3800 5024 regnorum.

427 5042 779 5113 promittens
808 5057 871 5096 se
900 5056 969 5095 ex
1000 5045 1163 5113 parte
1194 5038 1348 5110 regis
1379 5038 1735 5094 Francorum
1766 5057 1865 5095 seu
1886 5041 2079 5116 Hugo-
2189 5044 2435 5097 Caeteros
2466 5055 2702 5111 quoque
2751 5038 3046 5098 inferioris
3093 5043 3319 5114 gradus
3349 5056 3455 5100 seu
3502 5036 3706 5098 ordinis
3738 5033 3802 5089 ita

427 5128 519 5184 nis
551 5126 874 5201 Magni,qui
908 5129 1096 5184 fuerat
1126 5124 1283 5183 illius
1306 5126 1538 5182 Roberti
1572 5127 1928 5200 regis,quem
1946 5130 2079 5189 Otto
2189 5122 3801 5203 redarguenscomminabatur,utpleriquemonitionihus

427 5218 547 5273 dux
576 5217 892 5282 Saxonum,
911 5222 1113 5288 postea
1141 5232 1275 5272 vero
1306 5216 1625 5288 imperator
1656 5215 2076 5286 Romanorum,
2185 5216 2346 5273 illius
2376 5214 2632 5283 coerciti,
2666 5214 2869 5271 relicta
2891 5217 3306 5290 superstitiosa
3332 5217 3603 5285 vanitate,
3630 5212 3684 5269 in
3703 5207 3800 5284 pri-

426 5304 765 5364 Suessionis
796 5305 1169 5374 interfecit,et
1198 5304 1366 5360 utilia
1396 5320 1525 5360 esse
1555 5304 1870 5363 dicturum:
1890 5311 1949 5364 at
1980 5307 2078 5366 ille
2186 5305 2409 5363 etinum
2439 5320 2503 5361 se
2531 5303 2916 5362 reformarent
2935 5308 3463 5364 usum.Asserebat
3488 5299 3799 5378 igituridem

426 5410 680 5469 quoque,
714 5397 780 5449 ut
806 5398 931 5449 erat
959 5392 1046 5447 vir
1086 5392 1389 5463 innocens,
1423 5392 1560 5449 licet
1608 5395 2072 5465 potentissimus,
2185 5395 2368 5450 abbas
2388 5393 2512 5449 haec
2542 5393 2742 5450 omnia
2770 5393 3083 5453 molimina
3123 5394 3370 5453 calteria
3412 5409 3540 5452 esse
3579 5392 3797 5450 δίαυλος

426 5484 524 5541 ubi
557 5484 638 5539 illi
669 5481 1072 5549 constituerat,
1093 5497 1196 5553 per
1225 5480 1469 5537 ﬂuvium
1502 5482 1786 5555 Sequanae
1817 5489 2073 5557 evectus,
2183 5499 2250 5541 ac
2279 5482 2330 5539 si
2361 5480 2495 5554 quis
2525 5480 2833 5539 hominum
2863 5483 3084 5542 talibus
3116 5483 3394 5558 insigniis
3421 5479 3800 5541 calteriatusex

497 5574 608 5648 (24)
640 5573 703 5631 In
736 5588 853 5630 uno
884 5568 1688 5643 cod.additasuntsequentia
1707 5572 1768 5630 in
1782 5575 2067 5648 margine,
2099 5574 2202 5633 sed
2232 5569 2555 5630 recentiore
2584 5586 2785 5628 manu.
