4098 6164
261 273 371 339 669
1150 264 1714 331 HISTORIARUM
1757 263 1968 326 LIBRI
2012 260 2384 336 QUINQUE.
2430 293 2505 304 -—
2547 259 2695 322 LIB.
2742 258 2848 322 IV.
3591 257 3709 322 670

260 410 362 469 hoc
391 404 615 467 saeculo
645 402 985 478 migrasset,
1020 399 1354 459 difficulter
1382 416 1419 455 a
1446 397 1668 454 diaboli
1693 395 1945 454 vinculis
1971 399 2027 466 Α
2056 398 2196 464 Quae
2212 395 2409 469 justos
2438 409 2635 450 rexere
2661 392 2836 459 viros,
2868 389 3117 449 honesta
3147 391 3421 451 refutant.

255 516 423 576 posse
452 496 627 571 eripi.
659 496 723 554 In
753 491 1035 567 pluribus
1067 495 1273 547 tamen
1307 504 1568 563 nequam
1612 505 1758 544 usus
1803 504 1941 543 con-
2052 487 2301 558 Corpore
2331 499 2601 576 perverso
2632 485 2788 576 creat
2820 480 3121 576 haec-nunc
3150 482 3272 576 vita
3292 486 3600 576 tyrannos,

252 569 452 655 valuit,
480 569 659 659 cuius
685 582 855 640 etiam
888 580 1209 636 detestans
1239 576 1507 651 elogium
1538 576 1744 649 paucis
1761 575 1947 633 heroi-
2050 576 2283 631 Trunca
2307 575 2467 659 veste
2496 571 2674 627 viros.
2700 571 2827 626 sine
2858 569 3072 627 findere
3098 571 3259 644 pacis
3288 571 3538 644 ineptos.

252 680 335 736 cis
364 658 677 750 pernotavi
712 691 725 730 :
2051 661 2308 718 Consilio
2341 658 2631 715 muliebre
2661 659 2845 731 gemit
2872 659 3202 732 respublica
3232 659 3381 715 laxa.

2051 752 2255 818 Fraus,
2290 753 2521 821 raptus,
2555 748 2947 821 quodcunque
3007 748 3170 806 nefas
3227 748 3609 804 dominantur
3654 748 3714 803 in

3354 856 3365 865 κ
3463 838 3641 908 [orbe.

2052 927 2268 984 Nullus
2300 927 2493 982 honor
2521 925 2949 993 sanctis,nulla
2977 931 3066 982 est
3094 926 3415 983 reverentia
3440 942 3641 982 sacris.

2055 1017 2204 1072 Hinc
2234 1016 2494 1089 gladius,
2528 1014 2849 1087 pestisque,
2884 1015 3453 1089 fames,populantur
3476 1014 3716 1086 ubique.

2053 1106 2173 1161 Nec
2202 1110 2407 1161 tamen
2438 1104 2711 1175 impietas
2743 1103 3049 1161 hominum
3080 1109 3338 1161 correcta
3367 1102 3644 1177 pepercit,

249 851 419 906 Anno
452 847 596 919 post
625 841 943 900 Dominum
973 836 1152 894 terris
1178 838 1252 893 de
1279 834 1532 907 Virgine
1561 838 1767 890 natum

254 935 526 1003 Milleno,
555 931 831 1006 gravibus
858 927 1139 983 homines
1171 922 1485 981 erroribus
1513 923 1649 987 acti,

257 1027 411 1083 Dum
443 1022 729 1095 cupimus
758 1033 955 1074 rerum
987 1012 1224 1087 species
1252 1012 1565 1068 intendere
1595 1010 1814 1084 plures,

256 1111 700 1182 Praeteritisque
722 1106 910 1181 placet
939 1100 1160 1160 studiis
1197 1117 1553 1173 componere
1583 1118 1798 1172 mores,

261 1203 542 1274 Objectat
569 1214 699 1256 sese
727 1193 1231 1252 novitas'ineauta
1263 1189 1522 1262 periclis.
2053 1195 2134 1250 Ac
2161 1194 2277 1251 nisi
2308 1210 2526 1267 magna
2554 1192 2655 1248 Dei
2688 1193 2872 1265 pietas
2902 1194 3272 1267 protenderet
3294 1193 3464 1260 iram,

262 1292 410 1348 Ecce
440 1289 646 1363 priora
674 1284 785 1343 sibi
815 1282 1024 1348 rident,
1053 1283 1116 1335 et
1144 1283 1423 1352 tempora
1449 1279 1656 1338 nostri.
2055 1283 2337 1339 Infernus
2370 1283 2480 1339 hos
2508 1281 2825 1355 terricrepo
2854 1287 3226 1339 consumeret
3252 1299 3371 1339 ore.

269 1379 546 1445 Ludicra,
579 1390 827 1449 quisque
874 1368 1105 1445 probris
1167 1368 1420 1436 sociant,
1454 1373 1701 1441 tumque
1740 1368 1949 1425 usibus
2055 1371 2177 1429 Hoc
2210 1371 2397 1427 habet
2423 1369 2625 1426 infelix
2651 1372 2925 1444 peccandi
2958 1371 3339 1437 consuetudo,

1627 1457 1875 1531 [aptant.
2059 1460 2225 1525 Quod
2260 1460 2401 1532 plus
2433 1459 2568 1532 quis
2593 1463 2794 1533 peccat
2825 1460 3019 1517 minus
3043 1460 3140 1515 hic
3171 1475 3409 1533 peccare
3435 1461 3723 1531 pavescat,

274 1556 505 1629 Turpia.
534 1569 644 1610 nec
673 1551 933 1619 horrent,
965 1546 1189 1603 animis
1218 1550 1277 1603 et
1305 1546 1459 1603 seria
1486 1546 1734 1603 calcant.
2062 1549 2335 1621 Quisque
2368 1547 2568 1604 minus
2599 1549 3019 1623 peccat,magis
3050 1548 3144 1605 hic
3175 1563 3415 1622 peccare
3446 1545 3725 1603 timescat

1513 1872 1850 1961 LIBER
1922 1871 2301 1984 QUAR'I
2334 1872 2521 1962 US.

1565 2020 1885 2078 CAITULA
1925 2020 2120 2077 LIBRI
2160 2019 2457 2085 QUARTI.

368 2162 412 2213 Ι.
563 2157 639 2213 De
665 2151 1096 2223 universalths
1110 2148 1364 2223 Ecclesiae
1386 2166 1422 2204 a
1446 2147 2073 2220 Constantinopolitanis
2102 2146 2319 2217 injuste
2346 2152 2630 2223 requisita.

369 2229 435 2286 II.
566 2231 649 2284 De
673 2225 875 2282 hausi
894 2224 955 2276 in
985 2220 1159 2279 Italia
1187 2221 1426 2275 inventa.

369 2300 463 2357 Ill.
565 2297 718 2368 Quod
742 2296 975 2368 peccatis
1024 2291 1309 2349 hominum
1353 2292 1722 2361 exigentibus,
1755 2290 1983 2347 Domino
2026 2289 2404 2363 pennittcnte,
2437 2312 2471 2350 a
2498 2310 2735 2368 nequam
2779 2293 3067 2366 spiritibus
3114 2292 3414 2367 aliquando
3460 2295 3597 2367 ﬁant
3626 2295 3737 2350 mi-

658 2368 871 2424 recula.

379 2442 469 2498 ιν.
568 2442 647 2496 De
672 2441 820 2512 fame
845 2435 1221 2512 validissimi,
1247 2448 1370 2507 quae
1393 2435 1625 2512 contigit
1643 2434 1871 2512 inorbo
1901 2440 2206 2512 terrarum.

382 2513 443 2568 V.
574 2514 650 2568 De
831 2516 884 2565 et
913 2505 1420 2584 aiaundantia‘anui
1445 2507 1733 2584 millesimi
1761 2524 1796 2561 a
1825 2508 2075 2584 passione
2107 2507 2355 2584 Domini.

378 2584 476 2640 VI.

381 2656 502 2711 νυ.
580 2659 664 2711 De

572 2587 655 2640 De
674 2576 1019 2652 continentia
1046 2578 1236 2648 populi
1265 2577 1428 2631 totius
1446 2578 1623 2652 orbis,
1652 2592 1776 2652 quae
1801 2576 1884 2652 ad
1902 2579 2231 2652 sepulcrum,
2248 2580 2480 2637 Domini
2508 2581 2898 2652 Hierosolymis
2925 2582 3072 2652 facta
3101 2587 3199 2636 est.

755 2647 904 2709 aetiis
926 2647 1361 2723 Sarracenorum
1388 2647 1646 2723 adversus
1661 2647 2017 2723 “Christianos
2048 2650 2114 2704 in
2150 2651 2364 2723 .{fricw
2388 2653 2667 2723 partibus.

378 2727 532 2803 XIII.
581 2727 657 2803 pe
686 2719 1033 2803 Leuticorum
1055 2720 1259 2803 praelia
1286 2719 1543 2803 adversus
1570 2720 1909 2778 Christianos
1941 2721 2009 2775 in.
2027 2720 2280 2792 partibus
2310 2719 2616 2796 Aquilonis.

376 2798 466 2854 IX.
574 2798 650 2853 De
678 2797 835 2867 signa
865 2792 1011 2866 quod
1044 2791 1101 2847 in
1131 2791 1244 2848 sole
1274 2793 1555 2863 apparuit.

944 3049 1343 3108 PREFATIO.

373 3146 518 3202 Post
544 3141 901 3215 multiplicia
920 3139 1324 3214 prodigiorum
1355 3139 1678 3214 aigna,qua
1694 3144 1817 3196 tam
1839 3143 1974 3196 ante

303 3250 493 3309 quam
527 3236 687 3307 post,
700 3231 856 3287 circa
883 3235 1079 3286 tamen
1111 3245 1333 3286 annum
1355 3228 1566 3285 Christi
1587 3229 1817 3285 Domini
1841 3228 1972 3284 mil-

296 3323 591 3382 lesimum
618 3320 682 3376 in
715 3319 857 3376 orbe
884 3323 1176 3375 terrarum
1208 3318 1519 3390 contigere,
1551 3318 1749 3391 plures
1789 3317 1974 3374 fuisse

297 3414 544 3470 constat
571 3408 770 3482 sagaci
802 3411 998 3475 mente
1027 3406 1182 3463 viros
1208 3406 1552 3475 industrios,
1586 3408 1684 3480 qui
1718 3424 1832 3464 non
1880 3406 1974 3463 his

295 3502 544 3558 minora
575 3498 1012 3571 propinquante
1040 3496 1307 3568 ejusdem
1340 3495 1652 3551 Dominicis
1683 3495 1973 3568 passionis

299 3604 464 3647 anno
487 3585 810 3643 millesimo
829 3585 950 3641 fore
974 3585 1317 3656 praedixere;
1342 3585 1496 3657 quod
1526 3584 1726 3658 utique
1750 3585 1978 3641 eviden-

302 3676 548 3736 tissime
579 3674 846 3747 contigit.
881 3674 1107 3730 Mortuo
1138 3689 1390 3747 quoque,
1423 3678 1488 3728 ut
1521 3675 1649 3745 jam
1694 3673 1971 3742 diximus,

306 3764 567 3824 Henrico
579 3763 854 3836 piissimo
877 3763 955 3817 im
966 3763 1349 3834 peratore,cui
1367 3760 1588 3819 scilicet
1607 3761 1768 3819 nulla
1783 3762 1977 3835 proles

310 3853 563 3920 exstitit,
598 3851 701 3924 qui
727 3852 786 3906 in
819 3867 1064 3924 regnum
1098 3854 1232 3924 post
1253 3849 1418 3906 illum
1452 3851 1807 3917 succederet,
1836 3868 1977 3907 non-

315 3941 463 3999 nulli
483 3956 620 3998 sese
647 3939 864 3995 inferre
883 3943 1175 3996 tentantes
1196 3940 1268 3995 de
1284 3940 1761 4012 primatibns,qui
1779 3945 1976 3997 tamen

316 4031 518 4104 potius
549 4034 618 4085 ut
654 4027 819 4101 regni
865 4044 1078 4084 corona
1106 4027 1415 4101 fulgerent,
1444 4045 1620 4100 quam
1650 4028 1976 4100 profectum

318 4117 662 4192 reipublicaa
692 4116 1445 4189 moderamenquejustitiie
1470 4121 1800 4173 exercerent
1825 4135 1838 4173 :
1860 4135 1976 4190 prie

316 4207 550 4265 cunctis
580 4223 723 4279 ergo
755 4205 996 4278 quidam
1043 4206 1449 4274 Chuonradus,
1483 4222 1657 4279 quem
1705 4205 1976 4278 superius

316 4295 678 4361 taxavimus,
711 4294 902 4350 audax
921 4295 1116 4350 animo
1144 4299 1202 4350 et
1228 4293 1453 4350 viribus
1482 4294 1710 4367 ingens,
1730 4294 1832 4350 sed
1864 4295 1979 4352 ﬁde

315 4402 431 4442 non
464 4383 731 4440 multum
764 4382 991 4438 firmus.
1024 4382 1170 4438 Cum
1199 4382 1357 4439 enim
1388 4382 1486 4438 diu
1511 4377 1881 4455 multumque
1902 4384 1975 4440 de

311 4471 735 4531 constituendo
763 4470 926 4544 regni
957 4470 1314 4544 principe,ac
1340 4470 1630 4544 praecipue
1658 4470 1810 4527 inter
1830 4489 1974 4544 prie-

312 4563 499 4630 sules,
516 4563 839 4618 tractatum
861 4560 1089 4631 fuisset,
1106 4558 1298 4616 visum
1322 4563 1414 4616 est
1430 4560 1515 4616 eis
1530 4559 1725 4632 ipsum
1742 4560 1977 4618 Chuon-

309 4652 524 4708 radum
556 4649 774 4706 debere
817 4647 1199 4726 eligerennjsi
1247 4650 1401 4721 quod
1451 4665 1638 4705 unum
1677 4648 1975 4718 intererat,

309 4744 557 4815 propter
586 4736 746 4812 quod
778 4737 1058 4795 Henricus
1088 4738 1265 4795 etiam
1304 4736 1474 4794 illum
1521 4737 1689 4794 valde
1732 4753 1977 4795 exosum

311 4829 630 4887 habuerat.
645 4826 908 4883 Habebat
927 4826 1083 4882 enim
1116 4826 1584 4901 conjugem,quzs
1614 4826 1697 4881 illi
1718 4832 1843 4883 erat
1858 4828 1980 4884 atti-

313 4919 425 4987 nis,
462 4933 654 4991 quam
680 4916 856 4972 etiam
887 4915 1162 4988 primitus
1192 4915 1432 4987 quidam
1464 4920 1751 4989 cognatus
1790 4916 1977 4989 ipsius

314 5007 589 5064 duxerat.
623 5004 907 5061 Preterea
946 5004 1329 5060 innatuerunt
1374 5004 1425 5060 ei
1475 5005 1801 5077 pontifices,
1834 5006 1976 5079 quid

313 5094 703 5168 potissimum
733 5091 923 5164 vellet,
951 5096 1053 5147 aut
1081 5090 1195 5148 tale
1220 5092 1755 5166 conjugium,quod
1787 5095 1976 5150 mani-

313 5182 641 5241 festissime
664 5196 842 5238 sacra;
865 5178 1194 5237 auctoritati
1226 5180 1480 5236 nimium
1502 5183 1978 5255 repugnabat,te-

315 5289 454 5329 nere
476 5290 490 5339 ;
513 5288 646 5335 seu,
672 5285 738 5325 eo
769 5270 1322 5338 dimisso,coronam
1354 5269 1583 5342 imperii
1610 5273 1977 5338 sumere.Qui

316 5361 590 5433 protinus
620 5357 1037 5414 dimittendum
1068 5357 1338 5429 promisit
1363 5357 1500 5414 talis
1527 5357 1731 5415 incesti
1769 5362 1976 5433 conju-

315 5449 504 5522 gium,
539 5463 725 5520 seque
755 5462 956 5518 parere
987 5445 1436 5518 diligentissime
1462 5446 1693 5503 illorum
1724 5448 1981 5516 dictis,et

317 5537 556 5594 obedire
595 5534 877 5592 consiliis.
912 5534 1131 5592 Deinde
1178 5552 1310 5591 vero
1359 5536 1602 5593 mittunt
1644 5536 1733 5604 ad_
1765 5553 1977 5611 papam

2007 3053 2049 3116 Β
2082 3048 2511 3119 Romanum,ut
2539 3052 2625 3109 eis
2656 3053 2715 3108 in
2737 3052 2847 3109 hoc
2877 3054 3033 3125 quod
3059 3054 3430 3109 decreverant
3448 3056 3741 3112 consenti-

2082 3141 2188 3193 ret.
2219 3139 2328 3204 Qui
2360 3141 2562 3197 statim
2588 3140 2979 3199 libentissime
3003 3142 3231 3210 annuit,
3258 3142 3548 3200 mandans
3578 3143 3741 3202 insu-

2080 3238 2184 3300 per
2213 3231 2278 3283 ut
2298 3230 2668 3301 quantocius,
2696 3235 2967 3304 suscepto
2999 3232 3322 3288 Gcrmania
3352 3236 3605 3305 sceptro,
3627 3234 3740 3290 Ro-

2082 3333 2241 3371 mam
2276 3323 2541 3391 pergeret
2568 3323 2957 3393 suscepturus
2989 3322 3171 3377 totius
3212 3320 3389 3377 Italiac
3438 3338 3736 3380 coronam.

2086 3405 2312 3461 Interea
2341 3405 2619 3480 indeptus
2650 3409 2809 3480 regni
2846 3409 3034 3474 infula
3071 3410 3462 3467 Chuonradus
3511 3411 3740 3469 Italiam

2030 3550 2055 3561 ,
2081 3494 2352 3566 perrexit,
2389 3512 2710 3570 secumque
2733 3498 2957 3556 ducens
2989 3516 3249 3566 uxorem,
3285 3516 3484 3572 quam,
3504 3505 3570 3556 ut
3593 3501 3741 3558 dixi-

2084 3599 2240 3648 mus,
2272 3582 2474 3640 illicito
2506 3591 2739 3657 ceperat
2774 3589 3176 3645 matrimonio.
3210 3589 3312 3645 Cui
3366 3590 3634 3662 protinus
3680 3591 3741 3648 in

2083 3672 2367 3728 descensu
2400 3673 2848 3747 Alpium,quem
2878 3676 3114 3733 Curiam
3136 3676 3434 3733 Gallorum
3468 3678 3603 3736 licet
3622 3697 3744 3737 cor-

2084 3764 2253 3833 rupte
2281 3763 2577 3829 vocant,in
2600 3764 2816 3836 oppido
2833 3764 3035 3822 Cumis
3064 3766 3319 3822 occurrit
3346 3784 3484 3824 cum
3508 3784 3742 3825 summo

2084 3854 2368 3922 apparatu
2400 3867 2552 3922 papa
2572 3851 2966 3921 Romanus,ut
2982 3859 3118 3910 ante
3141 3855 3743 3927 spoponderat.Fuere

2084 3942 2224 3994 tunc
2255 3939 2497 4011 quidam
2530 3940 2603 3995 de
2632 3941 3077 3998 marchionibus
3114 3942 3309 4010 ltalize,
3344 3944 3447 4015 qui
3471 3945 3668 4003 minus
3690 3946 3744 4003 ei

2085 4043 2393 4084 assensum
2428 4028 2929 4106 ppasbueruntﬁic
2945 4030 3102 4086 enim
3134 4029 3256 4087 illis
3278 4031 3464 4088 facere
3485 4048 3613 4088 mos
3631 4039 3739 4103 est,

2085 4120 2149 4170 ut
2170 4115 2297 4186 jam
2318 4133 2498 4188 supra
2517 4116 2867 4185 taxavimus,
2891 4117 2951 4173 in
2975 4117 3267 4175 mortibus
3297 4119 3739 4192 imperatorum;

2084 4204 2232 4259 Nam
2261 4207 2319 4259 et
2352 4204 2687 4275 Papienses,
2718 4209 3063 4263 ceterorum
3112 4207 3545 4279 superbissimi,
3579 4209 3742 4281 pala-

2086 4290 2236 4348 tium
2269 4292 2424 4365 regis
2453 4292 2511 4347 in
2544 4310 2653 4348 sua
2683 4292 2914 4350 civitate
2939 4312 3185 4368 operoso
3206 4301 3446 4370 sumptu
3470 4302 3741 4355 constru-

2085 4383 2244 4437 ctum
2271 4382 2682 4438 destruxerant
2709 4399 2899 4454 usque
2919 4384 2990 4439 ad
3021 4383 3343 4442 solum.llle
3360 4402 3494 4443 vero
3515 4391 3742 4443 utcom-

2086 4471 2256 4543 perit,
2291 4469 2559 4527 ferociter
2588 4471 2778 4537 irruit,
2799 4471 3088 4544 Iporeiam
3127 4473 3406 4547 primitus
3449 4475 3740 4533 civitatem

2086 4558 2343 4631 capiens.
2375 4558 2583 4615 deinde
2615 4562 2850 4614 caeteras
2880 4576 3014 4614 cum
3045 4559 3254 4616 castris
3289 4562 3578 4619 universis
3608 4580 3739 4636 pro-

2086 4647 2224 4720 priae
2256 4647 2577 4719 subjiciens
2603 4645 2832 4702 ditioni.
2866 4646 3079 4720 Sicque
3108 4647 3356 4719 Romam
3403 4650 3740 4718 deveniens,

2086 4752 2359 4793 coronam
2381 4753 2450 4793 ex
2470 4752 2630 4792 more
2646 4736 2902 4809 sumpsit
2920 4735 3173 4809 imperii.
3194 4736 3298 4793 Cui
3318 4739 3460 4794 dum
3481 4739 3737 4812 episcopi

2087 4829 2485 4898 suggererent,
2517 4828 2584 4880 ut
2612 4824 2957 4881 auctoritate
2989 4825 3235 4881 Romani
3270 4826 3741 4899 pontiﬁcis,qua-

2086 4912 2223 4969 liter
2253 4913 2368 4969 illis
2400 4914 2768 4986 promiserat,
2803 4914 3112 4987 repudium
3137 4912 3325 4970 illiciti
3360 4915 3572 4972 faceret
3597 4931 3740 4971 con-

2078 5001 2253 5075 jugii,
2287 5003 2541 5075 graviter
2596 5002 2910 5075 accipiens,
2978 5003 3121 5059 iixit
3153 5019 3166 5058 :
3198 5007 3269 5060 Se
3323 5002 3739 5077 imperatorem

2086 5095 2344 5147 creatum
2377 5090 2537 5147 nullo
2562 5091 2733 5147 modo
2759 5092 2969 5147 debere
2999 5108 3175 5148 uxore
3205 5092 3454 5159 Viduari,
3473 5110 3560 5163 ac,
3586 5093 3741 5150 sicut

2087 5181 2283 5253 inepte
2311 5183 2562 5252 ceperat,
2588 5177 2793 5235 tenuit.

2617 5267 2844 5323 CAPUT
2881 5267 3193 5324 PRIMUM.

2084 5360 2161 5415 De
2224 5359 2641 5414 universatitatc
2706 5357 2963 5414 Ecclesia:
3025 5375 3059 5412 a
3113 5358 3739 5434 ConstantinOpolitanis

2655 5445 2853 5518 injuste
2881 5446 3171 5518 requisita.

2139 5536 2303 5593 Circa
2313 5552 2537 5593 annum
2556 5534 2736 5608 igitur
2746 5533 2979 5590 Domini
2998 5534 3379 5594 millesimum
3391 5535 3734 5594 vicesimum
