4036 6172
214 298 325 395 613

1078 325 1630 393 HISTORIARUM
1673 329 1880 394 LIBRI
1926 331 2299 407 QUINQUE.
2348 369 2424 383 —
2468 338 2614 401 LIB.
2661 339 2763 401 ιν.

3503 322 3622 407 67'4

206 456 586 515 cum‘czeterls
616 455 743 512 fuit.
778 456 994 516 Deinde
1015 475 1147 515 vero
1172 461 1370 532 primae
1402 462 1623 520 fraudis
1654 469 1856 523 auctor
1884 476 1936 543 Α
1966 467 2324 537 cedentibus,
2361 472 2513 544 quod
2544 477 2679 528 tunc
2711 474 2912 546 procul
2966 474 3143 531 dubio
3180 477 3616 537 evidentissima

204 546 423 621 adjecit
445 546 705 604 :«Nonne
735 547 912 605 etiam
934 547 1000 604 in
1040 550 1455 609 transmarinis
1487 554 1751 626 partibus
1775 573 1858 611 re-

205 646 384 713 gnum
412 639 742 693 Graecorum
771 641 906 710 post
952 638 1232 697 Basilium
1252 640 1520 698 Michaeli
1542 642 1688 699 mihi
1720 644 1860 700 obe-

203 725 387 784 dienti
417 726 675 783 tradidi?
720 725 942 783 Idcirco
991 728 1159 785 crede
1204 728 1372 799 mihi,
1408 733 1466 786 et
1511 730 1719 788 faciam
1749 731 1859 791 tibi

195 814 390 873 multo
421 816 648 887 majora
671 830 848 889 quam
874 831 1108 889 sperare
1130 806 1508 892 queas,teque
1542 820 1737 893 ipsum
1771 838 1858 877 sa-

204 903 370 962 nitati
401 905 729 961 restituam.
762 906 900 961 Erat
928 903 1145 979 quippe
1202 905 1360 963 fama
1405 912 1546 965 tunc
1574 910 1857 985 temporis

204 995 356 1068 quod
378 993 538 1050 idem
559 991 1214 1051 Michaelcubicularius
1227 996 1436 1053 fuisset
1452 995 1857 1067 Basilii,clam-

205 1088 315 1156 que
333 1081 424 1137 illi
446 1097 738 1138 venenum
772 1083 833 1138 in
856 1087 996 1155 potu
1027 1083 1100 1139 ad
1133 1100 1333 1141 necem
1365 1086 1643 1143 dedisset.
1675 1087 1857 1159 Cujus

200 1170 406 1245 procul
429 1170 611 1227 dubio
636 1170 864 1243 imperii
890 1175 1020 1244 post
1031 1176 1278 1228 mortem
1292 1173 1383 1246 eju
1394 1191 1421 1231 s
1433 1176 1687 1247 sumpsit
1700 1191 1858 1232 coro-

200 1277 360 1317 nam.
393 1261 577 1333 Cujus
607 1259 809 1328 etiam,
839 1264 1031 1334 utpar
1059 1263 1467 1335 erat,regimen
1486 1264 1629 1337 imp;
1649 1264 1717 1319 rii
1739 1280 1856 1320 non

199 1350 345 1407 satis
375 1349 521 1406 utile
544 1348 670 1405 fuit.
706 1348 931 1405 Interea
950 1353 1311 1407 memoratus
1340 1351 1505 1425 Hugo
1528 1353 1588 1408 in
1610 1370 1736 1409 sese
1766 1368 1859 1408 re-

194 1442 427 1508 versus,
456 1439 659 1494 dextra
690 1438 926 1511 signum
951 1439 1300 1496 venerabilis
1322 1441 1513 1498 crucis
1535 1441 1857 1514 exprimere

196 1534 458 1594 tentans,
491 1527 677 1584 dixit:
711 1550 738 1577 ‹‹
771 1526 892 1601 Ego
915 1543 1048 1584 vero
1069 1529 1270 1585 Jesum
1298 1529 1399 1586 Dei
1419 1529 1630 1586 Filium
1651 1535 1855 1600 testor,

196 1635 379 1693 quem
414 1614 792 1685 adoro,credo
813 1620 869 1672 et
886 1617 1312 1687 conﬁteor,non
1335 1616 1516 1675 alium
1539 1623 1594 1675 te
1620 1619 1859 1675 omnino

197 1707 528 1773 credidero,
562 1705 676 1762 nisi
706 1708 771 1761 ut
802 1705 965 1761 fuisti
994 1708 1051 1761 et
1082 1722 1166 1774 es,
1198 1706 1464 1763 fallacem
1497 1707 1857 1764 diabolum.»

193 1798 364 1854 Tunc
394 1795 626 1851 daemon
655 1795 931 1851 continuo
957 1794 1109 1851 hanc
1131 1810 1331 1851 vocem
1361 1796 1578 1852 edidit:
1603 1821 1630 1847 «
1654 1798 1858 1862 Quaeso

195 1897 267 1943 ne
299 1884 613 1942 brachium
644 1887 847 1940 contra
869 1900 963 1940 me
1005 1884 1215 1958 erigas.
1246 1907 1275 1935 »
1322 1886 1532 1958 Sicque
1578 1886 1857 1942 continuo
1892 1852 1934 1917 Β

197 1974 399 2032 omnis
420 1972 520 2030 ille
538 1970 749 2046 globus
771 1976 835 2028 ut
853 1972 1051 2029 minus
1064 1989 1203 2028 evan
1213 1973 1504 2030 uit.Atille
1522 1974 1857 2031 exclamans

196 2080 339 2120 voce
367 2076 491 2136 qua
519 2061 1049 2135 potuit,occurrunt
1079 2062 1295 2135 quippe
1324 2063 1859 2131 domestici,narrat

190 2152 320 2209 illis
350 2169 424 2208 ex
452 2149 657 2206 ordine
687 2165 814 2222 quae
836 2149 1134 2223 vidit,qu8e
1166 2151 1638 2218 audivit.Quibus
1661 2153 1853 2219 dictis,

197 2244 329 2315 ipso
360 2241 458 2296 die
489 2243 627 2296 ante
651 2236 792 2295 solis
816 2254 1087 2295 occasum
1121 2236 1445 2295 obiit.Nulli
1471 2241 1722 2313 denique
1754 2242 1856 2296 du-

200 2330 373 2386 bium
408 2326 691 2401 quoniam
721 2326 835 2382 ista
860 2330 919 2382 et
949 2325 1060 2383 sibi
1087 2330 1146 2383 et
1176 2327 1347 2383 nobis
1373 2328 1535 2384 vidit.

854 2451 1083 2509 CAPUT
1119 2452 1216 2509 III.

196 2545 368 2618 Quod
396 2542 647 2617 peccatis
677 2541 974 2599 hominum
1005 2542 1404 2618 regentibus,
1450 2542 1683 2618 Domino
1723 2559 1857 2618 per-

264 2612 563 2687 mittente,
594 2612 632 2671 a
653 2630 900 2687 nequam
927 2612 1227 2685 spiritibus
1254 2615 1566 2687 aliquando
1581 2612 1729 2688 ﬁant
1748 2616 1857 2671 mi-

266 2690 510 2746 racula.
1224 2700 1229 2703 ·

266 2795 489 2855 Divina
505 2792 685 2870 igitur
701 2792 1018 2855 auctoritas
1030 2814 1133 2872 per
1150 2792 1385 2871 Moysen
1404 2792 1623 2854 Judaeis
1637 2792 1860 2871 prolata

195 2886 405 2947 taliter
430 2885 565 2945 illos
598 2886 846 2954 monuit,
893 2883 1090 2943 dicens
1117 2904 1128 2942 :
1159 2887 1224 2944 Si
1246 2887 1450 2959 fuerit,
1482 2886 1692 2960 inquit,
1722 2902 1859 2956 pro-

192 2981 380 3049 pheta
412 2978 569 3035 inter
597 2992 712 3045 vos,
747 2966 979 3049 loquens
1009 2976 1066 3032 in
1094 2977 1323 3033 nomine
1341 2975 1600 3059 alicujus
1620 2978 1861 3033 deorum

193 3066 589 3141 gentium,qui
598 3066 932 3137 prxdixerit
948 3064 1240 3138 quidpiam
1251 3067 1599 3137 fnturum,et
1611 3066 1862 3136 fortuitu

1966 554 2543 616 claruit.Multimode
2569 562 2785 635 quippe
2817 564 3215 622 membrorum
3255 568 3621 625 reformatio-

1966 661 2070 700 nes
2101 646 2318 703 ibidem
2338 649 2475 704 visas
2498 655 2635 706 sunt
2664 652 2977 720 exstitisse,
2994 670 3061 710 ac
3091 654 3347 728 insignia
3370 657 3622 730 pendere

1965 733 2300 793 oscillorum
2336 737 2743 810 multiformia,
2776 758 2881 797 nec
2916 747 3113 799 tamen
3164 744 3499 815 Moriannze,
3532 746 3620 803 vel

1967 822 2255 893 Utzeticae,
2292 844 2396 882 seu
2426 827 2758 885 Gratinonae
2799 830 3036 887 urbium
3068 834 3368 906 praesules,
3400 834 3460 890 in
3484 853 3623 909 quo-

1964 928 2097 967 rum
2120 913 2626 990 dimcesibustalia
2640 919 3491 997 profanabantur,diligentiam
3513 925 3622 981 bu-

1957 1001 2439 1075 jusinquirendze
2457 1006 2540 1062 rei
2572 1006 2913 1065 adhibuere.
2947 1009 3096 1074 Quin
3128 1012 3326 1085 potius
3350 1013 3622 1070 concilia-

1966 1090 2105 1147 bula
2128 1096 2468 1162 statuentes,
2500 1094 2561 1174 in
2594 1096 2889 1169 aliquibus
2941 1099 3088 1154 nihil
3126 1100 3281 1158 aliud
3305 1102 3417 1158 nisi
3438 1102 3621 1176 inepti

1965 1178 2117 1235 lucri
2146 1182 2456 1253 quaesitum
2489 1202 2523 1239 a
2548 1184 2734 1258 plebe,
2768 1186 2945 1243 simul
2988 1191 3045 1244 et
3084 1188 3338 1246 favorem
3380 1189 3622 1248 fallacia:

1966 1267 2527 1342 exigebant.Interea
2556 1274 2935 1344 Mainfredus,
2963 1276 3372 1334 marchionum
3406 1279 3626 1338 ditissi-

1967 1358 2469 1431 mus,hujusmodi
2494 1363 2711 1417 famam
2745 1365 3301 1436 comperiens,misit
3322 1383 3352 1423 e
3370 1369 3622 1442 suis,qui

1966 1445 2019 1501 vi
2050 1447 2344 1520 rapientes
2386 1449 2528 1506 illud
2580 1452 2735 1524 quod
2768 1451 3071 1509 colebatur
3101 1455 3485 1512 simulacrum
3510 1458 3624 1514 sibi
3726 1448 3733 1453 ’

1966 1535 2458 1610 deferrent,quem
2475 1540 2847 1597 estimabant
2869 1547 3187 1613 martyrem
3203 1546 3621 1603 venerandum.

1966 1623 2221 1696 Imperat
2252 1626 2406 1682 idem
2438 1628 2699 1686 marchio
2732 1631 3085 1687 constituere
3112 1635 3539 1690 monasterium
3565 1636 3623 1691 in

1965 1712 2171 1767 Sentize
2203 1718 2576 1789 castro,quod
2610 1722 2700 1775 est
2732 1719 3218 1792 antiquissimum
3251 1722 3405 1779 inter
3425 1724 3622 1797 Alpes,

1965 1800 2024 1855 in
2058 1799 2277 1859 honore
2309 1804 2408 1860 Dei
2443 1806 2881 1880 omnipotentis,
2905 1809 3289 1883 ejusdemque
3321 1812 3625 1885 genitricis

1966 1890 2159 1946 Mariae
2187 1909 2419 1967 semper
2446 1894 2723 1968 Virginis.
2758 1897 2820 1952 In
2845 1915 2959 1970 quo
2978 1898 3155 1954 etiam
3183 1904 3316 1972 post
3345 1901 3624 1974 explatio-

1967 1996 2099 2036 nem
2131 1980 2321 2053 operis
2335 1981 2500 2038 illum
2517 2000 2651 2039 cum
2667 1983 2798 2040 aliis
2812 1985 3267 2059 quamplurimis
3284 1994 3623 2046 sanctorum

1965 2067 2309 2141 pignoribus
2341 2070 2530 2128 locare
2589 2073 2942 2130 decreverat.
2974 2075 3108 2131 Post
3138 2076 3446 2148 paululum
3484 2095 3623 2151 quo-

1967 2174 2079 2229 que
2136 2158 2426 2232 completo
2482 2160 2739 2218 ecclesia:
2799 2179 2992 2236 Opere,
3049 2168 3385 2237 statutoque
3461 2166 3622 2223 dedi-

1966 2245 2209 2302 cationis
2268 2247 2380 2313 die,
2453 2250 2745 2306 accersitis
2831 2252 3122 2324 episcopis
3202 2253 3263 2308 in
3342 2253 3468 2327 giro
3524 2256 3620 2311 de-

1966 2336 2259 2407 gentibus,
2320 2354 2453 2393 cum
2516 2339 2730 2412 quibus
2783 2340 2959 2396 etiam
3039 2358 3191 2415 saepe
3278 2343 3620 2400 nominatus

1968 2423 2149 2479 abbas
2198 2425 2556 2494 Willelmus,
2630 2427 3016 2502 nonnullique
3091 2431 3334 2487 abbates
3420 2433 3619 2490 adfue-

1967 2516 2123 2567 runt.
2149 2513 2284 2568 Erat
2332 2519 2527 2571 autem
2560 2519 2698 2573 tunc
2754 2518 3068 2590 praedictus
3126 2519 3206 2574 ibi
3254 2538 3467 2596 mango
3492 2523 3622 2595 jam

1967 2600 2120 2657 dicto
2175 2604 2498 2660 marchioni
2554 2605 3045 2678 percharissimus
3103 2608 3364 2680 effectus,
3408 2610 3626 2687 quippe

1968 2692 2246 2763 quoniam
2279 2694 2678 2765 spondebatse
2709 2695 2892 2752 multo
2906 2696 3251 2768 pretiosiora
3278 2702 3621 2756 sanctorum

1967 2781 2214 2854 pignora
2243 2784 2301 2837 in
2335 2782 2595 2856 proximo
2655 2784 3068 2854 revelaturum,
3103 2803 3354 2858 quorum
3404 2788 3626 2847 scilicet

1969 2875 2135 2942 gesta
2163 2875 2219 2925 et
2252 2871 2513 2941 nomina,
2564 2876 2740 2944 atque
2786 2874 3130 2946 passionum
3185 2877 3525 2950 certamina,
3560 2883 3625 2934 ut

1970 2963 2197 3026 cmtera,
2227 2958 2513 3016 fallaciter
2543 2962 2929 3035 confingebat.
2955 2963 3061 3026 Qui
3120 2980 3253 3019 cum
3284 2982 3319 3021 a
3351 2967 3623 3023 doctiori-

1969 3048 2083 3103 bus
2114 3049 2447 3122 quibusque
2495 3050 2971 3123 interrogaretur,
3002 3051 3254 3123 qualiter
3309 3053 3448 3110 talia
3487 3071 3623 3127 per-

193 3138 863 3224 Whmcredwis
888 3156 1241 3228 etquoniam
1269 3164 1452 3212 ιεηιατ
1484 3154 1863 3219 υοδυοιηεηαε
1912 3227 1922 3228 7
1971 3142 2254 3228 nosceret,
2286 3138 2481 3195 minus
2519 3139 2863 3196 verisimilia
2908 3140 3203 3197 blaterans
3254 3146 3621 3215 personabat.

194 3218 355 3305 Deus
388 3218 607 3313 vester,
634 3253 701 3303 ut
728 3244 873 3303 sciat
902 3218 956 3300 si
980 3218 1238 3314 diligatis
1266 3261 1422 3312 eum,
1442 3261 1519 3300 an
1545 3242 1864 3301 non.Habe-
1890 3227 1936 3295 (ἶ
1970 3225 2119 3282 Nam
2153 3233 2209 3283 et
2238 3233 2468 3300 egomet
2493 3246 2627 3284 cum
2660 3229 2875 3302 δίΒΡίυε
2925 3230 3223 3288 nominato
3254 3233 3462 3290 abbate
3486 3233 3625 3291 ίΠυο

194 3352 334 3407 mus
367 3350 513 3408 ergo
544 3332 606 3389 in
627 3332 1071 3406 praesentiarum
1084 3332 1145 3390 in
1158 3349 1219 3389 re
1234 3332 1509 3391 dissimili
1533 3349 1648 3389 non
1663 3333 1862 3406 dispar

190 3423 564 3497 exemplum.
596 3420 729 3478 Fuit
752 3421 910 3477 enim
942 3421 1001 3477 in
1033 3423 1370 3495 praescripto
1403 3426 1661 3494 tempore
1684 3422 1861 3478 homo

192 3504 472 3586 plebeius
502 3526 863 3589 mangonum
887 3507 1527 3584 callidissimus,ignoti
1548 3514 1743 3567 tamen
1765 3528 1864 3567 no-

192 3602 381 3660 minis
402 3605 465 3659 et
490 3598 998 3673 patriae,quoniam
1022 3616 1125 3672 pro
1138 3599 1578 3656 diversitatibus
1597 3600 1861 3657 locorum

190 3676 475 3764 quaerens
494 3687 778 3751 latebram
801 3705 873 3744 ne
897 3686 1738 3762 agnosceretur,fraudulenter
1759 3689 1863 3746 im-

191 3779 461 3854 ponebat
491 3774 604 3834 sibi
636 3776 943 3845 vocabula,
971 3776 1059 3834 vel
1093 3777 1165 3833 dc
1196 3794 1313 3848 qua
1344 3777 1491 3833 foret
1540 3777 1858 3851 provincia.

190 3868 536 3926 EHodiebat
547 3882 822 3939 quoquee
843 3865 1089 3927 tumulis
1114 3865 1377 3922 clancule
1398 3884 1535 3924 ossa
1554 3866 1806 3925 evellens
1828 3886 1863 3925 a

191 3958 507 4016 cineribus
539 3955 874 4028 nuperrime
897 3954 1303 4012 defunctorum
1324 3955 1860 4030 hominum,sicque

189 4046 489 4123 imposita
518 4044 580 4100 in
606 4043 853 4105 diversis
886 4043 1285 4129 apophoretis
1337 4044 1676 4101 venditabat
1705 4048 1859 4119 apud

190 4136 497 4210 plurimos
522 4150 625 4208 pro
637 4137 973 4193 sanctorum
988 4137 1310 4207 martyrum
1332 4150 1435 4191 seu
1457 4134 1858 4193 confessorum

190 4223 605 4298 reliquiisﬂic
623 4226 917 4297 vero,post
936 4222 1279 4280 innumeras
1294 4223 1541 4296 hujusce
1555 4222 1861 4283 illusiones

189 4296 254 4375 in
284 4296 505 4374 Galliis
532 4296 813 4385 patratas,
844 4311 1088 4395 perfuga
1136 4311 1299 4368 venit
1345 4312 1416 4368 ad
1446 4311 1574 4370 loca
1600 4313 1858 4388 Alpium,

190 4404 294 4460 ubi
329 4418 596 4480 persaepe
623 4401 810 4458 bruta:
858 4405 1063 4474 gentes
1110 4400 1444 4458 inhabitant
1488 4402 1771 4461 habentes
1798 4405 1859 4461 in

189 4491 407 4549 arduis
440 4489 699 4575 plurima
728 4488 1135 4549 domicilia.1bi
1161 4506 1372 4563 nempe
1404 4508 1466 4548 se
1493 4492 1857 4565 Stephanum

191 4579 591 4654 nuncupavit,
619 4579 721 4653 qui
766 4578 910 4636 alias
940 4582 1171 4668 Petrus,
1203 4577 1352 4636 alias
1380 4579 1635 4638 Joannes
1667 4582 1861 4640 dictus
1891 4603 1937 4668 ι)

188 4672 415 4728 fuerat.
450 4667 575 4725 Illic
596 4684 732 4745 ergo
772 4683 934 4725 more
955 4666 1132 4725 solito
1161 4670 1338 4725 noctu
1368 4668 1647 4743 colligens
1678 4689 1712 4726 a
1732 4671 1858 4728 loco

187 4755 604 4831 abjectissimo
627 4755 808 4829 ignoti
834 4771 971 4813 ossa
1000 4754 1415 4828 hominis,qua2
1437 4757 1709 4829 posuitin
1739 4776 1859 4815 cas-

184 4836 349 4904 sella
379 4849 439 4902 et
461 4844 692 4914 feretro,
723 4843 952 4901 dicebat
969 4844 1093 4902 sibi
1125 4843 1386 4919 angelica
1413 4846 1744 4905 ostensione
1774 4864 1859 4905 re-

182 4934 462 5005 velatum
491 4934 675 4992 fuisse
705 4950 880 5008 quem
912 4933 1168 5008 fingebat
1193 4950 1322 4991 esse
1351 4936 1620 4990 sanctum
1644 4941 1858 5012 marty-

188 5041 324 5080 rem
346 5022 585 5081 nomine
614 5021 872 5082 Justum.
904 5023 1038 5079 Mox
1085 5038 1318 5095 quoque
1346 5022 1578 5096 vulgus,
1606 5028 1673 5080 ut
1702 5042 1763 5082 se
1793 5024 1854 5082 in

184 5096 419 5171 talibus
448 5112 664 5170 habere
692 5110 860 5180 solet,
892 5111 1167 5186 ignavum
1225 5110 1514 5185 quidquid
1544 5113 1853 5171 rusticana;

189 5201 390 5275 plebis
420 5201 534 5259 fuit
563 5204 752 5258 totum
785 5200 857 5256 ad
877 5199 1029 5259 hanc
1061 5200 1277 5257 famam
1308 5200 1585 5257 conﬂuit:
1618 5202 1857 5276 pamitet

188 5291 447 5365 insuper
475 5290 525 5348 si
553 5307 667 5347 non
694 5293 783 5348 est
803 5288 915 5346 sibi
938 5290 1323 5360 morbus,quo
1340 5290 1532 5345 curari
1555 5290 1851 5364 deposcat.

184 5379 365 5437 Tunc
389 5378 553 5436 ducit
582 5377 826 5448 debiles,
859 5378 1081 5443 confert
1105 5376 1472 5447 munuscula,
1496 5378 1739 5455 pervigil
1768 5385 1852 5437 te-

186 5472 297 5526 net
328 5468 626 5537 excubias,
658 5466 1001 5542 p’restolans
1031 5466 1336 5542 repentina
1380 5460 1517 5525 fore
1545 5469 1850 5539 miracula,

186 5562 422 5630 quae,ut
450 5555 1044 5630 diximus,aliquoties
1070 5550 1492 5630 permittuntur
1520 5557 1697 5614 ﬁeria
1726 5576 1849 5615 ma-

184 5643 380 5727 lignis
403 5645 711 5727 spiritibus
738 5644 1072 5722 tentatorie,
1098 5644 1351 5725 peccatis
1373 5643 1683 5708 hominum
1712 5663 1856 5729 prae-

1971 3316 2284 3373 deveniens
2313 3318 2649 3375 intereram.
2709 3318 2915 3375 Aiebat
2960 3337 3254 3394 namque:
3288 3346 3314 3373 «
3350 3324 3623 3397 Apparet,

1970 3406 2265 3478 inquiens,
2299 3406 2445 3462 mihi
2492 3413 2665 3464 noctu
2720 3409 2984 3483 angelus,
3022 3417 3336 3485 narretque
3367 3428 3433 3469 ac
3462 3414 3660 3471 doret‘

1971 3512 2334 3569 quascunque
2364 3513 2457 3553 me
2486 3497 2631 3554 velle
2664 3499 2810 3555 scire
2858 3501 3101 3571 noverit,
3134 3506 3191 3557 et
3236 3503 3437 3558 tandiu
3470 3504 3625 3577 apud

1970 3601 2064 3641 me
2095 3590 2316 3658 manet,
2350 3603 2538 3659 usque
2583 3587 2724 3643 dum
2771 3605 2877 3661 ego
2937 3591 3205 3648 recedere
3258 3593 3561 3667 compello.
3596 3616 3625 3644 »

1970 3673 2118 3730 Cum
2150 3692 2284 3731 vero
2316 3676 2385 3730 ad
2414 3676 2536 3731 haec
2583 3678 3002 3750 respondentes
3063 3681 3517 3750 sciscitaremus,
3552 3700 3625 3739 an

1972 3762 2109 3837 vigil
2141 3780 2244 3820 seu
2278 3765 2568 3821 insomnis
2608 3767 2717 3822 hoc
2772 3772 3052 3839 cerneret,
3087 3771 3427 3843 subjunxit:
3462 3796 3491 3823 ιι
3519 3777 3629 3829 Per

1970 3852 2235 3926 singulas
2266 3871 2411 3927 pene
2442 3859 2640 3911 noctes
2681 3856 2854 3930 eripit
2884 3875 2975 3927 me
3034 3859 3276 3931 angelus
3306 3876 3337 3916 c
3388 3860 3625 3931 lectulo,

1971 3959 2147 3999 uxore
2174 3959 2304 3998 mea
2334 3943 2765 4017 ignorante,qui
2790 3952 2924 4019 post
2956 3947 3141 4005 multa
3160 3948 3452 4022 colloquia
3467 3950 3625 4007 salu-

1970 4034 2101 4086 tans
2134 4046 2228 4087 me
2287 4036 2460 4105 atque
2517 4034 2866 4090 deosculans
2923 4037 3161 4092 recedit.
3194 4060 3222 4087 »
3254 4038 3371 4094 Nos
3392 4054 3626 4111 quoque

1968 4119 2357 4193 exspoliatum
2371 4120 2792 4177 calliditatibus
2808 4122 3202 4197 intelligentes
3228 4126 3621 4196 mendacium,

1969 4208 2353 4282 cognovimus
2368 4209 2559 4265 virum
2575 4228 2689 4266 non
2716 4211 3217 4285 angelicum,quin
3240 4214 3434 4287 potius
3465 4214 3626 4271 frau-

1968 4297 2061 4352 dis
2087 4314 2155 4353 ac
2184 4297 2571 4371 malignitatis
2615 4297 2976 4356 ministrum.
3010 4301 3290 4358 Praeterea
3316 4303 3623 4374 pontiﬁces

1968 4385 2078 4442 rite
2108 4391 2471 4460 peragentes,
2503 4388 2576 4443 ob
2608 4405 2786 4460 quam
2814 4395 3111 4459 venerant,
3126 4390 3397 4448 Ecclesiae
3418 4408 3619 4449 conse-

1968 4476 2308 4544 crationem,
2344 4475 2795 4534 intromiserunt
2824 4496 2958 4535 cum
2982 4480 3203 4538 czcteris
3235 4480 3616 4554 reliquiarum

1968 4564 2311 4638 pignoribus
2341 4581 2476 4623 ossa
2503 4564 2665 4622 illius
2697 4567 2924 4639 profani
2954 4573 3088 4625 astu
3119 4570 3471 4641 adiuventa;
3505 4589 3621 4629 non

1966 4658 2163 4709 tamen
2196 4654 2322 4710 sine
2358 4671 2572 4727 magna
2615 4656 2927 4729 utriusque
2969 4658 3158 4731 plebis
3211 4660 3620 4727 exsultatione,

1967 4759 2093 4815 qua:
2115 4743 2561 4800 innumerabilis
2600 4745 2756 4802 illico
2800 4752 3164 4804 convenerat.
3192 4749 3445 4821 Contigit
3481 4765 3619 4822 ergo

1964 4832 2082 4888 ista
2112 4832 2237 4889 ﬁeri
2266 4833 2359 4889 die
2386 4850 2477 4889 xvx
2507 4832 2902 4891 Kalendarum
2936 4837 3372 4892 Novembrium.
3400 4837 3619 4894 Idcirco

1966 4936 2196 4994 nempe,
2225 4921 2506 4993 quoniam
2537 4922 2795 4981 fautores
2824 4925 3004 4996 hujus
3036 4925 3248 4982 erroris
3279 4926 3621 4983 asserebant

1963 5035 2092 5075 esse
2121 5020 2323 5076 eadem
2346 5019 2377 5075 J
2385 5019 2500 5075 usti
2532 5021 2805 5095 martyris
2831 5023 3091 5096 ossa,qui
3120 5040 3186 5079 eo
3206 5024 3299 5080 die
3321 5022 3617 5082 Bellovaco

1963 5107 2280 5165 Galliarum
2295 5126 2508 5182 passus
2522 5110 2664 5167 urbe
2680 5113 2791 5184 ;cuj
2801 5129 2871 5168 us
2883 5112 3058 5168 etiam
3072 5110 3619 5185 caputAntissiodo-

1964 5215 2049 5267 ro,
2065 5198 2165 5254 ubi
2188 5203 2362 5255 natus
2384 5202 2441 5255 et
2456 5200 2713 5256 nutritus
2734 5200 2941 5269 fuerat,
2967 5201 3215 5258 relatum
3242 5208 3331 5259 est
3353 5207 3411 5259 et
3436 5202 3617 5260 habe--

1961 5291 2078 5343 tur.
2109 5287 2222 5343 Sed
2254 5303 2382 5361 ego,
2405 5289 2505 5360 qui
2531 5289 2611 5345 rei
2643 5290 2958 5347 novitatem
3011 5308 3310 5361 noveram,
3342 5292 3615 5349 frivolum

1963 5378 2119 5450 quod
2146 5377 2444 5434 dicebatur
2461 5380 3224 5456 asserebam.Elegantiores
3242 5387 3439 5439 tamen
3461 5382 3616 5438 viro-

1961 5483 2093 5523 rum
2128 5484 2385 5539 personaa
2414 5473 2829 5540 cognoscentes
2858 5471 3140 5544 figmenta
3169 5470 3613 5541 fallaciaeﬁdem

1960 5556 2179 5613 dabant
2207 5555 2515 5612 assertioni
2539 5573 2716 5631 quam
2748 5559 3126 5632 protuleram.
3150 5562 3327 5619 Nocte
3357 5561 3614 5635 denique

1960 5644 2248 5718 insecuta,
2273 5644 2400 5706 visa
2430 5648 2570 5707 sunt
2599 5665 2635 5709 a
2662 5648 3019 5731 quibusdam
3054 5649 3486 5714 monachorum
3507 5662 3613 5712 seu
