4036 6172
467 278 581 337 675

1440 274 1778 339 RODULFI
1825 273 2107 337 GLABRI
2153 273 2502 339 MONACHI
2544 276 2905 341 CLUNIAC.

3671 291 3780 360 6'16

470 424 719 481 aliarum
751 412 1152 488 religiosorum
1177 413 1548 465 monstruosa
1570 410 1624 464 in
1645 409 1846 465 eadem
1868 408 2111 466 ecclesia
2138 415 2192 481 Α
2222 408 2377 465 enim
2411 410 2684 482 primitus
2714 411 2833 467 haec
2873 411 3152 469 sterilitas
3200 412 3423 473 ultionis
3466 416 3520 474 in
3558 422 3771 493 partibug

467 507 1082 586 phantasmata,atque
1112 518 1146 556 a
1172 497 1528 571 locello,quo
1560 498 1788 555 inclusa
1815 498 2108 556 habeban-

461 596 951 663 turossa,formas
973 591 1275 664 nigrorum
1295 587 1631 661 EthiOpum
1650 588 1857 656 exisse,
1872 604 1976 644 nec
1990 604 2104 643 non

461 690 534 747 ab
564 685 811 744 ecclesia
839 678 1170 737 recessisse.
1203 677 1274 733 Et
1301 675 1438 733 licet
1484 675 1683 749 plures
1713 694 1867 734 sanae
1891 675 2106 735 mentis

460 771 799 835 detestabile
844 771 1193 843 ﬁgmentum
1242 764 1703 822 abominandum
1761 765 2103 835 clamarent,

453 864 668 937 vulgus
703 863 932 917 tantum
946 855 1254 913 rusticanae
1277 853 1464 927 plebis
1489 870 1840 928 mangonem
1863 871 2103 926 corrup-

455 958 585 1011 tum
618 949 824 1023 injusti
854 963 1068 1004 nomen
1100 961 1203 1018 pro
1233 944 1263 1000 J
1274 947 1404 999 usto
1433 942 1886 1021 veneransplim
1916 944 1974 998 in
1997 960 2103 999 suo

454 1038 778 1116 permansit
801 1036 1336 1094 errore.Nostamen
1351 1030 1404 1087 id
1414 1031 1564 1087 circo
1577 1031 1689 1095 ista
1701 1032 2104 1097 retulimus,ut

453 1127 875 1189 amultiformis
919 1126 1250 1181 daemonum
1289 1120 2101 1189 seuhumanorumerrorum,

451 1221 623 1296 quiin
637 1221 774 1276 orbe
806 1216 1027 1290 passim
1070 1211 1394 1277 abundant,
1427 1211 1714 1283 praecipue
1744 1211 1802 1266 in
1843 1211 2102 1266 fontibus

451 1329 554 1369 seu
568 1307 962 1367 arboribusab
1002 1304 1173 1377 aegris
1204 1303 1433 1361 incaute
1470 1301 1778 1369 veneratis,
1811 1306 2098 1357 caveatur.

1093 1409 1325 1471 CAPUT
1360 1408 1457 1475 IV.

588 1510 668 1565 De
693 1507 851 1579 fame
880 1501 1235 1559 validissima
1273 1515 1397 1575 qua:
1444 1498 1686 1569 contigit
1735 1497 1794 1553 in
1824 1498 1959 1554 orbe

1120 1581 1438 1628 terrarum.

520 1662 1061 1737 Imminenteigitur
1079 1678 1231 1719 anno
1247 1658 1532 1716 incarnati
1553 1657 1766 1714 Christi
1789 1656 2100 1714 millesimo

446 1757 741 1816 tricesimo
762 1753 953 1818 tertio,
978 1751 1077 1824 qui
1100 1754 1191 1807 est
1206 1767 1239 1805 a
1261 1747 1531 1823 passione
1553 1747 1817 1819 ejusdem
1840 1745 2096 1803 Salvato-
2130 1787 2176 1854 Β

447 1849 528 1905 ris
558 1842 1127 1910 millesimus,obiere
1155 1840 1262 1895 viri
1294 1839 1354 1894 in
1386 1839 1523 1894 orbe
1544 1837 1804 1893 Romano
1834 1836 2100 1892 famosis-

443 1936 904 2007 simi,sacraeque
935 1928 1235 2003 religionis
1282 1926 1567 2001 signiferi,
1602 1925 1950 1981 Benedictus
1982 1924 2098 1997 (25)

442 2026 713 2083 videlicet
757 2038 906 2095 papa
949 2017 1318 2085 universalis,
1353 2034 1418 2073 ac
1453 2033 1570 2072 rex
1621 2017 1999 2083 Francorum,
2030 2019 2098 2070 ut

437 2117 562 2188 jam
596 2114 873 2179 diximus,
908 2111 1216 2165 Robertus.
1253 2106 1560 2163 Fulhertus
1601 2121 1835 2177 quoque
1864 2103 2094 2159 Carnoti

444 2202 760 2276 praesulum
792 2196 1293 2270 incomparabilis,
1327 2196 1415 2249 vir
1461 2193 1956 2266 sapientfssimus,
1990 2208 2095 2247 nec

445 2309 560 2349 non
592 2288 1047 2364 prmnominatus
1070 2290 1234 2359 pater
1253 2283 1673 2339 monachorum
1691 2281 2095 2353 .fundatorque

444 2379 842 2438 ccenobiorum
874 2375 1123 2449 eximius
1153 2371 1509 2438 Willelmus,
1537 2372 1607 2427 de
1637 2388 1753 2443 quo
1783 2370 1956 2426 etiam
1974 2388 2095 2443 per-

443 2470 615 2544 plura
645 2468 832 2523 forent
861 2463 1108 2520 dicenda
1149 2461 1338 2527 utilia,
1389 2460 1502 2515 nisi
1553 2459 1707 2533 quod
1765 2458 1824 2513 in
1874 2457 2091 2522 libello.

444 2575 621 2633 quem
651 2557 723 2612 de
751 2554 869 2611 vita
898 2557 956 2608 et
985 2549 1302 2607 virtutibus
1326 2547 1488 2605 illius
1521 2548 1835 2615 edidimus,
1870 2547 2094 2620 prolata

444 2647 671 2705 dudum
714 2643 893 2700 fuisse
924 2644 1269 2696 noscuntur.
1287 2637 1477 2694 Unum
1509 2640 1688 2693 restat
1712 2637 2090 2709 tamen,quod

441 2738 575 2794 novi
598 2735 820 2791 ibidem
846 2731 1091 2786 minime
1121 2727 1423 2798 contineri.
1457 2726 1725 2798 Migravit
1757 2725 1914 2781 enim
1946 2742 2092 2797 prae-

443 2827 636 2883 dictus
665 2823 836 2878 Pater
866 2839 900 2876 a
931 2818 1142 2875 saeculo
1164 2817 1234 2872 ad
1250 2795 1558 2872 beatorum
1599 2813 2093 2885 requieminNeu—

443 2914 597 2971 striae
629 2909 978 2986 partibus,in
1010 2907 1423 2964 Fiscamnense
1448 2903 1719 2960 videlicet
1738 2902 2090 2959 monasterio

442 3020 623 3076 supra
651 3015 813 3056 mare
829 2998 1121 3054 Oceanum
1158 2993 1497 3059 constituto,
1526 2993 1682 3064 quod
1713 3010 1745 3047 a
1773 2990 2088 3047 Rothoma-

441 3108 617 3166 gense
644 3091 787 3146 urbe
818 3085 1213 3161 quadraginta
1239 3084 1355 3139 fere
1385 3081 1737 3137 milliaribus
1768 3081 1964 3147 distat,
1998 3097 2086 3136 se-

2214 497 2468 555 Orientis
2493 516 2515 581 :‘
2540 499 2947 573 depopulando
2967 501 3481 572 Graeciam,devenit
3501 508 3554 564 in
3571 510 3774 573 Italiam.

2213 585 2436 644 Dehinc
2461 587 2659 644 infusa
2687 606 2790 662 per
2814 588 3290 658 Gallias,transiit
3307 594 3375 649 ad
3400 596 3661 654 universos
3685 603 3775 658 An-

2213 675 2443 749 glorum
2473 666 2742 750 populos.
2772 679 2937 735 Tunc
2965 696 3099 738 vero
3127 681 3426 740 constricta
3451 688 3560 742 tota
3582 703 3699 760 gens
3714 690 3780 747 in-

2213 763 2474 838 digentia
2495 766 2705 839 victus,
2736 767 2989 839 majores
3020 786 3086 825 ac
3143 770 3452 827 mediocres
3478 772 3612 830 fame
3635 776 3780 848 palle-

2213 854 2356 911 bant
2385 871 2520 911 cum
2550 856 2927 931 pauperibus.
2947 857 3132 914 Cessit
3156 859 3309 916 enim
3333 865 3521 933 raptus
3534 868 3779 935 potentum

2212 943 2528 1019 universali
2560 944 2791 1018 inopiae.
2825 946 2889 1004 Si
2918 947 3059 1021 quid
3088 963 3225 1021 ergo
3272 948 3449 1006 victus
3474 953 3779 1012 venundatus

2212 1033 2629 1106 reperiebatur,
2651 1035 2895 1092 arbitrio
2916 1037 3223 1094 vendentis
3244 1054 3345 1111 pro
3364 1037 3519 1094 libitu
3538 1046 3780 1099 eratexce-

2211 1121 2368 1188 dere,
2399 1139 2501 1178 seu
2523 1123 2784 1197 accipere
2813 1123 3087 1197 pretium.
3120 1124 3266 1181 Nam
3305 1125 3364 1183 in
3390 1124 3651 1201 plerisque
3671 1128 3781 1187 locis

2210 1210 2321 1266 fuit
2349 1212 2530 1267 modii
2562 1212 2815 1285 pretium
2838 1214 3142 1287 sexaginta
3164 1213 3495 1284 solidorum,
3522 1215 3648 1274 alias
3670 1235 3782 1291 quo-

2212 1316 2324 1373 que
2356 1300 2645 1357 sextarius
2703 1301 3029 1359 solidorum
3084 1299 3434 1376 quindecim.
3463 1304 3663 1362 Interea
3686 1314 3788 1380 post

2209 1406 2378 1445 esum
2399 1388 2722 1447 bestiarum
2744 1396 2801 1447 et
2835 1391 3408 1465 volucrum,urgente
3436 1393 3575 1451 fame
3595 1397 3785 1452 accerri-

2209 1494 2326 1544 ma,
2362 1494 2585 1551 coepere
2613 1478 2881 1536 homines
2901 1480 3213 1554 praeripere
3241 1481 3301 1536 in
3322 1482 3510 1540 cibum
3536 1483 3788 1541 morticina

2209 1581 2457 1638 quisque
2503 1583 2570 1623 ac
2600 1567 2760 1623 dictu
2821 1567 3134 1624 horrenda.
3188 1568 3431 1635 Quidam
3482 1587 3602 1627 vero
3644 1571 3787 1629 fecere

2209 1655 2551 1729 confugium
2577 1655 2887 1712 evadendas
2928 1657 3134 1714 mortis
3178 1658 3254 1713 ad
3299 1659 3512 1715 radices
3562 1658 3788 1716 silvarum

2209 1744 2538 1817 herbasque
2585 1745 2921 1815 ﬂuviorum,
2952 1747 3055 1803 sed
3105 1747 3531 1821 nequidquam:
3561 1765 3659 1804 non
3684 1764 3789 1820 ergo

2206 1832 2512 1906 aufugium
2560 1833 2658 1889 irae
2713 1833 2952 1893 ultionis
2998 1835 3123 1907 Dei,
3168 1835 3282 1892 nisi
3326 1837 3398 1893 ad
3446 1836 3790 1909 semetipsum.

2204 1926 2412 1978 Horret
2440 1921 2692 1996 denique
2739 1924 2952 1980 referre
2991 1940 3118 1997 quae
3175 1928 3317 1982 tunc
3363 1926 3551 2000 generi
3582 1925 3790 1982 humano

2206 2012 2612 2084 corruptiones
2668 2013 3028 2069 acciderunt.
3080 2014 3230 2070 Heu!
3271 2015 3414 2088 proh
3467 2012 3792 2087 doloriquod

2205 2099 2345 2156 olim
2368 2118 2497 2157 raro
2529 2101 2716 2156 audiri
2741 2102 3215 2175 contigerit,tunc
3234 2102 3439 2160 rabida
3456 2103 3654 2160 inedies
3672 2120 3793 2158 com-

2205 2189 2356 2263 pulit
2386 2189 2577 2247 vocari
2601 2191 2675 2245 ab
2715 2190 3055 2247 hominibus
3109 2190 3405 2249 humanas
3441 2209 3643 2249 carnes.
3669 2191 3790 2248 Arri-

2203 2279 2515 2351 piebantur
2535 2283 2733 2337 autem
2763 2279 2989 2337 viantes
3020 2298 3054 2336 a
3075 2298 3136 2338 se
3164 2281 3614 2353 praevalentibus,
3643 2297 3791 2337 mem-

2202 2368 2535 2441 bratimque
2554 2367 2966 2424 dividebantur
2978 2369 3228 2443 igneque
3244 2371 3462 2427 decocti
3474 2370 3791 2427 vorabantur.

2203 2457 2371 2513 Multi
2399 2473 2632 2530 quoque
2663 2457 2871 2514 deloco
2894 2458 2967 2514 ad
2982 2457 3176 2515 locum
3194 2458 3413 2516 famem
3434 2460 3680 2533 fugiendo
3702 2475 3796 2530 per-

2201 2552 2404 2620 gentes
2434 2545 2706 2619 hospitiis
2732 2546 2966 2620 recepti,
2995 2553 3296 2621 noctuque
3328 2548 3592 2622 jugulati,
3621 2547 3795 2620 quibus

2199 2634 2464 2708 susbepti
2496 2636 2721 2705 sunt,in
2752 2636 2950 2692 cibum
2977 2635 3639 2710 fuerunt.Pleriquevero
3652 2651 3790 2709 pomo

2199 2729 2434 2781 ostenso
2447 2724 2534 2781 vel
2560 2740 2667 2781 ovo
2679 2725 2897 2798 pueris,
2934 2726 3006 2782 ad
3021 2730 3248 2782 remota
3282 2726 3681 2784 circumventos
3696 2728 3792 2780 tru-

2198 2813 2537 2886 cidatosque
2588 2814 3030 2870 devoraverunt.
3061 2818 3322 2887 Corpora
3349 2815 3720 2872 defunctorum
3745 2829 3791 2867 in

2196 2902 2342 2958 locis
2373 2901 2644 2975 plurimis
2674 2903 2745 2958 ab
2805 2907 2985 2960 humo
3037 2903 3262 2975 evulsa,
3296 2903 3658 2961 nihilominus
3683 2901 3792 2957 fami

2197 2992 2613 3048 subvenerunt.
2634 2990 2768 3055 Quae
2787 2990 3038 3064 denique
3060 2992 3244 3049 rabiei
3268 2993 3524 3050 insanies
3539 2992 3594 3048 in
3609 2995 3794 3048 tantum

2197 3081 2463 3148 excrevit,
2508 3084 2574 3136 ut
2619 3079 2805 3137 tutius
2859 3085 3188 3137 moraretur
3237 3081 3576 3139 solidarium
3616 3082 3795 3150 absque

440 3157 758 3254 pultusque
787 3157 988 3245 est,uti
1018 3157 1245 3231 tantum
1272 3172 1625 3228 condecebat
1652 3170 1931 3237 virum,in
1960 3168 2086 3226 loco
2116 3157 2161 3226 C
2195 3173 2428 3244 raptore
2448 3185 2634 3243 genus
2656 3170 2947 3242 pecudum
2969 3185 3149 3243 quam
3168 3169 3639 3228 hominum.Nam
3657 3166 3796 3225 veluti

442 3270 665 3343 Optimo
695 3267 959 3339 ejusdem
1004 3262 1280 3319 ecclesia).
1337 3260 1475 3316 Post
1519 3259 1744 3331 aliquot
1792 3275 1925 3315 vero
1964 3259 2090 3315 dies

441 3356 684 3429 contigit
706 3360 770 3412 ut
790 3352 1068 3427 puerulus
1091 3353 1270 3407 ferme
1295 3348 1568 3405 decennis
1589 3346 2091 3404 validaconfectus

440 3444 787 3519 aegritudine
817 3443 887 3497 ad
920 3440 1252 3513 sepulcrum
1288 3437 1447 3494 illius
1477 3437 1667 3509 gratia
1682 3438 2089 3509 recuperandae

441 3532 711 3591 sanitatis
741 3533 1069 3593 duceretur,
1102 3527 1299 3599 ibique
1349 3543 1384 3581 a
1434 3526 1776 3597 parentibus
1804 3526 2090 3582 dimissus

442 3622 772 3679 decubabat
802 3619 983 3676 solus.
1017 3617 1125 3682 Qui
1156 3614 1351 3672 subito
1385 3614 1721 3689 respiciens,
1740 3615 1886 3669 vidit
1915 3631 2093 3686 super

440 3711 598 3768 idem
630 3709 967 3783 sepulcrum
998 3705 1348 3762 insidentem
1382 3702 1667 3759 aviculam
1716 3703 1962 3758 formam
1996 3720 2092 3759 co-

441 3801 656 3856 lumbze
689 3799 1297 3872 praeferentem,quam
1327 3792 1427 3848 diu
1458 3791 1696 3848 intuens
1717 3791 2089 3848 obdormivit.

441 3889 662 3946 Dehinc
691 3887 809 3945 leni
839 3884 1104 3959 expletus
1133 3880 1654 3955 somno,evigilans
1675 3880 1756 3937 ita
1785 3898 1847 3936 se
1878 3882 2096 3954 reperit

439 3976 817 4044 incolumem,
849 3992 915 4032 ac
946 3973 996 4030 si
1042 3970 1188 4029 nihil
1246 3969 1612 4044 aegritudinis
1669 3969 2083 4042 persensisset.

440 4067 784 4140 Suscipiunt
811 4065 1010 4137 itaque
1039 4062 1153 4118 laeti
1185 4064 1456 4134 parentes
1487 4075 1685 4127 suum,
1717 4058 1786 4114 ﬁt
1817 4058 2094 4115 omnibus

441 4172 756 4214 commune
784 4152 1088 4228 gaudium.
1112 4148 1386 4224 Sequenti
1411 4150 1609 4221 itaque
1638 4151 1901 4220 tempore
1922 4146 2097 4220 cmpit

442 4246 504 4303 in
536 4244 806 4300 universo
827 4242 966 4298 orbe
1010 4246 1300 4297 terrarum
1344 4238 1531 4294 fames
1576 4236 1995 4304 convalescere,
2029 4252 2097 4292 ac

440 4334 711 4391 interitus
740 4347 887 4405 pene
917 4328 1173 4385 universi
1204 4326 1450 4384 humani
1494 4325 1725 4399 generis
1762 4325 2092 4382 imminere.

439 4424 587 4480 Nam
617 4420 931 4494 temperies
957 4419 1109 4474 aeris
1132 4417 1216 4473 sic
1237 4415 1648 4488 intempestiva
1671 4418 1761 4470 est
1776 4415 1998 4484 effecta,
2034 4418 2099 4470 ut

2188 3260 2317 3331 jam
2348 3260 2405 3315 in
2434 3276 2609 3315 usum
2640 3259 2909 3317 devenire
2938 3260 3176 3317 deberet
3202 3277 3417 3318 carnes
3446 3261 3706 3317 humanas
3722 3273 3794 3312 co-

2199 3348 2375 3416 medi,
2407 3346 2648 3420 quidam
2678 3348 2946 3406 decoctae
2979 3348 3188 3405 detulit
3213 3349 3629 3407 venundandas
3654 3347 3703 3402 in
3728 3345 3797 3402 fo-

2199 3453 2331 3495 rum
2362 3435 2798 3503 Trenorchii,ac
2823 3437 2873 3492 si
2905 3435 3156 3494 fuissent
3184 3437 3444 3512 alicujus
3473 3433 3796 3512 pecudis.Qui

2196 3525 2618 3600 deprehensus,
2651 3526 2872 3583 crimen
2920 3524 3124 3601 ﬂagitii
3172 3543 3295 3584 non
3340 3526 3601 3601 negavit;
3628 3521 3796 3581 deinde

2198 3619 2454 3672 arctatus
2480 3615 2641 3684 loris,
2674 3616 2810 3689 igne
2856 3621 3153 3672 crematus
3206 3621 3323 3674 est.
3381 3621 3614 3674 Carnem
3642 3618 3797 3670 autem

2196 3702 2360 3760 illam
2384 3704 2564 3760 humo
2586 3704 2936 3761 absconsam
2953 3704 3415 3776 alteretl‘odiens,
3451 3709 3618 3762 noctu
3645 3715 3801 3759 come-

2200 3793 2441 3848 dit.Pari
2464 3793 2637 3849 modo
2656 3798 2713 3849 et
2735 3793 2832 3850 ille
2852 3792 2986 3868 igne
3015 3794 3365 3853 combustus
3386 3800 3494 3852 est.
3521 3795 3616 3851 Est
3635 3801 3802 3861 nempe

2199 3879 2444 3937 ecclesia
2473 3899 2509 3937 a
2538 3881 2768 3938 civitate
2787 3882 3211 3939 Matisconense
3226 3883 3424 3941 tribus
3453 3885 3566 3940 fere
3590 3878 3804 3937 millibus

2203 3968 2517 4040 distans,in
2548 3969 2695 4027 silva
2723 3971 3035 4027 Castanedi
3058 3972 3191 4041 sita,
3216 3973 3350 4029 sine
3380 3971 3544 4046 plebe
3572 3966 3805 4032 solitaria,

2203 4062 2406 4115 sancto
2435 4058 2648 4116 Joanni
2678 4058 3072 4117 dicata.Juxta
3102 4076 3283 4132 quam
3304 4059 3590 4118 locaverat
3609 4055 3807 4131 quidam

2201 4147 2396 4205 feralis
2426 4147 2601 4204 homo
2629 4148 2958 4221 tugurium,
2991 4149 3092 4221 qui
3143 4149 3368 4207 ibidem
3419 4145 3808 4206 multitudinem

2207 4236 2639 4293 transeuntium
2672 4237 2757 4293 vel
2784 4237 2858 4292 ad
2888 4253 2951 4293 se
3003 4237 3422 4295 divertentium
3452 4236 3745 4303 trucidans,
3763 4230 3810 4285 in

2205 4325 2695 4383 nefandissimum
2720 4325 2976 4399 sumpsit
2994 4325 3545 4400 edulium.Contigit
3563 4322 3812 4397 siquidem

2206 4432 2326 4472 una
2357 4414 2680 4485 dierum,ut
2705 4414 2793 4471 vir
2822 4414 3062 4488 quidam
3084 4432 3219 4471 cum
3253 4416 3503 4473 muliere
3522 4415 3651 4472 illuc
3667 4410 3815 4467 diver

441 4511 668 4569 nullius
699 4508 952 4566 sationis
982 4506 1310 4580 proveniret
1354 4508 1589 4594 tempus
1618 4519 2098 4594 congruum,rnec
2130 4529 2175 4594 D
2206 4508 2337 4562 tens
2366 4505 2437 4561 ad
2487 4503 2831 4594 hospitium,
2877 4503 3185 4594 paululum
3241 4505 3592 4594 conquievit.
3632 4498 3815 4594 Dehinc

447 4598 726 4658 messioni
761 4597 1054 4671 praecipue
1083 4596 1156 4651 ob
1187 4592 1597 4650 inundantiam
1618 4610 1906 4666 aquarum
1953 4593 2101 4649 foret
2130 4586 2169 4594 ’”
2209 4610 2345 4650 cum
2375 4594 2614 4649 duceret
2643 4592 2845 4649 oculos
2867 4609 2970 4665 per
2998 4592 3249 4666 angulos
3295 4592 3540 4667 tugurii,
3566 4586 3817 4664 prospexit

441 4693 839 4765 opportunum
854 4730 866 4742 .
880 4684 1244 4740 Videbantur
1256 4682 1410 4739 enim
1432 4682 1584 4738 inter
1604 4682 1795 4754 seipse
1808 4681 2097 4737 elementa

439 4795 700 4853 pugnam
730 4775 1035 4833 discordiae
1078 4788 1268 4845 agere,
1301 4788 1437 4826 cum
1496 4770 1701 4844 procul
1750 4770 1926 4827 dnbio
1974 4771 2096 4826 vin-

442 4869 662 4925 dictam
717 4867 1051 4922 exercerent
1097 4862 1371 4917 humanze
1430 4857 1774 4916 insolentiae.
1820 4859 2095 4916 Assiduis

440 4959 598 5014 enim
631 4956 924 5012 imbribus
951 4953 1033 5009 ita
1049 4949 1347 5024 compluta
1366 4948 1774 5005 eratuniversa
1802 4948 1997 5018 tellus,
2030 4953 2096 5005 ut

440 5045 500 5101 in
533 5046 722 5117 spatio
754 5045 933 5100 trium
964 5057 1254 5099 annorum
1314 5037 1459 5094 nulli
1516 5038 1910 5110 reperirentur
1945 5037 2091 5094 sulci

443 5132 618 5189 utiles
648 5132 997 5188 seminibus.
1031 5131 1319 5202 Tempore
1366 5142 1601 5200 quoque
1652 5127 1862 5183 messis
1903 5125 2096 5182 herbae

444 5224 905 5295 agrestes,atque
930 5219 1129 5276 infelix
1150 5216 1378 5289 lolium,
1412 5218 1593 5271 totam
1625 5220 1976 5287 operuerant
2004 5233 2098 5272 su-

443 5309 741 5385 perficiem
769 5325 1065 5382 agrorum.
1112 5307 1339 5364 Modius
1393 5321 1628 5378 quoque
1683 5304 1963 5361 sementis
1996 5305 2095 5362 ubi

443 5399 634 5473 magis
683 5396 1042 5472 proficiebat,
1093 5396 1374 5452 reddebat
1410 5394 1470 5450 in
1521 5412 1711 5451 messe
1754 5394 2093 5463 sextarium,

442 5490 687 5566 ipseque
717 5486 1005 5543 sextarius
1034 5484 1127 5541 le
1153 5483 1440 5541 referebat
1485 5483 1800 5558 pugillum.
1833 5487 2098 5557 Coeperat

515 5578 627 5667 (25)
656 5578 871 5640 Joann.
901 5574 1043 5649 XIX,
1076 5590 1193 5637 non
1224 5572 1593 5649 Benedictus,
1628 5590 1723 5633 an.
1759 5573 1898 5635 1033
1928 5572 2093 5632 obiit.

2204 4684 2548 4739 detruncata
2578 4682 2771 4755 capita
2795 4682 3079 4749 virorum,
3112 4686 3290 4754 atque
3324 4680 3653 4749 mulierum,
3674 4681 3723 4732 et
3747 4674 3818 4729 in-

2206 4771 2477 4828 fantium.
2506 4771 2613 4835 Qui
2646 4771 2915 4843 protinus
2964 4769 3198 4863 palluit,
3228 4770 3432 4844 egredi
3463 4767 3706 4863 cupiens,
3735 4759 3817 4817 sed

2206 4860 2446 4933 pestifer
2473 4859 2572 4915 ille
2600 4876 2907 4933 possessor
2961 4855 3181 4932 tugurii
3229 4860 3518 4932 renitens,
3547 4855 3600 4913 vi
3619 4862 3819 4912 manere

2203 4948 2610 5022 compellebat.
2644 4949 2754 5004 Sed
2801 4947 2898 5004 ille
2930 4948 3354 5023 pertimescens
3386 4948 3590 5005 mortis
3619 4942 3817 5012 decipu-

2200 5038 2341 5106 lam,
2373 5038 2693 5111 praevaluit,
2727 5037 3106 5110 concitusque
3129 5038 3201 5095 ad
3224 5037 3523 5096 civitatem
3536 5050 3661 5093 cum
3673 5042 3820 5089 uxore

2206 5126 2476 5200 perrexit.
2508 5127 2593 5182 Ad
2620 5143 2797 5199 quam
2823 5125 3080 5197 veniens,
3108 5127 3263 5200 quod
3286 5128 3638 5201 comperetat
3655 5114 3817 5177 Ottoni

2209 5216 2430 5287 comiti,
2462 5217 2800 5288 ueterisque
2842 5216 3067 5273 civibus
3115 5215 3416 5273 indicavit.
3448 5213 3555 5281 Qui
3589 5208 3818 5288 protinus

2206 5305 2505 5362 mittentes
2541 5306 2698 5362 viros
2746 5304 3236 5378 quamplurimas,
3282 5305 3389 5378 qui
3435 5305 3514 5360 rei
3553 5300 3817 5359 veritatem

2206 5395 3023 5468 inquirerent,pergentesque
3041 5394 3295 5451 velocius
3318 5392 3652 5467 repererunt
3678 5383 3818 5443 illum

2208 5482 2684 5543 crudelissimum
2707 5483 2767 5541 in
2789 5500 2897 5544 suo
2917 5484 3151 5560 tugurio
3169 5498 3303 5541 cum
3327 5475 3819 5558 quadragintaocto
