4036 6172
235 303 348 377 6117

1107 311 1651 381 HISTORIARUM
1697 313 1903 380 LIBRI
1950 318 2329 392 QUINQUE.
2377 353 2454 363 ——
2497 318 2644 382 LIB.
2691 318 2797 384 ιν.
3445 315 3454 320 ”
3536 323 3657 384 6'78

235 446 527 521 capitibus
549 445 1261 525 trucidatorum,quorum
1285 464 1489 504 carnes
1513 465 1611 503 ore
1634 447 1892 504 bclluino
1922 455 1974 520 Α
2009 451 2142 505 Erat
2167 452 2319 506 enim
2345 452 2398 506 in
2425 451 2762 507 hominibus
2786 453 3049 525 quoniam
3073 454 3291 510 duritia
3313 459 3500 514 cordis
3522 477 3657 517 cum

232 541 556 594 voraverat.
593 536 774 599 Quem
808 523 1166 592 deducentes
1199 539 1269 591 ad
1304 538 1626 604 civitatem,
1663 537 1718 592 in
1755 556 1894 610 quo-

233 629 366 685 dam
402 625 615 682 horreo
648 623 956 696 religatum
990 625 1060 680 ad
1087 625 1368 698 stipitem,
1405 632 1468 682 ut
1494 626 1602 699 ipsi
1635 632 1893 699 postmo-

234 721 375 774 dum
407 715 843 788 conspeximus,
862 713 998 786 igne
1027 715 1500 770 combusserunt.
1524 717 1688 770 Tunc
1718 716 1896 771 etiam

235 809 632 882 pertentatum
651 808 755 884 test
787 803 845 858 in
877 803 1097 859 eisdem
1122 803 1578 876 partibus,quod
1602 821 1896 877 nusquam

242 894 641 969 comperimus
670 893 1009 965 quempiam
1059 892 1283 948 fecisse.
1335 893 1696 949 Eﬂ‘odiebant
1741 895 1897 950 enim

242 986 508 1060 plerique
530 982 723 1038 albam
749 983 996 1037 humum
1021 981 1240 1054 argillae
1257 982 1532 1049 similem,
1552 984 1904 1055 permiscen-

236 1084 321 1133 tes
351 1077 648 1147 quantum
681 1076 805 1127 erat
837 1071 1055 1137 farinae,
1085 1070 1175 1126 vel
1207 1072 1522 1140 cantabro;
1556 1073 1763 1128 exinde
1795 1089 1898 1144 pa-

241 1183 344 1225 nes
376 1161 866 1224 conﬁciebant,ut
895 1160 983 1216 vel
1014 1160 1097 1216 sic
1126 1159 1330 1215 inediae
1365 1161 1878 1217 mortis-succurre

241 1259 388 1314 rent.
423 1253 488 1309 In
520 1251 630 1307 hoc
658 1249 1020 1306 conﬁciendo
1043 1266 1177 1321 spes
1200 1254 1431 1306 tantum
1453 1255 1578 1305 erat
1596 1236 1902 1306 evadendi-

235 1347 334 1406 sed
367 1343 669 1416 profectus
701 1339 914 1394 inanis.
947 1339 1203 1395 Tenebat
1246 1355 1384 1412 ergo
1416 1339 1605 1412 pallor
1632 1344 1689 1394 et
1722 1325 1899 1396 maci:

230 1435 417 1494 lentia
435 1449 541 1489 ora
561 1435 930 1496 cunctorum,
945 1428 1214 1500 cutisque
1236 1429 1499 1485 distensa
1517 1429 1817 1486 inﬂatione
1841 1429 1899 1484 in

236 1521 602 1598 plurioribus
633 1518 971 1591 apparebat,
1000 1517 1258 1590 ipsaeque
1287 1534 1456 1573 voces
1485 1517 1754 1573 humana:
1780 1534 1902 1589 per.

239 1611 420 1670 exiles
450 1611 686 1674 edoctae,
728 1607 988 1679 garritus
1034 1605 1414 1662 morientium
1465 1607 1659 1663 avium
1706 1607 1898 1662 imita-

231 1703 476 1758 bantur.
492 1700 659 1755 Tunc
683 1695 1068 1751 nihilominus
1089 1712 1119 1751 e
1137 1687 1516 1751 cadaveribus
1534 1699 1898 1751 mortuorum

225 1791 455 1864 passim
503 1804 619 1860 prae
662 1783 1041 1840 multitudine
1073 1784 1377 1857 sepultura
1407 1784 1743 1840 carentibus
1776 1784 1899 1856 lupi

228 1877 494 1938 adescati
539 1879 671 1949 post
719 1873 958 1946 longum
1010 1880 1246 1946 tempus
1297 1875 1550 1946 praedam
1597 1889 1798 1946 cepere
1829 1890 1897 1929 ex

227 1967 598 2026 hominibus.
633 1965 700 2020 Et
730 1963 1031 2036 quoniam,
1056 1968 1123 2018 ut
1145 1963 1420 2030 diximus,
1436 1961 1666 2035 sepeliri
1692 1963 1895 2034 singu-

227 2057 398 2113 latim
433 2056 510 2111 ob
544 2052 980 2110 multitudinem
1016 2069 1129 2107 non
1165 2052 1434 2124 quibant,
1467 2055 1803 2107 constructa
1837 2052 1894 2106 in

227 2145 594 2220 quibusdam
625 2141 768 2199 locis
800 2159 834 2197 a
865 2147 1042 2197 Deum
1075 2141 1442 2211 timentibus,
1464 2157 1591 2212 qua:
1614 2140 1783 2211 vulgo
1808 2140 1897 2193 di-

227 2241 448 2292 cuntur
479 2230 769 2295 carnaria,
791 2232 846 2285 in
875 2231 1091 2302 quibus
1113 2229 1504 2303 quingenti,et
1528 2246 1594 2284 eo
1618 2230 1893 2301 amplius,

227 2342 331 2380 seu
384 2325 681 2395 quantum
731 2336 934 2391 capere
983 2323 1272 2391 poterant,
1307 2318 1633 2390 permistim
1676 2320 1897 2389 absque

226 2414 436 2470 ordine
467 2411 726 2484 projecta
758 2413 896 2463 sunt
945 2409 1278 2474 seminuda,
1315 2407 1402 2462 vel
1434 2409 1655 2480 absque
1686 2408 1896 2480 tegmi-

228 2502 429 2567 nibus,
495 2499 906 2555 defunctorum
982 2514 1244 2569 corpora.
1304 2497 1497 2552 Trivia
1551 2513 1784 2569 quoque
1843 2501 1900 2552 et

222 2606 513 2664 agrorum
543 2585 830 2643 sucoisiva
882 2601 984 2658 pro
1034 2585 1382 2641 caemeteriis
1415 2585 1803 2640 habebantur.
1837 2587 1901 2657 Si

225 2679 331 2752 qui
363 2694 506 2735 vero
554 2677 757 2732 auditu
807 2679 1212 2746 compererant
1258 2675 1411 2745 quod
1462 2674 1674 2730 melius
1714 2675 1900 2730 habe-

229 2772 387 2833 rent,
420 2767 474 2823 si
507 2766 578 2822 ad
611 2764 727 2821 alia
756 2763 1074 2819 transirent
1101 2780 1255 2830 arva,
1281 2762 1584 2835 perplures
1609 2762 1668 2818 in
1692 2763 1897 2820 itinere

233 2857 583 2914 deﬁcientes
615 2854 1031 2912 moriebantur.
1065 2853 1309 2909 Desaevit
1337 2854 1493 2908 enim
1525 2853 1583 2908 in
1617 2854 1754 2910 orbe
1785 2858 1897 2910 ter-

227 2962 459 3014 rarum,
495 2946 750 3017 peccatis
804 2943 1112 3000 hominum
1169 2943 1556 3015 exigentibus,
1609 2943 1896 3014 praedicta:

227 3033 585 3108 pestilentiae
617 3033 810 3090 clades
836 3033 893 3087 in
917 3032 1174 3104 spatium
1209 3031 1387 3086 trium
1418 3033 1900 3088 annorum.Tunc

229 3126 290 3180 in
335 3123 616 3197 expensis
664 3137 982 3195 egenorum
1027 3121 1306 3176 distracta
1335 3125 1474 3175 sunt
1519 3120 1896 3176 ecclesiarum

228 3196 606 3278 ornamenta,
657 3209 1061 3282 dispertitique
1108 3209 1390 3275 thesauri,
1434 3209 1533 3282 qui
1588 3210 1660 3264 ob
1690 3209 1797 3265 hoc
1830 3212 1887 3266 in
1919 3196 1964 3265 α

229 3301 488 3358 decretis
511 3301 750 3356 Patrum
773 3299 1151 3354 inveniuntur
1169 3298 1386 3354 ibidem
1411 3297 1685 3370 primitus
1713 3299 1893 3356 fuisse

229 3390 500 3464 repositi.
537 3389 648 3445 Sed
701 3393 990 3460 quantum
1047 3391 1350 3459 supererat
1404 3387 1668 3442 vindictae
1718 3389 1893 3459 justas

231 3480 504 3547 ultionis,
538 3478 788 3534 excessit
820 3476 1092 3532 nimietas
1138 3491 1454 3548 egenorum
1510 3476 1566 3530 in
1602 3476 1894 3550 plerisque

233 3568 378 3624 locis
409 3567 723 3623 thesauros
753 3565 1150 3622 ecclesiarum.
1187 3565 1332 3620 Nam
1383 3569 1440 3619 et
1486 3565 1598 3636 ipsi
1643 3567 1892 3622 famelici

239 3658 423 3717 nimia
452 3655 642 3712 affecti
674 3656 887 3721 inedia,
921 3655 968 3710 si
999 3654 1341 3725 contigisset
1370 3671 1469 3709 eos
1503 3655 1711 3726 repleri
1743 3655 1891 3725 cibo,

242 3743 482 3802 distenti
514 3744 812 3800 inﬂatione
845 3742 1110 3816 protinus
1131 3741 1676 3797 moriebantur.Alii
1701 3749 1893 3800 autem

246 3834 400 3891 cibos
436 3833 715 3890 manibus
755 3835 1200 3896 contrectantes,
1234 3831 1318 3885 ori
1369 3834 1661 3886 tentantes
1703 3832 1896 3904 impo-

250 3939 400 3992 nere,
431 3923 534 3980 sed
565 3920 1062 3994 conquiniscendo
1092 3919 1459 3986 deﬁciebant,
1494 3936 1607 3974 non
1637 3921 1896 3978 valentes

246 4013 474 4083 explere
505 4011 663 4082 quod
693 4009 1024 4082 cupiebant.
1058 4010 1322 4074 Quantus
1352 4008 1508 4064 enim
1541 4007 1706 4064 dolor
1734 4014 1894 4078 tunc,

248 4104 464 4170 quanta
496 4097 791 4166 mmstitia,
825 4097 925 4170 qui
965 4095 1283 4170 singultus,
1314 4097 1414 4168 qui
1446 4096 1738 4169 planctus,
1769 4116 1894 4171 quae

247 4183 512 4260 lacrymze
546 4205 582 4243 a
612 4186 754 4243 talia
799 4187 1172 4242 cernentibus
1223 4187 1368 4242 datae
1405 4190 1577 4255 sunt;
1610 4188 1898 4260 praecipue

249 4293 280 4330 a
305 4277 443 4331 viris
483 4275 892 4332 ecclesiasticae
939 4274 1257 4348 religionis,
1290 4275 1580 4349 episcopis
1627 4277 1898 4334 videlicet

249 4368 414 4438 atque
473 4364 808 4432 abbatibus,
861 4365 1164 4420 monachis
1219 4368 1276 4419 et
1323 4366 1894 4442 sanctimonialibus,

251 4454 541 4527 simulque
573 4455 849 4510 omnibus
897 4454 958 4509 in
1002 4471 1314 4510 commune
1359 4455 1669 4528 utriusque
1721 4473 1894 4514 sexus

252 4547 302 4597 et
348 4543 571 4599 ordinis
625 4543 810 4598 Deum
869 4543 1292 4610 metuentibus,
1346 4560 1459 4599 non
1509 4545 1662 4600 valet
1707 4547 1896 4619 stylus

250 4633 538 4706 quispiam
605 4631 896 4704 explicare
962 4632 1417 4688 characteribus.
1476 4633 1897 4692 ZEstimabatur

248 4720 395 4778 enim
462 4722 606 4778 ordo
654 4725 984 4794 temporum
1033 4725 1090 4777 et
1136 4720 1560 4778 elementorum
1608 4725 1898 4796 praeterita

247 4811 313 4865 ab
345 4811 510 4867 initio
543 4811 857 4867 moderans
887 4809 1103 4867 szecula
1149 4813 1207 4866 in
1245 4812 1420 4866 chaos
1452 4812 1736 4869 decidisse
1767 4832 1895 4886 per-

244 4904 507 4970 petuum,
558 4903 733 4971 atque
787 4899 1029 4955 humani
1085 4900 1314 4972 generis
1369 4899 1691 4958 interitum.
1745 4903 1893 4959 lllud

244 4994 520 5059 praeterea
545 4991 786 5060 stupore
812 4989 995 5045 nimio
1021 4987 1592 5062 permirabillimum,
1613 4992 1892 5064 quoniam

243 5076 298 5131 in
330 5083 451 5133 tam
482 5075 852 5135 clandestina
898 5077 1106 5135 divinas
1153 5079 1394 5136 ultionis
1441 5079 1770 5138 calamitate
1801 5100 1892 5140 ra-

240 5165 474 5223 rissime
527 5166 987 5239 reperiebantur,
1045 5169 1147 5242 qui
1204 5185 1308 5242 pro
1365 5169 1582 5226 talibus
1642 5173 1890 5229 contrito

243 5257 409 5312 corde
459 5261 519 5311 et
554 5255 864 5314 humiliato
914 5275 1172 5333 corpore.
1227 5263 1294 5314 ut
1339 5259 1700 5330 expediebat.
1741 5261 1892 5319 leva-

242 5349 367 5400 rent
418 5345 600 5401 corda
649 5361 783 5402 cum
833 5348 1108 5403 manibus
1157 5349 1228 5403 ad
1277 5347 1616 5414 Dominum,
1665 5350 1894 5424 sibique

241 5434 1174 5509 subvenienduminterpellarent.
1191 5438 1354 5493 Tunc
1371 5453 1580 5510 nempe
1596 5438 1893 5497 Isaianum

240 5521 380 5579 illud
425 5522 686 5595 elogium
736 5529 937 5583 nostro
985 5526 1292 5600 impletum
1331 5531 1422 5583 est
1449 5531 1708 5600 tempore
1738 5532 1893 5602 quod

241 5612 381 5685 dixit
412 5629 428 5672 :
462 5613 706 5690 Populus
742 5631 851 5678 non
882 5621 962 5677 est
989 5633 1272 5679 conversus
1303 5615 1373 5677 ad
1398 5619 1788 5696 percutientem
1816 5637 1891 5682 se.

2005 539 2357 596 hebetudine
2393 543 2628 609 mentis,
2658 549 2709 596 ct
2743 544 3017 614 quoniam
3051 544 3142 598 ille
3172 565 3440 603 summus
3472 551 3657 607 Judex

2007 633 2061 682 et
2094 634 2294 685 auctor
2325 630 2504 686 totius
2535 631 2815 688 bonitatis
2855 633 2954 687 dat
3003 632 3144 689 velle
3198 653 3396 707 rogare
3445 657 3524 710 se,
3559 644 3658 716 qui

2008 717 2169 773 novit
2195 720 2429 791 quando
2458 720 2666 776 debeat
2696 721 2978 776 misereri.

2659 809 2890 866 CAPUT
2929 810 2996 865 ν.

2007 896 2082 950 De
2113 913 2248 967 pace
2294 905 2346 953 et
2388 898 2729 954 abundantia
2783 902 2921 954 anni
2975 903 3265 960 millesimi
3319 925 3352 962 a
3403 913 3659 980 passione

2710 989 2950 1043 Domini.

2079 1075 2243 1130 Anno
2275 1093 2309 1130 a
2356 1077 2628 1148 passione
2677 1077 2908 1132 Domini
2961 1078 3274 1138 millesimo
3322 1094 3657 1146 memoratae

2010 1160 2193 1217 cladis
2222 1163 2495 1234 penurias
2526 1165 2940 1237 subsequente,
2961 1166 3177 1223 sedatis
3201 1169 3531 1235 nimborum
3556 1176 3662 1231 im-

2011 1250 2214 1306 bribus
2246 1257 2510 1324 respectu
2565 1251 2770 1307 divinas
2817 1254 3096 1310 bonitatis
3138 1263 3194 1312 et
3224 1259 3654 1334 misericordiae,

2009 1340 2182 1412 ccepit
2211 1339 2340 1394 lazta
2370 1341 2544 1396 facies
2566 1341 2689 1396 cceli
2714 1341 3049 1412 clarescere,
3070 1349 3461 1422 congruisque
3483 1353 3656 1408 aethe-

2010 1429 2125 1484 reis
2177 1429 2316 1484 ﬂare
2363 1429 2708 1502 p'acidaque
2758 1431 3066 1487 serenitate
3112 1437 3656 1508 magnanimitatem

2009 1518 2337 1574 Conditoris
2368 1519 2709 1588 ostendere;
2742 1519 2970 1576 telluris
3012 1539 3244 1594 quoque
3293 1530 3411 1581 tota
3453 1545 3658 1602 super-

2011 1608 2170 1662 ficies
2201 1608 2585 1664 amicabilitcr
2604 1609 2795 1665 virens
2818 1609 3052 1683 frugum
3084 1612 3509 1673 abundantiam
3533 1619 3661 1674 fun-

2010 1696 2170 1752 ditus
2219 1697 2474 1768 inopiam
2519 1696 2855 1770 expellendo
2905 1701 3266 1771 portendere.
3318 1704 3481 1760 Tunc
3523 1723 3658 1780 ergo

2008 1786 2284 1857 primitus
2309 1801 2530 1857 coepere
2555 1785 2612 1840 in
2637 1787 2962 1858 Aquitania:
2985 1791 3247 1860 partibus
3269 1792 3342 1847 ab
3369 1795 3660 1869 episcopis

2007 1881 2064 1930 et
2093 1875 2423 1942 abbatibus,
2445 1875 2779 1947 cmterisque
2800 1877 2939 1932 viris
2963 1895 3142 1933 sacrae
3173 1879 3472 1953 religionis
3494 1886 3662 1941 devo-

2004 1965 2080 2019 tis
2111 1981 2178 2019 ex
2215 1965 2481 2019 universa
2512 1964 2698 2036 plebe,
2729 1965 3045 2020 coadunari
3093 1969 3474 2028 conciliorum
3518 1991 3658 2029 con-

2005 2060 2232 2108 ventus.
2264 2054 2349 2110 Ad
2383 2071 2529 2124 quos
2560 2053 2736 2108 etiam
2789 2053 2975 2109 multa
3024 2055 3216 2112 delata
3247 2065 3386 2116 sunt
3415 2077 3659 2135 corpora

2006 2147 2342 2198 sanctorum
2374 2148 2546 2214 atque
2570 2141 3026 2198 innumerabiles
3049 2151 3385 2203 sanctarum
3410 2151 3663 2223 apopho-

2008 2237 2140 2286 retae
2172 2231 2572 2302 reliquiarum.
2608 2231 2828 2286 Dehinc
2859 2249 2960 2303 per
3000 2233 3400 2292 Arelatensem
3427 2240 3660 2310 provin-

2008 2321 2179 2386 ciam,
2213 2327 2386 2392 atque
2437 2320 2910 2392 Lugdunensem,
2948 2322 3147 2394 sicque
3196 2341 3298 2396 per
3327 2327 3660 2386 universam

2009 2409 2430 2481 Burgundiam,
2494 2425 2683 2480 usque
2738 2408 2797 2463 in
2849 2409 3090 2467 ultimas
3142 2413 3395 2470 Francia:
3444 2423 3659 2489 partes,

2009 2516 2111 2570 per
2167 2499 2470 2553 universos
2521 2498 2894 2569 episcopatus
2943 2497 3226 2556 indictum
3273 2509 3380 2570 est,
3415 2507 3666 2576 qualiter

2010 2587 2184 2642 certis
2226 2587 2282 2641 in
2317 2586 2458 2642 locis
2509 2587 2912 2658 aprazsulibus
2947 2591 3438 2664 magnatibusque
3487 2597 3666 2652 totius

2010 2676 2206 2749 patria:
2226 2677 2293 2733 de
2316 2676 2684 2732 reformando
2705 2692 2842 2747 pace
2865 2681 2918 2730 et
2941 2694 3118 2732 sacra:
3143 2680 3273 2734 tidei
3300 2680 3663 2739 institutione

2009 2765 2442 2822 celebrarentur
2471 2763 2736 2820 concilia.
2769 2765 2930 2828 Quod
2967 2766 3141 2822 etiam
3194 2773 3314 2824 tota
3347 2770 3661 2829 multitudo

2010 2857 2291 2912 universas
2325 2854 2509 2926 plebis
2549 2852 2813 2919 audiens,
2848 2853 3108 2909 laetanter
3155 2857 3350 2913 adiere
3401 2861 3662 2928 maximi,

2009 2945 2332 3001 mediocres
2363 2961 2429 2998 ac
2461 2942 2688 2997 minimi
2727 2961 2738 2998 :
2775 2944 2957 3015 parati
2999 2945 3194 3000 cuncti
3227 2947 3460 3005 obedire
3492 2950 3658 3022 quid-

2010 3035 2150 3108 quid
2183 3037 2534 3105 prmceptum
2568 3031 2772 3087 fuisset
2803 3049 2836 3086 a
2867 3032 3202 3104 pastoribus
3237 3035 3520 3107 Ecclesia),
3548 3057 3662 3096 non

2009 3124 2206 3179 minus
2234 3119 2520 3186 videlicet,
2546 3136 2721 3190 quam
2747 3118 2795 3174 si
2825 3136 2931 3174 vox
2957 3120 3174 3177 emissa
3203 3123 3272 3178 de
3303 3124 3446 3180 caelo
3479 3126 3665 3182 homi-

2005 3214 2178 3268 nibus
2210 3211 2266 3265 in
2299 3214 2455 3265 terra
2480 3209 2834 3280 loqueretur.
2861 3210 3140 3264 Terrebat
3170 3211 3326 3267 enim
3360 3215 3664 3273 universos

2005 3301 2201 3356 clades
2257 3296 2529 3371 praeteriti
2581 3296 2884 3368 temporis,
2919 3297 3292 3370 instabatque
3347 3307 3540 3358 metus
3594 3321 3664 3358 ne

2003 3390 2468 3462 adipiscerentur
2513 3384 2871 3456 opulentiam
2923 3386 3130 3441 futura:
3185 3389 3492 3446 ubertatis.
3527 3393 3666 3448 Erat

2005 3480 2221 3552 quippe
2252 3475 2562 3548 descriptio
2601 3473 2901 3546 capitatim
2950 3475 3197 3548 digesta,
3232 3495 3350 3550 qua
3393 3480 3656 3536 contine-

2003 3569 2220 3624 bantur
2251 3573 2366 3621 tam
2403 3565 2498 3619 illa
2531 3582 2657 3636 quae
2698 3564 2821 3618 ﬁeri
2871 3565 3350 3636 prohibebantur,
3383 3586 3562 3640 quam
3594 3586 3662 3626 ea

2003 3674 2129 3730 quae
2161 3657 2366 3710 devota
2397 3654 2711 3726 sponsione
2755 3653 3140 3726 omnipotenti
3174 3656 3419 3714 Domino
3451 3659 3656 3714 oﬂ‘erre

2004 3747 2394 3801 decreverant.
2448 3743 2509 3796 ln
2559 3741 2775 3813 quibus
2806 3742 3184 3813 potissimum
3219 3751 3343 3801 erat
3376 3747 3447 3803 de
3479 3747 3662 3804 invio-

2003 3835 2165 3890 labili
2205 3851 2345 3907 pace
2375 3831 2794 3901 conservanda,
2829 3835 2894 3885 ut
2939 3831 3162 3888 scilicet
3209 3835 3315 3890 viri
3349 3837 3658 3911 utriusque

2005 3921 2379 3986 conditionis,
2396 3921 2801 3991 cujuscunque
2821 3924 2993 3974 antea
3023 3921 3271 3978 fuissent
3297 3924 3376 3980 rei
3400 3926 3658 3993 obnoxii,

2006 4013 2229 4084 absque
2262 4009 2572 4066 formidine
2598 4009 2976 4080 procederent
3018 4011 3199 4066 armis
3245 4013 3430 4068 vacui.
3461 4015 3658 4071 Praedo

2006 4117 2260 4172 namque
2289 4103 2389 4154 aut
2422 4098 2653 4152 invasor
2683 4096 2922 4152 alterius
2967 4099 3262 4155 facultatis
3307 4101 3506 4173 legum
3539 4103 3658 4158 dis-

2005 4190 2273 4247 trictione
2304 4191 2582 4251 arctatus,
2615 4185 2702 4241 vel
2733 4185 2903 4241 donis
2937 4187 3301 4254 facultatum,
3333 4207 3432 4245 seu
3467 4191 3656 4262 pcenis

2005 4277 2262 4350 corporis
2306 4275 2586 4332 acerrime
2638 4273 3004 4332 multaretur.
3054 4277 3218 4334 Locis
3271 4278 3658 4337 nihilominus

2004 4369 2186 4426 sacris
2237 4366 2501 4423 omnium
2559 4364 2938 4420 ecclesiarum
2999 4365 3185 4421 honor
3227 4371 3284 4422 et
3340 4370 3657 4424 reverentia

2004 4458 2140 4514 talis
2159 4457 2623 4522 exhiberetur,ut
2639 4454 2685 4509 si
2713 4455 2845 4525 quis
2868 4455 2938 4509 ad
2962 4472 3028 4510 ea
3050 4457 3453 4529 cujuscunque
3475 4457 3657 4531 culpae

1926 4567 1973 4632 D
2007 4547 2295 4604 obnoxius
2345 4542 2684 4615 confugium
2716 4543 2944 4612 faceret,
2980 4543 3194 4599 illaesus
3224 4546 3509 4614 evaderet,
3547 4547 3656 4603 nisi

2005 4635 2372 4694 solummodo
2400 4633 2494 4688 ille
2535 4631 2634 4704 qui
2680 4635 2916 4703 pactum
2947 4634 3233 4704 praedictae
3265 4636 3424 4706 pacis
3449 4635 3657 4692 violas-

2005 4731 2124 4794 set;
2159 4725 2252 4780 bic
2284 4728 2478 4778 tamen
2527 4725 2731 4792 captus
2781 4721 2852 4775 ab
2883 4720 3062 4778 altare
3103 4727 3501 4794 prazstatutam
3531 4725 3655 4779 vin-

2003 4816 2218 4871 dictam
2253 4813 2453 4868 lueret.
2475 4809 2710 4865 Clericis
2741 4809 3008 4866 similiter
3038 4813 3332 4880 omnibus,
3356 4811 3658 4867 monachis

2003 4910 2060 4960 et
2080 4899 2647 4966 sanctimonialibus,
2664 4903 2728 4953 ut
2750 4899 2797 4952 si
2821 4899 2954 4969 quis
2977 4917 3109 4953 cum
3133 4899 3216 4954 eis
3238 4916 3341 4971 per
3362 4900 3655 4972 regionem

2002 4998 2283 5069 pergeret,
2319 4991 2540 5048 nullam
2572 4990 2689 5044 vim
2721 4990 2794 5044 ab
2827 4989 3025 5061 aliquo
3056 4994 3369 5061 pateretur.
3400 4990 3657 5046 Plurima

1999 5090 2194 5140 autem
2248 5083 2307 5137 in
2359 5081 2581 5137 eisdem
2639 5077 2898 5134 conciliis
2946 5078 3263 5133 constituta
3312 5083 3471 5144 sunt,
3525 5096 3652 5151 quis

1997 5174 2342 5247 perlongum
2386 5169 2661 5224 duximus
2694 5167 2925 5223 referre.
2961 5166 3109 5223 Illud
3143 5185 3282 5224 sane
3315 5185 3645 5224 memoran-

2003 5265 2165 5330 dum,
2199 5260 2353 5334 quod
2386 5257 2663 5313 omnibus
2695 5256 2752 5310 in
2787 5273 3099 5313 commune
3129 5257 3370 5329 placuit,
3405 5257 3656 5330 qualiter

2001 5353 2276 5410 omnibus
2323 5345 2790 5404 hebdomadibus
2825 5347 3126 5403 sanctione
3158 5352 3455 5420 perpetua,
3489 5351 3652 5402 sexta

2003 5443 2094 5498 die
2123 5440 2516 5498 abstineretur
2546 5453 2580 5490 a
2611 5435 2763 5502 vino,
2798 5439 2855 5490 et
2897 5435 3171 5492 carnibus
3204 5437 3453 5509 septima
3487 5453 3500 5491 :
3537 5435 3650 5490 nisi

2001 5533 2146 5588 forte
2175 5527 2367 5604 gravis
2395 5523 2707 5580 inﬁrmitas
2738 5523 3131 5598 compelleret,
3152 5531 3254 5581 aut
3274 5523 3652 5581 celeberrima

2001 5619 2342 5683 solemnitas
2398 5613 2786 5675 interveniret.
2849 5614 2909 5676 Si
2974 5631 3108 5675 vero
3177 5614 3399 5676 effectio
3456 5613 3652 5694 aliqua
