4098 6164
498 296 618 360 6ῖ9
1373 314 1382 326 '
1481 303 2156 369 RODULFI'GLABRI
2203 309 2556 372 MONACIII
2600 312 2960 376 CLUNIAC.

502 431 904 500 intercederet,
937 436 1004 488 ut
1032 432 1126 490 hic
1150 436 1321 490 tenor
1340 434 1647 508 paululum
1679 435 2011 507 laxaretur;
2036 442 2155 497 tres
2184 442 2236 510 Α
2901 445 3134 504 CAPUT
3178 448 3271 508 Vl.

499 521 743 596 proinde
774 522 1242 620 pauperesvictu
1293 527 1744 620 sustentaretur.
1774 527 1937 620 Tunc
1966 526 2154 620 innu-
2265 535 2351 588 De
2378 534 2712 620 continentia
2732 536 3113 620 papa-[italiae
3159 539 3320 620 orbis,
3352 556 3470 612 qua?
3490 545 3554 600 ad
3576 546 3839 620 sepulcrm

498 629 669 669 merae
688 611 968 667 sanitates
984 616 1221 685 patratae
1239 619 1379 671 sunt
1397 615 1828 672 inﬁrmantium
1849 615 1910 672 in
1931 616 2116 673 eisder

2619 607 2841 663 Domini
2865 609 3253 682 Hierosolymis
3277 607 3421 682 [acta
3447 624 3537 671 est.
3623 607 3638 620 ⁸
3779 607 3836 642 ⁷·

499 701 881 758 conventibus
910 705 1267 759 sanctorum.
1302 704 1415 760 Sed
1444 708 1503 760 et
1533 721 1605 760 ne
1635 705 1729 760 cui
1766 704 2037 762 frivolum
2066 705 2151 761 vi-
2335 691 2442 747 P3P
2465 693 2615 749 idem
2650 698 2884 768 tempus
2912 712 2982 752 θΧ
3018 697 3287 755 πιαίνει·θο
3314 701 3449 758 (δι’δο
3475 707 3588 763 iam
3613 706 3837 767 innume-
3864 714 3871 721 ’

499 792 735 846 deretur
763 789 824 844 in
853 788 1057 845 multis
1101 790 1370 864 disrupta
1416 793 1587 861 cutis,
1619 794 1986 867 discissaque
2016 811 2115 851 car

2262 780 2465 837 rabilis
2516 783 2835 840 multitudo
2882 784 3054 858 ccepit
3097 787 3384 846 conﬂuere
3439 793 3508 848 ad
3557 797 3836 867 sepulcrum

498 878 757 934 crurium
789 883 847 934 et
874 878 1249 936 brachiorum
1292 898 1480 955 nuper
1508 898 1841 941 curvorum.
1873 882 2148 955 erigendo
2261 868 2579 928 salvatoris
2605 872 3343 948 ΗίθτοεοΙΥπὶίεθίίυδηίαω
3374 879 3561 938 minus
3583 882 3836 945 hominum

495 967 556 1023 in
573 971 790 1024 statum
814 968 1128 1040 pristinum
1148 969 1438 1042 plurimus
1454 972 1697 1044 sanguis
1716 972 2144 1028 effundebatur.
2259 958 2424 1029 Prius
2455 976 2692 1033 sperare
2720 967 2945 1034 Ροίθτθῑ
2979 981 2993 1021 ε
3027 964 3301 1037 PI’imitus
3324 968 3473 1024 θηίῐη
3502 972 3631 1027 ordo
3653 973 3839 1034 inierit).

496 1057 657 1123 Quod
704 1056 910 1128 utique
956 1057 1015 1112 in
1061 1058 1305 1126 caeteris,
1359 1076 1486 1132 quae
1539 1061 1808 1117 dubitare
1854 1064 2114 1133 poterant

2257 1046 2340 1104 ris
2372 1047 2593 1121 plebis;
2619 1050 2831 1108 deinde
2858 1069 2993 1109 vero
3021 1054 3341 1113 mediocres
3365 1076 3379 1125 ;
3403 1059 3636 1131 posthaec
3662 1078 3840 1135 pennas

454 1179 465 1189 -
493 1146 670 1202 ﬁdem
700 1146 1031 1219 praestabat.
1062 1146 1286 1211 Quibus
1316 1148 1570 1205 universi
1614 1152 1776 1204 tanto
1808 1149 2016 1205 ardore
2044 1165 2143 1204 ac-
2253 1136 2399 1192 Χίωί
2430 1139 2648 1211 (inique
2678 1145 2943 1213 P8839)“
2972 1143 3213 1200 οοωίίθε
3242 1161 3307 1200 3°
3338 1146 3704 1219 ΡνεευιθεοΑά
3729 1151 3840 1208 um!

494 1235 748 1303 ccnsi,ut
763 1251 865 1307 per
882 1252 1094 1292 manus
1107 1237 1515 1310 episcoporum
1540 1237 1813 1293 baculum
1836 1238 1906 1292 ad
1930 1236 2141 1294 coelum
2255 1241 2419 1281 mum
2441 1243 2595 1295 vero,
2611 1229 2767 1301 ςυοά
2791 1246 3091 1304 nunquam
3113 1234 3450 1307 contigerat,
3465 1236 3710 1294 mulieres
3722 1238 3841 1295 mal.

494 1324 806 1392 elevarant,
842 1323 1073 1397 ipsique
1099 1324 1311 1397 palmis
1361 1326 1615 1382 extensis
1662 1326 1734 1381 ad
1766 1325 1968 1397 Deum,
2002 1327 2141 1393 Pax,
2253 1317 2326 1370 ιε
2352 1315 2580 1373 ηοῦίὶθδ
2611 1333 2746 1374 eum
2778 1320 3224 1393 pauperioribus
3252 1320 3393 1379 illnc
3423 1341 3711 1397 perrexere.
3734 1327 3841 1384 Plus

493 1430 623 1484 pax,
657 1430 789 1485 pax,
822 1412 1180 1467 unanimiter
1227 1412 1566 1483 clamarent,
1602 1419 1667 1469 ut
1696 1418 1851 1470 esset
1877 1414 2111 1470 videlice

2254 1403 2419 1460 ribus
2443 1406 2598 1462 enim
2623 1409 2748 1463 erat
2768 1408 2982 1464 mentis
3002 1409 3360 1466 desiderium
3383 1413 3844 1487 mori,priusqnam

490 1502 728 1574 signum
762 1501 1025 1574 perpetui
1059 1502 1209 1574 pacti
1241 1503 1312 1558 de
1342 1503 1452 1558 hoc
1499 1504 1655 1575 quod
1710 1504 2145 1577 spoponderant
2253 1493 2323 1548 ad
2350 1495 2586 1567 Propria
2615 1501 3057 1553 reverterentur.
3089 1498 3347 1573 Contigit
3373 1501 3525 1559 enim
3555 1508 3617 1560 ut
3642 1505 3840 1576 (ιιιίὐειω

489 1590 643 1647 inter
663 1608 723 1647 se
753 1591 1019 1669 etvDeum
1050 1608 1063 1646 :
1096 1591 1154 1646 in
1187 1591 1295 1647 hac
1326 1596 1518 1648 tamen
1549 1593 1792 1662 ratione,
1818 1598 1883 1648 ut
1912 1592 2141 1650 evoluto
2253 1598 2288 1638 8
2318 1582 2668 1656 Burgundiaa
2693 1586 2961 1658 Partibus
2979 1601 3049 1642 ex
3066 1589 3576 1661 Augustiduuenso
3601 1592 3841 1649 terrime

490 1679 894 1754 quinquennio
926 1680 1338 1736 confirmandae
1371 1681 1531 1753 pacis
1562 1682 1753 1754 gratia
1779 1681 2037 1754 idipsum
2068 1682 2141 1737 ab
2253 1671 2609 1729 Laihbnidne
2636 1674 2875 1731 nomine
2905 1692 3040 1731 cum
3072 1675 3294 1734 cateris
3316 1677 3456 1735 illuc
3474 1681 3843 1754 pergensdeve-

487 1768 777 1826 universis
806 1768 863 1823 in
896 1768 1035 1825 orbe
1064 1769 1225 1824 ﬁeret
1254 1770 1469 1825 mirum
1516 1770 1574 1825 in
1627 1771 1889 1826 modum.
1923 1771 2105 1826 Eoden

2251 1758 2420 1816 niret.
2440 1762 2548 1827 Qui
2574 1763 2899 1836 prospectis
2928 1763 3072 1821 locis
3099 1767 3366 1822 omnium
3397 1769 3842 1838 sacerﬁmis,cam

485 1858 737 1931 denique
767 1874 919 1914 anno
956 1861 1120 1913 tanta
1147 1859 1312 1931 copia
1351 1857 1725 1915 abundantiae
1774 1858 2050 1915 frumenti
2081 1864 2140 1915 et
2172 1849 2221 1876 ”
2252 1850 2321 1905 ad
2356 1849 2526 1907 illum
2558 1851 2752 1908 100nm
2786 1853 3002 1910 montis
3047 1853 3253 1911 Oliveti
3304 1856 3596 1915 devenisse
3622 1859 3843 1933 contigit,

481 1947 621 2015 vini,
654 1951 1112 2018 ceterarumque
1142 1946 1376 2019 frugum
1411 1947 1650 2016 exstitit,
1677 1951 1895 2020 quanta
1915 1947 1973 2002 in
2006 1947 2141 2003 sub-
2251 1955 2320 1995 ex
2349 1956 2465 2012 quo
2495 1939 2761 1997 Salvator
2779 1943 2851 1998 ad
2874 1942 3050 1999 603108
3070 1946 3392 2002 ascendens
3410 1949 3496 2002 tot
3523 1948 3842 2004 cernentibus

482 2039 763 2109 sequente
779 2034 1181 2107 quinquennio
1204 2035 1521 2108 contigisse
1544 2036 1763 2109 sperari
1788 2052 1902 2092 non
1925 2035 2137 2109 potuit.
2250 2026 2477 2085 idoneis
2517 2030 2786 2099 testibus,
2818 2035 3102 2088 venturus
3150 2032 3288 2090 inde
3327 2033 3589 2107 judicare
3624 2036 3762 2093 vivos
3797 2040 3842 2092 et

480 2124 710 2197 Aliquis
759 2124 914 2178 enim
966 2124 1155 2180 victus
1207 2124 1528 2192 humanus,
1564 2130 1772 2196 praeter
1800 2141 2006 2180 carnes
2033 2141 2136 2180 seu
2251 2120 2534 2185 mortuos.
2567 2122 2657 2174 est
2704 2119 3117 2192 repromissu8.
3151 2122 3467 2195 proﬁciens
3506 2140 3566 2179 se
3606 2124 3659 2180 in
3688 2124 3842 2180 crucis

482 2212 758 2268 deliciosa
783 2211 1196 2283 pulmentaria,
1228 2212 1452 2268 nullius
1484 2216 1603 2268 erat
1636 2213 1828 2286 pretii.
1856 2214 1988 2268 Erat
2033 2230 2137 2268 au-
2248 2206 2512 2274 modum,
2542 2211 2664 2263 toto
2694 2213 3023 2280 prostratus
3049 2227 3291 2284 corpore
3315 2228 3451 2291 cum
3478 2211 3726 2286 lacrymis
3746 2212 3843 2271 iae-

478 2305 597 2357 tem
631 2302 818 2356 instar
868 2299 1028 2357 illius
1076 2301 1300 2373 antiqui
1349 2302 1588 2358 Mosaici
1632 2302 1830 2375 magni
1879 2301 2131 2358 Jubilaei.
2248 2295 2539 2352 narrabile
2569 2298 2782 2353 mentis
2804 2298 2997 2370 jubilo
3025 2300 3339 2358 exsultavit
3367 2302 3426 2357 in
3457 2302 3701 2358 Domino.
3726 2303 3839 2358 Ree-

479 2390 757 2463 Sequenti
803 2405 937 2444 vero
986 2406 1140 2445 anno
1188 2390 1355 2446 tertio
1407 2395 1466 2446 et
1513 2395 1724 2462 quarto
1770 2406 1884 2446 non
1934 2391 2134 2448 minus
2245 2383 2440 2457 rigens
2482 2402 2545 2441 ee
2592 2386 2933 2456 identidem,
2968 2388 3179 2461 palmis
3234 2391 3307 2446 ad
3357 2390 3562 2448 οωιυω
3608 2390 3836 2459 (meum,

479 2478 764 2554 provenit.
809 2478 920 2533 Sed
970 2477 1116 2533 beul
1153 2477 1298 2550 proh
1348 2479 1550 2535 dolor!
1589 2478 1848 2534 humana
1877 2479 2131 2552 denique
2243 2473 2377 2530 nisu
2406 2490 2521 2547 quo
2563 2478 2788 2547 poterat
2837 2493 3049 2549 corpus
3098 2476 3361 2535 librabat
3406 2481 3466 2535 in
3497 2479 3685 2549 altum,
3713 2480 3839 2536 acia

477 2568 656 2641 stirps
684 2567 999 2622 immemor
1026 2568 1442 2623 beneficiorum
1490 2568 1613 2634 Dei,
1647 2569 1719 2623 ab
1749 2567 1916 2623 initio
1947 2584 2131 2640 prona
2238 2579 2377 2619 voce
2394 2563 2735 2636 hujusmodi
2751 2565 3046 2637 aperiebat
3065 2567 3284 2624 mentis
3309 2568 3840 2626 desiderium.Aiebat

476 2659 547 2714 ad
581 2654 1022 2718 malum,veluti
1054 2656 1216 2712 canis
1247 2658 1318 2713 ad
1348 2656 1655 2725 vomitum,
1678 2655 1766 2712 vel
1798 2674 1899 2713 sus
1929 2655 2047 2712 lota
2066 2656 2126 2713 in
2238 2668 2496 2725 namque
2528 2670 2541 2708 :
2575 2676 2603 2703 ‹‹
2637 2654 2882 2710 Domine
2910 2654 3070 2720 Jesu,
3103 2655 3208 2728 qui
3251 2662 3488 2730 propter
3513 2675 3613 2715 nos
3639 2659 3701 2714 de
3726 2658 3837 2714 sede

474 2732 620 2804 coeni
653 2745 1047 2810 volutabrum,
1081 2744 1310 2800 irritum
1342 2746 1401 2801 in
1434 2745 1637 2801 multis
1666 2746 1849 2803 fecere
1878 2745 2124 2819 propriae
2236 2742 2565 2815 majestatis
2595 2747 2709 2799 tum
2741 2743 2813 2799 ad
2861 2746 3047 2800 terras
3090 2745 3444 2803 descendere
3495 2747 3742 2820 dignatus
3766 2761 3833 2815 es,

473 2835 809 2910 sponsionis
839 2838 1096 2907 pactum.
1130 2835 1200 2889 Et
1228 2834 1382 2891 sicut
1424 2835 1709 2907 scriptum
1739 2839 1828 2890 est
1859 2851 1873 2890 :
1910 2837 2122 2907 Impz'n-
2233 2835 2298 2887 ut
2325 2847 2513 2905 genus
2543 2832 2871 2888 humanum
2904 2832 3195 2903 salvares;
3231 2828 3453 2910 quique
3493 2852 3559 2893 ex
3594 2837 3690 2892 hoc
3712 2834 3831 2906 loco,

470 2930 672 2997 gnatus
696 2929 747 2981 et
788 2924 1049 2980 dilatam:
1098 2926 1482 2980 recalcitravit.
1516 2925 1662 2980 Nam
1696 2925 1807 2997 ipsi
1839 2925 2122 2997 primates
2232 2936 2408 2993 quem
2458 2920 2643 2977 oculis
2691 2920 2940 2991 intueor,
2973 2937 3148 2978 carne
3195 2924 3447 2980 vestitus
3495 2922 3739 2981 remeasti
3778 2922 3835 2977 ad

472 3015 778 3086 utriusque
831 3010 1054 3067 ordinis
1118 3013 1176 3067 in
1249 3012 1552 3069 avaritiam
1609 3012 1759 3069 versi
1819 3017 2119 3085 cceperunt
2228 3008 2403 3066 caelos
2433 3011 2588 3067 unde
2615 3011 3142 3068 veneraszobsecro
3165 3016 3338 3069 tuam
3368 3011 3757 3086 omnipotentis
3777 3013 3835 3068 eid

468 3119 731 3160 exercere
760 3101 1066 3175 plurimas,
1098 3106 1165 3157 ut
1194 3102 1330 3157 olim
1377 3103 1652 3170 fecerant,
1705 3101 1794 3158 vel
1843 3101 2019 3158 etiam
2050 3118 2116 3158 eo
2227 3115 2385 3155 mam
2417 3099 2755 3169 bonitatem,
2787 3103 2855 3156 ut
2883 3100 2931 3156 si
2977 3101 3086 3156 hoc
3117 3118 3278 3158 anno
3308 3106 3401 3159 est
3430 3119 3558 3159 mea
3586 3102 3757 3157 anima
3779 3116 3834 3156 ex

467 3193 741 3266 amplius,
774 3192 1010 3264 rapinas
1057 3190 1413 3264 cupiditatis.
1447 3192 1665 3248 Deinde
1696 3192 2018 3248 mediocres
2047 3207 2114 3248 ac
2143 3181 2187 3247 C
2228 3187 2337 3244 hoc
2369 3204 2608 3261 corpore
2635 3189 2978 3262 migratura,
3027 3206 3143 3245 non
3194 3191 3337 3248 hinc
3367 3193 3642 3261 recedam,
3670 3190 3755 3248 sed
3780 3189 3831 3244 in

468 3284 723 3340 minores
744 3280 1008 3353 exemplo
1031 3282 1321 3352 majorum
1344 3281 1416 3336 ad
1436 3280 1718 3336 immania
1739 3283 1877 3336 sunt
1896 3279 2118 3352 ﬂagitia
2226 3282 2539 3350 conspectu
2568 3276 2679 3333 loci
2699 3281 2814 3334 tuae
2840 3278 3203 3337 ascensionis
3224 3280 3353 3337 ﬁeri
3378 3278 3833 3355 contingat.Credo

467 3371 738 3429 devoluti.
764 3370 904 3433 Quis
928 3369 1085 3424 enim
1118 3386 1377 3442 unquam
1410 3376 1579 3424 antea
1607 3374 1803 3425 tantos
1832 3370 2115 3436 incestus,
2224 3365 2381 3421 enim
2405 3366 2683 3438 quoniam
2703 3366 2856 3423 sicut
2876 3371 2930 3423 te
2950 3373 3186 3425 secutus
3207 3385 3345 3427 sum
3366 3366 3833 3445 corpore,qualiter

471 3465 638 3517 tanta
688 3459 758 3515 ad
789 3457 1018 3524 ulteria,
1052 3462 1245 3513 tantas
1297 3458 1828 3532 consanguinitatis
1883 3457 2118 3514 illicitas
2226 3456 2299 3511 ad
2329 3456 2488 3512 hunc
2516 3456 2851 3513 devenirem
2875 3455 3104 3526 locum;
3128 3458 3216 3515 sic
3239 3459 3440 3516 anima
3468 3476 3594 3516 mea
3618 3458 3833 3515 illaesaet

468 3547 895 3623 permistiones,
928 3550 1013 3602 tot
1038 3546 1497 3603 concubinarum
1531 3547 1808 3615 ludibria,
1823 3553 1910 3604 tot
1940 3546 2117 3604 malo-
2226 3546 2489 3618 gaudens
2519 3548 2651 3618 post
2679 3549 2736 3600 te
2760 3546 2840 3602 sit
2869 3546 3211 3619 ingressura
3235 3549 3309 3605 ad
3343 3549 3686 3623 paradisum.
3706 3567 3730 3596 ‹‹
3752 3542 3833 3600 llis

467 3656 597 3694 rum
628 3634 1031 3693 aemulationes
1060 3637 1407 3693 audiverat?
1435 3636 1682 3709 Insuper
1709 3638 1781 3692 ad
1811 3637 2116 3694 cumulum
2228 3634 2530 3707 peroratis,
2562 3651 2830 3692 reversus
2878 3640 2969 3692 est
3011 3651 3146 3692 cum
3196 3638 3378 3695 sociis
3425 3639 3497 3695 ad
3532 3636 3829 3710 hospitium.

464 3726 611 3783 tanti
643 3725 805 3793 mali,
839 3742 972 3781 cum
1005 3716 1349 3797 nonpessent
1370 3725 1428 3780 in
1463 3726 1698 3799 populo,
1731 3726 1816 3782 vel
1849 3727 1985 3796 rari,
2016 3729 2118 3799 qui
2228 3724 2364 3779 Erat
2391 3728 2587 3780 autem
2612 3726 2739 3796 jam
2762 3724 2907 3780 hora
2925 3726 3177 3797 prandii.
3201 3727 3438 3784 Ceteris
3465 3742 3593 3785 vero
3620 3725 3832 3781 discum-

465 3804 705 3872 Caeteros
752 3813 1107 3887 corrigentes
1156 3814 1293 3869 talia
1340 3814 1775 3887 redarguerent,
1809 3815 2118 3888 impletum
2228 3812 2856 3877 bentibus,conversus
2886 3815 3010 3887 ipse
3039 3816 3112 3871 ad
3143 3815 3432 3873 lectulum
3460 3816 3615 3874 vultu
3643 3810 3830 3880 alacris,

464 3910 553 3963 est
581 3903 875 3977 prophetae
902 3902 1267 3975 vaticinium,
1301 3904 1457 3976 quod
1481 3903 1563 3959 ait
1594 3922 1607 3960 :
1634 3906 1700 3960 Et
1728 3906 1835 3960 crit
1862 3907 2005 3961 sicut
2028 3922 2121 3978 ρο·
2229 3919 2297 3958 ac
2325 3902 2503 3960 veluti
2531 3903 2692 3976 gravi
2725 3919 2932 3976 sopore
2960 3903 3273 3976 paululum
3306 3907 3682 3979 requieturus,
3710 3900 3833 3959 illico

457 3995 644 4068 putus,
668 3994 748 4049 sic
775 3992 1040 4049 sacerdos.
1070 3992 1400 4049 Praesertim
1430 4010 1566 4049 cum
1596 3998 1739 4049 tunc
1768 3992 1826 4048 in
1855 3995 2119 4052 saeculari
2229 4009 2486 4065 namque
2513 3992 2973 4063 obdormiscens,
3007 3994 3318 4067 ignoratur
3348 3996 3486 4069 quid
3510 3994 3834 4064 viderit,pro-

460 4085 768 4157 potestate,
784 4086 906 4136 tum
933 4082 1109 4137 etiam
1134 4082 1194 4137 in
1217 4080 1611 4138 ecclesiastica
1631 4081 2118 4155 religione,totius
2229 4082 2392 4138 tinus
2412 4082 2710 4138 dormiens
2730 4081 3077 4139 exclamavit
3099 4101 3113 4139 :
3138 4084 3344 4142 Gloria
3362 4085 3489 4156 tibi,
3504 4085 3671 4151 Deus;
3685 4076 3835 4154 gloria

462 4170 762 4246 regiminis
817 4187 1078 4244 persona:
1126 4170 1515 4227 constiterant
1560 4171 1620 4226 in
1666 4171 1873 4244 puerili
1925 4176 2116 4232 aetate.
2227 4170 2356 4238 tibi,
2390 4170 2571 4227 Deus!
2605 4169 2758 4227 Socii
2798 4186 3033 4243 quoque
3061 4171 3185 4228 haec
3216 4174 3540 4242 audientes,
3572 4166 3837 4227 monebant

461 4261 699 4332 Propter
746 4264 983 4332 peccata
1030 4260 1186 4315 enim
1237 4259 1439 4332 pepuli
1490 4260 1735 4333 contigit
1783 4264 1922 4317 tunc
1970 4260 2114 4318 illud
2226 4258 2397 4316 illum
2428 4262 2493 4315 ut
2524 4274 2772 4332 surgens
2804 4261 3281 4328 comederet.Qui
3309 4262 3626 4332 noluit,sed
3646 4261 3835 4316 vertens

460 4349 919 4414 Salomonicum,
972 4349 1127 4421 quod
1180 4349 1262 4403 ait
1294 4367 1307 4404 :
1345 4350 1435 4407 νινε
1481 4350 1603 4416 tibi,
1656 4352 1836 4406 terra!
1871 4351 2018 4407 Nam
2058 4355 2117 4408 et
2225 4365 2290 4405 se
2320 4349 2380 4405 in
2411 4348 2564 4406 latus
2595 4347 2775 4417 aliud,
2810 4348 2957 4405 dixit
2986 4367 3047 4407 se
3074 4353 3201 4423 pati
3257 4352 3481 4427 aliquid
3508 4341 3833 4408 incommodi.

458 4438 584 4512 ipse
616 4437 962 4493 universalis
995 4454 1145 4511 papa
1166 4438 1489 4506 Romanus,
1515 4455 1697 4512 nepos
1730 4437 1950 4495 scilicet
1978 4441 2118 4496 duo-
2225 4438 2648 4511 Recubansque
2695 4455 2885 4511 usque
2932 4440 3006 4495 ad
3053 4456 3390 4513 vesperum,
3422 4435 3729 4499 convocatis
3761 4431 3834 4489 sui

459 4544 590 4584 rum
622 4526 916 4582 Benedicti
949 4530 1124 4598 atque
1152 4527 1416 4592 Joannis,
1454 4526 1555 4600 qui
1588 4528 1639 4584 ei
1672 4533 2111 4601 praecesserant,
2138 4554 2187 4620 Β
2222 4527 2449 4585 itineris
2468 4526 2642 4584 sociis
2662 4527 2904 4584 vivificae
2924 4528 3292 4588 eucharistiae
3324 4531 3623 4605 requirens
3645 4521 3837 4595 accepit

458 4633 603 4690 puer
632 4616 814 4672 ferme
845 4615 1119 4671 decennis
1151 4615 1544 4674 intercedente
1573 4617 1985 4674 thesaurorum
2017 4635 2111 4691 pe-
2138 4615 2177 4620 ⁷
2218 4616 2521 4683 viaticum,
2545 4615 2780 4689 illisque
2799 4616 3049 4673 dulciter
3067 4617 3348 4678 salutatis
3368 4621 3562 4679 emisit
3579 4615 3829 4692 spiritum-

457 4705 633 4762 cunia
661 4704 879 4761 electus
910 4704 1130 4761 exstitit
1160 4722 1194 4759 a
1224 4706 1525 4762 Romanis.
1558 4710 1604 4760 A
1654 4706 1871 4779 quibus
1902 4707 2109 4765 exinde
2222 4705 2336 4763 Iste
2359 4703 2559 4778 procul
2578 4704 2757 4761 dubio
2780 4704 3349 4776 liberavanitate,ob
3365 4727 3540 4785 quam
3560 4703 3715 4764 multi
3735 4715 3836 4775 pro-

457 4796 791 4868 frequenter
817 4795 1037 4867 ejectus
1067 4812 1134 4851 ac
1164 4794 1473 4851 inhoneste
1504 4800 1774 4869 receptus
1808 4796 1974 4853 nulla
2003 4814 2112 4870 po-
2222 4795 2589 4865 ficiscuntur,
2620 4799 2686 4850 ut
2716 4794 3086 4853 solummodo
3108 4797 3412 4856 mirabiles
3434 4799 3752 4860 habeantur,
3777 4789 3834 4844 de

456 4888 667 4941 testate
696 4883 899 4959 viguit.
934 4884 1023 4951 Et,
1058 4888 1123 4940 ut
1158 4884 1287 4956 jam
1320 4884 1593 4958 superius
1623 4885 1971 4956 taxavimus,
2005 4904 2112 4943 θεε-
2222 4882 2755 4958 Hierosolymitano
2772 4885 2978 4942 itinere
2995 4886 3055 4942 in
3073 4888 3317 4945 nomine
3334 4887 3562 4946 Domini
3581 4886 3708 4943 Jesu
3729 4877 3839 4935 fide.

455 4976 611 5029 teros
641 4977 782 5030 tunc
833 4973 1115 5046 temporis
1164 4973 1559 5030 Ecclesiarum
1602 4972 1872 5047 praelatos
1901 4992 2112 5032 aurum
2222 4973 2357 5032 liter
2376 4974 2581 5048 petivit
2600 4973 3834 5051 patrem,quodetaceepit.Cujussociirever-

457 5063 651 5136 potius
703 5063 793 5121 vel
849 5067 1161 5137 argentum
1218 5062 1510 5120 exaltabat
1566 5081 1744 5137 quam
1815 5066 2112 5122 meritum.
2222 5068 2433 5133 tentes,
2452 5063 2622 5120 nobis
2646 5079 2715 5120 ea
2733 5081 2860 5137 quae
2881 5064 3137 5123 diximus
3159 5067 3491 5124 retulerunt
3511 5061 3831 5140 positistune

455 5152 604 5209 Proh
649 5152 878 5227 pudor!
914 5153 985 5209 de
1026 5152 1122 5209 his
1170 5152 1606 5210 evidentissima
1656 5154 1961 5228 Scriptura
2011 5157 2114 5225 ait,
2226 5154 2382 5227 apud
2420 5154 2608 5210 Besue
2643 5154 3088 5235 monasterium.
3119 5156 3341 5213 Eodem
3382 5156 3591 5231 quippe
3610 5152 3831 5235 tempore

451 5240 570 5300 imo
626 5259 692 5301 os
750 5242 939 5318 ipsius
969 5242 1069 5299 Dei
1101 5259 1115 5298 :
1149 5244 1434 5317 Principes
1488 5246 1836 5314 exstiterunt,
1873 5253 1922 5302 et
1992 5262 2100 5302 non
2210 5231 3833 5320 OdolricusAurelianorumprmsulillucpergens,quidVK

450 5334 698 5406 οωπουί.
2211 5334 2363 5391 derit
2384 5334 2672 5406 nobisque
2697 5333 3037 5403 narraverit,
3063 5351 3178 5391 non
3202 5330 3741 5409 praetermittendum
3761 5322 3828 5379 vi-

2209 5421 2764 5482 deturmiraculum.
2781 5422 2885 5478 Die
2902 5421 3293 5498 igiturmagni
3311 5422 3473 5481 illius
3485 5415 3824 5486 Sabbati,qn0

1239 5531 1310 5549 ··-
2205 5513 2360 5589 ignis
2391 5511 2647 5569 mirabili
2680 5510 2782 5568 Dei
2808 5511 3065 5585 potentia
3092 5514 3337 5570 veniens
3368 5503 3725 5570 ab'universo
3749 5515 3831 5579 po.

1484 5596 1487 5599 ’
2204 5602 2346 5688 pulo
2373 5599 2764 5684 praestolatur,
2783 5600 2866 5662 ibi
2885 5616 3022 5661 cum
3054 5602 3283 5665 ceteris
3308 5602 3464 5665 idem
3484 5593 3682 5682 praeui
3702 5593 3828 5655 ait
