4098 6164
1081 268 1640 336 HISTORIARUM
1685 274 1888 336 LIBRI
1934 276 2312 350 QUINQUE.
2349 309 2430 320 -
2457 275 2606 337 LIB.
2655 277 2730 337 V.

3527 287 3646 347 686

1424 579 1755 664 LIBER
1824 579 2395 692 QUINTUS.

1457 727 1814 784 CAPITULA
1856 729 2048 786 LIBRI
2087 729 2361 796 QUINTI.

545 838 586 894 Ι.
769 836 839 890 Va
846 836 953 892 νέω
983 836 1334 906 quaestiones.

546 909 616 964 II.
755 907 830 962 De
861 906 1003 962 bello
1027 908 1166 961 mire
1193 914 1364 974 gesto.

544 980 636 1036 IlI.
745 979 819 1034 De
848 979 1015 1034 tertia
1044 978 1238 1049 eclipsi
1273 977 1434 1032 solis.

543 1051 634 1107 IV.
739 1050 812 1104 De
838 1048 1178 1106 dissensione
1207 1049 1591 1120 Lugdunensis
1619 1048 1974 1120 praesulatus.

542 1122 607 1178 V.
749 1122 821 1177 De
845 1123 1243 1194 exstirpatione
1273 1108 1612 1177 Simoniden.

715 1394 942 1451 CAPUT
983 1394 1298 1452 PRIMUM.

731 1511 913 1568 Varia,
943 1514 1296 1583 quaestiones.

234 1671 473 1726 Rerum
503 1665 860 1721 diversarum
887 1665 1427 1735 permutationibus
1458 1681 1522 1720 ac
1553 1665 1849 1722 variorum

169 1774 427 1816 casuum
451 1753 749 1811 eventibus
770 1752 1032 1809 attonita:
1051 1770 1242 1821 aures,
1261 1758 1610 1826 mentesque
1627 1754 1764 1809 obtu
1775 1773 1850 1810 sae

171 1866 256 1903 seu
305 1846 625 1910 hebetatae,
641 1840 1040 1896 universorum
1063 1845 1201 1897 tunc
1227 1843 1514 1915 temporis
1533 1858 1679 1913 pene
1702 1860 1854 1898 mor-

169 1937 412 2000 talium,
441 1936 572 1988 tum
601 1930 771 1986 etiam
805 1930 1286 1987 infestationibus
1317 1931 1702 1987 sinistrorum
1735 1933 1853 2004 spi-

173 2028 424 2083 rituum.
483 2020 791 2092 Aliquibus
857 2023 1055 2075 tamen
1122 2021 1547 2078 revelationum
1610 2020 1849 2077 utilium

170 2113 503 2189 phantasia:
518 2109 898 2166 manifestata:
916 2110 1092 2166 fuisse
1111 2111 1461 2166 creberrime
1483 2110 1849 2167 ferebantur.

170 2205 417 2262 Cuidam
450 2215 711 2272 namque
741 2198 1026 2254 monacho
1058 2217 1175 2255 una
1205 2201 1468 2255 noctium
1505 2199 1701 2254 visum
1738 2205 1848 2268 est,

168 2295 311 2352 hora
342 2309 469 2365 qua
502 2287 848 2345 matutinale
880 2288 1162 2360 agitatum
1195 2294 1285 2344 est
1315 2289 1577 2362 signum,
1601 2289 1851 2345 etfuisse

173 2386 277 2440 sibi
310 2381 648 2456 quemdam
680 2378 1063 2443 teterrimum,
1084 2378 1181 2450 qui
1203 2379 1390 2434 eidem
1412 2378 1584 2450 plura
1607 2394 1852 2449 persua-

173 2475 358 2530 dendo
411 2468 712 2526 inferebat
756 2467 1160 2538 hujuscemodi
1197 2467 1549 2539 colloquium
1589 2485 1600 2522 :
1634 2491 1660 2517 ‹‹
1713 2474 1849 2537 Cur,

173 2564 478 2638 inquiens,
528 2575 654 2625 vos,
706 2555 998 2622 monachi,
1048 2561 1132 2611 tot
1187 2556 1432 2625 labores,
1467 2560 1554 2612 tot
1607 2557 1848 2631 vigilias

174 2658 346 2725 atque
372 2647 641 2722 jejunia,
685 2663 789 2702 nec
842 2662 959 2700 non
995 2645 1359 2714 afﬂictiones,
1394 2650 1449 2700 et
1482 2645 1850 2717 psalmodias

1877 1398 1931 1464 Α
1963 1397 2180 1464 futura,
2215 1396 2330 1451 nisi
2367 1395 2516 1452 forte
2547 1397 2748 1455 divina
2779 1399 2880 1455 ﬁat
2921 1400 3299 1474 providentia,
3331 1402 3403 1458 ob
3433 1417 3632 1458 corre-

1962 1485 2176 1542 ctionis
2207 1485 2535 1541 solertiam.

2036 1574 2392 1645 Hujusmodi
2427 1575 2608 1648 igitur
2647 1578 2915 1633 mihimet
2946 1580 3278 1652 nuperrime
3309 1579 3630 1648 multoties,

1964 1663 2079 1717 Deo
2111 1663 2488 1734 propitiante,
2537 1666 2734 1738 palam
2785 1672 2874 1722 est
2923 1669 3258 1741 contigisse.
3305 1669 3451 1725 Nam
3483 1670 3631 1723 dum

1963 1750 2282 1822 aliquando
2314 1751 2374 1806 in
2398 1753 2552 1810 beati
2579 1757 2853 1827 martyris
2885 1757 3218 1830 Leodegarii
3251 1757 3628 1825 monasterio,

1965 1840 2121 1911 quod
2180 1841 2476 1911 Cappellis
2534 1844 3004 1915 cognominatur,
3055 1846 3283 1918 positus
3330 1846 3627 1919 degerem,

1965 1932 2132 1982 nocte
2182 1929 2462 1999 quadam,
2499 1937 2636 1988 ante
2685 1933 3089 1989 matutinalem
3139 1934 3404 2005 synaxin,
3441 1932 3630 1988 astitit

1965 2016 2108 2071 mihi
2135 2032 2202 2070 ex
2234 2022 2398 2088 parte
2431 2022 2649 2093 pedum
2673 2020 2864 2077 lectuli
2890 2024 3077 2078 forma
3095 2021 3436 2079 homunculi
3459 2025 3629 2077 teter-

1964 2106 2128 2161 rimae
2161 2106 2397 2175 speciei.
2433 2111 2574 2166 Erat
2606 2110 2782 2182 enim,
2839 2115 3124 2184 quantum
3157 2130 3189 2167 a
3219 2128 3312 2167 me
3356 2110 3626 2183 dignosci

1963 2192 2178 2269 potuit,
2209 2199 2440 2254 statura
2471 2199 2804 2271 mediocris,
2837 2201 2982 2257 collo
3015 2201 3238 2274 gracili,
3273 2200 3417 2257 facie
3447 2198 3625 2255 maci-

1961 2285 2142 2349 lenta,
2167 2283 2349 2341 oculis
2385 2289 2744 2360 nigerrimis,
2771 2291 2953 2347 fronte
2984 2308 3197 2365 rugosa
3219 2293 3277 2346 et
3305 2287 3622 2357 contracta,

1961 2373 2262 2444 depressis
2292 2377 2566 2446 naribus,
2597 2396 2690 2435 ore
2737 2383 3088 2453 exporrecto,
3123 2378 3351 2437 labellis
3388 2382 3624 2434 tumen-

1962 2462 2348 2532 tibus,mento
2367 2467 2674 2524 subtracto
2697 2486 2761 2525 ac
2779 2474 3150 2543 perangusto,
3165 2469 3347 2526 barba
3361 2466 3622 2541 caprina,

1962 2551 2211 2609 auribus
2241 2553 2415 2610 hirtis
2438 2561 2498 2611 et
2531 2559 2856 2629 przeacutis,
2881 2558 3105 2631 capillis
3136 2557 3430 2614 stantibus
3460 2561 3516 2612 et
3543 2556 3623 2613 in-

1961 2643 2620 2714 compositis,dentibus
2642 2648 2889 2715 caninis,
2912 2647 3180 2720 occipitio
3199 2650 3627 2718 acuto,pectore

175 2742 505 2815 pluresque
540 2737 691 2793 alias
718 2733 1158 2792 humiliationes
1191 2733 1465 2789 exercetis
1495 2740 1656 2790 extra
1690 2754 1848 2793 com-
1882 2767 1930 2832 B
1965 2732 2398 2796 tumido,dorso
2416 2734 3629 2809 gibbato.clunibusagitantibus,vestibus

175 2847 416 2885 munem
440 2827 703 2884 aliorum
725 2824 1034 2880 hominum
1060 2840 1232 2878 usum
1250 2823 1276 2877 ’Ξ
1293 2822 1494 2878 Nonne
1515 2823 1852 2882 innumera-

173 2919 318 2975 biles
351 2915 738 2974 saecularium
762 2912 1035 2968 homines
1062 2929 1249 2984 usque
1271 2912 1342 2966 ad
1374 2913 1502 2966 vitae
1532 2915 1853 2970 terminum

175 3011 229 3064 in
262 3007 527 3064 diversis
576 3002 814 3076 ﬂagitiis
863 3005 1324 3074 perseverantes,
1357 3001 1624 3057 eamdem
1658 3006 1856 3058 tamen

179 3095 525 3170 percepturi
558 3109 740 3165 quam
771 3109 872 3146 vos
905 3091 1256 3164 exspectatis
1278 3091 1540 3162 requiem
1567 3092 1594 3144 ‘I
1623 3092 1863 3148 Sufﬁce-

178 3193 262 3242 ret
291 3186 459 3241 enim
497 3183 627 3238 dies
662 3198 836 3247 unus,
873 3179 965 3235 vel
997 3179 1161 3246 hora,
1197 3181 1264 3234 ad
1300 3177 1685 3252 prdmerenda
1715 3197 1857 3252 prte-

179 3276 298 3330 mia
330 3279 570 3330 aeterna:
621 3269 1003 3325 beatitudinis
1059 3273 1262 3324 vestrae
1295 3269 1560 3339 justitim.
1594 3269 1860 3341 Namque

180 3369 240 3418 tu
273 3364 429 3436 ipse,
463 3361 654 3415 miror
686 3375 802 3430 qua
831 3359 902 3413 de
935 3375 1114 3413 causa
1143 3363 1262 3412 tam
1295 3357 1601 3425 sollicitus,
1631 3374 1763 3412 mox
1797 3363 1863 3413 ut

177 3453 353 3507 audis
387 3451 662 3522 signum,
695 3446 969 3503 velociter
997 3447 1262 3518 exsurgis
1284 3446 1488 3502 alecto
1520 3446 1862 3518 rumpisque

180 3540 420 3597 dulcem
447 3537 651 3594 somni
676 3536 952 3608 quietem,
972 3551 1103 3590 cum
1132 3551 1334 3606 posses
1356 3534 1533 3606 quieti
1558 3534 1859 3606 indulgere

178 3630 264 3685 vel
299 3642 502 3701 usque
535 3625 611 3680 ad
665 3623 902 3680 tertium
936 3624 1192 3696 signum.
1226 3624 1327 3678 Est
1357 3623 1530 3678 etiam
1564 3623 1715 3695 quod
1752 3623 1856 3678 tibi

179 3719 441 3790 pandam
495 3717 790 3771 secretum
840 3713 1008 3768 valde
1054 3711 1452 3781 memorabile,
1484 3713 1619 3768 licet
1653 3717 1859 3768 nostra)

180 3807 257 3862 sit
288 3805 447 3879 parti
481 3801 1094 3874 dispendium,vestrze
1127 3817 1363 3873 quoque
1395 3801 1647 3857 salutare
1674 3815 1860 3856 reme-

184 3896 377 3950 dium.
399 3894 557 3949 Nam
584 3893 813 3946 constat
833 3889 1109 3945 omnibus
1132 3890 1320 3958 annis,
1348 3890 1437 3946 die
1461 3908 1575 3962 qua
1596 3889 1859 3946 Christus

181 3999 513 4056 resurgens
544 3997 615 4035 ex
644 3978 892 4034 mortuis
916 3978 1093 4033 vitam
1119 3979 1403 4051 reparavit
1422 3979 1662 4034 humani
1686 3993 1858 4051 gene-

182 4073 284 4139 ris,
321 4071 398 4126 ab
421 4065 931 4125 eodem'universa
955 4066 1194 4139 spoliari
1218 4071 1434 4123 tartara
1467 4072 1520 4123 et
1551 4085 1686 4123 suos
1715 4084 1856 4139 quo-

1966 2820 2246 2891 sordidis,
2279 2828 2490 2878 conatu
2524 2828 2782 2880 aestuans
2814 2843 2880 2880 ac
2909 2829 3029 2881 toto
3057 2842 3296 2898 corpore
3326 2839 3583 2898 princeps
3612 2850 3628 2892 ;

1969 2907 2376 2982 arripiensque
2408 2913 2812 2970 summitatem
2863 2914 3030 2969 strati
3079 2914 3136 2969 in
3168 2930 3284 2986 quo
3317 2913 3629 2980 cubabam,

1968 3001 2160 3053 totum
2218 2999 2557 3055 terribiliter
2603 3003 2912 3059 concussit
2951 3001 3254 3070 lectulum,
3299 3018 3365 3057 ac
3421 3002 3630 3058 deinde

1972 3087 2103 3140 inﬁt
2135 3104 2147 3141 :
2184 3111 2211 3137 ‹‹
2256 3089 2380 3144 Νοη
2426 3095 2487 3143 tu
2538 3089 2596 3144 in
2645 3090 2751 3147 hoc
2795 3091 2921 3146 loco
2973 3091 3126 3148 ultra
3178 3090 3464 3147 manebis.
3501 3113 3530 3141 ››
3558 3082 3631 3146 At

1971 3193 2078 3248 ego
2110 3176 2367 3242 territus,
2396 3177 2813 3252 evigilansque,
2849 3179 3022 3235 sicuti
3065 3183 3302 3253 repente
3334 3179 3458 3236 fieri
3489 3196 3630 3236 con-

1972 3264 2162 3334 tingit,
2196 3267 2390 3338 aspexi
2424 3266 2598 3322 talem
2631 3285 2808 3340 quem
2840 3269 3188 3342 praescripsi.
3213 3268 3342 3342 Ipse
3371 3285 3506 3326 vero
3539 3269 3629 3324 in-

1971 3354 2246 3408 frendens
2280 3355 2598 3411 identidem
2628 3358 2820 3413 aiebat
2852 3374 2865 3412 :
2902 3382 2929 3409 ‹‹
2962 3359 3086 3414 Non
3118 3358 3213 3414 hic
3244 3357 3397 3414 ultra
3428 3371 3628 3414 mane-

1971 3441 2082 3497 bis.
2123 3465 2149 3490 »
2183 3441 2338 3499 Illico
2371 3444 2622 3516 denique
2655 3463 2688 3501 a
2717 3446 2929 3502 lectulo
2982 3446 3276 3514 exsiliens,
3307 3448 3536 3504 cucurri
3568 3446 3628 3502 in

1971 3532 2413 3599 monasterium,
2448 3537 2624 3605 atque
2675 3539 2808 3591 ante
2837 3535 3020 3591 altare
3053 3535 3410 3593 sanctissimi
3443 3536 3630 3610 patris

1971 3619 2264 3675 Benedicti
2297 3627 2628 3694 prostratus
2658 3641 2723 3680 ac
2755 3625 3006 3680 nimium
3040 3626 3376 3698 pavefactus
3406 3625 3632 3681 diutine

1969 3707 2240 3762 decubui.
2265 3709 2537 3782 Cmpique
2561 3713 2841 3768 acerrime
2871 3713 2942 3767 ad
2979 3714 3324 3770 memoriam
3356 3715 3632 3770 reducere

1969 3795 2254 3868 quidquid
2289 3799 2360 3853 ab
2394 3798 2630 3856 ineunte
2681 3806 2846 3857 aetate
2895 3803 3286 3858 offensionum
3337 3803 3634 3876 gravium-

1969 3901 2081 3956 que
2110 3887 2516 3957 peccaminum
2541 3890 2862 3961 procaciter
2882 3906 2984 3945 seu
3009 3890 3372 3963 negligenter
3394 3892 3635 3948 commi-

1970 3991 2182 4041 seram,
2218 3979 2344 4030 tum
2378 3978 2691 4050 praecipue,
2716 3978 2994 4050 quoniam
3017 3995 3163 4050 pene
3187 3979 3358 4035 nulla
3385 3981 3633 4053 pcenitu-

1969 4062 2124 4118 dinis
2155 4065 2474 4120 satisfactio
2499 4067 2573 4121 ob
2606 4083 2865 4122 amorem
2890 4083 2992 4122 seu
3017 4067 3284 4123 timorem
3309 4067 3631 4125 divinitatis

183 4135 298 4234 que
333 4156 542 4214 reduci
566 4157 637 4211 ad
671 4171 902 4227 supera.
931 4135 1036 4211 Pro
1072 4173 1190 4228 qua
1221 4173 1278 4212 re
1309 4156 1454 4211 nihil
1484 4157 1648 4212 vobis
1679 4155 1856 4228 perti-
1887 4135 1930 4202 Ο
1972 4169 2005 4207 a
2036 4169 2128 4208 me
2160 4155 2366 4208 exinde
2393 4159 2775 4211 successerat.
2810 4159 2898 4210 Ita
2921 4171 3177 4227 quoque,
3204 4155 3381 4211 miser
3409 4160 3467 4212 et
3497 4172 3630 4211 con-

181 4247 606 4304 mescendum.
640 4244 934 4316 Quidquid
987 4243 1224 4302 libuerit
1266 4245 1628 4318 voluptatum
1661 4245 1854 4300 carnis

181 4355 248 4393 ac
282 4335 722 4392 desideriorum
748 4333 934 4389 securi
960 4349 1128 4406 agere
1153 4335 1415 4405 potestis.
1443 4357 1470 4383 »
1494 4334 1622 4390 Haec
1645 4350 1854 4406 nempe

178 4432 238 4484 et
271 4425 400 4482 alia
430 4423 725 4496 perplura,
760 4421 929 4478 sicuti
979 4427 1102 4478 erat
1151 4422 1560 4478 fallacissimus
1603 4424 1851 4489 daemon,

179 4513 390 4568 eidem
441 4509 728 4564 monacho
777 4507 1050 4576 illudens,
1086 4509 1290 4565 frivola
1340 4509 1559 4582 retulit,
1593 4511 1852 4582 adeoque

178 4601 370 4656 illum
401 4598 604 4664 illexit,
629 4601 694 4653 ut
713 4597 1008 4654 communi
1031 4599 1276 4653 fratrum
1300 4600 1500 4672 synaxi
1520 4600 1852 4656 matutinali

179 4687 468 4746 defuerit.
492 4686 642 4742 Illud
678 4705 816 4743 sane
839 4689 992 4760 quod
1017 4688 1087 4742 de
1114 4689 1411 4744 Dominica
1432 4688 1853 4745 resurrectione

181 4775 529 4834 seductorie
561 4774 858 4844 conﬁnxit,
889 4777 1064 4832 verba
1095 4775 1245 4832 sacri
1277 4778 1635 4850 redarguunt
1665 4779 1852 4833 Evan-

182 4867 362 4939 gelii,
393 4882 525 4937 qua:
550 4864 752 4920 dicunt
783 4883 796 4920 :
833 4888 859 4915 ‹‹
897 4865 1079 4921 Multa
1108 4881 1350 4936 corpora
1382 4867 1853 4938 sanctorum,qui

183 4954 584 5019 dormierant,
632 4957 1024 5011 surrexerunt.
1061 4975 1089 5002 ››
1121 4953 1266 5020 Non,
1317 4954 1613 5026 inquiunt,
1645 4958 1851 5022 omnia,

187 5045 295 5100 sed
339 5043 534 5098 multa.
568 5043 638 5097 Et
667 5043 748 5098 ita
777 5059 973 5099 revera
1002 5041 1306 5114 profitetur
1352 5043 1495 5099 fides
1547 5042 1850 5099 catholica.

188 5133 362 5188 Licet
378 5131 540 5188 enim
557 5129 886 5203 aliquoties,
899 5148 1034 5187 vera
1047 5130 1474 5203 Omnipotentis
1491 5133 1854 5204 przescientia

187 5222 574 5293 disponente,
628 5219 985 5276 fallacissimi
1032 5219 1268 5274 omnino
1313 5221 1606 5276 daemones
1655 5221 1853 5276 minus

185 5309 371 5365 irrita
400 5308 810 5382 praenuntient,
835 5314 1050 5374 tamen,
1083 5313 1366 5380 quantum
1396 5327 1465 5366 ex
1497 5309 1727 5365 illorum
1761 5311 1856 5366 de-

188 5397 549 5454 liberatione
581 5399 664 5468 ﬁt,
688 5398 1075 5470 perfunctoria
1104 5415 1170 5453 ac
1202 5399 1530 5455 seductoria
1561 5401 1850 5469 conﬂant;

1966 4242 2134 4296 fusus
2165 4241 2392 4310 jacens,
2422 4259 2536 4297 non
2578 4243 2868 4299 habebam
2900 4244 3040 4317 quid
3069 4244 3444 4317 potissimum
3476 4243 3628 4300 dice-

1965 4346 2107 4398 rem,
2143 4331 2253 4385 nisi
2285 4335 2516 4386 tantum
2552 4349 2564 4386 :
2602 4357 2628 4383 «
2663 4332 2908 4388 Domine
2937 4332 3100 4404 Jesu,
3130 4332 3229 4405 qui
3258 4331 3468 4389 venisti
3499 4348 3627 4404 pec-

1965 4422 2188 4475 catores
2212 4417 2404 4476 salvos
2426 4421 2632 4489 facere,
2655 4423 2980 4478 secundum
3000 4437 3274 4495 magnam
3299 4420 3623 4478 misericor-

1964 4507 2120 4563 diam
2146 4513 2308 4564 tuam
2332 4509 2609 4566 miserere
2630 4510 2810 4565 mei.»
2830 4511 3055 4568 Interea
3071 4510 3332 4567 conﬁteri
3355 4528 3470 4568 non
3493 4527 3622 4567 eru-

1964 4599 2134 4653 besco
2168 4616 2259 4654 me
2291 4616 2404 4654 non
2429 4599 2620 4655 solum
2646 4599 2702 4653 in
2729 4600 2982 4671 peccatis
3013 4604 3322 4673 parentum
3353 4617 3618 4657 meorum

1963 4687 2248 4760 genitum,
2273 4704 2474 4743 verum
2501 4689 2681 4745 fuisse
2715 4689 2979 4744 moribus
3009 4689 3508 4762 importunum,et
3532 4705 3620 4744 ac-

1961 4776 2560 4832 tibusintolerabilem
2585 4777 2899 4850 plusquam
2922 4779 3145 4835 narrari
3169 4783 3344 4850 queat
3362 4777 3620 4834 exstitis-

1964 4865 2122 4920 se.Vi
2135 4865 2309 4920 etiam
2325 4867 2632 4935 cujusdam
2647 4866 3063 4934 monachi,mei
3083 4866 3305 4922 scilicet
3323 4865 3619 4938 avunculi,

1962 4955 2291 5010 abstractus
2316 4971 2348 5008 a
2367 4953 2831 5026 perversissima,
2865 4972 3043 5026 quam
3077 4973 3192 5028 prae
3223 4955 3446 5011 caeteris
3486 4970 3620 5028 age-

1964 5044 2122 5109 bam,
2145 5042 2442 5098 saecularis
2467 5043 2597 5098 vitaz
2620 5043 2894 5110 vanitate,
2910 5061 3045 5100 cum
3069 5059 3260 5100 essem
3279 5045 3459 5100 ferme
3476 5044 3620 5100 duo-

1963 5131 2172 5187 dennis
2199 5135 2372 5203 atque
2412 5131 2725 5188 monachili
2770 5132 3013 5188 indutus
3055 5131 3622 5206 habitu,heulproh

1964 5219 2434 5292 doloriquoniam
2462 5224 2619 5276 veste
2643 5221 3032 5291 solummodo,
3059 5239 3174 5278 non
3207 5224 3400 5277 mente
3429 5225 3624 5277 muta-

1961 5311 2450 5380 tus.Quzecunque
2463 5308 2618 5363 enim
2635 5310 2949 5366 aPatribus
2961 5310 3046 5366 vel
3062 5309 3426 5383 spiritalibus
3437 5310 3464 5366 f
3463 5310 3625 5366 ratri-

1965 5399 2074 5454 bus
2088 5399 2353 5454 modesta
2367 5402 2424 5453 et
2439 5401 2642 5452 sancta
2654 5397 2995 5455 charitative
3011 5398 3155 5455 mihi
3170 5416 3236 5455 su
3245 5401 3626 5472 ggererentur

189 5486 288 5544 vel
327 5485 523 5554 etiam,
558 5487 606 5541 si
637 5485 941 5559 contigerit
970 5503 1036 5541 ex
1080 5491 1243 5559 parte
1273 5504 1400 5560 quae
1451 5493 1853 5562 praesagantur
1882 5509 1930 5577 Ι)
1967 5487 2278 5543 truculenti
2311 5485 2491 5542 animi
2524 5486 2820 5543 inﬂatione
2841 5489 3142 5560 turgidum
3172 5490 3406 5544 scutum
3430 5485 3624 5543 cordis

190 5576 273 5642 ab
308 5575 531 5633 eisdem
562 5574 706 5648 ﬂeri,
727 5593 840 5634 non
872 5573 1041 5651 plane
1063 5575 1237 5634 saluti
1263 5576 1532 5635 humanae
1557 5584 1698 5636 sunt
1726 5596 1854 5656 pro-

1963 5593 2194 5653 gerens,
2217 5575 2474 5635 dictante
2499 5575 2793 5653 superbia,
2817 5594 2888 5636 ne
2919 5576 3180 5639 salubria
3208 5591 3301 5635 me
3332 5573 3624 5650 continge-
