4098 6164
518 289 652 352 ⁵68⁷1

1512 291 1850 355 RODULFI
1895 290 2178 353 GLABRI
2221 288 2577 352 MONACHI
2621 290 2988 353 CLUNIAC.

536 429 686 491 rent,
717 425 1105 496 opponebam.
1133 425 1353 481 Dehinc
1387 426 1715 482 senioribus
1746 443 1862 480 non
1891 425 2189 488 obediens,
2223 429 2276 491 Α
2305 425 2558 478 dentom.
2583 425 2736 487 Quas
2759 441 2890 480 cum
2928 424 3025 479 diu
3063 423 3419 496 multumque
3442 424 3662 482 intuitus
3681 429 3864 499 fuisset,

533 511 932 585 coazqualibus
960 513 1266 583 molestus,
1295 515 1636 586 junioribus
1667 533 1970 581 onerosus,
1994 519 2190 585 atque,

529 606 596 659 ut
622 619 754 659 vere
776 603 979 675 fatear,
999 603 1287 659 universis
1305 604 1420 660 mei
1446 603 1754 677 praesentia
1775 604 2024 677 gravedo
2047 607 2190 671 erat,

526 693 788 749 levamen
821 693 1106 749 absentia.
1141 693 1424 750 Praeterea
1455 693 1547 750 his
1579 699 1634 748 et
1664 693 2010 764 hujusmodi
2041 708 2192 764 pra:-

527 782 664 838 dicti
692 781 806 837 loci
829 782 1036 838 fratres
1059 781 1324 856 instigati
1346 782 1696 855 expulerunt
1720 799 1812 837 me
1833 800 1867 837 a
1887 781 2195 838 contuber-

526 871 622 928 nio
645 888 765 927 suae
783 871 1184 939 habitationis,
1201 876 1396 928 tamen
1421 872 1670 928 scientes
1695 889 1809 927 non
1832 872 2026 926 defore
2047 868 2192 924 mihi

525 959 720 1015 locum
740 961 1078 1032 quempiam
1098 961 1532 1029 commanendi,
1559 965 1788 1017 tantum
1813 961 1884 1016 ob
1910 959 2191 1014 litterato-

528 1049 676 1105 riam
701 1049 1149 1106 notionem.Hoc
1170 1050 1347 1106 etiam
1375 1067 1631 1122 persaepe
1654 1054 1956 1122 expertum
1981 1049 2189 1106 fuerat.

596 1139 736 1194 Post
766 1138 876 1194 hoc
906 1139 1088 1211 igitur
1117 1139 1176 1194 in
1210 1138 1564 1195 monasterio
1597 1137 1785 1193 sancti
1818 1133 2194 1208 Benigni,Di-

525 1227 821 1284 vionensis
854 1229 1151 1300 martyris,
1185 1227 1433 1292 locatus,
1471 1245 1585 1283 non
1633 1227 1854 1299 dispar,
1891 1227 2005 1281 imo
2037 1225 2191 1286 idem

526 1316 672 1371 mihi
704 1317 866 1372 visus
898 1321 986 1372 est
1007 1317 1067 1371 in
1093 1316 1434 1372 dormitorio
1458 1316 1726 1370 fratrum.
1753 1314 2070 1387 Incipiente
2093 1331 2194 1370 au-

517 1422 658 1461 rora
685 1405 824 1472 diei,
851 1422 1099 1474 currens
1132 1405 1276 1461 exiit
1321 1423 1355 1461 a
1387 1406 1558 1460 domo
1600 1403 1970 1470 latrinarum,
2003 1403 2195 1460 taliter

523 1492 896 1548 inclamando
931 1511 943 1549 :
979 1516 1006 1545 ‹‹
1043 1494 1208 1549 Meus
1259 1493 1677 1549 baccalaurens
1729 1492 1830 1548 ubi
1880 1497 1989 1560 est,
2024 1508 2193 1547 meus

519 1582 938 1642 baccalaurens
970 1584 1070 1639 ubi
1087 1583 1218 1640 est?
1243 1606 1271 1633 »
1293 1583 1566 1654 Sequenti
1595 1599 1748 1654 quoq
1761 1598 1829 1637 ue
1858 1581 2192 1650 die,eadem

519 1672 641 1728 fere
673 1670 836 1740 hora,
863 1672 1174 1744 aufugiens
1206 1672 1346 1728 abiit
1381 1673 1587 1727 exinde
1620 1671 1858 1743 quidam
1895 1670 2072 1725 frater
2091 1670 2190 1740 ju-

519 1761 704 1828 venis,
730 1765 922 1818 mente
951 1761 1313 1829 levissimus,
1335 1760 1736 1816 Theodericus
1762 1759 2019 1825 nomine,
2048 1758 2190 1829 reje-

521 1853 730 1921 ctoque
752 1849 980 1914 habitu,
995 1867 1098 1923 per
1114 1849 1348 1922 aliquod
1375 1849 1654 1921 temporis
1673 1848 1928 1920 spatium
1952 1847 2186 1902 saecula.

518 1938 661 1995 riter
691 1937 848 1994 vixit.
883 1940 991 2005 Qui
1020 1940 1418 2012 postmodum,
1469 1939 1641 1994 corde
1667 1940 2074 2009 compunctus,
2109 1937 2182 1992 ad

518 2028 881 2101 propositum
912 2029 1064 2084 sacri
1099 2028 1321 2084 ordinis
1345 2028 1532 2083 rediit.
1556 2027 1750 2082 Tertio
1771 2042 2026 2097 quoque,
2046 2041 2181 2080 cum

518 2118 671 2188 apud
704 2116 1038 2173 coenobium
1070 2117 1256 2172 beatae
1306 2133 1655 2189 semperque
1687 2115 1933 2188 virginis
1964 2113 2180 2184 Mariae,

517 2211 902 2277 cognomento
931 2206 1344 2273 Meleredense,
1368 2206 1721 2272 demererer,
1749 2222 1869 2260 una
1899 2202 2180 2269 noctium,

518 2293 658 2349 dum
693 2294 1052 2350 matutinum
1086 2293 1422 2367 pulsaretur
1453 2294 1710 2366 signum,
1745 2298 1800 2348 et
1835 2291 2181 2365 ego,labore

517 2383 772 2455 quodam
804 2383 1018 2451 fessus,
1045 2400 1182 2451 non,
1210 2387 1274 2437 ut
1299 2383 1640 2453 debueram,
1665 2399 1798 2436 mox
1820 2385 1886 2436 ut
1915 2380 2181 2436 auditum

518 2473 709 2528 fuerat
753 2471 1234 2542 exsurrexissem,
1270 2487 1620 2543 mecumque
1652 2470 1835 2542 aliqui
1869 2468 2181 2525 remansis-

519 2565 669 2627 sent,
704 2577 851 2633 quos
879 2560 1147 2617 videlicet
1177 2578 1355 2633 prava
1386 2560 1746 2616 consuetudo
1780 2558 2059 2624 illexerat,
2076 2575 2182 2613 cte-

518 2649 659 2706 teris
687 2649 758 2706 ad
781 2648 1084 2705 ecclesiam
1111 2648 1596 2704 concurrentibus
1623 2665 1635 2714 ;
1661 2645 1964 2718 egrediens
1989 2650 2182 2700 autem

520 2743 654 2810 post
687 2740 933 2795 fratrum
958 2737 1203 2812 vestigia
1225 2738 1472 2796 anhelus
1493 2735 1756 2792 ascendit
1777 2735 2024 2808 gradum
2045 2751 2184 2806 prae-

530 2827 802 2901 signatus
833 2829 1080 2895 daemon,
1105 2828 1176 2882 ad
1201 2827 1440 2884 dorsum
1471 2826 1744 2882 manibus
1766 2823 2042 2892 reductis,
2067 2823 2181 2879 hze-

515 2933 785 2990 .rensque
815 2917 1020 2990 parieti
1051 2917 1144 2972 bis
1177 2921 1380 2989 terque
1413 2916 1708 2987 repetebat
1737 2913 1975 2969 dicens:
2009 2936 2037 2962 ‹‹
2066 2913 2183 2984 Ego

531 3022 688 3075 sum,
722 3022 828 3079 ego
858 3023 1012 3073 sum,
1048 3005 1147 3078 qui
1199 3009 1288 3062 sto
1320 3021 1454 3060 cum
1486 3003 1602 3059 illis
1648 3002 1748 3075 qui
1797 3006 2118 3058 remanent.
2155 3023 2182 3053 »

528 3096 652 3161 Qua
683 3112 818 3152 voce
847 3097 1090 3164 excitus,
1125 3098 1303 3167 caput
1333 3093 1587 3159 elevans,
1618 3093 1734 3147 vidi
1766 3106 2184 3163 recognoscens

2301 517 2554 568 zesluans
2583 529 2786 568 vocare
2840 514 3176 586 quempiam
3208 531 3238 568 e
3269 513 3387 569 suis
3426 515 3493 569 ad
3529 515 3868 576 testimonium

2301 600 2447 656 tanti
2479 605 2764 660 ostentus.
2792 606 2936 657 Dum
2964 605 3160 658 autem
3185 602 3352 674 ccepit
3375 601 3608 659 clamare
3634 608 3688 659 ut
3711 623 3870 663 occur-

2303 695 2547 756 reretur,
2612 691 2960 746 rarescendo
3018 691 3284 762 protinus
3343 691 3736 764 disparuerunt.
3775 694 3876 768 Ipse

2304 796 2540 851 quoque
2562 785 2725 835 tanto
2751 780 2932 835 animi
2959 784 3175 836 terrere
3197 779 3492 852 perculsus
3529 782 3647 856 [est]
3682 785 3735 836 ut
3763 783 3834 838 vix
3853 802 3880 841 a

2302 868 2576 941 lacrymis
2596 886 2657 924 se
2677 869 2980 924 continere
2997 872 3194 940 posset
3211 869 3275 936 ;.‘d
3285 869 3446 934 ehinc
3464 868 3622 944 coepit
3635 869 3881 941 inﬁrmari,

2303 959 2624 1029 eodemque
2645 975 2820 1024 anno,
2835 963 2901 1016 ,ut
2923 958 3141 1031 optime
3158 957 3792 1026 vixerat,obiit.Port-ento
3808 961 3883 1015 de-

2302 1047 2482 1119 nique
2500 1048 2838 1104 subtractus
2856 1048 3010 1119 quod
3033 1047 3200 1115 vidit,
3213 1046 3294 1104 illi
3311 1046 3410 1119 qui
3430 1064 3730 1120 persensere
3743 1053 3881 1106 testes

2304 1139 2560 1193 fuerunt.
2595 1136 2742 1192 Nam
2797 1138 3067 1210 sequenti
3115 1154 3270 1192 anno
3316 1136 3470 1193 filius
3505 1137 3655 1209 regis
3694 1138 3878 1194 Roberti

2303 1226 2612 1292 Henricus,
2643 1224 2742 1297 qui
2774 1231 2907 1298 post
2937 1226 3102 1281 illum
3127 1225 3406 1298 regnavit,
3427 1225 3494 1280 ad
3516 1225 3653 1281 idem
3675 1229 3880 1282 castrum

2304 1314 2392 1369 ira
2422 1319 2724 1387 permotus
2755 1315 2994 1371 veniens
3035 1332 3167 1371 cum
3210 1313 3430 1387 ingenti
3460 1314 3711 1385 exercitu,
3737 1315 3882 1370 multa

2302 1401 2523 1458 ibidem
2557 1403 2868 1459 hominum
2901 1405 3086 1460 caedes
3120 1404 3208 1459 .ab
3264 1407 3510 1475 utraque
3533 1407 3677 1475 parte
3703 1407 3884 1476 patrata

2303 1496 2412 1548 est.
2439 1493 2518 1548 De
2548 1492 2661 1548 hoc
2695 1493 2950 1565 profecto
2983 1496 3213 1550 constat
3241 1492 3516 1565 quoniam
3547 1508 3608 1547 ea
3633 1509 3742 1564 qua:
3766 1491 3885 1547 vide-

2304 1585 2414 1649 rat,
2441 1585 2498 1637 et
2528 1581 2641 1637 sibi
2676 1582 2978 1654 prospexit
3006 1586 3061 1637 et
3092 1580 3223 1636 aliis
3253 1579 3409 1653 (licet
3439 1578 3889 1651 dissimiliter),mi-

2303 1671 2465 1726 riﬁce
2498 1675 2694 1726 tamen
2728 1671 2883 1744 apud
2914 1669 3387 1727 Antissiodorum
3418 1668 3476 1724 in
3527 1666 3744 1725 ecclesia
3773 1668 3890 1724 beati

2302 1759 2579 1815 Germani
2601 1759 2919 1832 contigisse
2942 1758 3342 1816 meminimus.
3365 1758 3501 1814 Erat
3518 1757 3716 1814 ibidem
3733 1757 3888 1824 frater,

2299 1846 2594 1904 Gerardus
2625 1848 2881 1915 nomine,
2917 1847 3012 1904 cui
3039 1864 3171 1904 mos
3199 1852 3328 1904 erat
3357 1851 3487 1920 post
3512 1845 3772 1904 solemnes
3794 1861 3888 1901 ms-

2295 1937 2578 1994 tutinales
2597 1937 2654 1991 in
2675 1936 2924 1992 oratorio
2949 1937 3251 1993 remorari.
3273 1936 3421 1992 Huic
3445 1935 3672 2007 contigit
3689 1935 3891 2007 quodam

2294 2043 2468 2082 mane
2482 2032 2545 2082 ut
2563 2027 2715 2082 inter
2731 2025 3022 2082 orationes
3040 2026 3517 2082 obdormisceret.
3530 2025 3632 2091 Qui
3656 2023 3884 2096 protinus,

2286 2114 2452 2188 gravi
2484 2133 2689 2172 somno
2721 2116 3053 2188 depressus,
3086 2114 3240 2171 velut
3277 2116 3571 2171 exanimis
3604 2114 3799 2170 delatus
3821 2116 3886 2168 est

2293 2204 2448 2260 foras
2482 2204 2819 2260 monasterii
2849 2223 2861 2272 ;
2895 2206 2996 2260 sed
3049 2204 3322 2276 qualiter,
3359 2209 3460 2260 aut
3511 2222 3542 2260 a
3590 2203 3778 2276 quibus
3800 2201 3884 2257 huc

2293 2310 2482 2365 usque
2540 2294 2817 2349 nescitur.
2873 2293 2980 2360 Qui
3034 2294 3475 2366 expergefactus
3525 2293 3718 2367 reperit
3752 2308 3802 2348 se
3835 2290 3880 2344 in

2292 2381 2550 2438 claustro
2582 2387 2743 2438 extra
2776 2383 3198 2438 monasterium
3229 2383 3508 2453 ejectum,
3540 2378 3881 2438 admirans-.m-

2293 2471 2607 2528 dicihiliter
2661 2471 2818 2543 quod
2869 2473 3086 2528 factum
3137 2472 3210 2527 de
3257 2489 3390 2529 sese
3440 2472 3707 2528 cernebat.
3729 2465 3878 2524 Simili

2292 2561 2509 2633 quippe
2541 2562 2714 2616 modo
2747 2559 2992 2633 contigit
3020 2560 3252 2616 cuidam
3291 2560 3623 2634 presbytero
3647 2559 3698 2613 in
3721 2556 3880 2613 eodem

2292 2649 2644 2706 monasterio
2677 2650 3064 2721 pernoctanti,
3082 2649 3221 2704 dum
3245 2650 3310 2705 in
3336 2649 3738 2706 subterieribus
3754 2661 3882 2718 cryp-

2290 2740 2389 2805 tis,
2406 2739 2503 2795 ubi
2523 2739 2710 2795 multa
2726 2745 3065 2795 sanctorum
3087 2739 3469 2811 requiescunt
3483 2735 3883 2811 corpora,obder-

2293 2828 2485 2896 mir-et,
2511 2829 2663 2884 circa
2689 2827 2827 2900 galli
2854 2833 3093 2884 cantum
3123 2830 3346 2900 reperit
3375 2833 3556 2886 semet
3584 2829 3882 2899 asportatum

2293 2922 2425 2990 post
2446 2917 2688 2973 chorum
2707 2916 3151 2974 monachorum.
3171 2918 3446 2990 Namque
3465 2918 3534 2973 de
3555 2917 3737 2973 eadem
3748 2909 3885 2968 eccle-

2293 3007 2381 3062 sia
2401 3012 2558 3063 certa
2580 3005 2779 3062 relatio
2803 3010 3034 3063 constat
3053 3007 3364 3078 quoniam,
3379 3007 3426 3063 si
3451 3003 3734 3078 contigerit
3750 3005 3884 3058 noctu

2292 3095 2581 3152 luminare
2593 3095 3220 3168 exstingui,quousque
3231 3090 3886 3160 reaecendatur,custedes

523 3201 698 3256 quem
731 3185 822 3241 his
853 3186 1079 3241 dudum
1097 3184 1225 3256 jam
1256 3185 1535 3240 videram.
1561 3182 1696 3237 Post
1725 3180 1879 3236 diem
1910 3197 2044 3236 vero
2076 3184 2182 3234 ter-
2211 3169 2253 3236 C
2291 3185 2556 3256 ejusdem
2586 3183 2840 3241 ecclesiae
2871 3184 3092 3240 nullam
3125 3184 3390 3256 quietem
3437 3201 3603 3258 posse
3641 3178 3884 3250 consequi.

520 3273 695 3341 tium,
727 3291 883 3329 unus
912 3291 981 3329 ex
1011 3272 1133 3328 illis
1166 3272 1446 3328 fratribus
1475 3271 1598 3343 qui,
1624 3274 1688 3326 ut
1719 3269 1994 3335 diximus,
2022 3267 2180 3324 clan-

516 3362 649 3418 oule
680 3363 940 3418 cubitare
971 3361 1127 3418 soliti
1160 3361 1412 3429 fuerant,
1433 3359 1752 3432 procaciter
1771 3375 1805 3412 a
1828 3357 2181 3414 monasterio

518 3465 814 3523 egressus,
833 3451 1072 3521 praefato
1105 3450 1366 3505 daemone
1389 3449 1726 3521 instigante,
1755 3465 1854 3503 sex
1877 3446 2000 3502 dies
2022 3449 2181 3502 extra

518 3538 946 3595 monasterium
980 3555 1113 3593 cum
1148 3537 1525 3593 saecularibus
1549 3533 1913 3592 tumultuose
1940 3536 2176 3592 mansit.

517 3626 782 3699 Septima
810 3631 1006 3683 tamen
1059 3627 1174 3695 die,
1212 3631 1514 3698 correptus
1564 3625 1860 3698 recipitur.
1897 3624 2175 3693 Profecto,

517 3721 583 3772 ut
614 3717 821 3773 beatus
851 3716 1168 3789 Gregorius
1196 3720 1464 3785 testatur,
1494 3715 1848 3788 quibttsdam
1883 3714 1977 3769 hic
2008 3731 2180 3786 appa-

516 3809 646 3861 rent
668 3806 739 3861 ad
762 3821 936 3862 suum
959 3806 1402 3872 detrimentum,
1419 3805 1717 3878 aliquibus
1736 3821 1867 3859 vero
1886 3804 1958 3858 ad
1981 3821 2176 3860 emen-

517 3893 771 3950 dationis
815 3893 1303 3951 emolumentum.
1357 3895 1518 3959 Quod
1569 3892 1712 3950 mihi
1763 3894 2060 3966 contingat
2104 3894 2174 3949 ad

514 3981 762 4039 salutem
781 3985 1020 4041 orariac
1039 3985 1344 4057 provenire
1367 3987 1501 4055 opto
1520 3999 1622 4055 per
1638 3982 1950 4038 Dominum
1973 3982 2173 4038 Jesum

510 4071 961 4144 .Redemptorem
997 4077 1286 4129 nostrum.
1343 4071 1490 4128 Illud
1539 4088 1748 4144 nempe
1776 4071 2054 4127 attentius
2085 4076 2175 4128 est

511 4161 804 4217 memorie:
835 4163 1369 4218 commendandum
1404 4161 1702 4233 quoniam,
1727 4162 1868 4216 dum
1891 4161 2175 4216 manifes-

509 4250 742 4307 tissima
757 4251 1022 4323 prodigia
1039 4252 1095 4306 in
1113 4267 1351 4324 corpore
1371 4251 1559 4306 adhuc
1577 4250 2057 4316 constitutis,sive
2070 4266 2173 4322 per

506 4340 716 4407 hones,
751 4356 851 4395 seu
887 4357 988 4410 per
1020 4340 1292 4396 sinistros
1338 4340 1580 4412 spiritus
1630 4344 2019 4407 ostantentur,
2053 4357 2170 4395 non

508 4426 642 4483 illos
661 4426 888 4482 diutius
912 4428 970 4481 in
994 4427 1103 4483 hac
1122 4444 1296 4483 carne
1310 4427 1565 4484 victuros
1588 4428 1805 4500 quibus
1827 4427 2167 4501 hujusmodi

2361 3274 2643 3330 Praeterea
2672 3273 2780 3328 fuit
2809 3273 3051 3345 quidam
3103 3273 3278 3329 frater
3335 3274 3438 3346 qui
3487 3265 3883 3330 solitus-eratad

2289 3363 2471 3419 altare
2503 3367 2715 3420 sancta:
2747 3362 2962 3428 Mariae,
2986 3364 3139 3435 quod
3173 3363 3661 3420 excellentissime
3688 3359 3884 3422 constet,

2290 3454 2625 3526 frequenter
2653 3467 2837 3520 orare,
2871 3469 2936 3508 ac
2985 3453 3239 3526 gemitus
3269 3458 3337 3508 et.
3367 3445 3886 3526 compunctienisls-

2289 3558 2518 3614 crymas
2549 3542 2810 3597 fundere.
2854 3541 3046 3598 Unum
3096 3541 3276 3614 igitur
3329 3543 3385 3598 ei
3434 3547 3574 3610 erat,
3604 3537 3740 3613 quod
3778 3547 3887 3608 peni

2287 3631 2578 3686 universis
2611 3629 2841 3696 accidit,
2886 3629 3041 3685 inter
3085 3633 3321 3685 oratum
3357 3632 3680 3703 frequenter
3705 3636 3885 3698 spuere,

2287 3735 2352 3775 ac
2377 3717 2666 3775 delumbe
2688 3717 2928 3775 salivam
2953 3719 3240 3774 emittere.
3259 3717 3526 3793 Contigit
3543 3734 3667 3773 vero
3679 3714 3887 3785 aliquan-

2285 3809 2358 3863 do
2377 3813 2442 3864 ut
2458 3825 2664 3864 somno
2683 3825 2998 3880 oppressus
3015 3808 3402 3865 obdermiret.
3418 3809 3688 3881 Apparuit
3703 3804 3745 3860 ei
3759 3807 3886 3858 stand

2277 3898 2445 3968 juxta
2470 3897 2652 3953 altare
2673 3896 2914 3968 quidam
2941 3895 3206 3952 candidis
3228 3897 3600 3954 indumentis
3623 3889 3886 3950 circumda-

2285 3991 2399 4054 tus,
2425 3987 2736 4060 praeferens
2759 3985 2816 4040 in
2842 3986 3118 4041 manibus
3142 4003 3410 4058 pannum
3435 3983 3886 4043 candidissimum

2283 4081 2457 4148 atque
2479 4076 2538 4130 in
2562 4074 2905 4146 hujusmodi
2926 4076 3273 4146 erumpebat
3288 4077 3473 4132 verba
3495 4092 3509 4131 :
3541 4097 3567 4126 ι(
3582 4073 3694 4129 ’ϐιιι-
3712 4085 3805 4134 me,
3821 4067 3888 4119 iu-

2281 4163 2709 4236 quiens,sputis
2733 4163 2986 4235 propriis
3007 4164 3374 4220 verberando
3399 4165 3582 4220 illinis
3598 4162 3625 4218 ‘?
3639 4162 3772 4217 Nam
3791 4169 3887 4228 est).

2279 4258 2344 4309 ut
2366 4253 2576 4320 cernis,
2607 4252 2864 4325 suscipio
2898 4270 3115 4309 munus
3139 4257 3385 4310 tuarum
3418 4243 3890 4314 orationum-deh-

2278 4360 2413 4398 rens
2437 4342 2577 4397 illud
2603 4342 2670 4397 ad
2686 4347 3063 4414 conspectum
3085 4340 3627 4400 misericordissimi
3645 4339 3673 4395 J
3683 4333 3889 4394 adicis.»

2275 4433 2397 4497 Qua
2423 4432 2645 4488 visione
2668 4435 2970 4503 correptus
2994 4431 3170 4486 frater
3191 4431 3310 4499 ille,
3339 4438 3396 4488 et
3419 4449 3546 4490 sese
3568 4421 3893 4496 continuit.et

504 4514 699 4571 videre
721 4515 1024 4588 contigerit
1050 4518 1280 4588 (certum
1301 4521 1420 4584 est).
1440 4517 1627 4588 Hujus
1645 4535 1873 4589 quoque
1895 4517 2166 4573 assertio-
2198 4542 2246 4607 D
2277 4525 2514 4577 caeteros
2546 4525 2611 4575 ut
2639 4538 2720 4589 se,
2753 4520 2814 4574 in
2847 4524 3133 4592 quantum
3166 4520 3459 4590 valerent,
3492 4522 3553 4578 in
3583 4515 3754 4576 sacris
3779 4506 3892 4567 locis

506 4603 598 4659 nis
620 4604 1016 4676 experimenta
1036 4605 1225 4660 multa
1244 4606 1658 4678 comperimus,
1676 4623 1745 4661 ex
1760 4607 1974 4677 quibus
1992 4607 2168 4662 etiam

504 4693 794 4749 nonnulla
813 4694 1109 4750 memoriae
1144 4694 1543 4749 commendari
1574 4693 1814 4766 placuit,
1835 4698 1916 4762 ut,
1939 4695 2166 4767 quoties

503 4782 824 4855 evenerint,
845 4783 1133 4840 cautelam
1159 4782 1415 4838 inferant
1436 4783 1629 4854 potius
1660 4800 1836 4855 quam
1875 4785 2163 4856 deceptio-

504 4887 658 4926 nem.

571 4961 739 5033 Apud
767 4966 1025 5018 castrum
1050 4962 1493 5017 Tarnodorense
1514 4965 1638 5016 erat
1659 4961 1896 5032 quidam
1923 4962 2162 5035 presby-

501 5053 589 5104 ter
633 5050 903 5123 religiose
952 5052 1192 5124 degens,
1241 5052 1556 5107 Fretterius
1607 5049 1860 5119 nomine,
1900 5055 2160 5124 tempore

500 5155 615 5209 quo
636 5144 830 5209 Bruno
855 5139 1183 5211 Lingonum
1209 5139 1587 5212 praesulatum
1613 5140 1862 5195 tenebat.
1880 5140 1982 5196 Hic
2002 5157 2155 5211 vero,

498 5244 616 5282 una
645 5228 879 5283 dierum
913 5228 1220 5283 Dominica
1242 5230 1366 5299 jam
1401 5233 1858 5300 vesperascente,
1884 5247 2016 5285 cum
2048 5247 2158 5286 cce-

501 5319 753 5370 naturus
783 5320 960 5378 esset,
990 5316 1166 5370 exivit
1218 5314 1521 5387 paululum
1557 5335 1616 5373 sc
1649 5316 1937 5373 relevandi
1972 5320 2160 5392 gratia

491 5404 563 5458 ad
597 5403 884 5459 fenestras
919 5404 1132 5459 domus
1156 5421 1296 5470 suae,
1321 5406 1796 5478 prospiciensque
1828 5407 1973 5463 vidit
2003 5426 2037 5464 a
2068 5426 2156 5465 se-

490 5491 871 5564 ptentrionali
922 5497 1087 5562 parte
1135 5495 1329 5564 egredi
1380 5496 1532 5550 acies
1583 5496 1868 5568 equitum,
1910 5497 2065 5553 velut
2097 5499 2154 5554 in

485 5577 780 5668 praelium,
797 5579 1124 5641 innumeris
1147 5582 1564 5654 multitudinis,
1585 5589 1891 5660 pergentes
1914 5587 1984 5644 ad
2009 5589 2157 5646 occi-

2278 4609 2641 4666 continerent
2674 4609 2989 4664 admonere
3042 4610 3285 4665 curavit.
3322 4612 3394 4666 Et
3425 4611 3563 4666 licet
3593 4608 3694 4664 hoc
3723 4605 3893 4658 natum

2275 4699 2531 4754 dictante
2557 4697 3082 4770 proveniat,tamen
3103 4697 3162 4751 in
3185 4696 3490 4770 plerisque
3511 4693 3651 4752 locis
3671 4687 3891 4765 gentium

2273 4786 2627 4843 omnimodis
2640 4785 2966 4841 abstinetur
2977 4784 3033 4839 in
3048 4784 3296 4842 ecclesia
3307 4787 3384 4842 ab
3399 4784 3776 4843 screation-um
3787 4787 3895 4845 sp!!-

2271 4876 2368 4948 tis,
2390 4875 2499 4931 nisi
2526 4875 2670 4931 forte
2693 4873 3112 4946 suscipiantur,
3131 4875 3454 4932 deferenda
3471 4873 3673 4931 exinde
3690 4859 3892 4926 foras.“l

2271 4964 2627 5037 quibusdam
2662 4961 3071 5036 receptaculis;
3097 4968 3153 5018 et
3173 4965 3470 5036 praecipue
3497 4961 3651 5035 apud
3681 4957 3891 5013 Grecae,

2269 5054 2371 5110 ubi
2401 5069 2634 5127 semper
2662 5057 2829 5108 tenor
2857 5051 3294 5117 ecclesiasticus
3333 5051 3673 5109 cautissime

2267 5143 2494 5199 Clarere
2509 5142 2691 5215 igitur
2709 5141 2900 5196 locum
2923 5142 3267 5213 praedictum
3287 5141 3516 5202 diutine
3534 5134 3748 5195 meritis
3765 5129 3890 5185 beati

2265 5232 2538 5289 Germani
2573 5249 2638 5287 ac
2668 5235 3006 5286 czeterorum
3031 5233 3368 5286 sanctorum
3388 5231 3608 5286 ibidem
3630 5221 3893 5296 quiescen-

2267 5323 2436 5391 tium,
2481 5320 2667 5394 signis
2719 5323 2776 5376 et
2820 5318 3126 5392 prodigiis,
3157 5323 3280 5375 tam
3311 5320 3370 5376 in
3405 5318 3575 5375 donis
3607 5310 3890 5401 sanitatplfl

2265 5429 2442 5484 quam
2483 5393 2867 5465 iniultionum
2900 5407 3175 5463 vindictis
3207 5410 3278 5465 ad
3312 5425 3375 5464 se
3408 5400 3750 5490 pertinentia
3771 5393 3889 5490 dira:-

2265 5501 2574 5575 pientium,
2595 5498 2978 5556 manifestum
2997 5501 3108 5554 est.
3131 5498 3190 5553 Si
3215 5498 3317 5570 qui
3341 5512 3553 5570 nempe
3575 5494 3644 5550 de
3664 5484 3890 5564 primati-

2265 5592 2374 5650 bus
2401 5589 2602 5666 patrize
2638 5588 2885 5665 hujusce
2910 5585 3021 5646 loci
3045 5602 3242 5645 rerum
3266 5588 3683 5646 invasores-seu
3707 5575 3887 5635 dium.
