4098 6164
492 327 615 397 691,

1434 326 1807 391 nonum
1853 324 2143 390 GLABRI
2189 321 2551 388 MONACHI
2594 304 2958 387 oLUNIAc;

3741 329 3861 392 692‘

491 459 782 521 universis
810 457 1197 536 incognitum,
1235 458 1412 518 sicuti
1459 463 1667 517 cmtera
1715 475 1841 532 quae
1873 459 1987 516 fide
2018 475 2154 515 con-
2186 457 2242 525 Α
2270 456 2464 513 dictus
2494 458 2660 528 pater
2688 456 2991 528 comperit,
3025 458 3090 513 ut
3135 458 3258 513 erat
3296 452 3385 513 vir
3410 454 3624 514 solertis
3648 458 3846 534 ingenii,

507 555 688 623 stant,
718 554 777 608 et
801 550 1083 607 intuitum
1125 549 1428 606 oculorum
1473 566 1589 604 non
1635 553 1974 622 exposcunt.
2008 547 2159 604 Illud

494 642 785 716 praecipue
814 640 1334 707 commonendum,
1368 638 1524 712 quod
1556 638 1819 711 corporis
1849 637 2161 711 etsangui-

496 730 592 787 nis
622 727 853 785 Domini
882 727 1023 784 Jesu
1054 726 1273 784 Christi
1301 727 1604 783 viviﬁcans
1636 726 1919 783 confectio
1954 726 2163 782 existi-

498 822 692 876 metur
721 816 1058 874 nullatenus
1088 817 1147 872 in
1180 834 1310 874 sese
1336 816 1456 889 pati
1489 816 1997 889 dispendium,aut
2020 832 2166 872 casu

495 907 693 980 aliquo
722 905 1020 963 incurrere
1053 906 1477 980 periculum.Si
1512 907 1748 978 quando
1779 909 1976 961 autem
1993 905 2156 961 vide-

495 1001 592 1053 tur
617 994 823 1053 collabi
857 1013 962 1053 seu
994 996 1265 1069 deperire
1298 1011 1403 1067 per
1432 994 1853 1067 negligentiam
1901 994 2010 1050 sibi
2048 998 2165 1049 tra'

495 1084 799 1154 ctantium,
833 1088 1017 1142 restat
1048 1084 1292 1152 eisdem,
1328 1083 1376 1140 si
1408 1101 1525 1139 non
1577 1084 1855 1141 alacriter
1884 1079 2172 1163 poenitus:

500 1172 641 1243 rint,
666 1173 1065 1230 damnationis
1088 1173 1403 1245 judicium.
1422 1174 1493 1227 At
1523 1189 1657 1227 cum
1690 1174 1976 1229 Dominus
2005 1170 2138 1227 dixe

498 1262 576 1320 rit
607 1280 620 1319 :
656 1263 761 1332 Qui
790 1264 1088 1319 manduca!
1112 1280 1293 1319 meam
1321 1279 1563 1328 carnem,
1590 1269 1642 1318 et
1672 1263 1810 1317 bibit
1834 1278 2015 1317 meum
2032 1278 2165 1321 san-

501 1354 746 1423 guinem,
799 1352 961 1409 habet
1012 1354 1183 1409 vitam
1244 1358 1533 1418 aeternam,
1586 1359 1637 1406 et
1686 1366 1781 1422 ego
1838 1352 2168 1406 resuscitabo

504 1458 651 1512 eum,
681 1439 844 1497 nullo
897 1442 1070 1497 modo
1114 1444 1321 1514 putare
1373 1440 1657 1496 debemus
1707 1445 1775 1495 ut
1828 1440 2171 1512 quodquam

504 1528 959 1601 animal,praater
985 1528 1509 1596 hominem,carnis
1534 1528 2027 1585 resurrectionem
2042 1545 2171 1600 per-

503 1616 702 1690 cipiat,
718 1617 821 1674 sed
851 1632 958 1673 nec
990 1615 1123 1685 nisi,
1151 1615 1358 1683 fidelis,
1387 1615 1563 1672 etiam
1601 1615 2015 1672 eucharistiam
2047 1632 2171 1688 per-

506 1704 653 1778 cipit
675 1706 748 1761 ad
781 1704 1322 1778 salutem.Denique
1353 1705 1577 1762 exstitit
1605 1706 1846 1777 quidam
1877 1705 1936 1761 in
1968 1709 2166 1762 nostro

503 1797 765 1897 tempore
796 1792 870 1893 in.
900 1793 1152 1894 clericali
1198 1795 1427 1897 habitu,
1463 1795 1602 1850 dum
1648 1796 1784 1867 jure
1812 1795 2169 1897 ‘culparet‘ur
2199 1831 2248 1897 B

504 1883 761 1957 quodam
792 1881 1309 1958 crimine,contigit
1337 1887 1403 1939 ut
1431 1888 1689 1941 sumeret
1717 1884 1992 1940 audacter
2003 1884 2166 1956 judi‘

504 1971 593 2029 cio
621 1971 1074 2029 examinationis
1098 1973 1320 2029 donum
1351 1973 1739 2042 eucharistire,
1774 1972 1971 2029 calicis
1999 1973 2157 2030 vide-

502 2060 640 2118 licet
671 2060 980 2135 sanguinis
1010 2061 1248 2119 Christi.
1279 2062 1385 2118 Cui
1425 2062 1698 2134 protinus
1751 2079 1854 2135 per
1899 2062 2160 2118 medium

505 2149 771 2208 umbilici
800 2150 996 2224 egredi
1025 2151 1153 2207 visa
1195 2154 1284 2207 est
1330 2168 1466 2223 pars
1515 2150 1937 2207 candidissima
1983 2168 2158 2223 quam

506 2242 842 2312 sumpserat
885 2238 1157 2309 ejusdem
1207 2238 1502 2306 sacriﬁcii,
1536 2240 1684 2296 dans
1733 2239 1933 2312 procul
1982 2240 2161 2297 dubio

509 2325 747 2383 evidens
789 2324 1073 2382 indicium
1122 2331 1319 2383 reatus
1369 2344 1431 2382 se
1480 2327 1721 2401 indigne
1766 2328 2158 2401 percipientis.

510 2412 669 2470 Illico
700 2429 837 2471 vero
867 2414 1154 2471 confitens
1184 2415 1340 2487 quod
1395 2414 1559 2488 prius
1608 2420 1938 2489 negaverat,
1988 2416 2163 2489 digne

511 2500 806 2576 paenituit.
840 2501 905 2558 In
938 2501 1332 2560 Cabillonensi
1376 2520 1611 2578 quoque
1646 2521 1813 2578 pago,
1847 2506 1920 2561 ob
1966 2505 2163 2562 immi-

512 2592 750 2646 nentem
781 2589 1287 2658 cladem,vidimus
1319 2592 1419 2665 qui
1449 2592 1669 2648 videret
1697 2609 1765 2649 ex
1777 2598 2163 2666 panesacrato

511 2694 708 2735 veram
757 2694 995 2735 carnem
1044 2680 1330 2736 effectam.
1362 2681 1527 2754 Apud
1577 2681 1856 2738 Divonem
1905 2686 2164 2740 castrum

514 2767 717 2824 eodem
748 2771 1031 2840 tempore,
1065 2769 1208 2824 dum
1239 2785 1275 2824 a
1305 2770 1560 2841 quodam
1587 2770 1913 2827 deferretur
1932 2771 2164 2828 cuidam

513 2855 839 2930 aegrotanti.
871 2873 1011 2913 casu
1043 2857 1316 2915 excedere
1346 2875 1525 2914 manu
1558 2859 1929 2925 ferentis.Qui
1951 2864 2167 2918 attente

521 2945 1074 3019 quaerens,reperire
1102 2946 1347 3003 minime
1379 2947 1587 3021 potuit.
1621 2948 1756 3005 Post
1786 2966 2005 3006 annum
2033 2968 2165 3007 vero

517 3033 840 3104 evolutum,
872 3038 1170 3109 repertum
1201 3039 1290 3093 est
1310 3036 1482 3108 juxta
1516 3036 1669 3093 viam
1719 3038 2037 3112 publicam,
2066 3039 2168 3096 ubi

516 3123 626 3180 sub
656 3122 787 3181 divo
820 3123 1127 3191 ceciderat,
1151 3124 1232 3181 ita
1262 3125 1579 3182 candidum
1615 3130 1789 3200 atque
1821 3127 2169 3185 incontami-

2268 545 2461 601 tribus
2492 562 2522 600 e
2552 543 2677 600 suis
2703 544 3007 602 monachis
3035 545 3215 617 hujus
3242 545 3436 603 delicti
3464 546 3674 619 culpam
3700 551 3845 621 poeni-

2270 637 2391 690 tere
2424 632 2717 705 prazcepit:
2748 633 3017 690 videlicet
3047 635 3457 706 permitescens
3484 652 3552 691 ne
3574 635 3725 710 culpa
3742 639 3851 697 insi-

2274 722 2488 797 pientis
2520 722 2841 796 presbyteri
2872 740 3011 779 suos
3042 723 3353 780 involveret
3381 740 3509 780 cum
3537 723 3627 781 illo
3663 727 3724 782 ad
3748 728 3851 787 vin-

2275 811 2494 867 dictam
2527 811 2789 868 ultionis.
2824 812 2985 878 Quod
3016 812 3193 868 etiam
3226 813 3474 882 fecisset,
3500 813 3547 870 si
3575 832 3679 870 non
3707 818 3852 875 obsti-

2275 901 2445 957 tisset
2472 900 2830 973 providentia
2860 901 3086 974 sagacis
3112 901 3321 972 viri,ut
3350 902 3429 957 rei
3461 904 3701 975 probavit
3720 923 3855 965 even-

2276 992 2587 1062 tus.Atque
2616 988 2831 1045 idcirco
2863 989 2976 1046 ista
3006 990 3487 1062 praemisimus,ut
3510 992 3857 1055 intimaremus

2280 1080 2528 1134 fidenter
2557 1079 2792 1134 credere
2822 1079 3122 1151 quoniam,
3154 1080 3341 1137 sicubi
3373 1096 3540 1138 casus
3567 1080 3725 1153 hujus
3740 1090 3857 1143 sacri

2280 1186 2348 1225 ac
2380 1168 2587 1225 vivifici
2614 1167 2750 1223 doni
2781 1167 3140 1242 negligenter
3167 1168 3859 1237 evenerit,ultioniscladem

2281 1258 2561 1314 divinitus
2600 1256 2909 1313 imminere
2950 1274 3015 1313 ac
3064 1258 3366 1331 subsequi.
3398 1259 3859 1330 Quemadmodum,

2277 1364 2448 1403 versa
2477 1347 2615 1414 vice,
2649 1346 2909 1418 quolibet
2939 1346 2996 1401 in
3026 1346 3150 1402 loco
3181 1346 3467 1421 condigne
3502 1348 3636 1404 illud
3674 1353 3861 1408 tractari

2278 1436 2610 1509 contigerit,
2644 1435 2945 1491 abundare
2988 1436 3315 1492 commodis
3363 1436 3656 1493 universis.
3693 1439 3786 1496 Sed
3820 1446 3865 1497 et

2279 1524 2440 1581 illius
2469 1524 2762 1597 magnifici
2812 1523 3071 1597 mysterii
3115 1524 3426 1582 celebratio
3476 1532 3735 1598 quantum
3760 1546 3862 1601 pro-

2278 1613 2355 1670 sit
2385 1614 2699 1669 animabus
2732 1613 3136 1669 defunctorum
3167 1612 3452 1683 fidelium,
3473 1632 3599 1671 cum
3622 1616 3676 1672 in
3704 1618 3865 1675 multis

2277 1704 2358 1760 sit
2387 1701 2892 1774 probatissimum,
2925 1702 3066 1758 libet
3092 1706 3293 1759 tamen
3323 1720 3354 1759 e
3384 1703 3620 1760 diversis
3665 1722 3865 1778 praesen-

2275 1791 2493 1848 tialiter
2522 1791 2842 1864 producere
2854 1791 2925 1847 ad
2951 1791 3211 1847 medium
3225 1793 3500 1848 unum.ln
3516 1795 3863 1851 remotioribus

2275 1880 2476 1936 Africa:
2526 1879 2793 1953 partibus
2839 1884 2965 1935 erat
3009 1879 3253 1952 quidam
3305 1881 3662 1951 anachoreta,
3690 1883 3862 1956 dequo

2268 1968 2565 2025 ferebatur
2593 1969 2749 2041 quod
2806 1968 3062 2042 spatium
3110 1968 3316 2043 viginti
3361 1987 3641 2027 annoru'n
3680 1973 3865 2028 tenebat

2269 2057 2439 2113 illum
2470 2057 2710 2113 omnino
2737 2061 3102 2131 segregatum
3136 2074 3170 2112 a
3200 2063 3517 2131 conspectu
3548 2058 3865 2116 ulliushomi—

2270 2146 2634 2203 nis.Vivebat
2664 2145 2820 2201 enim
2854 2145 3050 2203 labore
3078 2163 3372 2203 manuum
3402 2151 3461 2203 et
3491 2147 3755 2204 radicibus
3769 2147 3865 2204 ber-

2270 2235 2503 2292 barum.
2535 2234 2791 2307 Contigit
2818 2239 2883 2290 ut
2911 2235 3224 2291 homuncio
3266 2236 3508 2309 quidam
3538 2253 3726 2311 genere
3764 2237 3863 2293 Tei-

2270 2323 2506 2396 phalus,
2540 2340 2695 2378 unus
2745 2338 2815 2378 ex
2861 2322 2980 2379 illis
3027 2322 3441 2382 circuitoribus
3486 2324 3758 2397 regionum
3788 2325 3862 2398 qui

2273 2429 2575 2485 nunquam
2608 2416 2951 2469 saturantur
2979 2412 3336 2485 experientia
3350 2417 3407 2470 et
3421 2412 3863 2471 novitatibusloco-

2273 2500 2571 2568 rum,illuc
2604 2517 2853 2574 pergens
2883 2501 3315 2570 deveniret,Qui
3352 2503 3564 2559 famam
3594 2503 3733 2559 illius
3756 2518 3862 2558 ana-

2274 2590 2519 2647 choreta:
2551 2589 2940 2663 comperiens,
2970 2606 3287 2664 aggressus
3318 2590 3677 2648 solitudinem
3704 2591 3863 2648 ardore

2274 2678 2415 2735 solis
2447 2682 2694 2750 perusta:
2725 2677 3104 2754 regionis,diu
3138 2679 3512 2754 multumque
3540 2681 3690 2737 illum
3718 2680 3865 2753 inqui-

2273 2768 2487 2837 rens,si
2522 2768 2667 2824 forte
2697 2768 2992 2840 reperiret.
3019 2768 3288 2825 Tandem
3319 2768 3416 2826 ille
3447 2770 3599 2842 prior
3624 2769 3863 2826 solitarius

2275 2873 2338 2913 se
2369 2856 2763 2929 inquirentem
2794 2857 3104 2930 aspiciens,
3125 2858 3354 2914 vocavit
3382 2875 3514 2915 eum
3545 2864 3607 2916 ut
3631 2860 3695 2915 ad
3721 2876 3771 2915 se
3793 2875 3863 2913 ve-

2277 2946 2447 3003 niret.
2480 2946 2610 3013 Qui,
2641 2946 2881 3002 veniens
2913 2947 2983 3002 ad
3035 2945 3227 3013 illum,
3262 2947 3619 3021 interrogare
3644 2947 3863 3004 eumdem

2277 3035 2451 3107 coepit
2483 3051 2496 3090 :
2529 3035 2691 3102 Quis,
2724 3039 2827 3091 aut
2856 3036 3012 3091 unde
3043 3039 3215 3104 esset,
3252 3053 3361 3092 seu
3411 3038 3574 3109 cujus
3616 3036 3687 3093 rei
3721 3034 3865 3109 gratia

2276 3122 2416 3180 illuc
2446 3124 2905 3190 devenisset.Qui
2940 3123 3207 3196 protinus
3236 3126 3540 3200 respondit
3570 3142 3582 3181 :
3613 3124 3771 3198 ipsius
3794 3123 3864 3179 de-

515 3215 813 3282 natum,ac
842 3211 892 3268 si
922 3212 1068 3270 hora
1081 3214 1286 3270 eadem
1299 3199 2164 3290 cecidisset.Lugdunidenique
2194 3199 2238 3268 C
2275 3212 2491 3270 siderio
2523 3213 2919 3286 conspiciendi
2944 3229 3253 3269 accensum
3276 3199 3418 3271 illuc
3434 3210 3862 3279 devenisse,nihil-

515 3300 577 3362 in
609 3301 965 3360 monasterio
1005 3302 1373 3369 Barbarensi,
1406 3304 1549 3359 dum
1597 3304 1863 3376 quidam,
1895 3309 1959 3361 ut
2007 3306 2165 3362 credi

517 3388 1190 3459 debet,inconvenienter
1215 3390 1518 3447 bustulam
1544 3392 1632 3448 vel
1662 3392 2019 3466 pyxidem,in
2050 3413 2168 3468 qua

518 3477 880 3543 servabatur,
910 3480 976 3533 ut
1004 3494 1133 3534 mos
1161 3481 1271 3546 est,
1302 3482 1611 3537 attractare
1639 3481 1866 3548 vellet,e
1891 3478 2166 3540 manibus

511 3563 674 3621 illius
705 3580 833 3621 sese
862 3564 1139 3638 eripiens,
1175 3565 1413 3640 longius
1443 3569 1500 3623 in
1528 3585 1659 3626 aere
1691 3571 1868 3627 stetit.

581 3653 663 3710 De
693 3652 996 3709 chrismali
1029 3653 1388 3727 etiam,quod
1412 3673 1447 3712 a
1478 3658 1834 3729 quibusdam
1863 3663 2163 3733 corporalis

508 3739 861 3816 appellatur,
885 3740 1209 3815 plurimum
1240 3749 1541 3816 expertum
1572 3750 1662 3803 est
1688 3752 1965 3819 praestare
1982 3766 2163 3806 reme-

503 3829 679 3899 dia,si
709 3830 857 3886 fidus
886 3828 1243 3903 exigentium
1275 3849 1389 3888 non
1422 3833 1595 3890 fuerit
1624 3835 1823 3892 dubia.
1856 3838 2002 3893 Nam
2031 3856 2162 3894 con-

503 3920 597 3975 tra
644 3918 917 3975 incendia
967 3920 1184 3993 saepius
1231 3920 1541 3993 elevatum,
1583 3929 1686 3980 aut
1735 3926 2159 3999 exstinguendo

509 4007 892 4080 compescuit,
922 4012 1026 4064 aut
1070 4013 1398 4067 retrorsum
1430 4011 1674 4084 pepulit,
1709 4031 1811 4070 seu
1838 4014 1898 4070 in
1929 4021 2158 4087 pirtem

509 4093 755 4152 alteram
785 4096 1312 4155 retorsiLMembra
1340 4100 1559 4174 quippe
1589 4119 1876 4175 aegrorum
1907 4104 2163 4160 dolentia

506 4183 807 4243 multoties
835 4202 982 4243 sana
1009 4186 1759 4256 restituit,febricitantibus
1773 4191 2157 4250 nihilominus

504 4272 850 4347 impositum
896 4273 1149 4332 salutem
1201 4276 1467 4333 contulit.
1516 4279 1681 4350 Apud
1733 4282 2156 4338 monasterium

506 4360 849 4431 Reomense,
881 4365 1145 4436 tempore
1174 4366 1522 4423 venerabilis
1566 4366 1850 4425 Willelmi
1902 4370 2153 4441 abbatis,

503 4449 753 4523 contigit
785 4453 849 4506 ut
893 4448 1234 4508 incendium
1283 4454 1763 4526 circumdacentna
1812 4459 2156 4515 monasterii

503 4536 976 4610 depopularetur.
998 4539 1359 4612 Arripientes
1388 4547 1585 4600 autem
1616 4545 1881 4616 ejusdem
1911 4546 2020 4602 loci
2045 4548 2157 4604 fra-

503 4628 624 4682 tres
654 4624 969 4683 chrismale
997 4632 1166 4685 conto
1196 4628 1562 4703 impositum,
1595 4631 1968 4691 elevaverunt
2012 4635 2159 4693 illud

503 4718 709 4774 contra
736 4713 992 4771 incendii
1006 4716 1279 4775 flammas
1295 4720 1419 4776 dire
1440 4720 1993 4794 ﬂagrantes.Statim
2006 4742 2159 4794 vero,

503 4801 660 4859 idem
691 4801 922 4878 ignisin
945 4820 1073 4862 sese
1085 4808 1703 4879 retorquens,minime
1715 4810 1969 4883 amplius
1983 4830 2162 4885 quam

502 4890 816 4963 invaserat,
836 4892 1093 4968 arripere
1120 4895 1319 4952 valuit.
1338 4896 1513 4954 Panis
1543 4902 1740 4955 tamen
1771 4898 1867 4955 ille
1898 4900 2162 4958 Domini-

507 4997 784 5049 cus,aura
814 4982 1057 5052 ﬂante,a
1088 4983 1325 5042 contulo
1346 4984 1604 5059 elapsus,
1628 4986 1763 5058 plus
1793 4988 1992 5047 minus
2024 4991 2165 5046 duo-

506 5068 618 5127 bus
648 5070 943 5129 milliariis
971 5073 1218 5131 avolavit
1248 5076 1519 5147 usquead
1539 5074 1735 5132 villam
1751 5077 2162 5153 cui'l‘rivalgas

503 5158 853 5216 vocabulum
882 5166 991 5232 est,
1027 5163 1225 5237 ibique
1255 5181 1434 5239 super
1463 5165 1705 5222 domum
1737 5167 2047 5237 cujusdam
2070 5186 2160 5226 ve-

504 5246 673 5303 niens
701 5246 1005 5315 sedit.Quo
1035 5256 1359 5325 persecute,
1383 5254 1455 5310 ad
1473 5255 1899 5312 monasterium
1913 5257 2159 5329 dignan-

503 5337 594 5389 ter
622 5338 713 5390 est
741 5333 989 5395 delatus.
1023 5340 1356 5414 Contigerat
1385 5340 1542 5398 enim
1574 5343 1634 5399 in
1683 5343 1811 5416 ipso
1862 5361 2015 5403 anno
2062 5346 2157 5403 die

506 5421 739 5478 Pascha
771 5421 826 5477 in
883 5424 1127 5484 ecclesia
1178 5446 1304 5502 quas
1335 5431 1686 5489 Monasterio
1717 5433 1967 5504 adjacet,
1999 5434 2155 5491 beati

504 5509 666 5566 Pauli
699 5508 934 5568 nomine
959 5513 1169 5585 dicata,
1205 5522 1270 5573 ut
1312 5517 1459 5575 calix
1489 5518 1698 5577 vivifici
1745 5523 2053 5596 sanguinis
2084 5525 2155 5580 de

504 5598 827 5659 sacerdotis
857 5601 1131 5661 manibus
1163 5605 1223 5661 in
1253 5609 1469 5665 terram
1499 5607 1935 5669 laberetur.Sed
1960 5614 2153 5685 utpraa

2275 3317 2390 3373 que
2416 3308 2624 3375 praeter
2646 3318 2779 3358 eum
2813 3302 2968 3359 aliud
3001 3303 3506 3375 quaerere.Deinde
3531 3304 3614 3359 vir
3639 3300 3723 3358 ille
3743 3300 3861 3355 theo-

2275 3389 2445 3464 logus
2476 3392 2826 3465 subsecutus
2858 3390 2940 3447 ait
2971 3408 2984 3446 :
3015 3414 3041 3441 «
3076 3391 3216 3449 Novi
3245 3395 3327 3458 te,
3361 3391 3642 3465 inquiens,
3671 3408 3700 3445 a
3725 3385 3859 3462 parti-

2276 3479 2386 3535 bus
2416 3479 2738 3536 Galliarum
2768 3479 2883 3536 huc
2904 3480 3224 3537 devenisse.
3247 3481 3361 3537 Sed
3397 3498 3607 3554 quaeso,
3626 3479 3706 3535 dic
3731 3475 3881 3543 mihi,-

2273 3568 2322 3624 si
2355 3568 2683 3626 coenobium
2729 3568 2969 3641 Majoris
3021 3570 3139 3637 [al.,
3174 3568 3514 3644 Cluniense]
3562 3563 3859 3630 monasterii,

2272 3657 2426 3727 quod
2460 3657 2517 3711 in
2548 3654 2767 3712 eisdem
2787 3656 3052 3727 partibus
3067 3651 3859 3731 habetur,aliquandovidisti.»

2269 3746 2342 3800 At
2368 3744 2468 3801 ille
2498 3744 2641 3800 dixit
2669 3762 2682 3799 :
2709 3768 2735 3794 «
2767 3744 2923 3813 Vidi,
2956 3744 3171 3817 inquit,
3187 3749 3243 3801 et
3268 3747 3493 3819 optime
3522 3744 3782 3818 cognitum
3799 3739 3865 3794 est

2270 3833 2435 3889 mihi.
2470 3856 2498 3883 ››
2532 3834 2696 3889 Tunc
2725 3832 2870 3888 dixit
2899 3833 2951 3889 ei
2985 3851 2998 3889 :
3024 3856 3053 3883 ‹‹
3088 3832 3268 3902 Scito,
3288 3834 3391 3902 ait,
3417 3852 3527 3908 prae
3557 3831 3754 3889 cunctis
3779 3828 3881 3883 lio--

2269 3924 2425 3978 mani
2459 3922 2617 3979 orbis
2649 3921 2793 3977 illud
2824 3921 3013 3978 valere
3043 3921 3340 3995 praecipue
3369 3924 3429 3979 in
3462 3914 3863 3979 liherationeaniv

2269 4028 2499 4067 marum
2532 4027 2565 4066 a
2591 4011 2914 4067 daemonica
2940 4010 3559 4069 dominatione.Tanta
3585 4009 3723 4066 enim
3744 4005 3862 4077 viget

2267 4100 2327 4155 in
2359 4117 2424 4157 eo
2453 4098 2666 4155 viviﬁci
2696 4099 2969 4156 sacrificii
3006 4100 3282 4171 frequens
3314 4098 3718 4160 immolatio.ut
3738 4089 3861 4150 nulla

2267 4205 2417 4261 pane
2446 4189 2571 4245 dies
2603 4192 2987 4261 pertranseat,
3021 4189 3079 4243 in
3105 4206 3223 4260 qua
3254 4206 3376 4245 non
3407 4190 3478 4246 de
3506 4187 3761 4262 potestate
3776 4195 3863 4236 ma-

2266 4277 2560 4352 lignorum
2589 4277 2926 4334 dzemonum
2954 4276 3071 4333 tale
3100 4278 3527 4335 commercium
3558 4276 3760 4333 animas
3783 4266 3862 4324 eri-

2266 4367 2409 4439 piat.
2437 4390 2465 4416 »
2506 4367 2644 4422 Erat
2691 4365 3007 4439 siquidem,
3058 4369 3123 4421 ut
3171 4366 3287 4439 ipsi
3339 4365 3737 4440 perspeximus,
3765 4371 3861 4413 mos

2264 4455 2426 4513 illius
2457 4454 2725 4522 cmnobii,
2761 4474 2796 4511 a
2824 4455 3016 4529 prima
3043 4454 3137 4511 die
3167 4472 3382 4513 aurora
3414 4471 3593 4529 usque
3619 4453 3673 4508 in
3698 4450 3861 4506 horam

2188 4566 2238 4634 Β
2269 4544 2522 4617 prandii,
2557 4547 2794 4617 propter
2824 4544 3071 4600 fratrum
3103 4543 3360 4616 copiam,
3394 4543 3655 4601 continua
3693 4536 3863 4593 missa-

2269 4650 2402 4689 rum
2427 4632 2898 4698 celebratio.Quaz
2930 4631 3195 4689 videlicet
3224 4636 3346 4690 tam
3374 4633 3544 4707 digne
3574 4634 3862 4703 purequeac

2272 4725 2600 4778 reverenter
2630 4721 2822 4790 ﬁebat,
2847 4725 2911 4777 ut
2941 4721 3130 4796 magis
3162 4722 3429 4795 angelica
3457 4735 3624 4794 quam
3652 4716 3863 4772 humana

2271 4809 2551 4867 exhibitio
2582 4815 2907 4883 putaretur.

2342 4901 2508 4955 Anno
2532 4899 2715 4972 igitur
2743 4899 3056 4955 millesimo
3100 4899 3549 4975 quadragesimo
3593 4887 3858 4982 primelflf

2272 4988 2629 5044 carnationis
2660 4987 2975 5044 Dominicae
3024 4988 3246 5045 exstitit
3299 4972 3579 5046 terminus
3618 4972 3860 5055 paschalis

2272 5075 2616 5133 duodecimo
2647 5075 3030 5132 kalendarum
3056 5076 3369 5150 Aprilium,
3403 5080 3460 5134 et
3499 5075 3615 5148 ipse
3643 5068 3750 5125 dies
3775 5078 3859 5118 un-

2268 5165 2708 5239 decimo.Atque
2736 5164 2923 5221 idcico
2956 5165 3235 5222 adnotare
3255 5157 3750 5238 placuit,quoniam
3775 5164 3857 5206 nec

2267 5254 2597 5311 communis
2629 5271 2889 5327 unquam
2924 5254 2987 5309 ﬁt
3016 5255 3352 5327 temperior,
3387 5269 3492 5310 nec
3532 5241 3858 5327 embolismus

2265 5344 2587 5416 septimum
2620 5323 3013 5398 Kalendarum
3064 5323 3341 5399 Martium
3398 5342 3546 5398 diem
3591 5323 3856 5422 aliquando

2264 5432 2507 5489 excedit.
2523 5433 2635 5489 Sed
2669 5432 2820 5487 inter
2849 5432 3009 5505 ipsos
3044 5431 3289 5505 triginta
3319 5432 3573 5504 quinque
3600 5422 3712 5479 dies
3737 5416 3857 5487 Ῑο8ί⁹

2263 5520 2407 5577 time
2428 5520 2553 5578 dies
2584 5521 2937 5577 sacerrimus
2966 5520 3198 5577 Pascha:
3220 5523 3556 5577 coarctatur.
3578 5509 3717 5570 Obiit
3739 5517 3852 5577 quo-

2264 5627 2378 5683 que
2408 5611 2612 5668 eodem
2645 5626 2797 5668 anno
2827 5609 3215 5668 Chuonradus
3265 5610 3586 5683 imperator.
3617 5596 3708 5656 Cui
3748 5604 3852 5649 suc-
