4098 6164
194 307 311 377 693

1070 307 1628 376 HISTORIARUM
1669 306 1885 370 LIBRI
1929 305 2312 383 QUINQUE.
2342 343 2420 357 -—
2459 309 2610 376 LIB.
2656 307 2736 377 ν.

3510 298 3630 372 69.4
3666 329 3672 336 ·

192 445 369 505 cessit
392 445 455 503 in
477 462 717 522 regnum
748 444 1028 504 Henricus
1057 445 1217 502 ﬁlius
1250 444 1458 518 ipsius,
1483 445 1611 516 jam
1644 442 1718 500 ab
1749 459 1846 499 eo-
1875 443 1931 510 Α
1963 443 2484 519 Germania,longe
2514 441 3042 519 lateque,eumdem
3073 460 3268 518 regem
3291 440 3626 502 dominium

190 539 324 594 dem
369 542 535 611 patre
583 537 927 594 constitutus
979 553 1096 591 rex.
1147 535 1402 607 Contigit
1443 550 1577 589 vero
1627 531 1758 605 ipso
1788 531 1848 588 in

189 633 480 700 tempore,
503 626 816 700 inspirante
845 627 1042 682 divina
1072 624 1282 700 gratia,
1316 623 1600 696 primitus
1629 622 1688 677 in
1724 640 1852 695 par-

185 717 352 774 tibus
383 715 759 789 Aquitanicis,
793 716 1003 772 deinde
1034 714 1320 788 paulatim
1354 729 1455 785 per
1499 712 1845 768 universum

188 805 521 862 Galliarum
557 804 920 871 territorium,
954 805 1170 860 ﬁrmati
1206 809 1441 876 pactum
1493 805 1732 874 prepter
1769 801 1848 855 ti-

187 913 421 951 morem
447 895 548 950 Dei
571 894 776 968 pariter
797 899 850 949 et
871 911 1155 950 amorem.
1170 893 1385 948 Taliter
1405 896 1468 946 ut
1492 907 1666 946 nemo
1701 907 1852 944 mor-

187 985 406 1040 talium
441 1002 476 1039 a
507 985 657 1039 feria:
688 986 899 1056 quarta:
930 1000 1172 1055 vespere
1202 999 1380 1054 usqae
1412 981 1482 1036 ad
1524 979 1848 1035 secundam

191 1075 402 1130 feriam
436 1072 745 1145 incipiente
776 1071 922 1138 luce,
943 1089 1094 1127 ausu
1130 1071 1437 1127 temerario
1469 1071 1852 1142 praesumeret

189 1163 503 1236 quidpiam
539 1161 704 1218 alicui
735 1159 1038 1216 hominum
1075 1178 1180 1234 per
1218 1159 1334 1214 vim
1384 1159 1637 1229 auferre,
1663 1173 1850 1227 neque

188 1253 440 1309 ultionis
471 1252 778 1307 vindictam
826 1269 860 1305 a
907 1265 1262 1322 quocunque
1310 1248 1548 1303 inimico
1598 1246 1846 1318 exigere,

192 1359 297 1398 nec
329 1342 514 1398 etiam
546 1359 580 1396 a
611 1341 944 1412 ﬁdejussore
975 1339 1382 1395 vadimonium
1413 1353 1669 1393 sumere.
1687 1335 1851 1401 Quod

190 1432 234 1489 si
282 1433 364 1488 ab
408 1430 608 1504 aliquo
640 1430 759 1485 ﬁeri
787 1429 1134 1503 contigisset
1164 1433 1366 1483 contra
1407 1428 1516 1483 hoc
1547 1427 1848 1481 decretum

188 1521 525 1596 publicum,
559 1524 658 1574 aut
685 1520 752 1575 de
781 1520 896 1574 vita
917 1523 1311 1591 componeret,
1347 1522 1447 1573 aut
1485 1535 1521 1572 a
1567 1514 1851 1571 Christia-

188 1628 403 1668 norum
459 1608 745 1665 consortio
789 1607 1071 1681 expulsus
1125 1607 1318 1680 patria
1363 1607 1699 1680 pelleretur.
1734 1605 1852 1659 Hoc

190 1702 440 1774 insuper
472 1698 690 1773 placuit
723 1699 1027 1764 universis,
1057 1699 1241 1754 veluti
1289 1697 1460 1771 vulgo
1516 1695 1751 1761 dicitur,
1787 1698 1852 1749 ut

194 1794 402 1861 Treuga
434 1791 658 1846 Domini
685 1793 981 1846 vocaretur.
1015 1789 1153 1853 Quae
1179 1787 1444 1843 videlicet
1492 1803 1608 1840 non
1658 1783 1847 1840 solum
1880 1817 1928 1883 Β

192 1879 475 1936 humanis
537 1877 685 1934 fulta
731 1879 1034 1951 praesidiis,
1067 1893 1274 1932 verum
1324 1877 1497 1932 etiam
1546 1872 1848 1929 multoties

191 1969 406 2025 divinis
441 1968 760 2040 suffragata
787 1967 1128 2023 terroribus.
1161 1967 1308 2023 Nam
1356 1965 1620 2038 plerique
1650 1963 1848 2018 vesani

194 2058 396 2114 audaci
425 2057 755 2112 temeritate
777 2057 1181 2129 praescriptum
1206 2059 1442 2128 pactum
1465 2070 1581 2109 non
1602 2051 1851 2108 timuere

193 2146 551 2220 transgredi,
568 2146 629 2200 in
647 2145 858 2217 quibus
879 2145 1146 2218 protinus
1177 2147 1278 2200 aut
1307 2143 1502 2198 divina
1516 2140 1726 2195 vindex
1744 2141 1848 2207 ira,

195 2253 287 2292 seu
319 2236 638 2291 humanus
668 2233 896 2307 gladius
925 2233 1083 2290 ultor
1111 2232 1352 2290 exstitit.
1375 2234 1446 2288 Et
1473 2231 1583 2286 hoc
1628 2230 1851 2300 passim

197 2331 307 2382 tam
339 2326 689 2397 frequenter
717 2323 1048 2396 contigit,ut
1079 2340 1195 2396 prae
1223 2323 1312 2378 sui
1337 2319 1716 2377 multitudine
1739 2321 1850 2376 sin-

196 2413 439 2487 gulatim
462 2429 584 2467 non
610 2416 825 2485 queant
845 2413 1194 2479 adnotari,et
1213 2411 1324 2467 hoc
1347 2411 1493 2465 satis
1517 2409 1852 2480 juste.Nam

201 2505 344 2559 sicut
373 2503 508 2557 dies
543 2501 885 2557 Dominicus
917 2506 1154 2574 propter
1184 2500 1856 2556 Dominicam'resurrec-

199 2593 411 2648 tionem
445 2589 802 2647 venerabilis
831 2591 1098 2658 habetur,
1123 2594 1180 2646 et
1211 2591 1459 2646 Oct-avus
1485 2589 1856 2660 cognomina-

199 2687 304 2748 tur,
341 2681 425 2736 ita
451 2680 723 2752 quintus,
759 2683 955 2735 sextus
985 2683 1044 2734 et
1097 2680 1404 2752 septimus,
1438 2679 1509 2734 ob
1540 2679 1852 2734 Dominiea:

199 2787 370 2826 coznce
404 2773 464 2824 et
493 2769 763 2838 ejusdem
792 2769 1082 2841 passionis
1115 2768 1513 2838 reverentiam,
1539 2769 1752 2824 debent
1781 2768 1854 2823 ab

200 2859 416 2931 iniquis
439 2857 777 2913 actionibus
799 2873 925 2913 esse
949 2858 1157 2912 feriati.
1177 2855 1426 2929 Contigit
1446 2857 1600 2913 enim
1621 2858 1852 2924 ut,dum

200 2965 359 3021 pene,
393 2947 552 3004 sicut
577 2947 705 3018 jam
733 2945 1008 3012 diximus,
1040 2963 1144 3018 per
1174 2951 1323 3002 totas
1353 2945 1568 3002 Gallias
1604 2947 1712 3002 hoc
1736 2951 1853 3003 sta-

202 3040 388 3093 tutum
441 3034 697 3091 firmiter
743 3035 1152 3104 custodiretur,
1185 3036 1468 3092 Neustrize
1517 3053 1660 3109 gens
1707 3035 1852 3091 illud

205 3126 495 3198 suscipere
529 3129 848 3181 recusaret.
881 3127 1018 3181 Erat
1064 3125 1220 3180 enim
1271 3125 1451 3196 hujus
1502 3127 1584 3182 rei
1625 3124 1852 3182 occasio

1964 552 2144 606 super
2167 542 2351 592 semet
2390 553 2649 593 exercere
2679 538 2977 608 gratanter
3006 536 3374 608 expetebant.
3411 537 3481 592 Et
3511 550 3626 591 non

1963 625 2285 681 immerito.
2301 627 2435 682 Erat
2452 628 2607 682 enim
2633 623 2973 681 affabilitate
2995 626 3470 698 gratissimus,ac
3491 624 3631 680 libe-

1964 713 2195 770 ralitate
2219 717 2584 788 perspicuus,
2612 717 2785 784 atque
2809 711 3161 770 humilitatis
3187 716 3379 788 gratia
3417 713 3630 788 praedi-

1964 804 2205 859 tus.Nec
2219 805 2310 875 cuj
2321 805 2548 877 uspiam
2569 803 2917 875 (dominium)
2933 803 3278 860 extollentize
3303 810 3455 859 nutu
3469 807 3631 858 nota-

1965 891 2139 945 batur
2161 892 2456 965 indeptus.
2477 896 2664 963 Atque
2687 889 2900 947 idcirco
2922 893 3212 949 universis
3241 891 3632 949 circumcirca

1962 980 2249 1035 existebat
2279 981 2571 1038 amabilis.
2608 979 2738 1050 Ipso
2768 979 2966 1037 itidem
2997 1000 3149 1038 anno
3181 983 3464 1056 praedicta
3487 997 3630 1053 gens

1966 1069 2378 1141 llungarorum
2397 1072 2524 1143 ejus
2547 1069 2793 1139 imperio
2816 1071 3049 1126 rebellis
3071 1071 3512 1136 exstitit.Quam
3536 1069 3631 1125 ille

1962 1157 2258 1214 hostiliter
2315 1174 2650 1233 aggressus,
2686 1164 2949 1231 potenter
2992 1162 3223 1231 devicit,
3257 1161 3497 1233 sibique
3527 1159 3632 1215 tri-

1963 1247 2258 1302 butariam
2289 1246 2648 1319 subjugavit.
2669 1249 3070 1323 Tamen,proh
3104 1251 3322 1324 pudor!
3353 1264 3545 1305 unum
3570 1249 3632 1306 in

1963 1353 2030 1390 eo
2060 1340 2184 1391 erat
2215 1338 2469 1393 nimium
2503 1336 2978 1407 reprehensibile,
3012 1341 3168 1413 quod
3205 1337 3635 1395 incontinentis

1964 1425 2158 1479 carnis
2189 1424 2442 1482 luxuria:
2476 1423 2890 1484 infamabatur.
2921 1429 3068 1485 Illud
3087 1431 3241 1485 enim
3260 1429 3474 1484 vitium
3500 1427 3632 1500 plus

1964 1514 2186 1569 caeteris
2218 1513 2275 1568 in
2312 1529 2530 1588 genere
2560 1513 2818 1574 humano
2850 1535 3044 1574 rerum
3074 1517 3338 1574 ordinem
3373 1517 3594 1572 turbat.

2034 1604 2319 1673 Sequenti
2354 1601 2540 1674 igitur
2572 1621 2742 1674 anno,
2776 1609 2832 1663 id
2864 1613 2971 1677 est,
3005 1607 3456 1682 quadragesimo
3474 1610 3634 1663 sexto

1965 1697 2095 1766 post
2126 1690 2716 1760 millesimum,facta
2745 1704 2830 1754 est
2863 1716 2962 1771 per
2990 1699 3118 1756 loca
3145 1717 3358 1773 magna
3382 1698 3504 1754 vini
3531 1698 3638 1754 fer-

1963 1783 2142 1839 tilitas
2173 1785 2231 1836 et
2261 1779 2673 1852 leguminum.
2697 1787 2833 1844 Post
2862 1789 2983 1846 hzee
3013 1807 3145 1846 vero
3176 1794 3334 1846 sexto
3366 1790 3507 1846 Idus
3526 1789 3637 1845 No-

1961 1869 2216 1930 vembris
2250 1872 2521 1942 mensis,
2541 1873 2680 1932 luna
2709 1879 3341 1949 quartadecima,nulla
3371 1885 3640 1938 currente

1960 1964 2180 2036 epacta,
2217 1969 2622 2020 concurrente
2643 1967 2915 2038 septimo,
2935 1969 3082 2024 facta
3113 1973 3201 2025 est
3230 1969 3465 2043 eclipsis
3489 1970 3638 2026 lunae

1961 2050 2313 2109 hominibus
2346 2053 2519 2110 valde
2551 2058 2873 2113 tremenda.
2899 2059 3045 2114 Nam
3069 2064 3268 2116 octava
3288 2060 3433 2116 hora
3454 2060 3641 2118 noctis

1961 2143 2112 2198 inter
2141 2140 2334 2196 solem
2371 2148 2430 2198 et
2463 2143 2652 2216 ipsam
2687 2144 2910 2214 lunam,
2947 2148 3067 2204 sive
3114 2153 3411 2221 patratum
3463 2169 3497 2207 a
3526 2151 3639 2208 Deo

1961 2238 2288 2296 ostensum,
2327 2249 2432 2287 seu
2487 2233 2811 2289 invertente
2861 2237 3088 2308 sphaera
3133 2238 3377 2296 alterius
3407 2241 3637 2307 sideris,

1962 2321 2214 2395 qualiter
2229 2322 2516 2389 evenerit,
2552 2328 2750 2377 manet
2774 2328 2981 2380 notum
3006 2327 3264 2382 scientiae
3287 2329 3636 2388 Conditoris.

1963 2413 2094 2485 Ipsa
2125 2427 2359 2483 quoque
2388 2410 2530 2464 luna
2555 2410 2837 2481 primitus
2872 2431 3018 2485 pene
3047 2416 3200 2471 facta
3223 2422 3314 2472 est
3336 2422 3457 2474 tota
3488 2421 3641 2477 sicut

1963 2505 2110 2556 teter
2131 2499 2714 2571 sanguis,paululum
2729 2503 3031 2558 cvadendo
3052 2522 3241 2576 usque
3264 2508 3334 2562 ad
3360 2525 3634 2568 aurarem

1964 2588 2810 2662 supervenientisdiei.Eodem
2837 2591 3229 2649 nihilominus
3253 2611 3454 2652 mense
3477 2603 3633 2671 apud

1963 2683 2222 2735 castrum
2256 2675 2442 2731 sancti
2476 2676 2818 2745 Florentini,
2841 2681 2997 2750 quod
3030 2685 3121 2737 est
3170 2700 3347 2756 super
3386 2687 3632 2744 Armen-

1964 2767 2181 2823 tionem
2208 2764 2631 2831 fluvium,circa
2657 2767 2920 2822 medium
2946 2771 3258 2840 cujusdam
3295 2773 3407 2829 diei
3423 2777 3633 2834 cecidit

1963 2857 2036 2911 de
2066 2853 2227 2921 crelo,
2263 2854 2416 2924 quod
2449 2855 2643 2908 Graece
2677 2854 3070 2924 diciturselas,
3104 2859 3190 2914 vel
3221 2861 3490 2930 chasmas,
3525 2883 3627 2922 seu

1959 2945 2277 3017 palmatias,
2313 2943 2453 2997 dum
2513 2942 2704 3014 fulgor
2753 2945 2984 3001 zetherci
3027 2946 3356 3017 splendoris
3389 2951 3628 3010 insolito

1963 3035 2034 3090 ad
2064 3037 2249 3089 terras
2279 3031 2592 3098 emittitur;
2615 3031 2910 3087 insulsum
2937 3034 3096 3089 enim
3120 3036 3330 3108 vulgus
3357 3041 3628 3109 perhibet

1961 3122 2189 3179 stellam
2223 3121 2291 3175 de
2324 3118 2466 3174 ecelo
2497 3119 2730 3174 cadere.
2753 3122 2917 3176 Tunc
2948 3139 3084 3195 ergo
3113 3125 3390 3196 przedicto
3423 3144 3627 3185 mense

205 3191 513 3271 dissidium
547 3213 958 3285 superbissimi
996 3213 1165 3288 litigii
1215 3191 1370 3287 quod
1420 3219 1613 3270 ortum
1666 3215 1852 3269 fuerat
1880 3191 1923 3258 C
1962 3209 2292 3275 Novembri,
2327 3209 2618 3280 perductae
2644 3213 2808 3275 sunt,
2847 3209 2906 3265 in
2930 3191 3287 3282 quibusdam
3318 3213 3464 3271 locis
3498 3217 3628 3272 Gal-

208 3303 347 3359 inter
375 3303 700 3360 Henricum
735 3319 927 3376 regem
958 3302 1145 3359 ﬁlium
1178 3303 1431 3371 Roberti,
1465 3309 1522 3359 et
1570 3303 1718 3358 filios
1751 3321 1856 3358 su-

207 3393 438 3464 pradicti
470 3391 719 3458 Odonis,
754 3392 850 3464 qui
883 3391 1142 3448 vicissim
1188 3391 1474 3448 incendiis
1518 3391 1671 3449 bella
1714 3392 1854 3447 mis-

209 3486 390 3537 centes
412 3480 723 3547 intestina,
742 3479 977 3536 sibimet
1007 3482 1224 3538 damna
1246 3481 1560 3538 inferentes
1591 3499 1705 3536 non
1739 3498 1858 3537 mo-

210 3567 346 3635 dica,
378 3569 675 3642 plurimas
726 3585 972 3625 suorum
1023 3574 1249 3643 strages
1299 3571 1604 3626 dederunt.
1641 3571 1857 3626 Deinde

211 3674 431 3731 quoque
457 3657 690 3714 occulto
723 3657 822 3713 Dei
844 3658 1070 3729 judicio
1101 3659 1273 3731 coepit
1305 3660 1578 3716 desaevire
1611 3659 1668 3714 in
1701 3660 1855 3731 ipso-

215 3763 332 3802 rum
363 3746 639 3819 plebibus
671 3747 868 3802 divina
899 3746 1065 3803 ultio.
1098 3748 1476 3820 Consumpsit
1522 3749 1676 3804 enim
1723 3747 1856 3820 qui-

218 3834 338 3891 dam
393 3835 663 3891 mortifer
711 3836 882 3891 ardor
931 3835 1149 3892 multos
1202 3840 1315 3892 tam
1370 3838 1440 3892 de
1485 3837 1858 3909 magnatibus

219 3940 384 3995 quam
415 3926 483 3980 de
512 3924 910 3980 mediocribus
941 3928 1115 3998 atque
1156 3926 1374 3982 inlimis
1424 3926 1656 3999 populi;
1690 3943 1862 3999 quos-

221 4013 344 4068 dam
371 4032 501 4070 vero
527 4015 816 4070 truncatis
842 4017 1240 4072 membrorum
1264 4017 1528 4089 partibus
1551 4019 1863 4075 reservavit

224 4102 285 4156 ad
317 4103 646 4160 futurorum
698 4104 1052 4176 exemplum.
1087 4107 1251 4161 Tunc
1301 4107 1475 4162 etiam
1527 4123 1671 4178 pene
1719 4125 1862 4180 gens

223 4191 390 4248 totius
417 4193 576 4250 orbis
607 4193 887 4249 sustinait
918 4194 1222 4267 penuriam
1256 4212 1358 4267 pro
1393 4195 1626 4251 raritate
1659 4197 1778 4252 vini
1809 4201 1866 4254 et

226 4278 410 4334 tritici.

289 4368 493 4426 Eodem
520 4387 656 4428 vero
679 4388 854 4440 anno,
874 4371 927 4427 id
952 4377 1061 4441 est,
1099 4373 1301 4444 quinto
1334 4377 1464 4446 post
1493 4375 1866 4449 quadragesi-

228 4473 378 4513 mum
422 4464 595 4533 atque
648 4460 1032 4516 millesimum
1081 4463 1394 4518 Dominicze
1447 4463 1869 4520 lncarnationis

1961 3301 2194 3363 liarum,
2214 3303 2419 3370 printer
2449 3295 2553 3352 soli
2566 3297 2791 3367 tum,ad
2826 3301 3227 3358 maturitatem
3261 3307 3491 3374 segetes
3512 3305 3626 3377 pri-

1969 3408 2072 3446 ma:
2095 3386 2339 3444 sationis
2371 3385 2616 3459 Augusti
2654 3388 2894 3460 mensis,
2929 3388 3184 3445 collectae
3215 3406 3417 3447 mense
3448 3393 3624 3449 Octo-

1966 3481 2089 3547 bri;
2124 3477 2278 3550 quod
2329 3493 2442 3531 non
2493 3476 2621 3531 sine
2666 3493 2880 3551 magna
2930 3479 3318 3535 admiratione
3378 3482 3625 3556 contigit

1968 3568 2113 3625 fieri.

2625 3655 2857 3712 CAPUT
2905 3657 2974 3714 ΙΙ.

2497 3747 2566 3800 De
2600 3745 2737 3801 bello
2766 3747 2906 3802 mire
2934 3756 3101 3816 gesto.

2037 3837 2158 3892 Sub
2188 3836 2390 3892 eodem
2422 3850 2652 3907 quoque
2687 3838 2948 3907 tempore
2989 3837 3178 3892 fuerat
3225 3841 3349 3892 orta
3379 3838 3622 3910 grandis

1968 3926 2260 3983 discordia
2283 3942 2465 3998 usque
2488 3925 2558 3980 ad
2581 3924 2921 3980 elfusionem
2948 3925 3117 3981 multi
3138 3926 3624 3997 sanguinis,inter

1970 4015 2282 4074 Henricum
2307 4016 2656 4070 Francorum
2681 4014 3137 4084 regem,Roberti
3171 4013 3449 4079 lilium,et
3470 4015 3623 4072 filios

1973 4123 2151 4178 supra
2209 4105 2387 4159 taxati
2447 4101 3080 4169 0donis,’l‘hebaldum
3139 4102 3409 4158 videlicet
3453 4107 3629 4176 atque

1971 4193 2355 4266 Stephanum.
2377 4191 2629 4262 Conligit
2648 4189 2964 4260 enim,post
2986 4191 3202 4248 multas
3225 4195 3418 4264 stages
3444 4191 3628 4248 cladis

1976 4288 2362 4353 utrarumque
2394 4280 2741 4352 partium,ut
2775 4278 2928 4333 idem
2963 4280 3279 4348 rex,ablato
3311 4281 3383 4336 ab
3405 4279 3626 4338 eisdem

1977 4371 2237 4428 dominio
2270 4369 2571 4424 Turonicae
2606 4366 2789 4434 urbis,
2825 4369 2991 4424 daret
3019 4368 3166 4425 illud
3197 4371 3499 4438 Gozfredo,
3533 4387 3630 4426 co-

1977 4464 2294 4535 gnomento
2325 4458 2542 4524 'l‘uditi,
2582 4456 2698 4511 lilio
2731 4456 2950 4513 scilicet
2980 4458 3249 4516 Fulconis
3286 4460 3414 4532 jam
3465 4459 3628 4526 dicti,

229 4562 454 4616 annum,
488 4550 821 4606 antedictus
852 4551 1156 4619 Henricus,
1190 4552 1346 4608 ﬁlius
1379 4552 1732 4618 Chuonradi,
1767 4571 1863 4609 rex
1896 4563 1944 4628 ι)
1980 4552 2423 4621 Andegavorum
2456 4545 3102 4615 c0mitis.Qui,collecto
3123 4566 3332 4620 magno
3352 4547 3628 4618 exercitu,

230 4635 651 4711 Saxonumjam
681 4639 742 4694 in
776 4639 1275 4706 re,Romanorum
1293 4658 1424 4696 vero
1463 4640 1780 4713 imperator
1808 4645 1867 4703 in

231 4724 503 4794 spe,duxit
526 4743 768 4783 uxorem
794 4726 975 4782 ﬁliam
1001 4727 1275 4784 Willelmi
1297 4729 1663 4784 Pietavorum
1682 4730 1871 4809 ducis,

232 4813 446 4870 nomine
466 4817 772 4888 Agnetem,
809 4833 984 4888 quam
1011 4818 1188 4873 etiam
1224 4818 1594 4887 desponsavit
1633 4819 1689 4873 in
1730 4821 1866 4874 civi-

234 4902 337 4956 tate
378 4904 880 4977 Chrysopolitana,
916 4923 1040 4979 qua:
1081 4906 1255 4979 vulgo
1303 4905 1577 4962 Vesontio
1607 4914 1865 4964 vocatur.

238 4985 370 5044 ιιιυά
399 4992 671 5065 denique,
706 4994 778 5049 ob
811 4996 1028 5051 amoris
1059 5012 1125 5050 ac
1158 4994 1569 5052 benevolentiae
1619 4998 1868 5069 gratiam

241 5077 542 5153 utriusque,
572 5083 847 5139 convenit
893 5085 1148 5140 maxima
1197 5085 1482 5141 nobilium
1530 5085 1867 5155 multitudo,

242 5163 622 5240 episcoporum
654 5188 790 5228 vero
822 5189 1065 5228 numero
1105 5172 1306 5246 viginti
1341 5177 1489 5230 octo.
1525 5175 1872 5231 Provenerat

243 5250 376 5308 enim
408 5257 461 5312 in
492 5259 854 5315 deditionem
878 5261 1135 5332 praedicti
1179 5261 1330 5334 regis
1373 5278 1617 5334 regnum
1639 5265 1873 5320 Austra-

245 5337 622 5419 siorum,quod
638 5346 723 5402 illi
749 5367 782 5403 a
803 5350 1274 5423 progenitoribus
1290 5351 1870 5422 competebat.Simul

246 5427 396 5487 etiam
415 5436 570 5505 genti
601 5437 908 5493 Hunorum
942 5439 1175 5511 preprio
1205 5440 1601 5496 moderamine
1650 5457 1868 5512 regem,

245 5513 519 5579 Alibonem
552 5526 1169 5593 nomine,instituerat.
1188 5529 1550 5584 Unanimiter
1569 5530 1724 5584 enim
1752 5529 1874 5584 uni-

247 5610 375 5664 versi
403 5613 774 5673 marchiones
800 5633 866 5673 ac
895 5617 1158 5686 comites,
1175 5620 1294 5674 tam
1317 5635 1384 5674 ex
1416 5617 1583 5674 Italia
1604 5630 1781 5691 quam
1805 5635 1874 5676 ex

1981 4641 2170 4712 ipsam
2203 4637 2494 4692 civitatem
2528 4651 2679 4690 anno
2712 4653 2825 4692 uno
2859 4640 2912 4691 et
2943 4654 3008 4692 eo
3041 4637 3296 4710 amplius
3327 4639 3631 4695 obsidione

1985 4727 2390 4785 circumdedit.
2427 4725 2718 4780 Adversus
2749 4742 2924 4796 quem
2957 4728 3192 4781 tandem
3224 4726 3419 4782 hostili
3452 4743 3631 4781 manu

1978 4822 2284 4892 pergentes
2313 4813 2668 4881 dimicaturi,
2701 4829 2900 4870 revera
2931 4819 2994 4868 ut
3041 4815 3268 4869 afflicta)
3319 4815 3633 4888 indigenti-

1979 4925 2091 4980 que
2111 4904 2411 4961 alimoniis
2444 4907 2850 4958 succurrerent
2884 4902 3214 4969 urbi,ambo
3245 4903 3502 4974 praedicti
3527 4903 3630 4958 ﬁlii

1979 4997 2216 5054 Odonis.
2250 4994 2410 5059 Quod
2438 4994 2518 5048 Go
2559 4993 2754 5048 fredus
2786 4992 3456 5065 eomperiens,expetivit
3477 4992 3636 5048 auxi-

1979 5087 2121 5142 lium
2155 5084 2305 5140 beati
2340 5081 2595 5145 Martini,
2633 5082 2902 5152 promisit
2933 5098 2993 5136 se
3035 5081 3334 5138 humiliter
3363 5083 3633 5138 emenda-

1978 5180 2179 5230 turum
2210 5171 2494 5244 quidquid
2528 5170 2585 5224 in
2613 5169 2798 5241 ipsius
2821 5170 3005 5226 sancti
3037 5171 3386 5228 confessoris
3407 5177 3634 5228 caetero-

1980 5279 2228 5334 rumque
2261 5265 2600 5314 sanctorum
2634 5258 3108 5330 possessionibus
3141 5265 3309 5333 raptu
3335 5262 3631 5317 abstraxe-

1981 5351 2357 5421 rat.lndeque
2381 5351 2614 5420 accepto
2646 5347 3188 5420 vexillo,imponens
3220 5349 3364 5406 illud
3387 5348 3630 5424 proprias

1982 5442 2183 5511 hasta},
2217 5456 2350 5494 cum
2383 5437 2632 5492 exercitu
2683 5437 2946 5508 equitum
2994 5439 3373 5510 peditumque
3416 5437 3628 5493 multo-

1981 5548 2110 5585 rum
2171 5528 2397 5584 obviam
2451 5526 2701 5598 pcrrexit
2751 5526 3062 5582 adversum
3122 5545 3183 5584 se
3239 5525 3626 5582 dimicaturis.

1981 5620 2250 5690 Dumque
2269 5615 2533 5673 venirent
2556 5617 2817 5687 utraeque
2839 5621 3034 5688 partes
3057 5618 3115 5676 in
3139 5608 3629 5684 cominus,tantus
