4036 6172
212 341 315 411 δεῖ

1075 340 1281 407 νιΤΑι
1307 340 1374 403 3.
1422 337 1849 409 GUILIJELMI
1894 336 2187 405 DlVlON‘.
2219 369 2298 385 -—
2328 334 2726 405 MONITUM.

3364 310 3647 431 56989

215 492 315 550 que
345 472 800 549 pel-solutionem
846 472 986 537 furti
1037 473 1347 546 suscipias.
1380 471 1548 530 Miles
1587 488 1842 545 quoque,
1874 470 1930 538 Α
1959 488 1994 526 a
2024 469 2279 527 maxime
2301 470 2573 543 pontifice
2602 486 2790 542 usque
2819 470 2888 527 ad
2902 469 3607 549 *OBtiariummpprimum

211 563 683 625 existimanssibi
715 563 905 628 illudi,
938 563 1194 621 haerebat
1240 568 1505 635 stupens.
1542 562 1848 618 Enimvero

209 672 298 715 rex
324 653 610 726 compulit
641 670 779 709 eum
808 657 872 708 ut
894 670 1072 709 manu
1104 653 1319 724 injecta
1347 653 1585 725 duceret
1615 656 1847 708 utrum-

207 760 311 817 que
339 744 399 798 in
424 759 605 799 suum
632 741 984 797 dominium.
1014 741 1379 814 Aspicientes
1409 757 1541 797 vero
1591 741 1690 812 qui
1736 741 1847 795 cir-

206 833 591 899 cumstabant,
608 830 828 905 ingenti
859 830 1243 889 admiratione
1268 835 1643 903 stupuerunt.
1662 852 1690 881 «
1713 832 1848 896 Quae

203 925 414 996 grates,
436 920 710 993 inquiens
734 937 852 988 rex,
877 919 1161 977 referendi
1188 924 1329 978 sunt
1359 919 1443 975 illi
1472 920 1594 975 viro
1625 920 1725 992 qui
1757 936 1852 976 me

203 1015 317 1067 tam
346 1008 603 1069 subdole
624 1009 683 1064 in
712 1009 865 1069 hanc
902 1008 1139 1082 impulit
1164 1009 1656 1082 captionem?Qui
1706 1010 1848 1065 dum

205 1100 281 1175 ab
302 1097 598 1159 universis
622 1097 983 1154 horribiliter
1014 1099 1425 1166 detestaretur,
1444 1098 1526 1154 ait
1563 1114 1664 1154 rex
1695 1116 1708 1154 :
1741 1099 1853 1155 Ad-

203 1186 394 1243 ducite
423 1184 616 1254 illum,
648 1190 713 1241 ut
741 1187 1067 1243 secundum
1096 1185 1431 1245 illusionem
1459 1204 1637 1259 quam
1669 1186 1727 1243 in
1759 1203 1851 1243 me

202 1275 399 1350 gessit,
432 1274 495 1330 in
542 1290 611 1331 eo
654 1274 998 1341 vindicetur.
1032 1276 1301 1347 Dumque
1339 1277 1616 1349 praefatus
1668 1276 1851 1334 abbas

203 1364 517 1427 accersitus
537 1363 852 1433 fuisset,ait
876 1364 927 1420 ei
953 1382 966 1421 :
994 1365 1229 1438 Depone
1249 1364 1526 1421 baculum
1548 1364 1852 1438 regiminis

205 1452 720 1528 pastoralis,quem
751 1453 941 1509 credis
972 1452 1280 1526 largitione
1309 1454 1577 1512 mortalis
1596 1453 1854 1512 hominis

204 1543 409 1603 debere
446 1542 687 1615 gestari.
737 1543 919 1609 Quem
950 1558 1087 1598 cum
1116 1560 1152 1598 a
1179 1559 1242 1599 se
1267 1541 1633 1615 projecisset,
1667 1542 1852 1601 susci-

205 1634 366 1707 piens
392 1630 566 1691 illum
592 1647 713 1699 rex,
746 1632 1030 1703 imposuit
1056 1632 1304 1688 dexterae
1334 1632 1612 1705 imaginis
1654 1632 1851 1689 Salva-

203 1722 344 1787 tonis
369 1738 385 1777 :
425 1742 453 1771 ‹‹
482 1720 662 1788 Vade,
687 1719 959 1792 inquiens
990 1720 1207 1789 abbati,
1231 1726 1289 1777 et
1317 1722 1551 1794 suscipe
1580 1720 1749 1777 illum
1781 1722 1854 1777 de

1956 566 2054 617 tur
2086 578 2190 634 per
2217 578 2335 617 suae
2366 560 2765 617 damnationis
2788 561 3062 634 pretium,
3096 580 3183 631 ac,
3208 564 3380 636 juxta
3406 582 3607 623 vocem

1958 651 2347 716 Dominicam,
2381 650 2439 705 in
2471 650 2697 706 cunctis
2728 655 3034 724 grassatur
3077 653 3338 725 spiritale
3383 653 3614 711 latroci-

1958 740 2146 795 nium.
2184 762 2211 788 ››
2244 738 2345 794 His
2376 738 2626 811 denique
2649 739 2722 794 ab
2754 739 3103 812 imperatore
3123 743 3403 799 acerrime
3422 743 3611 816 prola:

1958 828 2056 896 tis,
2078 828 2388 902 stupefacti
2420 828 2902 902 pontifices,quid
2920 830 3015 886 illi
3046 834 3469 905 responderent
3489 850 3605 891 non

1957 918 2273 974 habebant.
2291 917 2784 974 Pertimescebant
2812 919 2969 975 enim
2995 936 3194 977 carere
3225 922 3298 978 ob
3322 921 3473 978 hanc
3493 923 3609 980 cul-

1959 1024 2093 1081 pam
2126 1006 2378 1081 propriis
2425 1008 2870 1080 episcopatuum
2919 1010 3179 1067 sedibus.
3214 1011 3281 1067 Et
3325 1012 3606 1084 quoniam

1958 1114 2075 1153 non
2095 1097 2285 1155 solum
2311 1097 2370 1152 in
2397 1096 2712 1153 Gallicanis
2737 1098 3049 1171 episcoPiis
3068 1099 3189 1156 haec
3209 1102 3469 1173 pessima
3487 1101 3613 1175 pul-

1959 1185 2240 1243 lulaverat
2269 1185 2550 1258 nequitia,
2580 1202 2785 1243 verum
2823 1187 2999 1244 etiam
3030 1188 3217 1246 multo
3239 1191 3495 1263 amplius
3528 1196 3611 1249 to-

1958 1280 2081 1332 tam
2112 1278 2492 1348 occupaverat
2521 1274 2781 1346 ltaliam;
2808 1277 3010 1333 omnia
3039 1278 3256 1351 quippe
3285 1280 3614 1339 ministeria

1959 1364 2352 1421 ecclesiastica
2398 1364 2482 1421 ita
2523 1381 2590 1420 eo
2640 1370 2903 1438 tempore
2948 1367 3317 1425 habebantur
3359 1371 3609 1440 venalia,

1961 1454 2128 1526 quasi
2159 1454 2218 1509 in
2252 1453 2373 1510 foro
2396 1453 2701 1514 saecularia
2727 1456 3126 1512 mercimonia.
3142 1452 3457 1516 Cernentes
3476 1477 3615 1533 quo.

1962 1560 2074 1616 que
2104 1542 2359 1615 episcopi
2392 1543 2551 1616 gravi
2575 1560 2705 1600 sese
2735 1543 3061 1601 invectione
3091 1546 3365 1617 irretitos,
3391 1549 3615 1606 miseri-

1960 1633 2171 1688 cordiaa
2214 1648 2452 1704 operam
2485 1632 2897 1706 implorabant.
2928 1637 3001 1690 At
3029 1635 3154 1708 ipse
3183 1635 3475 1710 princeps,
3509 1638 3615 1694 mi-

1960 1721 2278 1778 sericordia
2332 1725 2547 1789 motus,
2578 1722 2692 1779 tale
2739 1723 3155 1781 consolationis
3203 1726 3450 1798 protulit
3494 1744 3619 1784 ver-

203 1828 375 1875 manu
408 1809 826 1882 omnipotentis
856 1810 1032 1882 regis,
1065 1827 1169 1869 nec
1195 1809 1278 1866 sis
1309 1809 1464 1866 ultra
1494 1827 1599 1883 pro
1630 1828 1696 1867 eo
1747 1811 1849 1867 de-
1882 1848 1929 1912 Β
1961 1812 2140 1866 bum:
2166 1834 2194 1861 ‹‹
2219 1810 2620 1883 Ite,inquiens,
2635 1817 2694 1869 et
2722 1814 2876 1885 quod
2904 1812 3104 1871 illicite
3136 1816 3618 1889 accepistis,bene

201 1901 348 1959 bitor
377 1898 634 1971 alicujus
666 1898 951 1966 mortalis,
984 1899 1085 1955 sed
1120 1899 1299 1956 libere
1331 1904 1491 1955 utere
1512 1905 1670 1963 co,ut
1692 1901 1854 1955 decet
1883 1898 1929 1912 ³¹
1958 1902 2270 1973 disponere
2300 1901 2641 1974 satagite,ac
2662 1919 2764 1975 pro
2796 1903 2995 1958 anima
3026 1905 3210 1976 patris
3240 1906 3484 1974 mei,qui
3505 1906 3617 1964 hac

204 1988 431 2049 culmen
478 1988 628 2044 tanti
683 1987 961 2044 nominis.
996 2010 1024 2038 »
1057 1990 1143 2053 At.
1167 1988 1293 2060 ipse
1335 1989 1661 2062 gaudenter
1687 1989 1853 2045 illum

206 2077 555 2150 suscipiens,
585 2075 859 2149 plurimis
884 2077 956 2133 dc
980 2075 1084 2133 tali
1115 2078 1266 2134 facto
1310 2078 1669 2135 alacritatem
1718 2095 1855 2136 con-

206 2166 339 2224 tulit
368 2183 438 2223 ac
469 2166 685 2223 dehinc
704 2165 867 2222 omni
892 2182 1029 2222 cum
1048 2166 1317 2223 libertate
1347 2166 1553 2240 viguit.

855 2273 1093 2330 CAPUT
1128 2274 1199 2329 V.

621 2349 700 2402 De
725 2347 1091 2418 attirpatione
1118 2346 1451 2403 Simoniden.

282 2435 646 2507 Dignoscens
675 2434 854 2507 igitur
886 2434 1037 2491 idem
1071 2434 1355 2493 Henricus
1386 2451 1491 2508 per
1529 2436 1862 2492 universam

215 2523 461 2583 Galliam
494 2528 672 2596 atque
700 2523 1073 2580 Germaniam
1103 2524 1448 2580 Simoniacaa
1499 2524 1863 2599 philargyriaa

212 2613 469 2687 grassari
504 2612 1231 2686 cupiditatem,coadunari
1256 2614 1389 2670 fecit
1418 2630 1488 2669 ex
1506 2613 1666 2670 omni
1686 2614 1867 2687 impe-

211 2702 433 2759 riosuo
461 2706 585 2758 tam
604 2701 1051 2775 archiprmsules
1076 2719 1254 2775 quam
1277 2706 1513 2760 caateros
1533 2702 1863 2775 pontiﬁces,

209 2791 415 2850 ettale
441 2790 529 2848 eis
558 2790 759 2851 intulit
793 2791 1151 2865 colloquium
1185 2809 1198 2847 :
1233 2815 1262 2843 «
1282 2793 1514 2864 Lugens
1538 2792 1702 2848 vobis
1726 2792 1863 2847 inci-

205 2880 301 2953 pio
354 2879 545 2952 loqui,
592 2879 694 2953 qui
740 2880 863 2937 vice
902 2880 1114 2939 Christi
1146 2882 1225 2939 in.
1257 2880 1514 2938 Ecclesia
1556 2881 1861 2938 constituti

204 2971 372 3039 estis,
398 2986 579 3042 quam
608 2969 735 3042 ipse
766 2970 877 3026 sibi
910 2970 1303 3043 desponsavit,
1320 2987 1386 3027 ac
1418 2970 1601 3044 pretio
1617 2970 1709 3027 sui
1733 2988 1864 3027 san-

201 3059 408 3133 guinis
433 3057 700 3121 redemit.
715 3058 879 3116 Sicut
898 3060 1057 3117 enim
1088 3060 1213 3131 ipse
1237 3059 1493 3133 gratuita
1514 3060 1772 3116 bonitate
1792 3059 1864 3115 de

202 3147 341 3219 sinu
370 3146 477 3207 Dei
498 3146 687 3207 Patris
714 3164 819 3220 per
836 3146 1139 3221 Virginem
1168 3148 1241 3207 ad
1276 3164 1382 3204 nos
1398 3152 1575 3205 natus
1598 3152 1695 3204 est
1718 3148 1864 3204 redi-

1964 2006 2114 2048 noxa
2142 2007 2276 2048 reus
2303 1991 2603 2047 vobiscum
2653 1995 2903 2057 tenetur,
2936 1992 3220 2050 attentius
3263 1994 3618 2052 intercedere

1964 2084 2634 2152 mementote,quatenus
2657 2080 2707 2136 ei
2740 2080 3167 2154 indulgentiam
3200 2083 3379 2156 hujus
3409 2083 3620 2141 facino-

1966 2169 2047 2226 ris
2068 2187 2103 2226 a
2130 2170 2245 2226 Deo
2278 2169 2515 2241 possitis
2544 2169 2864 2242 acquirere.
2900 2194 2928 2219 ››
2957 2172 3107 2227 Tum
3137 2173 3443 2245 proposuit
3456 2174 3617 2229 edic-

1966 2263 2093 2315 tum
2124 2258 2285 2315 omni
2306 2258 2551 2331 imperio
2572 2275 2680 2314 suo
2701 2277 2713 2315 :
2736 2263 2801 2314 ut
2816 2258 3019 2317 nullus
3035 2262 3256 2333 gradus
3273 2261 3618 2319 clericorum

1967 2347 2055 2404 vel
2089 2347 2482 2404 ministerium
2512 2347 2975 2407 ecclesiasticum
2995 2349 3180 2421 pretio
3202 2349 3401 2423 aliquo
3418 2351 3621 2423 acqui-

1970 2442 2215 2504 reretur,
2246 2453 2312 2493 ac
2343 2438 2391 2493 si
2423 2435 2557 2509 quis
2589 2438 2727 2493 dare
2771 2441 2874 2493 aut
2921 2438 3181 2510 accipere
3222 2443 3621 2512 praesumeret,

1972 2526 2132 2584 omni
2186 2527 2406 2583 honore
2451 2526 2788 2595 destitutus,
2823 2527 3197 2584 anathemate
3247 2528 3617 2586 multaretur.

1972 2613 2298 2686 Spopondit
2324 2612 2565 2685 insuper
2592 2614 2951 2685 promissum
2983 2613 3347 2688 hujusmodi,
3379 2616 3618 2673 dicens:

1973 2726 2002 2753 «
2036 2703 2201 2759 Sicut
2228 2702 2386 2758 enim
2420 2702 2566 2758 mihi
2598 2702 2882 2760 Dominus
2911 2720 3189 2762 coronam
3236 2704 3466 2778 imperii
3498 2705 3624 2765 sola

1973 2792 2349 2848 miseratione
2380 2808 2491 2847 sua
2516 2792 2703 2864 gratis
2734 2792 2914 2861 dedit,
2952 2815 2979 2842 ››
3011 2792 3091 2849 ila
3119 2799 3176 2849 et
3206 2811 3315 2867 ego
3359 2795 3519 2866 quod
3548 2797 3623 2853 ad

1971 2879 2311 2952 religionem
2338 2880 2526 2953 ipsius
2552 2880 2803 2952 pertinet
2832 2882 3016 2953 gratis
3062 2881 3423 2955 impendam.
3455 2883 3620 2953 Volo,

1972 2969 2023 3025 si
2054 2969 2258 3042 placet,
2293 2972 2357 3024 ut
2384 2974 2442 3025 et
2467 2986 2568 3025 vos
2597 2969 2872 3027 similiter
2901 2970 3150 3027 faciatis.

2042 3060 2174 3132 Ipso
2204 3075 2438 3131 quoque
2460 3058 2518 3114 in
2541 3063 2800 3132 tempore
2831 3060 3093 3115 Romana
3120 3060 3309 3128 sedes,
3332 3078 3460 3133 quas
3492 3062 3623 3117 uni.

1970 3147 2210 3207 versatis
2232 3148 2367 3220 jure
2387 3148 2640 3207 habetur
2654 3148 2715 3203 in
2737 3149 2874 3204 orbe
2896 3149 3453 3222 terrarum,pra:fato
3474 3167 3625 3207 mor-

204 3237 484 3303 mendos,
517 3236 597 3292 ita
626 3220 1072 3309 suispraecepit,
1104 3237 1346 3293 mittens
1393 3253 1494 3293 eos
1550 3235 1611 3292 in
1661 3236 1863 3293 orbem
1893 3220 2047 3294 C'bo
2078 3237 2352 3311 pestifero
2374 3253 2476 3309 per
2498 3236 2703 3310 viginti
2724 3237 2986 3310 quinque
3003 3220 3294 3297 annorum
3313 3239 3505 3312 spatia
3518 3241 3625 3295 mi-

201 3326 589 3398 nniversum,
608 3324 890 3396 apostolis
922 3343 935 3381 :
971 3327 1149 3382 Grant:
1172 3327 1473 3397 accepistis,
1503 3328 1677 3396 gratis
1723 3325 1865 3382 date.

197 3413 325 3471 Vos
341 3413 532 3483 enim,
561 3413 804 3471 avaritia
832 3418 890 3470 et
918 3414 1239 3486 cupiditate
1267 3415 1546 3487 corrupti,
1577 3415 1698 3487 qui,
1724 3416 1867 3472 dum

198 3504 483 3562 conferre
507 3503 795 3561 deberetis
841 3504 899 3559 in
928 3503 1292 3575 hujusmodi
1337 3505 1866 3577 transgressionem

197 3593 428 3663 (dando
448 3597 512 3648 et
530 3592 889 3665 accipiendo)
911 3592 1515 3662 canonem,maledicti
1540 3592 1702 3649 estis.
1719 3592 1866 3650 Nam

195 3685 259 3740 et
284 3686 464 3754 pater
492 3682 761 3750 meus,de
790 3683 961 3753 cujus
991 3683 1199 3739 animae
1230 3682 1490 3755 periculo
1510 3682 1679 3739 valde
1698 3683 1869 3756 perti-

196 3787 443 3839 mesco,~
462 3770 867 3835 damnabilem
895 3771 1284 3831 avaritiamin
1323 3771 1441 3829 vita
1486 3770 1663 3829 nimis
1705 3789 1869 3829 exer—

199 3859 347 3927 cuit.
370 3858 597 3917 Idcirco
618 3859 954 3933 quicunque
985 3865 1311 3921 vestrorum
1342 3861 1591 3933 hujusce
1604 3861 1866 3934 (macula)

198 3964 334 4015 sese
360 3952 591 4017 norunt
608 3949 1062 4015 contaminatos.
1092 3954 1321 4023 oportet
1351 3954 1416 4005 ut
1442 3967 1477 4006 a
1506 3967 1669 4006 sacro
1700 3949 1870 4006 mini-

202 4038 391 4097 sterio
418 4038 757 4103 secundum
769 4038 1219 4110 dispositionem
1244 4037 1589 4096 canonicam
1627 4055 1866 4096 arcean—

206 4129 335 4182 tur.
362 4127 527 4193 Patet
579 4142 718 4199 ergo
774 4126 1256 4186 manifestissime
1295 4126 1577 4200 quoniam
1633 4131 1870 4200 propter

208 4212 367 4275 hanc
394 4214 683 4284 cientium
711 4220 997 4275 venerunt
1040 4232 1219 4289 super
1247 4215 1399 4273 filios
1442 4215 1752 4274 hominum
1779 4216 1867 4272 di-

211 4303 651 4372 versaclades,‘
669 4304 854 4362 fames
882 4304 1154 4363 videlicet
1181 4310 1359 4378 atque
1376 4304 1736 4373 mortalitas,
1763 4321 1869 4361 nec

214 4398 423 4448 nonet
438 4391 701 4465 gladius.
726 4393 941 4451 Omnes
966 4395 1188 4468 quippe
1217 4395 1436 4469 gradus
1465 4393 1867 4461 ecclesiastici,

1977 3328 2220 3388 scrrime
2246 3326 2629 3383 laboraverat.
2664 3328 2874 3383 Fuerat
2901 3327 3061 3385 enim
3088 3327 3279 3385 eidem
3312 3328 3441 3385 sedi
3469 3328 3631 3385 crdis

1976 3420 2153 3476 natus
2184 3416 2426 3489 quidam
2456 3433 2604 3488 puer
2633 3416 2866 3472 circiter
2891 3433 3181 3473 annorum
3206 3418 3628 3490 l2,contrajus

1976 3506 2202 3578 fasque.
2234 3508 2416 3572 Quem
2449 3504 2672 3561 scilicet
2699 3504 2827 3561 sola
2857 3506 3106 3578 pecunia
3133 3506 3262 3562 auri
3298 3510 3357 3562 et
3403 3508 3629 3581 argenti

1976 3594 2113 3667 plus
2142 3594 2574 3652 commendavit
2594 3610 2771 3665 quam
2792 3598 2934 3650 aetas
2962 3598 3064 3650 aut
3093 3594 3474 3653 sanctitasEt
3490 3612 3631 3663 quo-

1976 3683 2138 3745 niam
2171 3683 2465 3739 infelicem
2494 3682 2702 3739 habuit
2731 3681 3060 3748 introitum,
3086 3682 3466 3740 infeliciorem
3496 3701 3632 3757 per-

1977 3772 2165 3828 sensit
2194 3770 2820 3827 exitum.Horrendum
2854 3770 3073 3843 quippe
3096 3771 3297 3828 referri
3326 3772 3630 3846 turpitudo

1975 3860 2143 3918 illius
2172 3859 2631 3917 conversationis
2661 3863 2719 3915 et
2745 3860 2896 3916 vitae.
2928 3860 3091 3917 Tunc
3134 3877 3269 3916 vero
3317 3878 3453 3918 cum
3492 3878 3629 3918 con-

1975 3967 2155 4011 sensu
2183 3948 2365 4006 totius
2394 3948 2639 4005 Romani
2672 3947 2871 4020 populi
2902 3952 3081 4019 atque
3102 3954 3485 4021 ex-przecepto
3513 3950 3628 4006 im-

1977 4039 2263 4112 peratoris
2294 4039 2518 4110 ejectus
2548 4038 2647 4109 [αι.
2680 4037 2962 4107 remotus]
2983 4039 3073 4093 est
3098 4052 3133 4092 a
3158 4036 3321 4103 sede,
3336 4041 3393 4094 et
3411 4036 3472 4093 in
3500 4037 3628 4094 loco

1977 4128 2106 4199 ejus
2135 4127 2488 4200 subrogatus
2509 4129 2599 4182 est
2617 4124 2704 4180 vir
2734 4123 3215 4198 religiosissimus
3230 4140 3299 4180 ac
3314 4124 3631 4183 sanctitate

1979 4215 2347 4289 perspicuus,
2374 4212 2710 4287 Gregorius,
2730 4213 2966 4269 natione
2995 4213 3318 4268 Romanus.
3338 4212 3521 4285 Citius
3550 4213 3630 4269 vi-

1978 4304 2187 4363 delicet
2213 4305 2369 4360 bona
2399 4302 2556 4359 fama
2575 4300 2863 4374 quidquid
2890 4299 3051 4373 prior
3080 4300 3397 4358 ftedeverat
3416 4301 3480 4357 in
3506 4319 3628 4360 me-

1978 4392 2096 4452 lius
2125 4390 2480 4448 reformavit.

881 4530 1886 4781 VlTASANCT

2076 4628 2973 4769 GUILLELMI
3031 4718 3039 4725 κ

1487 4831 1825 4897 ABBATIS
1852 4829 2372 4896 DIVIONENSIS
2400 4870 2407 4895 τ

979 4969 1409 5062 Auctore
1471 4959 1852 5060 Glabro
1920 4952 2889 5068 Rodulﬁxmonaclzo

231 5140 406 5216 (Apud
446 5145 670 5205 Mabill;
698 5149 831 5219 Acta
872 5147 969 5206 SS.
998 5148 1132 5219 0rd.
1165 5147 1222 5203 S.
1254 5146 1478 5215 Bened.,
1506 5144 1833 5219 SaeculiAVI,
1864 5148 2029 5219 parte
2060 5145 2101 5212 Ι,
2132 5160 2269 5219 pag.
2293 5144 2418 5219 320,
2448 5160 2518 5199 ea:
2544 5159 2644 5198 ms.
2677 5141 2858 5199 codice
2899 5141 2955 5198 S.
2988 5143 3222 5214 Benigni
3262 5142 3623 5211 Divionensis,

750 5215 777 5224 ”
1073 5215 1077 5219 ’
1525 5216 1791 5274 cumalio
1814 5215 2056 5273 et‘editis
2082 5215 2323 5287 mum.)

1715 5333 2112 5349 ᾖ

1373 5406 2073 5480 OBSERVATIONES
2123 5405 2512 5481 PRIEVIIE.

293 5555 531 5653 ίέ-Ῑξδδθι·
557 5555 752 5619 Varios
782 5557 962 5629 huius
991 5556 1188 5619 seaculi
1224 5556 1558 5631 scriptores,
1582 5556 1684 5630 qui
1714 5557 1866 5615 beati
1895 5560 1944 5627 B
1972 5558 2076 5631 pui
2108 5561 2249 5653 sunt
2276 5554 2378 5628 qui
2397 5553 2454 5610 id
2477 5553 2616 5653 data
2632 5568 2810 5653 opera
2826 5552 3399 5653 praestiteruntmlter
3413 5550 3626 5610 Glaber

541 5650 861 5720 mgestas
878 5645 1105 5712 litteris
1128 5647 1641 5719 mandatmandat)
1668 5647 1871 5719 praeei-

1981 5644 2288 5713 Rodulfus,
2319 5641 2645 5701 monachus
2670 5640 3091 5712 Cluniacensis,
3105 5642 3251 5701 alter
3280 5642 3630 5713 chronogra-e
