4098 6164
485 344 608 412 699

1462 319 1802 390 BODULFI
1846 323 2127 388 GLABRI
2171 323 2523 390 MONACI-ll
2565 323 2921 390 GLUNIAG.

3727 327 3842 394 Ἰωε

488 480 644 558 phus
701 469 886 534 sancti
934 463 1178 541 Benigni
1200 460 1886 558 _Divionensis,_uterque
1937 458 2133 558 sancti
2161 462 2218 528 Α
2246 468 2489 558 terarum
2527 460 2845 558 principum
2890 457 3188 558 obtinebat
3213 458 3406 558 locum.
3451 459 3584 533 Ejus
3615 457 3830 558 elogium

489 547 785 628 Guillelmi
817 559 1078 635 aequalis,
1103 573 1170 614 ac
1193 555 1340 611 forte
1371 551 1547 608 etiam
1577 547 2134 621 discipulus.Vitam

487 655 778 717 Guillelmi
809 671 845 708 a
869 649 1080 708 Glabro
1111 641 1360 704 Rodulfo
1391 639 1609 697 editam
1625 637 1828 694 laudat
1846 637 2011 710 Hugo
2033 637 2133 692 ab-

487 751 594 806 bas
627 737 1080 805 Flaviniacensis
1109 735 1170 792 in
1199 729 1484 790 Chronico
1523 726 1900 793 Virdunensi,
1921 731 2080 782 tomo
2111 726 2134 782 Ι

487 837 804 895 Labbeanae
823 827 1185 888 bibliothecae
1203 842 1222 880 :
1239 822 1341 879 sed
1363 825 1420 878 et
1446 835 1575 876 eam
1598 835 1633 874 a
1657 834 1718 874 se
1740 815 2132 888 conscriptam

483 926 666 986 fuisse
695 919 958 997 agnoscit
985 915 1196 972 Glaber
1223 913 1349 985 ipse
1379 911 1440 966 in
1469 909 1616 966 libro
1637 925 1696 963 1v
1720 905 2129 972 Historiarum,

483 1015 669 1089 capite
700 1014 733 1068 4
765 1030 779 1068 :
811 1011 917 1066 Nec
943 1025 1074 1073 non,
1109 1003 1319 1076 inquit,
1349 999 1784 1073 primo-minatus
1811 1003 1969 1068 pater
2015 1011 2130 1052 mo-

479 1085 802 1168 nachorum,
829 1098 1202 1174 fundatorque
1225 1091 1593 1148 coenobiorum
1636 1087 1876 1144 eximius
1911 1085 2129 1141 Willer-

478 1212 623 1261 mus,
653 1193 718 1248 de
747 1173 850 1265 quo
878 1189 1046 1244 etiam
1077 1185 1245 1256 plura
1268 1184 1448 1252 forent
1475 1175 1726 1241 dicenda,
1758 1175 1872 1230 nisi
1897 1173 2039 1245 quod
2070 1175 2131 1230 in

481 1285 667 1342 libello
695 1264 836 1354 quod
862 1279 928 1334 de
953 1277 1064 1331 vita
1091 1280 1142 1330 et
1173 1268 1466 1326 uirtutibus
1498 1267 1654 1321 illius
1683 1264 1971 1354 edidimus,
1996 1279 2130 1354 pro:

481 1375 596 1430 lata
640 1349 849 1427 dudum.
895 1367 1067 1438 fuisse
1115 1365 1416 1416 noscuntur
1466 1355 1630 1410 Hunc
1665 1351 1864 1408 Glabri
1897 1349 2128 1407 Rodulﬂ

478 1460 816 1524 libellum,a
847 1451 1124 1511 Bollando
1155 1448 1227 1504 ad
1255 1445 1410 1502 diem
1439 1440 1750 1499 1Januarii
1775 1441 1902 1512 jam
1933 1439 2132 1512 vulga-

479 1549 861 1618 tum,iterum
893 1543 990 1599 hic
1011 1558 1079 1597 ex
1110 1555 1222 1594 ms.
1249 1534 1444 1592 codice
1467 1531 1650 1590 sancti
1679 1529 1922 1603 Benigni
1945 1529 2131 1586 Divio-

483 1637 688 1696 nensis
719 1633 1077 1691 recudimus.

551 1731 605 1784 2.
637 1721 931 1782 Guillelmi
985 1723 1178 1776 ortum
1229 1716 1302 1772 ad
1351 1729 1571 1770 annum
1603 1711 1702 1766 961
1739 1709 2127 1766 revocandum

480 1833 608 1875 esse
633 1814 928 1872 evidenter
957 1807 1249 1880 colligitur
1275 1803 1620 1903 eahipsomet
1667 1798 1863 1903 Glabri
1909 1797 2124 1898 libello,
2157 1837 2205 1903 Β

479 1907 539 1962 ἱη
567 1922 684 1978 quo
708 1903 935 1961 obitum
965 1899 1093 1972 ejus
1115 1913 1266 1952 anno
1301 1893 1430 1949 1031
1461 1891 1648 1948 {etatis
1691 1887 2124 1961 septuagesimo

477 1993 796 2068 contigisse
843 1987 1080 2046 disertis
1125 1983 1317 2042 verbis
1368 1981 1714 2038 afﬁrmatur.
1749 1978 1962 2034 Totum
1989 1993 2124 2068 vero

476 2100 623 2158 pene
643 2064 780 2140 vita;
811 2097 930 2137 suae
960 2083 1194 2148 tempus
1224 2074 1284 2128 in
1316 2069 1652 2128 monasticae
1684 2067 1810 2122 vita:
1836 2064 2125 2123 exercitiis

474 2155 830 2244 transegisse
868 2184 938 2224 ex
983 2166 1094 2222 hoc
1139 2163 1422 2236 probatur
1451 2159 1630 2232 qdod,
1659 2156 1754 2213 vix
1807 2155 2123 2244 septimum

475 2243 812 2318 mtatisisuae
842 2271 1064 2313 annum
1095 2249 1465 2324 egressus,in
1487 2245 1751 2304 cmnobio
1783 2243 2120 2302 Luciacensi

473 2353 692 2406 vestem
715 2343 1104 2403 monasticam
1124 2337 1416 2405 induerit;
1443 2335 1599 2392 unde
1625 2332 1935 2392 strictioris
1956 2332 2125 2388 disci-

475 2437 647 2513 plinae
673 2433 869 2493 studio
899 2433 1227 2505 digressus,
1259 2427 1318 2482 in
1349 2423 1770 2482 monasterium
1805 2421 1987 2479 sancti
2021 2421 2124 2477 Mi-

475 2511 714 2593 chaelis,
747 2541 884 2580 mox
912 2519 1256 2578 Cluniacum
1287 2515 1346 2572 in
1363 2513 1610 2571 Galliam
1633 2529 1768 2569 cum
1791 2515 1990 2568 sancto
2007 2511 2126 2567 Ma-

475 2616 590 2673 iolo
620 2629 748 2672 sese
775 2609 1010 2684 recepit.
1044 2609 1146 2664 Est
1173 2609 1370 2662 autem
1404 2601 1740 2664 Luciacum.
1763 2617 1888 2669 seu,
1913 2604 1978 2656 ut
2024 2597 2123 2656 alii

473 2705 697 2770 dicunt,
731 2699 1051 2758 Lucedium
1084 2699 1186 2752 aut
1213 2692 1546 2760 Lucedium,
1577 2691 1750 2763 vulgo
1787 2690 1846 2746 di
1878 2689 2120 2758 Locedia,

475 2793 787 2866 antiquum
819 2787 1042 2847 ordinis
1073 2783 1256 2842 nostri
1289 2781 1636 2847 cmnobium,
1659 2779 1816 2851 quod
1847 2778 2122 2866 primitus

473 2865 658 2940 sancti
691 2876 1230 2949 Michaelis,postea
1260 2871 1444 2930 sancti
1463 2867 1727 2926 Januarii
1758 2865 2121 2942 appellatum

471 2977 560 3029 est
583 2972 656 3028 ob
687 2987 754 3028 eo
784 2965 1098 3026 translatas
1128 2964 1259 3036 ejus
1289 2959 1636 3033 reliquias,a
1665 2973 1781 3030 quo
1802 2956 1978 3014 etiam
2011 2957 2121 3013 cir-

471 3059 868 3136 cumpositum
895 3055 1177 3129 oppidum
1203 3050 1390 3108 sancti
1417 3048 1682 3106 Januarii
1714 3063 1925 3104 nomen
1965 3045 2118 3136 tulit,

472 3135 655 3208 situm
684 3152 775 3205 est
801 3145 960 3202 haud
985 3142 1187 3218 procul
1217 3159 1253 3198 a
1278 3137 1634 3196 Vercellensi
1665 3137 1809 3193 urbe
1839 3136 1910 3192 ad
1951 3135 2120 3208 cujus

469 3236 770 3296 dimcesim
801 3233 943 3292 olim
974 3208 1319 3306 pertinebat.
1335 3227 1518 3286 Hodie
1537 3242 1672 3284 vero
1692 3223 1988 3282 Cusalensi
2007 3224 2124 3298 epi-
2152 3208 2196 3277 Ο

473 3325 734 3400 scapalui
765 3323 1097 3393 subjectum
1127 3313 1250 3385 est,
1271 3317 1332 3373 in
1359 3315 1650 3373 territorio
1683 3313 2120 3371 Montisferrati.
2203 3392 2209 3398 I

464 3415 555 3472 Ex
591 3413 796 3470 ordine
849 3407 1225 3466 Benedictino
1268 3407 1342 3462 ad
1397 3403 1812 3461 Cistercienses
1864 3403 2123 3476 primum

472 3501 726 3568 transiit,
751 3517 818 3556 ac
840 3499 1078 3554 tandem
1107 3499 1240 3569 post
1267 3493 1458 3551 varias
1487 3493 1752 3550 fortunas
1782 3492 1854 3548 ad
1885 3491 2125 3548 clericos

475 3589 784 3648 saeculares
839 3585 1072 3652 defecit,
1099 3588 1166 3639 ut
1221 3583 1490 3639 observat
1533 3580 1877 3638 Franciscus
1918 3582 2122 3652 Augu-

475 3681 668 3737 stinus
699 3677 772 3733 ab
808 3673 1064 3732 Ecclesia
1103 3671 1164 3728 in
1217 3687 1325 3728 sua
1371 3669 1626 3728 Historia
1670 3669 2124 3738 Pedemontana,

475 3785 604 3842 cap.
635 3768 724 3824 33.

545 3860 601 3916 3.
631 3854 923 3913 Vicesimo
953 3868 1106 3908 nono
1135 3847 1322 3906 aetatis
1352 3865 1470 3906 suae
1501 3863 1675 3916 anno,
1709 3846 1818 3903 hoc
1866 3849 1956 3904 est
1997 3847 2123 3917 990,

475 3947 785 4006 indictione
809 3961 892 4011 III,
925 3941 1248 3999 Guillelmus
1287 3937 1571 3996 ordinatus
1617 3943 1697 3994 est
1736 3937 1904 3992 abbas
1942 3940 2124 3994 sancti

477 4037 712 4109 Benigni
738 4052 774 4090 a
805 4033 998 4090 domno
1029 4031 1279 4088 Brunoni
1295 4029 1540 4100 episcopo
1565 4025 2125 4100 Lingonensi,inquit

475 4121 958 4198 chronographus
975 4117 1568 4194 Benignianus,cujus
1591 4115 2125 4187 sententiae,przeter

475 4212 840 4288 privilegium
874 4209 1167 4268 Benedicti
1196 4223 1380 4280 papae,
1409 4209 1472 4262 ut
1504 4208 1732 4279 putant,
1765 4203 2001 4276 septimi
2039 4203 2123 4260 ei-

474 4305 607 4360 dem
627 4300 942 4360 Guillelmo
967 4295 1572 4364 concessum,obstare
1585 4293 1816 4352 videtur
1837 4293 2126 4368 fragmen-

473 4396 602 4448 tum
628 4390 926 4464 quoddam
957 4383 1300 4460 Benigniani
1329 4381 1670 4440 monasterii
1701 4381 1955 4439 historia
1997 4399 2123 4439 ma-

475 4477 883 4552 nuscriptae,in
915 4493 1030 4550 quo
1059 4473 1303 4532 ecclesia
1331 4473 1519 4532 sancti
1547 4471 1792 4545 Benigni
1825 4488 1860 4528 a
1886 4470 2123 4527 Guillel-

2244 549 2449 623 paucis
2477 551 2688 618 verbis,
2722 550 2825 607 sed
2865 566 2993 622 quin
3023 549 3226 606 multis
3272 549 3436 607 libris
3483 553 3836 624 praestantiora

2243 644 2403 708 sunt,
2435 639 2845 714 complectitur
2889 639 3096 696 beatus
3138 639 3304 696 Odilo
3353 640 3478 712 ejus
3523 639 3623 696 sub
3667 646 3834 700 sancto

2243 729 2452 786 Maiolo
2481 727 3016 803 condiscipulus,in
3045 727 3243 786 libello
3273 728 3492 786 scilicet
3517 730 3584 786 de
3611 731 3835 801 ejusdem

2243 819 2430 876 sancti
2463 818 2656 875 Maioli
2681 819 2850 888 actis,
2885 818 2983 874 ubi
3015 817 3135 874 hinc
3163 818 3341 874 habet
3371 835 3383 872 :
3417 821 3490 875 Et
3515 827 3570 874 ut
3592 835 3710 891 pace
3745 823 3838 892 οςρί-

2241 909 2534 965 ritualium
2572 909 2855 980 artiﬁcum
2905 909 2966 963 in
3021 907 3210 965 eadem
3263 908 3478 980 fabrica
3519 909 3842 965 laborantium

2239 999 2440 1065 dicam,
2466 1014 2610 1054 unus
2636 999 2918 1070 prmcipue
2965 999 3183 1070 refulsit
3227 999 3326 1070 qui
3371 1013 3542 1068 nuper
3587 997 3729 1054 rebus
3757 997 3841 1052 hu-

2239 1089 2420 1144 manis
2446 1089 2688 1155 excessit,
2721 1095 2774 1143 et
2805 1088 2902 1160 qui
2938 1087 3065 1160 plus
3111 1088 3269 1143 nobis
3308 1085 3554 1143 omnibus
3594 1087 3840 1156 laboravit,

2237 1177 2468 1233 domnus
2501 1176 2748 1234 videlicet
2776 1177 2945 1232 abbas
2980 1176 3308 1242 Willelmus,
3340 1175 3406 1232 de
3445 1176 3594 1247 cujus
3635 1176 3845 1232 clarissi-

2236 1269 2344 1322 mis
2371 1266 2604 1332 actibus,
2636 1274 2687 1322 et
2727 1267 2843 1322 vita
2888 1265 3178 1334 laudabili,
3205 1269 3260 1322 el
3311 1265 3558 1322 mirabili
3602 1280 3843 1322 conversa-

2237 1356 2384 1412 tione
2411 1357 2654 1428 paruitas
2679 1359 2872 1412 nostra
2900 1372 3014 1412 non
3041 1355 3247 1428 sufﬁcit
3275 1355 3418 1428 quod
3444 1356 3603 1410 sentit
3645 1353 3710 1410 ad
3747 1355 3846 1426 plc-

2237 1461 2372 1500 num
2401 1446 2624 1517 referre.
2637 1443 2941 1500 Jotsaldus
2973 1443 3034 1500 in
3065 1443 3306 1500 Planctu
3341 1445 3414 1500 de
3440 1443 3690 1516 ejusdem
3717 1442 3845 1500 beati

2238 1532 2500 1590 Odilonis
2529 1533 2690 1591 obitu
2720 1531 3087 1590 Willelmum
3131 1532 3312 1590 simul
3357 1537 3412 1589 et
3455 1533 3642 1605 ipsum
3685 1531 3846 1588 Odilo-

2239 1639 2372 1678 nem
2406 1621 2614 1678 iisdem
2645 1623 2914 1678 versibus
2945 1621 3217 1690 celebrat,
3251 1638 3404 1694 quos
3427 1621 3575 1677 infra
3603 1620 3657 1676 in
3685 1619 3844 1678 Odilo-

2237 1711 2332 1768 nis
2391 1711 2589 1784 Elogio
2645 1711 3028 1784 proferemus.
3092 1711 3380 1768 Eumdem
3456 1714 3618 1766 vetus
3679 1711 3846 1766 auctor

2237 1799 2503 1857 chronici
2534 1799 2989 1865 Fiscamneusis,
3022 1799 3349 1856 liberalibus
3393 1799 3600 1855 artibus
3639 1799 3848 1870 apprime

2233 1890 2530 1956 eruditum,
2559 1898 2718 1961 atque
2772 1889 3083 1962 disciplinis
3129 1889 3531 1957 ecclesiasticis,
3573 1887 3846 1960 cunctisque

2232 1978 2614 2052 spiritualibus
2643 1979 2859 2050 ofﬁciis.
2896 2020 2908 2032 .
2945 2019 2960 2034 .
2997 2020 3010 2032 .
3049 2018 3062 2032 .
3093 1978 3368 2034 virtutum
3394 1977 3574 2046 gratia
3622 1976 3847 2030 imbutum

2231 2077 2286 2126 et
2322 2068 2701 2124 illuminatum
2750 2066 2933 2124 fuisse
2983 2065 3206 2123 scribit.
3237 2065 3386 2122 Hinc
3435 2063 3653 2122 nullum
3697 2063 3846 2118 ferme

2232 2157 2345 2213 fuit
2373 2155 2432 2212 in
2465 2157 2726 2214 Romano
2757 2155 3003 2229 imperio
3026 2153 3631 2227 monasterium,quod
3647 2149 3878 2208 Guillelu

2233 2247 2314 2303 mi
2343 2263 2495 2303 curae
2527 2263 2640 2303 non
2674 2245 3060 2303 commissum
3095 2243 3291 2302 fuerit.
3309 2246 3565 2312 Quorum
3586 2238 3844 2298 nonnullis

2229 2336 2356 2410 ipse
2385 2335 2636 2410 prmfuit,
2665 2339 2766 2392 aut
2797 2333 3118 2407 discipulos
3149 2351 3294 2391 suos
3325 2333 3578 2407 praefecit
3606 2349 3620 2389 :
3645 2333 3842 2388 cetero-

2231 2443 2365 2482 rum
2422 2443 2558 2483 vero
2613 2424 2878 2494 abbates,
2912 2423 3012 2497 qui
3059 2425 3188 2496 jam
3239 2421 3362 2480 illis
3415 2425 3700 2496 praeerant,
3743 2417 3846 2474 suis

2231 2513 2514 2588 exemplis
2544 2531 2610 2571 ac
2639 2511 2880 2570 monitis
2910 2513 2984 2570 ad
3012 2517 3351 2569 accuratam
3382 2510 3657 2586 regularis
3693 2505 3840 2564 disci-

2231 2603 2402 2678 plinas
2460 2603 2687 2678 praxim
2753 2601 3018 2658 adduxit.
3074 2603 3257 2658 Beata
3333 2601 3636 2671 memoriae,
3686 2593 3846 2669 inquit

2231 2693 2388 2750 idem
2421 2691 2961 2760 auctor,Willelmus
2989 2691 3154 2748 abbas
3182 2706 3308 2750 sua
3337 2691 3621 2761 religionis
3651 2691 3847 2761 affluen-

2233 2785 2312 2840 tia
2341 2784 2509 2839 totius
2535 2789 2719 2855 partes
2749 2781 2980 2837 Romani
3008 2781 3233 2852 imperii
3253 2779 3844 2851 illustrabat,abbalum-

2229 2887 2333 2944 que
2378 2872 2682 2928 multorum
2725 2869 2930 2942 tepidos
2973 2871 3189 2926 animos
3234 2872 3342 2926 sui
3387 2870 3612 2942 fervoris
3639 2867 3842 2938 imagine

2229 2960 2564 3032 reformabat
2605 2963 2659 3015 et
2700 2959 3042 3016 accendebat.
3076 2958 3224 3014 Eum
3283 2958 3616 3033 Sigebertus
3652 2956 3714 3013 ad
3763 2972 3845 3012 an-

2231 3065 2376 3105 num
2409 3049 2548 3104 1027
2578 3052 2840 3105 recenset
2867 3047 3019 3104 inter
3045 3047 3294 3104 abbates
3330 3047 3696 3112 nominabiles,
3723 3060 3842 3118 quo-

2233 3155 2365 3194 rum
2422 3154 2600 3210 opera
2654 3138 2852 3208 religio
2906 3137 3282 3194 ecclesiastica
3333 3135 3544 3194 seculo
3570 3153 3624 3192 χι
3664 3131 3842 3194 ﬂoruit.

2232 3229 2296 3285 In
2337 3228 2575 3283 Francia
2615 3226 2836 3299 quidem
2863 3233 2918 3284 et
2943 3225 3296 3298 Burgundia.
3333 3269 3347 3282 .
3383 3268 3397 3282 .
3437 3269 3452 3284 .
3483 3267 3498 3282 .
3526 3241 3624 3298 per
3655 3221 3842 3282 Guillel-

2231 3333 2383 3372 mum
2430 3316 2812 3374 Divionensem
2858 3317 3146 3373 severitate
3190 3314 3569 3373 reverendam.
3598 3311 3838 3384 Denique,

2233 3409 2300 3462 ut
2345 3404 2525 3462 habet
2568 3403 2780 3462 Glaber
2823 3403 2949 3462 loco
2999 3403 3256 3472 laudato,
3293 3404 3644 3481 quodcunque
3687 3416 3846 3457 mona-

2231 3495 2462 3551 sterium
2501 3495 2727 3566 proprio
2775 3492 3109 3550 viduabalur
3148 3498 3400 3567 pastore,
3428 3495 3610 3551 statim
3652 3487 3841 3562 compel-

2235 3584 2468 3650 lebatur,
2500 3590 2614 3640 tam
2661 3600 2696 3638 a
2737 3583 2956 3654 regibus
3008 3583 3092 3640 vel
3146 3584 3442 3641 comitibus
3491 3598 3646 3657 quam
3672 3597 3702 3636 α
3726 3594 3842 3652 pon-

2235 3671 2493 3743 tiﬁcibus,
2527 3679 2587 3728 ut
2615 3670 2950 3728 meliorandi
2972 3673 3158 3743 gratia
3187 3671 3338 3729 illud
3367 3671 3439 3728 ad
3465 3669 3738 3744 regendum
3751 3681 3841 3721 sus-

2235 3762 2454 3833 ciperet.
2487 3759 2634 3817 Hinc
2661 3759 2859 3834 ipsum
2909 3759 3304 3834 quadraginta
3359 3761 3478 3818 fere
3519 3751 3838 3816 monasteriis

2237 3849 2574 3922 praefectum
2633 3848 2812 3906 fuisse
2877 3849 3034 3905 idem
3101 3854 3307 3906 auctor
3371 3848 3594 3916 asserit,
3628 3857 3836 3919 quorum

2231 3939 2507 4012 pleraque
2535 3939 3024 4012 Chronographus
3052 3938 3456 4012 Benignianus
3495 3937 3748 4002 recenset,
3775 3929 3839 3986 vi-

2232 4028 2442 4085 delicet
2484 4031 2693 4100 praeter
2738 4027 3166 4102 Benignianum
3213 4028 3290 4085 de
3331 4046 3448 4102 quo
3479 4027 3614 4102 agit,
3641 4019 3834 4080 Verzia-

2231 4133 2424 4184 cense,
2456 4117 2769 4184 Besuense,
2793 4109 3842 4181 Reomaense.Tornodorense,Melun-

2231 4206 2432 4273 dense,
2465 4205 2650 4262 sancti
2670 4205 2896 4262 Arnulﬁ
2921 4207 3198 4274 Mctense,
3231 4207 3426 4264 sancti
3471 4202 3607 4279 Apri
3644 4197 3842 4258 Tullen-

2232 4311 2316 4363 se,
2364 4294 2694 4364 Gorziense,
2745 4293 3182 4364 Fiscamnense,
3227 4295 3647 4372 Gemeticense,
3693 4281 3844 4346 sancti

2229 4383 2493 4440 Audoeni
2523 4383 2968 4458 Rotomagense,
3002 4383 3189 4441 sancti
3221 4383 3530 4442 Michaelis
3579 4381 3636 4438 in
3683 4375 3846 4434 monte

2230 4473 2480 4539 Tumba,
2507 4473 2693 4530 sancti
2741 4473 2984 4530 Faronis
3034 4473 3354 4542 Meldense,
3392 4471 3576 4531 sancti
3612 4459 3844 4526 Germani

477 4586 573 4624 mo
617 4567 850 4639 incepta
895 4581 1048 4621 anno
1097 4564 1205 4620 982
1243 4568 1300 4620 et
1327 4563 1566 4620 omnino
1597 4563 1926 4618 restaurata
1971 4577 2124 4617 anno
2155 4578 2202 4642 ι)
2232 4562 2578 4628 Parisiense,
2624 4561 3096 4632 Fructuariense,
3128 4563 3318 4620 sancti
3368 4560 3654 4620 Amatoris
3694 4565 3845 4630 prope

473 4658 582 4713 986
612 4656 794 4712 fuisse
815 4653 1047 4711 dicitur.
1079 4653 1298 4709 Verum
1329 4652 1450 4708 haec
1476 4651 1624 4708 tanti
1657 4668 1770 4708 non
1808 4653 1954 4706 sunt
1997 4654 2062 4705 ut
2088 4667 2124 4706 a

475 4745 778 4820 scriptoris
805 4742 996 4817 gravis
1025 4749 1084 4800 et
1109 4740 1350 4814 aequalis
1380 4740 1723 4798 auctoritate
1751 4738 1920 4796 facile
1961 4755 2123 4796 rece-

475 4835 709 4900 damus,
741 4831 996 4890 maxime
1053 4847 1190 4888 cum
1241 4828 1454 4886 Glaber
1503 4827 1789 4885 Rodulfus
1844 4827 2021 4885 simul
2067 4831 2125 4884 et

473 4922 826 4982 Chronicum
873 4939 908 4977 a
956 4921 1185 4978 Labbeo
1232 4917 1454 4976 editum
1502 4934 1636 4974 cum
1679 4917 2124 4990 chronographo

476 5011 832 5086 Benigniano
863 5010 1260 5076 consentiant;
1295 5024 1360 5064 ac
1391 5005 1686 5064 Benedicti
1717 5023 1880 5080 papa:
1901 5005 2126 5080 privile-

475 5101 661 5175 gium,
693 5117 810 5158 non
859 5100 1168 5158 Benedicto
1199 5097 1321 5168 VII,
1353 5095 1454 5153 sed
1503 5095 1652 5165 VIII,
1697 5095 2124 5168 assignandum

475 5206 606 5248 esse
635 5193 864 5247 constet
889 5189 1105 5262 quippe
1129 5186 1286 5261 quod
1316 5201 1470 5242 anno
1509 5185 1727 5243 Christi
1756 5185 1896 5241 1015
1917 5185 2122 5240 datum

475 5294 604 5336 esse
632 5277 849 5352 legitur
899 5277 1055 5348 apud
1082 5274 1418 5348 Ughellum,
1451 5278 1610 5332 tomo
1637 5273 1686 5331 II
1717 5271 1893 5330 Italiae
1923 5289 2123 5343 sacrm,

476 5367 585 5423 col.
618 5366 744 5424 996.

548 5457 601 5510 4.
634 5455 767 5509 Erat
817 5452 1112 5525 praedictus
1166 5453 1505 5525 Willermus,
1554 5452 1749 5526 inquit
1797 5451 2010 5509 Glaber
2062 5451 2124 5508 in

478 5541 626 5598 libro
656 5557 720 5597 ιιι
741 5541 1290 5614 Historiarum,cap.
1319 5543 1375 5610 5,
1403 5559 1531 5600 acer
1559 5543 1782 5612 ingenio
1809 5546 1862 5598 et
1889 5542 2126 5612 insignis

469 5631 800 5703 prudentia,-
832 5630 1031 5692 idcirco
1057 5648 1334 5691 summum
1362 5635 1424 5690 in
1446 5633 1676 5706 palatiis
1704 5649 1896 5705 regum
1923 5649 1986 5690 ac
2023 5648 2124 5690 cte-

2234 4651 2548 4724 Lingonas,
2571 4654 2785 4708 sanctae
2817 4649 3010 4708 Mariae
3041 4667 3219 4725 prope
3257 4646 3840 4725 Saxonicum-fontem.

2232 4741 2456 4808 Quibus
2477 4739 2642 4796 addit
2669 4739 2882 4796 Glaber
2911 4724 3333 4797 monasterium
3361 4739 3547 4798 sancti
3583 4724 3842 4794 Saturnini

2233 4831 2306 4886 ad
2351 4829 2702 4886 Rhodanum
2733 4828 2998 4896 fluvium,
3032 4829 3189 4902 quod
3238 4830 3416 4886 modo
3455 4829 3514 4884 in
3564 4822 3841 4900 prioratum

2233 4919 2536 4976 redactum
2588 4921 2698 4990 est,
2749 4918 3104 4976 monasterio
3159 4912 3634 4976 Ambroniacensi
3677 4906 3842 4978 subje-

2233 5013 2416 5066 ctum.

2301 5099 2358 5154 5.
2382 5097 2486 5154 Hic
2499 5096 2770 5154 omittere
2790 5113 2907 5155 non
2929 5095 3092 5154 licuit
3110 5095 3306 5154 locum
3326 5093 3620 5171 egregium
3631 5079 3839 5171 Wiberti

2233 5185 2629 5244 archidiaconi
2649 5187 2722 5244 de
2743 5185 2935 5244 sancti
2944 5185 3082 5260 Apri
3105 5186 3262 5260 apud
3274 5170 3578 5242 Tullenses
3595 5170 3840 5238 coenobio:

2232 5275 2334 5348 qui
2356 5275 2428 5332 de
2448 5279 2650 5334 sancto
2673 5276 2860 5333 Leone
2881 5275 2954 5332 IX
2972 5275 3030 5332 in
3052 5275 3180 5348 ejus
3199 5275 3334 5331 Vita
3363 5274 3448 5331 sic
3469 5270 3638 5328 habet
3654 5264 3784 5322 libro
3802 5273 3838 5325 ιο

2233 5347 2422 5437 capite
2448 5365 2516 5422 13
2547 5382 2561 5422 :
2597 5366 2823 5438 Moxque
2863 5366 2952 5422 uti
2995 5347 3100 5422 sua
3144 5379 3276 5435 erga
3323 5369 3570 5420 sanctum
3592 5363 3644 5414 et
3663 5347 3833 5425 glorior

2231 5470 2356 5511 sum
2404 5455 2615 5527 Aprum
2665 5455 2848 5527 major
2887 5461 3008 5510 erat
3053 5453 3281 5523 devotio,
3311 5453 3567 5510 domuum
3601 5440 3837 5527 relW

2232 5545 2364 5601 vitae
2409 5518 2462 5600 et
2500 5518 2926 5601 conversationis
2973 5543 3159 5599 virum
3189 5518 3314 5614 jam
3357 5541 3557 5598 dictum
3598 5534 3734 5607 (cap.
3757 5518 3832 5590 11)

2235 5631 2557 5695 Guidricum
2583 5633 2682 5692 sub
2712 5633 2938 5692 nomine
2959 5633 3172 5692 abbatis
3197 5631 3372 5693 eidem
3409 5623 3651 5704 prsz
3680 5625 3831 5677 οωκοο
