4098 6164
494 281 617 349 ’103

1468 283 1809 347 RODULFI
1853 284 2142 351 GLABBI
2188 284 2544 353 MWCHI
2586 286 2944 352 CLUNIAG.

3719 305 3835 368 η,

430 412 441 419 ’
495 416 615 483 lam
640 412 997 474 obcditionis
1025 414 1700 475 exhibitionem:Placere
1718 416 1975 491 denique
2002 436 2148 477 una-
2174 420 2235 490 Αι
2260 420 2611 479 narrationis
2629 420 3037 481 infonnabunt
3051 424 3493 487 seriemzidoisco
3505 445 3835 497 communem

498 506 751 567 nimitati
780 511 981 563 vestras
1015 522 1129 562 non
1159 506 1543 576 diﬁdimus,si
1563 507 1635 564 de
1654 506 1771 563 vita
1798 507 1887 563 vel
1914 524 2147 564 conver-

2254 509 2520 567 ﬂdelium
2553 511 2965 586 virtutigenam
3003 514 3373 573 obsecramus
3418 518 3833 593 charitatem,-ne-

496 598 722 656 satione
750 596 924 652 vestri
969 594 1231 651 omnium
1281 594 1597 663 dilectoris,
1629 596 1831 653 domui
1880 597 2148 653 videlicet
2253 599 2897 674 simplexcontemptui
2926 601 3212 660 habeatur
3248 621 3454 675 sermo,
3481 625 3611 666 neve
3639 615 3824 684 ρεισνῶ

495 685 1035 757 sacerdotis-atque
1089 684 1317 741 abbatis
1371 684 1671 751 Willelmi,
1716 691 1890 759 prout
1946 686 2146 743 divina
2253 686 2509 743 canistro
2538 705 2696 760 pure
2735 694 3050 763 respuatur
3095 691 3438 768 similaginis
3459 697 3594 766 eilia;
3624 701 3825 773 cujus-ﬁ

494 775 677 849 pietas
700 773 899 846 largiri
934 773 1399 845 dignatafuerit,
1432 774 1685 847 posteris
1712 775 1988 831 mandare
2018 779 2142 831 slu-

2251 777 2524 848 prudenti
2566 795 2761 834 manu
2787 778 3203 838 exercitatetur
3245 784 3498 851 materia,
3521 800 3727 847 omnem
3746 808 3827 847 va-

491 863 813 921 duerimus.
864 862 1046 953 Plura;
1095 862 1388 953 siquidem
1419 881 1455 953 a
1485 863 1671 920 nobis
1700 863 1845 931 visa,
1885 863 2144 937 plurima
2250 864 2395 922 leret
2420 866 2727 924 excludere
2747 867 3031 942 inopiam,
3059 874 3117 927 et
3145 872 3477 946 sospitales)
3505 876 3731 936 conferre
3756 897 3831 953 pe-

491 957 685 1011 tamen
717 969 752 1009 a
774 951 1173 1008 veracissimis
1221 951 1581 1010 relatoribus-
1610 957 1926 1025 comperta,
1958 953 2142 1026 hujus
2250 972 2511 1012 rennem.

1795 1303 2236 1419 INCIPIT
2310 1305 2603 1420 VITA‘

1979 1521 2403 1532 *ψ

556 1664 608 1716 2.
645 1653 924 1717 Gsillelmi
975 1654 1189 1727 patria,
1215 1667 1369 1705 avus.
1405 1654 1685 1705 Parentes.
1719 1650 1762 1704 E
1787 1665 1941 1704 sacro
1985 1650 2132 1721 [ante
2160 1648 2210 1715 B
2241 1648 2469 1722 impleri
2500 1650 2817 1719 mandavit,
2846 1669 2913 1708 ac
2943 1654 3177 1727 propria
3208 1672 3453 1728 puerum
3480 1659 3700 1716 sustulit
3722 1662 3830 1718 dexn

483 1768 516 1806 α
542 1752 740 1821 regina
767 1747 1088 1817 suscipitur.
1122 1774 1187 1783 —
1217 1741 1319 1796 Vir
1342 1740 1523 1813 igitur
1552 1738 1859 1811 religiosus
1881 1739 2135 1794 domnus

2246 1742 2388 1806 tera,
2421 1739 2589 1813 eique
2621 1757 2834 1797 nomen
2858 1741 3069 1798 indixit
3085 1743 3632 1819 Willelmum,quem
3655 1748 3835 1806 scilicet

480 1838 837 1901 Willelmus,
865 1851 1038 1908 quem
1072 1832 1207 1905 pius
1236 1830 1521 1887 Dominus
1553 1828 1818 1884 Ecclesiae
1848 1846 1968 1883 sua:
1997 1827 2135 1883 ﬁliis
2243 1830 2618 1902 postmodum
2676 1831 2897 1904 regina,
2931 1833 3142 1905 conjux
3188 1832 3369 1903 illius,
3409 1851 3476 1891 ex
3519 1852 3667 1894 sacro
3709 1839 3834 1895 fonte

480 1932 801 2002 pastorem,
835 1941 899 1980 ac
920 1922 1078 1995 juris
1110 1939 1228 1977 suae
1257 1920 1403 1993 legis
1436 1922 1885 1991 propagatorem
1916 1918 2132 1974 consti-

476 2019 613 2085 tuit,
646 2016 877 2073 natione
902 2013 1141 2085 quidem
1166 2007 1379 2078 Italus;
1415 2024 1557 2064 avus
1589 2011 1786 2063 tamen
1818 2008 1968 2080 ejus,
1986 2006 2132 2062 Vibo

479 2106 735 2172 nomine,
781 2101 1025 2159 militari
1074 2098 1367 2155 industria
1416 2096 1630 2164 clarus,
1680 2101 1852 2168 gente
1907 2096 2131 2153 Suevus

478 2196 609 2252 fuit.
641 2194 747 2261 Qui
780 2190 1022 2256 scilicet,
1055 2190 1127 2245 ob
1160 2186 1605 2244 inimicitiarum
1639 2185 1942 2255 ultionem,
1976 2187 2129 2242 nati-

477 2301 611 2341 vam
660 2282 999 2353 relinquens
1046 2276 1426 2350 provinciam,
1460 2275 1712 2347 perrexit
1760 2275 2131 2333 habitaturus

478 2372 729 2439 Italiam,
764 2369 963 2441 ibique
1001 2367 1231 2440 coPiose
1281 2364 1670 2437 locupletatus
1717 2380 1897 2436 opum
1943 2366 2131 2437 gratia

478 2462 721 2520 feliciter
746 2456 922 2531 degit.
942 2455 1044 2512 Hic
1072 2472 1211 2529 ergo
1234 2454 1460 2511 exstitit
1486 2453 1713 2528 genitor
1742 2453 2128 2527 Rutberti,qui

477 2551 769 2624 accipiens
799 2547 910 2604 sibi
943 2560 1182 2601 uxorem
1208 2560 1278 2599 ex
1315 2543 1829 2616 Longobardorum
1882 2542 2129 2599 nobilio-

477 2642 663 2707 ribus,
696 2637 933 2694 nomine
979 2634 1281 2692 Perinzam
1313 2632 1450 2705 (26),
1484 2648 1632 2704 quae,
1674 2630 1922 2687 fecunda
1968 2632 2129 2703 prole

477 2730 753 2796 filiorum,
788 2724 992 2802 genuit
1038 2724 1090 2779 ei
1134 2722 1310 2778 etiam
1365 2737 1480 2793 prae
1528 2720 1756 2777 cunctis
1813 2721 2127 2793 optabilem

474 2817 861 2875 Willelmum.
904 2812 1164 2886 Contigit
1217 2826 1495 2884 namque
1524 2811 1636 2879 sub
1691 2809 1822 2883 ipso
1864 2814 2127 2883 tempore

472 2907 634 2966 illius
670 2904 1010 2971 nativitatis,
1045 2899 1389 2974 Berengario
1439 2900 1958 2974 Longobardorum
1993 2916 2126 2973 rege

473 2998 769 3063 defuncto,
802 2997 867 3050 ut
909 2993 1057 3090 Otto.
1097 2992 1517 3090 imperatorum
1575 2988 1877 3090 maximus
1923 2989 2122 3090 hostili
2152 3020 2196 3090 α

472 3104 652 3145 manu
682 3100 917 3143 omnem
948 3080 1061 3139 sibi
1111 3079 1545 3153 subjugandam
1591 3083 1810 3151 peteret
1857 3078 2120 3148 Italiam;

472 3177 573 3251 qui
631 3172 1021 3248 comperiens
1050 3167 1312 3243 praedicti
1379 3166 1711 3241 Berengarii
1764 3184 2004 3224 uxorem
2060 3168 2122 3224 in

470 3267 766 3340 quoddam
794 3261 1265 3328 castrum,situm
1287 3259 1345 3314 in
1368 3257 1498 3314 lacu
1518 3258 1686 3315 urbis
1706 3257 1963 3315 Novariaa
1985 3260 2121 3331 (27),

470 3355 678 3414 fecisse
727 3351 1091 3423 confugium,
1140 3352 1315 3420 atque
1364 3363 1500 3404 cum
1548 3364 1617 3403 ea
1664 3346 2119 3421 viros-quorum

472 3441 829 3516 conspiratio
848 3437 1077 3495 rebellis
1099 3438 1246 3493 foret
1267 3437 1455 3492 eidem
1475 3436 1843 3509 imperatori;
1868 3438 1939 3493 ad
1963 3439 2120 3510 quod

471 3532 628 3589 illico
658 3530 971 3593 diverteris,
1004 3525 1185 3582 cinxit
1212 3525 1357 3581 illud
1391 3524 1598 3582 ferocis
1627 3525 1929 3583 obsidione
1957 3543 2119 3582 exer-

472 3621 645 3678 citus.
678 3617 1014 3674 Erat-enim
1072 3614 1384 3688 praedictus
1437 3615 1750 3671 Rotbertus
1803 3615 1862 3670 in
1916 3616 2143 3672 eodem-

470 3714 659 3769 castro
691 3724 825 3763 cum
857 3704 1095 3779 propria
1121 3721 1297 3760 uxore
1322 3706 1378 3759 et
1404 3701 1627 3770 liberis,
1657 3704 1749 3760 cui
1782 3705 1957 3760 etiam
1987 3706 2117 3778 qui-

468 3816 589 3873 que
608 3797 849 3853 illorum
878 3811 1012 3851 cum
1042 3810 1151 3853 sua
1178 3792 1419 3849 domina
1441 3809 1643 3849 curam
1672 3796 1846 3865 atque
1874 3794 2117 3852 tutelam

467 3886 883 3946 commiserant
910 3885 1024 3940 sui.
1049 3884 1321 3956 Cumque.
1340 3882 1566 3939 diutius
1595 3882 1671 3938 ab
1699 3883 1965 3956 utrisque
1994 3901 2121 3956 par-

467 3976 629 4035 tibus
656 3975 941 4032 aoerrime
971 3974 1330 4030 decertatum
1364 3971 1592 4040 fuisset,
1608 3988 1852 4028 cernens
1875 3973 2119 4045 impera-

465 4071 557 4133 tor
579 4063 799 4123 differri
815 4062 941 4121 sibi
965 4062 1527 4129 victoriam,tentans
1556 4060 1966 4134 largitionibus
1986 4078 2116 4120 mu-

465 4173 670 4214 nerum
694 4152 846 4212 clam
869 4153 1162 4209 inﬂectere
1183 4166 1422 4207 suorum
1450 4149 1709 4205 hostium
1730 4149 2072 4223 signiferum
2101 4168 2114 4208 :

465 4264 603 4305 nam
626 4243 951 4319 spepondit
978 4241 1029 4298 ei
1065 4257 1198 4297 cum
1232 4239 1503 4295 maximis
1532 4239 1704 4296 donis
1752 4239 1929 4296 etiam
1959 4242 2117 4313 apud

464 4334 889 4393 sublimitatem
921 4348 1090 4387 suam
1123 4328 1488 4386 celsitudinis
1527 4328 1744 4397 locum,
1771 4329 1822 4385 si
1851 4346 1992 4386 suos
2016 4331 2114 4387 de-

2242 1920 2501 1991 suscepit
2526 1918 2919 1992 baptismatis.

2311 2010 2365 2064 3.
2395 2009 2531 2065 Erat
2554 2026 2712 2082 ergo,
2743 2012 2812 2065 ut
2857 2010 3114 2067 diximus
3158 2013 3424 2085 ejusdem
3454 2015 3714 2089 'gentitrix,
3742 2032 3839 2073 non

2240 2097 2433 2154 solum
2464 2098 2738 2171 prosapia
2763 2098 3103 2166 nobilis,sed
3126 2101 3305 2157 etiam
3328 2119 3554 2160 morum
3580 2105 3847 2161 honestate

2240 2187 2559 2260 praecipua.
2588 2188 2719 2243 Haec
2749 2187 3044 2261 siquidem
3093 2191 3311 2248 referre
3335 2196 3457 2249 erat
3480 2193 3739 2251 solita-de
3759 2210 3830 2251 eo-

2239 2277 2373 2333 dem
2423 2293 2604 2350 puero
2650 2276 2991 2349 hujusmodi
3038 2279 3238 2336 verba.
3273 2304 3302 2331 ‹‹
3334 2282 3603 2339 Videbam
3649 2284 3835 2349 me,in-

2238 2366 2468 2438 quiens,
2500 2371 2668 2423 nocte
2717 2367 2973 2440 quadam
3020 2367 3344 2426 dalmatica
3388 2374 3540 2428 veste
3590 2372 3830 2439 indutam,

2236 2456 2560 2529 statimque
2584 2455 2725 2512 solis
2754 2457 2956 2514 radius
2994 2456 3333 2516 illustrabat
3374 2460 3514 2517 mihi
3561 2460 3831 2518 mamillam

2235 2547 2531 2601 dexteram
2557 2564 2570 2614 ;
2602 2544 2814 2601 dcb-inc
2844 2563 2979 2603 vero
3004 2554 3408 2620 apparuerunt
3426 2549 3647 2623 quidam
3672 2548 3831 2605 vultus

2234 2639 2501 2707 gerentes
2531 2633 2859 2707 angelicos;
2894 2634 3125 2708 ipsique
3154 2636 3349 2694 ﬁlium
3381 2655 3569 2695 meum
3589 2637 3714 2695 mihi
3730 2639 3835 2694 abs-

2233 2722 2737 2787 trabeates,altius
2768 2724 3084 2781 etlerebant
3101 2726 3382 2783 eumdem
3400 2727 3727 2784 infantulum
3741 2725 3830 2782 cla-

2234 2812 2403 2870 ritate
2434 2812 2619 2869 nimia
2646 2812 3095 2870 circumfusum.
3124 2816 3245 2888 Ego
3278 2833 3508 2891 quoque
3548 2816 3658 2873 haec
3682 2814 3827 2872 nimio

2229 2902 2467 2959 intuens
2497 2917 2710 2976 pavore
2739 2901 3065 2974 perterrita,
3099 2903 3181 2959 nil
3200 2904 3376 2961 aliud
3424 2905 3573 2977 quod
3617 2904 3828 2961 dicerem

2234 2989 2742 3063 reperiebam,nisi
2772 2994 3001 3048 tantum
3024 3009 3038 3048 :
3063 2992 3282 3050 Sancta
3300 2993 3709 3051 Mater-Domini
3728 2990 3826 3050 Sal-

2234 3080 2471 3149 vatoris,
2504 3080 2612 3136 tibi
2640 3078 2967 3149 committo,
2999 3082 3232 3139 custodi
3266 3081 3456 3140 illum.
3488 3106 3514 3134 »

2302 3171 2356 3225 4.
2385 3174 2497 3227 Deo
2525 3170 2814 3226 devovetur
2841 3187 2876 3226 a
2904 3171 3247 3241 parentibus.
3277 3176 3345 3229 In
3394 3172 3692 3231 monasterio
3721 3185 3827 3226 cru-

2229 3258 2606 3316 ditur.—Alia
2633 3275 2889 3331 namque
2918 3256 3197 3332 perplura
3224 3260 3432 3334 optimi
3461 3258 3841 3337 praesagii,qul

2230 3365 2338 3405 nos
2385 3347 2687 3404 fastidium
2732 3348 2989 3406 vitantes
3028 3349 3368 3420 retioemus,
3396 3348 3845 3423 conspicabantur-

2230 3437 2288 3493 in
2321 3436 2442 3493 illo.
2474 3437 2621 3492 Nam
2650 3440 2708 3493 et
2733 3435 3013 3493 habitudo
3043 3437 3373 3497 tenerrima:
3403 3439 3584 3497 etatis
3602 3437 3672 3494 ita
3691 3431 3837 3492 dissi--

2230 3526 2387 3583 milis
2414 3526 2724 3583 videbatur
2754 3529 3208 3594 caeterorummt
3234 3528 3487 3584 nimium
3515 3522 3825 3585 admirabilis

2227 3616 2562 3672 haberetur.
2588 3614 2896 3687 Propterea
2924 3618 3173 3689 uterque
3202 3633 3414 3690 parens
3447 3633 3558 3673 uno
3585 3627 3825 3672 consensu

2228 3721 2295 3761 ac
2323 3702 2642 3773 voluntate,
2670 3719 2808 3759 cum
2838 3720 3081 3780 suorum
3115 3706 3393 3762 omnium.
3423 3701 3699 3762 favorabili
3720 3700 3827 3757 hor-

2228 3796 2377 3861 tatu,
2411 3791 2639 3848 Christo
2671 3791 2915 3849 Domino
2946 3809 3152 3849 vovere
3173 3793 3433 3866 illum,in
3454 3795 3578 3868 ejus
3597 3793 3831 3849 domou-

2228 3882 2395 3940 sidue
2427 3881 3109 3939 serviturum.Duxerunt
3136 3886 3342 3941 autem
3372 3883 3681 3951 illum,cum
3706 3878 3830 3936 esset

2228 3973 2346 4027 fere
2377 3969 2697 4044 septennis,
2730 3970 2804 4027 ad
2832 3970 3264 4029 monasterium
3295 3977 3508 4031 sancta:
3526 3969 3704 4030 Mariae
3720 3982 3827 4024 san.

2227 4060 2390 4133 tique
2420 4058 2756 4132 archangeli
2789 4057 3089 4116 Michaelis
3118 4058 3181 4115 in
3210 4060 3438 4118 honore
3464 4062 3828 4119 sacratum,no-

2226 4149 2385 4206 mine
2416 4146 2750 4213 Luciacum,
2782 4147 2843 4203 in
2874 4163 2991 4217 quo
3020 4147 3198 4205 etiam
3227 4149 3559 4208 veneranda
3584 4146 3831 4204 habentur

2225 4256 2362 4295 ossa
2391 4237 2544 4294 beati
2574 4236 2848 4309 martyris
2877 4235 3180 4293 Januarii:
3214 4237 3437 4313 ibique,
3459 4239 3621 4311 juxta
3642 4243 3826 4291 morem

2226 4344 2444 4384 norma:
2475 4324 2923 4400 regularis,eum
2951 4324 3141 4398 ipsius
3160 4324 3276 4382 loci
3296 4326 3497 4407 abbati
3518 4321 3823 4407 obtulerunt.

463 4392 664 4483 serens
688 4421 853 4479 illius
879 4420 1031 4493 parti
1052 4420 1292 4476 faveret.
1307 4418 1412 4475 Ille
1438 4435 1573 4475 vero
1603 4392 1846 4474 minime
1877 4419 2112 4492 acquie-
2144 4392 2189 4458 D
2223 4413 2504 4486 Qui,satis
2527 4392 2731 4470 devote
2750 4412 2923 4470 illum»
2939 4392 3301 4488 suscipiens,
3321 4433 3497 4493 sacris
3515 4405 3827 4471 monachalis

461 4512 562 4580 vit,
595 4514 805 4585 utpote,
842 4508 1010 4565 miles
1060 4509 1387 4581 adjuratus,
1418 4508 1777 4580 respondens
1806 4507 1918 4564 sibi
1944 4513 2111 4582 opta-

461 4599 730 4657 biliorem
759 4599 882 4655 fore
911 4596 1131 4670 proprii
1159 4596 1461 4653 interitum
1494 4596 1775 4670 corporis,
1809 4613 1986 4668 quam
2017 4614 2112 4654 sa-

454 4676 779 4746 cramentis
811 4689 1049 4745 asserta
1080 4685 1216 4742 ﬁdei
1263 4684 1525 4742 desertor
1565 4684 1787 4743 haberi.
1822 4686 1961 4742 Post
1998 4685 2111 4741 ali-

461 4782 606 4852 quot
642 4795 778 4835 vero
824 4775 970 4847 dies,
1003 4773 1202 4835 habito
1249 4772 1499 4831 invicem
1545 4773 1705 4847 pacis
1754 4774 2018 4844 consilio,
2049 4774 2109 4830 in

460 4867 817 4925 deditionem
846 4865 1031 4941 gratis
1061 4865 1342 4923 devenere
1372 4863 1941 4937 imperatoris.Tunc
1971 4880 2111 4937 quo-

460 4973 575 5030 que
602 4956 790 5013 isdem
841 4956 1177 5024 Rotbertus,
1209 4956 1276 5010 ut
1315 4957 1440 5009 erat
1469 4953 1557 5007 vir
1586 4953 1844 5024 prudens
1870 4969 1935 5008 ac
1966 4956 2108 5009 stre-

461 5053 639 5112 nuus,
667 5044 962 5119 suggessit
991 5043 1329 5117 imperatori
1358 5046 1425 5099 ut
1456 5043 1855 5115 ﬁlium,quem
1884 5041 1933 5098 ei
1966 5058 2113 5099 uxor

460 5150 569 5190 sua
595 5132 750 5189 intra
778 5133 963 5205 ipsius
993 5133 1357 5190 obsidionem
1390 5131 1564 5188 castri
1605 5134 1923 5204 pepererat,
1956 5136 2109 5188 cate-

460 5220 817 5277 chumenum
843 5221 964 5276 fieri
989 5238 1091 5293 per
1111 5238 1349 5278 manum
1370 5218 1732 5294 imperialem
1752 5218 2106 5293 praeciperet.

459 5308 622 5376 Quod
653 5308 750 5365 ille
780 5308 1166 5366 libentissime
1198 5326 1484 5379 annuens,
1519 5313 1586 5366 ut
1615 5308 1874 5366 monitus
1922 5309 2111 5365 fuerat

529 5450 644 5522 (26)
674 5451 815 5522 Ejus
843 5451 1039 5507 obitus
1072 5452 1144 5507 ad
1177 5434 1467 5509 Kalendas
1498 5450 1837 5508 Novembris
1875 5454 2112 5507 notatur

457 5521 519 5578 in
550 5521 889 5594 Neci-elogio
920 5523 982 5578 S.
1013 5523 1285 5579 Germani
1314 5542 1350 5581 a
1378 5523 1687 5592 Pratis,his
1706 5522 1898 5581 verbis
1923 5539 1936 5579 :
1964 5522 2111 5579 Obiit

457 5596 703 5652 Percnm
745 5602 930 5653 nostra
983 5596 1187 5665 amica,
1218 5605 1392 5655 mater
1445 5596 1634 5653 ἀθητηί
1688 5595 1954 5653 Wiuclmi
2010 5594 2108 5650 ab-

2223 4503 2522 4579 religionis
2546 4502 2725 4559 etiam
2748 4506 2906 4560 veste
2933 4502 3260 4560 induit.Hic
3299 4512 3513 4578 nempe
3552 4496 3765 4560 tradidit
3785 4493 3833 4577 ei

2221 4593 2445 4666 primos
2473 4591 2808 4649 litterarum
2832 4591 3047 4665 apices,
3078 4596 3259 4665 atque
3281 4628 3285 4632 -
3307 4594 3553 4667 hujusce
3594 4583 3837 4647 custodiet

2219 4681 2447 4738 addidit
2473 4684 2910 4755 praeceptorem,
2934 4682 3105 4755 cujus
3135 4681 3405 4739 animum
3433 4687 3629 4754 stupor
3652 4669 3827 4733 invasit

2220 4770 2463 4837 nimius,
2494 4769 2774 4843 quoniam
2831 4769 3107 4827 velocitas
3155 4786 3371 4829 sensus
3414 4770 3531 4827 sibi
3566 4757 3825 4826 commissi

2217 4859 2383 4932 pueri
2414 4858 2487 4915 ad
2517 4861 2747 4915 tantam
2772 4857 3115 4932 proficiebat
3138 4858 3572 4935 indaginemmt
3597 4853 3828 4912 universa

2219 4948 2481 5022 priorum
2500 4945 3095 5004 conscholastiCorum
3112 4948 3311 5005 studia
3324 4948 3384 5005 in
3407 4944 3558 5004 brevi
3575 4944 3825 5001 transcen-

2220 5038 2383 5094 deret
2402 5035 2947 5110 spatio;proindein
2961 5027 3853 5100 admiratione'nonmudicajwr

2220 5130 2359 5183 tunc
2380 5129 2501 5183 tam
2523 5124 2718 5182 abbati
2741 5142 2919 5199 quam
2937 5125 3214 5183 fratribus
3262 5125 3485 5184 caeteris
3519 5119 3821 5181 habebatur.

2288 5217 2343 5272 5.
2376 5217 2657 5274 Praeterea
2683 5216 2745 5272 in
2768 5215 2957 5273 vicino
2987 5215 3342 5273 monasterio
3390 5213 3644 5289 quadam
3677 5216 3818 5265 anus.

2218 5306 2390 5378 cujus
2419 5309 2543 5362 erat
2572 5305 2823 5362 maritus
2843 5304 2973 5377 ja‘m
3003 5303 3220 5376 senior,
3252 5318 3571 5379 congruum
3605 5290 3821 5355 habebat

2221 5450 2404 5593 “£12873
2430 5517 2569 5577 Alia
2584 5516 2885 5576 editiones
2906 5518 3164 5587 Novitiae;
3180 5516 3509 5577 mendose;
