4098 6164
232 219 357 283 ’109

1408 216 1596 281 VITA
1642 217 1710 281 S.
1760 218 2198 284 GUILLELMI
2243 222 2533 287 DIVION.

3569 227 3690 291 710

240 354 375 413 dem
411 355 595 427 patris
625 355 694 411 de
722 370 836 426 quo
883 370 1077 410 sermo
1126 356 1216 409 est
1267 352 1572 409 exstiterat
1622 353 1912 409 afﬁnitate
1942 357 1994 424 Α
2028 356 2207 411 nobia
2238 356 2345 412 sibi
2380 359 2696 415 commissa
2736 356 3186 429 confluentibus,
3220 362 3546 435 nullusque
3590 361 3690 433 qui

244 444 641 520 propinquus,
673 443 796 516 ipso
828 444 996 500 Patre
1027 446 1333 516 praesente,
1357 441 1719 514 colloquium
1752 441 1916 514 pacis

237 532 647 590 baberet.Post
676 535 879 588 caetera
908 531 1056 587 dixit
1082 530 1299 604 praesul
1329 530 1388 585 in
1420 547 1561 586 aure
1594 530 1816 598 comiti,
1851 535 1918 585 ut

238 620 467 688 abbati,
499 624 698 693 utpote
728 620 1060 694 propinquo
1092 619 1317 677 scilicet
1340 617 1690 686 suo,leniter
1710 618 1918 692 sugge-

239 713 400 767 reret
446 713 532 777 ut,
559 709 862 766 elationem
913 726 986 765 ne
1037 709 1187 766 forte
1231 725 1336 781 pro
1384 707 1674 762 virtutum
1724 707 1917 779 gratia

235 798 333 855 vel
358 814 559 855 rerum
588 796 750 871 copia
779 797 1129 870 surriperet,
1166 800 1410 853 caveret.
1429 794 1531 851 Ille
1562 810 1799 867 quoque
1833 811 1917 851 re-

235 891 514 944 verenter
555 886 848 953 accedens,
882 885 1033 941 dixit
1082 890 1151 941 ut
1195 884 1455 941 monitus
1501 884 1713 938 fuerat.
1748 883 1916 939 Tunc

239 982 418 1051 pater
446 974 774 1031 Willelmus
801 974 966 1030 vultu
998 974 1180 1031 alacri
1209 974 1397 1031 eidem
1454 970 1659 1028 comiti
1702 970 1914 1042 hujus-

239 1063 405 1123 modi
439 1080 781 1137 responsum
813 1062 1099 1136 protulit:
1134 1063 1218 1132 Si,
1248 1062 1914 1135 inquiens,cognoscere

239 1161 452 1229 potero
481 1154 636 1226 quod
655 1155 1036 1226 augmentum
1070 1157 1435 1208 terrenarum
1470 1165 1652 1222 opum
1674 1147 1759 1203 vel
1785 1164 1916 1220 pos-

248 1244 593 1302 sessionum
625 1241 795 1298 unius
824 1245 1057 1297 tantum
1087 1241 1202 1296 diei
1224 1244 1434 1296 nostra:
1453 1238 1585 1293 vitae
1609 1236 1915 1309 protrahat

246 1329 875 1406 spatium,persuaderi
897 1346 1014 1386 non
1043 1329 1191 1385 mihi
1215 1333 1405 1401 potest
1426 1327 1569 1399 quin
1593 1326 1665 1381 ad
1700 1324 1912 1380 horum

248 1419 506 1479 extollar
535 1421 973 1477 incrementum.
1006 1418 1129 1475 Hoc
1179 1423 1372 1474 autem
1419 1430 1738 1488 repensum
1770 1413 1939 1468 dum-

239 1528 450 1569 comes
481 1509 772 1567 retulisset
815 1508 1117 1582 episcopo,
1153 1506 1425 1563 admirati
1477 1508 1621 1561 sunt
1669 1507 1915 1574 uterque

238 1601 377 1672 ejus
405 1598 1140 1672 prudentiam,pariterque
1160 1595 1334 1651 laatati
1359 1600 1597 1669 propter
1628 1591 1914 1648 humilem

240 1688 411 1745 illius
444 1688 807 1762 sapientiam.

319 1781 413 1834 13.
448 1778 766 1835 Monasterio
795 1776 1169 1833 Fiscamnensi
1195 1775 1599 1844 prwfwitur.—~
1629 1771 1775 1827 Cum
1805 1770 1914 1844 igi-

241 1873 343 1923 tur
369 1866 535 1922 fama
584 1866 909 1921 sanctitatis
956 1864 1121 1920 illius
1165 1864 1292 1935 jam
1342 1862 1520 1918 latius
1570 1861 1913 1927 deferretur,

242 1957 725 2013 Normannorum
746 1955 862 2010 dux
881 1951 1237 2010 venerabilis
1258 1949 1419 2006 illam
1443 1947 1809 2019 comperiens
1826 1947 1918 2003 Iti-

242 2042 701 2111 cbardus,misit
729 2044 797 2099 ad
830 2048 987 2109 cum,
1022 2043 1352 2097 reverenter
1381 2036 1722 2111 supplicans
1754 2040 1815 2091 ut
1843 2037 1914 2093 ad

243 2151 308 2191 se
336 2134 593 2190 veniret.
624 2131 730 2196 Qui
760 2132 995 2187 tandem
1024 2129 1298 2195 libenter,
1332 2131 1396 2182 ut
1425 2128 1671 2199 rogatus
1708 2126 1915 2191 fuerat,

242 2238 506 2297 pergens
534 2220 695 2277 venit
723 2220 793 2276 ad
825 2236 995 2287 eum;
1033 2236 1067 2275 a
1096 2234 1214 2290 quo
1247 2212 1625 2279 etiam,sicuti
1657 2213 1915 2283 decebat,

242 2310 576 2370 honorifice
616 2313 923 2381 susceptus
973 2315 1082 2363 est.
1110 2306 1293 2377 Cujus
1342 2301 1736 2360 sanctissimis
1784 2320 1917 2359 eum

244 2402 574 2465 recreatus,
605 2402 671 2453 ut
703 2402 825 2453 erat
856 2395 1035 2452 totius
1076 2393 1217 2451 boni
1266 2399 1515 2463 amator,
1549 2391 1666 2447 dux
1714 2392 1921 2448 fuisset

245 2488 848 2561 eloquiis,obsecrans
876 2484 1050 2541 illum
1085 2488 1151 2539 ut
1181 2482 1490 2539 ecclesiam
1523 2484 1737 2537 sanctae
1763 2480 1923 2538 etin-

246 2577 506 2634 dividuas
533 2575 838 2631 Trinitatis
867 2574 1092 2630 nomini
1115 2576 1171 2629 et
1192 2569 1403 2629 honori
1425 2570 1768 2636 dicatam,in
1797 2569 1921 2626 loco

247 2662 662 2722 Fiseamnensi
693 2666 1078 2735 cognomento
1110 2660 1440 2732 antiquitus
1463 2662 1923 2725 construetam,a

247 2773 357 2812 suo
385 2759 593 2810 tamen
625 2756 792 2824 patre
824 2751 1114 2807 Richardo
1146 2748 1628 2805 honoriﬁcentius
1651 2749 1925 2805 reforma-

256 2842 623 2911 tam,ordine
652 2839 1076 2895 monachorum
1109 2838 1437 2910 suscipiens
1467 2836 1924 2893 decoraret.Erat

256 2934 415 2991 enim
447 2930 573 2985 illic
604 2944 766 2985 more
789 2929 985 2983 vivens
1016 2925 1400 2998 carnali,jugo
1432 2924 1626 2982 soluta
1649 2923 1920 2998 regulari,

257 3022 609 3080 clericorum
641 3017 783 3074 levis
830 3014 1112 3073 conciola.
1147 3015 1403 3072 Cernens
1452 3015 1704 3088 denique
1752 3015 1923 3070 Pater

1944 1715 1993 1781 B

2024 446 2096 500 ad
2133 444 2254 501 haec
2282 446 2450 503 vellet
2487 447 2762 504 accedere
2807 447 3218 517 prohiberetur
3250 469 3263 508 :
3300 452 3448 524 quin
3499 450 3692 522 potius

2024 537 2150 587 tam
2184 534 2366 591 servis
2396 552 2574 608 quam
2600 532 3106 600 liberis,divitibus
3136 554 3271 593 cum
3303 538 3530 611 egenis,
3562 537 3693 591 uui-

2024 620 2212 677 forme
2240 622 2544 680 charitatis
2575 621 3014 694 impenderetur
3035 626 3694 683 documentum.Plures

2024 709 2204 765 etiam
2237 726 2304 766 ex
2333 712 2498 783 ipsis,
2532 729 2600 767 ex
2635 710 2937 777 ccenobiis,
2965 717 3164 787 utpote
3208 732 3411 771 rerum
3464 718 3693 785 tenues,

2024 796 2391 869 accipiebant
2413 801 2656 856 victum.
2688 798 2770 852 Ex
2799 800 3014 870 quibus
3044 818 3277 874 quoque
3327 800 3603 858 nonnulli
3634 801 3695 857 in

2023 890 2241 942 sanctas
2280 885 2737 944 conversationis
2782 890 3202 947 monachorum
3248 892 3537 947 devenere
3587 888 3697 946 ha-

2024 972 2238 1031 bitum.
2273 976 2452 1049 Cujus
2477 974 2735 1045 denique
2781 976 3170 1036 institutionis
3217 979 3389 1036 labor
3439 977 3695 1035 nimium

2024 1062 2344 1133 Optabilem
2379 1062 2627 1119 diversis
2657 1065 2917 1122 ecclesiis
2946 1067 3191 1124 contulit
3230 1069 3515 1123 fructum.
3548 1067 3696 1125 Nam

2023 1150 2428 1220 praefatum,th
2457 1151 2650 1207 dicere
2681 1170 3063 1227 cmperamus,
3082 1156 3276 1213 locum
3310 1156 3511 1213 taliter
3538 1157 3697 1214 clau-

2025 1238 2165 1292 stris
2198 1243 2375 1312 atque
2407 1238 2662 1296 officinis
2711 1244 3098 1317 regularibus,
3135 1246 3486 1318 caeterisque
3516 1246 3697 1304 bono-

2025 1341 2155 1380 rum
2188 1329 2377 1400 copiis
2411 1327 2738 1398 adornavit,
2772 1338 2838 1389 ut
2868 1350 2982 1406 pra:
3013 1335 3235 1391 oratoris
3268 1334 3431 1390 illius
3460 1337 3697 1407 provin-

2025 1412 2125 1467 ciae
2155 1413 2431 1472 felicibus
2464 1430 2695 1490 semper
2726 1421 2927 1476 floreat
2960 1422 3356 1480 incrementis.

2098 1504 2182 1557 15.
2220 1503 2511 1574 Templum
2557 1509 2612 1563 S.
2658 1512 2894 1579 Benigni
2949 1520 3240 1569 restaurat.
3292 1513 3465 1585 Cujus
3521 1516 3700 1587 sepul-
3768 1506 3779 1517 ’

2022 1606 2177 1645 crum
2201 1591 2511 1661 detegit.—
2532 1597 2787 1672 Contigit
2817 1617 2954 1674 ergo
2984 1603 3363 1674 postmodum
3408 1607 3703 1676 quatenus

2024 1696 2159 1752 pars
2189 1679 2469 1736 ecclesiae
2518 1685 2669 1742 beati
2712 1691 2978 1763 marty.is
3019 1692 3282 1765 Benigni,
3316 1693 3434 1762 cui,
3470 1700 3704 1753 auctore

2023 1767 2161 1832 Deo,
2194 1767 2498 1838 primitus
2528 1779 2689 1847 pater
2719 1776 2892 1834 datus
2924 1781 3135 1847 fuerat,
3159 1782 3390 1840 ruinam
3427 1801 3706 1844 corruens

2025 1857 2210 1911 daret.
2251 1855 2462 1919 Quam
2492 1879 2623 1920 eum
2657 1867 2969 1925 reformare
3010 1877 3289 1943 cuperent
3318 1873 3570 1932 artifices
3599 1894 3708 1933 cae-

2025 1943 2673 2019 mentarii,graviorem
2708 1972 2815 2027 par
2842 1959 3043 2014 eadem
3077 1961 3238 2016 dedit
3269 1963 3524 2021 ruinam.
3546 1965 3709 2030 Quod

2026 2051 2282 2091 cernens
2317 2036 2412 2092 vir
2430 2038 2547 2095 Deo
2574 2042 3130 2113 devotus,intellexit
3149 2050 3428 2109 divinitus
3450 2053 3562 2111 sibi
3586 2056 3711 2114 dari

2027 2123 2320 2180 indicium
2356 2129 2513 2198 quod
2545 2133 2734 2186 totum
2769 2150 2803 2188 a
2835 2134 3233 2195 fundamentis
3279 2145 3542 2201 renovari
3574 2163 3710 2203 con-

2024 2214 2252 2308 veniret
2284 2216 2602 2308 templum.
2637 2219 2919 2294 Illicoque
2962 2242 3197 2283 summo
3230 2231 3445 2288 mentis
3476 2233 3711 2308 ingenio

2027 2303 2200 2375 erepit
2232 2303 2425 2375 ipsius
2457 2305 2717 2363 ecclesiae
2752 2308 3139 2369 reformandze
3192 2318 3508 2378 mirificum
3540 2303 3711 2382 cons-

2026 2396 2221 2483 truere
2253 2398 2605 2467 apparatum
2634 2412 2647 2450 :
2676 2414 2855 2469 quam
2889 2401 3143 2475 denique
3171 2422 3304 2462 cum
3337 2410 3608 2483 coepisset
3629 2432 3712 2473 re-

2031 2482 2319 2538 sadificare
2358 2483 2650 2569 positione
2702 2488 2984 2558 mirabili,
3017 2491 3185 2550 valde
3236 2482 3497 2569 longiore
3525 2519 3593 2558 ac
3623 2503 3707 2559 la-

2030 2569 2176 2625 tio"e
2207 2588 2386 2642 quam
2419 2559 2641 2639 fuerat;
2678 2574 2919 2647 ignotus
2942 2582 3139 2634 tamen
3162 2588 3286 2638 erat
3308 2559 3600 2646 universis
3621 2591 3704 2648 lo-

2030 2658 2214 2714 cellus
2246 2676 2363 2731 quo
2396 2661 2636 2732 pretiosi
2669 2665 2951 2736 martyris
2982 2670 3248 2725 membra
3278 2671 3707 2736 claudebantur

2033 2746 2296 2819 Benigni,
2332 2750 2471 2819 quia
2503 2749 2703 2805 solerti
2737 2768 2879 2808 cura
2905 2755 3103 2811 taliter
3130 2758 3462 2830 antiquitus
3510 2766 3704 2825 fuerat

2032 2836 2391 2903 reconditus,
2419 2842 2487 2928 ut
2513 2836 2616 2928 illo
2642 2839 3008 2928 Afidueialiter
3056 2852 3433 2904 veneraretur
3480 2860 3704 2928 martyr

2033 2940 2136 2995 per
2163 2926 2477 2991 a3vum,ubi
2504 2924 2655 2980 felici
2687 2932 2876 2983 morte
2905 2931 3182 2987 occubuit
3210 2940 3450 3006 propter
3469 2924 3656 2997 Deum
3683 2961 3696 2999 ε

2033 3014 2132 3067 sed
2166 3028 2199 3066 a
2226 3012 2581 3083 quibusdam
2614 3013 2868 3071 incautis
2898 3017 3205 3074 dicebatur
3246 3022 3424 3079 etiam
3472 3028 3553 3082 ibi
3581 3046 3697 3084 non

259 3109 598 3169 Willelmus
630 3106 791 3162 illius
811 3105 993 3161 animi
1018 3103 1380 3161 devotionem
1408 3087 1681 3175 promisit
1702 3119 1917 3159 secum
1948 3087 1990 3153 C
2030 3099 2252 3155 haberi.
2286 3100 2468 3172 Cujus
2516 3100 2804 3172 ignoratio
2852 3104 2934 3159 rei
2986 3106 3235 3162 nimium
3287 3114 3698 3172 mmstificabat

264 3200 359 3257 Dei
392 3196 695 3269 adjutorio
724 3194 867 3251 illud
903 3194 1059 3266 quod
1093 3193 1372 3265 poscebat
1402 3192 1921 3265 impleturum.Qui

258 3290 481 3363 pariter
502 3285 799 3343 venientes
820 3284 890 3339 ad
919 3283 1259 3355 praedictum
1282 3280 1648 3349 locum,satis
1670 3280 1923 3337 sublime

259 3396 321 3435 ac
351 3376 703 3434 solemniter
725 3372 1023 3429 commisit
1042 3372 1094 3427 ei
1116 3372 1305 3427 isdem
1327 3371 1445 3426 dux
1465 3387 1602 3427 eum
1625 3369 1923 3442 aliquibus

260 3465 550 3538 episc0pis
582 3461 912 3519 dominium
940 3465 997 3516 et
1025 3476 1226 3517 curam
1260 3459 1565 3531 regiminis
1585 3458 1766 3515 totius
1786 3456 1919 3513 loci.

267 3557 413 3610 Tum
443 3553 534 3609 vir
568 3550 797 3608 Domini
830 3549 1204 3623 congregavit
1232 3547 1449 3604 ibidem
1500 3546 1921 3604 monachorum

263 3642 590 3717 regularem
617 3645 931 3705 catervam,
966 3638 1049 3694 ita
1078 3637 1347 3694 videlicet
1365 3637 1631 3709 personis
1658 3651 1925 3691 numero-

261 3748 384 3787 sam
416 3747 483 3787 ac
510 3732 801 3786 bonorum
856 3727 1071 3784 studiis
1119 3726 1437 3799 copiosam,
1471 3729 1541 3780 ut
1587 3723 1799 3797 triplici
1830 3723 1921 3780 sui

263 3835 506 3875 numero
538 3815 968 3890 praateritorum
1000 3831 1316 3871 numerum
1349 3813 1654 3869 excelleret
1684 3812 1921 3871 clerico-

269 3925 417 3965 rum.
450 3906 617 3973 Quod
680 3921 925 3961 cernens
966 3905 1093 3976 jam
1142 3903 1335 3959 dictus
1382 3902 1672 3974 princeps,
1705 3901 1923 3958 multo-

266 4014 391 4052 rum
407 3997 696 4051 donorum
717 4010 783 4049 ac
801 3993 1241 4066 possessionum
1259 3989 1669 4063 largitionibus
1682 3990 1925 4064 amplia-

265 4086 349 4139 vit
377 4084 589 4141 locum.
628 4082 856 4139 Monuit
886 4081 1060 4138 etiam
1096 4085 1216 4137 tam
1250 4081 1517 4135 abbatem
1549 4096 1728 4151 quam
1759 4084 1922 4136 caete-

268 4190 361 4229 ros
392 4175 601 4229 fratres
633 4169 850 4244 saepius
880 4174 947 4225 ut
976 4170 1047 4225 ab
1073 4168 1174 4225 illo
1194 4171 1456 4242 peterent
1478 4167 1761 4242 quidquid
1784 4186 1921 4225 suo-

271 4279 396 4318 rum
422 4260 662 4318 utilitati
692 4258 962 4333 expedire
1003 4263 1263 4325 nossent,
1298 4260 1497 4329 utpote
1543 4258 1824 4329 quoniam
1850 4258 1921 4313 de

272 4350 376 4406 hac
403 4368 461 4408 re
490 4348 820 4407 secundum
849 4347 995 4404 velle
1026 4351 1368 4420 provenerat
1396 4346 1447 4402 ei
1477 4350 1535 4401 et
1564 4362 1756 4419 posse.

339 4442 415 4496 14.
448 4440 673 4498 Scholas
705 4440 785 4495 ibi
813 4436 1377 4495 instituit.—Intcrea
1401 4452 1645 4492 cernens
1674 4434 1912 4509 vigilan-

272 4528 525 4586 tissimus
554 4529 730 4586 Pater
758 4526 1039 4599 quoniam
1070 4542 1187 4583 non
1219 4523 1410 4581 solum
1444 4523 1540 4580 illo
1572 4524 1631 4579 in
1652 4523 1906 4593 loco,sed

272 4617 430 4674 etiam
451 4635 554 4692 per
568 4621 754 4675 totam
782 4615 1135 4689 provinciam
1159 4613 1449 4683 illam,nec
1471 4629 1587 4669 non
1611 4629 1714 4685 per
1736 4616 1915 4669 totam

272 4705 523 4778 Galliam,
547 4709 608 4765 in
640 4706 884 4780 plebeiis
915 4704 1168 4762 maxime
1200 4702 1505 4760 scientiam
1538 4699 1824 4775 psallendi
1845 4718 1913 4757 ac

270 4794 480 4870 legendi
501 4798 751 4855 deficere
774 4799 832 4852 et
846 4793 1138 4851 annullari
1157 4792 1666 4863 clericis,instituit
1681 4791 1912 4847 scholas

276 4888 408 4944 sacri
439 4885 772 4956 ministerii,
806 4885 1022 4958 quibus
1054 4899 1160 4957 pro
1191 4882 1289 4939 Dei
1318 4897 1517 4938 amore
1566 4880 1789 4937 assidui
1822 4881 1911 4937 in-

275 4978 473 5032 starent
517 4977 730 5032 fratres
780 4974 958 5046 bujus
1013 4971 1189 5029 officii
1249 4969 1426 5040 docti,
1459 4969 1559 5025 ubi
1618 4969 1910 5042 siquidem

275 5065 435 5135 gratis
455 5064 771 5139 largiretur
788 5063 1017 5119 cunctis
1038 5061 1315 5118 doctrinis
1336 5058 1688 5117 beneficium
1709 5059 1780 5116 ad
1806 5076 1909 5116 ca:-

276 5170 353 5223 cui
382 5174 435 5227 et
464 5169 767 5240 Besuensi,
798 5166 1251 5236 Fructuariensi,
1285 5164 1533 5240 aliisque
1553 5164 1696 5223 locis
1726 5165 1909 5240 sacris

277 5240 439 5297 multa
467 5244 620 5299 bona
649 5238 1077 5297 contulit.0biit
1102 5255 1255 5295 anno
1288 5238 1425 5293 1027
1434 5239 1520 5294 .ln
1553 5238 1909 5295 monasterio

277 5314 437 5369 sancti
467 5312 710 5382 Benigni
742 5312 1069 5369 tumulatus
1100 5315 1210 5367 est.
1243 5309 1350 5375 Qui
1377 5310 1912 5382 pronwruit,inquit

277 5382 753 5459 chronographus,
785 5392 846 5459 ut
874 5400 1086 5456 semper
1109 5384 1375 5439 memoria
1404 5382 1579 5454 ipsius
1608 5385 1811 5452 agatur
1839 5382 1908 5437 ab

276 5450 418 5526 hujus
446 5450 552 5513 ιόσὶ
577 5450 883 5513 monachis.

332 5525 437 5605 (32)
464 5527 698 5591 Scilicet
723 5526 874 5587 libro
897 5543 915 5587 ι
940 5528 1018 5586 De
1038 5525 1226 5605 gloria
1252 5525 1796 5604 martyrum,capite
1813 5525 1905 5587 51.

2032 3189 2296 3244 animum
2330 3189 2517 3244 Patris
2545 3189 2987 3248 Willelmi.Tali
3012 3210 3245 3266 quoque
3271 3197 3501 3255 defectu
3525 3204 3695 3258 anxio

2032 3276 2351 3333 revelatum
2384 3282 2474 3335 est
2502 3278 2723 3335 visione
2753 3280 3151 3352 pulcherrima
3198 3299 3301 3355 per
3339 3286 3542 3357 ipsum
3588 3290 3690 3347 Dei

2032 3371 2347 3438 martyrem
2380 3367 2565 3440 ipsius
2594 3367 2935 3426 honorabilc
2966 3371 3323 3443 sepulcrum.
3345 3374 3483 3432 Erat
3511 3378 3689 3447 enim,

2032 3461 2099 3512 ut
2112 3456 2320 3511 beatus
2337 3456 2655 3513 multorum
2674 3466 3014 3515 sanctorum
3037 3461 3224 3516 deseri
3233 3465 3363 3532 ptor
3386 3464 3694 3523 miraculo-

2033 3560 2162 3600 rum
2187 3543 2503 3617 Gregorius
2523 3546 2894 3604 Turonorum
2917 3548 3175 3621 pontifex
3196 3550 3371 3606 refert
3392 3553 3525 3624 (32),
3559 3572 3692 3627 per-

2032 3632 2273 3707 grandis
2296 3651 2429 3690 arca
2450 3633 2661 3707 lapidei
2684 3638 3033 3711 sarcophagi
3055 3639 3364 3696 continens
3386 3640 3690 3699 illum.Pro

2032 3722 2762 3794 cujus(rei)inercdulitate
2782 3732 2983 3782 narrat
3004 3727 3157 3783 idem
3182 3732 3425 3785 sanctus
3438 3729 3685 3787 alterum

2031 3812 2219 3867 sancti
2248 3812 2503 3870 nominis
2533 3814 2874 3886 Gregorium
2899 3815 3322 3889 Lingonensem
3345 3818 3687 3892 episcopum

2031 3900 2225 3957 acrius
2253 3903 2549 3975 quondam
2582 3903 2768 3959 fuisse
2799 3904 3183 3977 increpatum.
3217 3907 3398 3978 Cujus
3430 3926 3687 3981 namque

2030 3987 2377 4060 positionem
2412 3989 2520 4046 loci
2552 3990 2797 4063 antiqua
2824 3996 3087 4049 vetustas
3116 3994 3391 4052 occuluit.
3412 3997 3558 4051 Nam
3589 4013 3686 4053 co-

2030 4093 2155 4133 ram
2187 4079 2474 4153 praecipuo
2518 4078 2679 4135 illius
2706 4080 3059 4151 monasterii
3109 4082 3278 4138 altari
3334 4085 3684 4156 profundius

2028 4166 2356 4224 habebatur
2384 4170 2684 4225 defossum
2717 4175 3108 4227 memoratum
3141 4170 3499 4244 sepulcrum.
3519 4175 3682 4239 Quod

2028 4255 2305 4313 continuo
2337 4257 2640 4329 requirens
2669 4256 2909 4326 invenit,
2943 4260 3329 4332 aperiensquc
3359 4259 3505 4316 illud
3544 4278 3681 4318 con-

2027 4344 2251 4417 tingere
2283 4346 2497 4402 meruit
2527 4346 2927 4404 sacratissima
2956 4349 3172 4422 egregii
3223 4349 3497 4423 martyris
3523 4366 3677 4420 ossa,

1937 4457 1985 4522 D
2016 4452 2076 4509 in
2099 4434 2271 4505 cujus
2297 4436 2470 4491 etiam
2494 4435 2913 4509 cerebro,quod
2939 4437 2998 4493 in
3024 4438 3323 4513 descripta
3346 4439 3534 4512 ipsius
3556 4457 3685 4512 pas-

2018 4525 2181 4581 sione
2209 4523 2424 4597 legitur
2452 4524 2831 4595 (32‘),vulnus
2862 4527 3047 4584 ferreo
3072 4527 3308 4585 illatum
3329 4534 3489 4587 vecte
3508 4546 3684 4602 appa-

2026 4612 2178 4669 ruit:
2206 4629 2333 4685 quze
2355 4611 2553 4669 omnia
2574 4613 2802 4686 integro
2824 4631 3069 4672 numero
3089 4619 3477 4689 praesentibus
3498 4618 3678 4674 bone-

2024 4702 2303 4759 stioribus
2332 4706 2455 4757 tam
2484 4701 2773 4776 episcopis
2814 4720 2993 4776 quam
3043 4706 3264 4763 caeteris
3311 4708 3675 4762 diversorum

2022 4792 2296 4848 ordinum
2326 4790 2414 4847 vel
2437 4807 2683 4847 sexuum
2706 4809 2839 4848 cum
2863 4794 3167 4850 odoriferis
3188 4794 3676 4867 thymiamatibus

2021 4898 2089 4937 ac
2121 4880 2495 4953 psallentium
2520 4880 2736 4949 choris,
2766 4881 2825 4936 in
2856 4882 3061 4937 eodem
3106 4882 3433 4938 recondidit
3475 4899 3672 4939 sarco-

2021 4970 2246 5043 phago;
2278 4968 2531 5042 indeque
2552 4969 2858 5041 paululum
2904 4971 2974 5026 ad
3022 4970 3303 5027 orientem
3326 4970 3494 5027 illum
3517 4988 3676 5028 amo«

2018 5075 2180 5128 vens,
2211 5059 2271 5114 in
2307 5057 2699 5131 pulcherrimo
2742 5063 2918 5132 atque
2966 5058 3413 5133 incomparabili
3463 5059 3676 5117 locavit

2020 5164 2281 5240 Cregorii
2302 5169 2498 5240 autem
2522 5165 2907 5240 Lingonensis
2927 5165 3060 5222 Vita
3075 5166 3325 5223 habetur
3340 5166 3494 5223 inter
3507 5166 3672 5224 Vitas

2020 5236 2280 5304 Patrum,
2310 5236 2497 5310 capite
2526 5239 2581 5291 7.

2092 5309 2229 5383 (32°),
2252 5308 2452 5383 Passio
2484 5309 2671 5366 sancti
2704 5308 2947 5383 Benigni
2977 5309 3132 5383 edita
3155 5313 3245 5383 est
3266 5327 3300 5365 a
3320 5308 3388 5366 V.
3414 5310 3673 5383 C._Fra_n-

2019 5380 2173 5456 cis'co
2202 5380 2281 5456 d_u
2312 5381 2587 5456 Bosquet,
2611 5385 2759 5456 tunc
2790 5380 3030 5454 prietore
3070 5381 3453 5456 Narbonensi,
3484 5381 3541 5438 in
3574 5381 3672 5438 Hi-

2019 5453 2201 5513 storia
2229 5451 2494 5512 Ecclesiae
2526 5451 2855 5525 Gallicanis.
