4098 6164
468 256 608 323 ’ἾΗ

1458 245 1806 310 RODULFI
1834 242 2137 308 'GLABRI
2165 240 2544 309 'MDN‘AGHI
2560 250 2573 277 ‘-
2589 238 2953 311 CEUNIAC.

3712 243 3828 323 re

503 390 752 448 tumulo.
786 387 1004 445 Dehinc
1036 399 1286 456 namque
1316 383 1485 436 Pater
1526 380 1914 465 venerandus,
1944 378 2150 433 acriori
2181 378 2239 445 Α
2270 378 2496 442 fecisse,
2554 380 2839 435 mdificare
2908 382 3200 454 inciperet.
3271 383 3426 437 Tunc
3483 384 3656 449 etiam,
3704 392 3831 460 quod

502 495 785 535 accensus
814 475 1138 535 devotione,
1166 471 1548 527 reformando:
1583 486 1734 542 opus
1778 467 2031 524 basilica:
2064 468 2151 521 in-

500 563 1245 640 stanter,quemadmodum
1279 556 2001 624 decreverat,accelerabat
2020 570 2152 629 per-

502 660 692 713 licere.
723 654 1028 721 Quoniam,
1061 654 1129 706 ut
1158 649 1509 714 diximus,et
1539 651 1750 720 praesto
1779 650 2151 712 est‘cernere,

500 746 681 802 totius
710 741 905 799 Gallia;
935 739 1194 796 basilicis
1241 736 1659 793 mirabiliorem
1713 739 1888 808 atque
1919 733 2155 807 prepria

501 834 787 907 positione
815 827 1331 902 incomparabilem
1364 827 1639 899 perficere
1677 825 2045 897 disponebat.

555 922 657 977 '16.
691 921 1077 976 Monasterium
1102 917 1161 973 S.
1194 916 1410 987 Amulﬁ
1436 916 1588 971 Metis
1618 915 1897 985 refonnat.
1932 913 2158 968 Romam

493 1012 650 1083 petit.
682 1015 747 1065 ιη
774 1009 955 1066 reditu
982 1014 1313 1077 aegrotaL—
1342 1003 1775 1076 Omnipotentis
1806 1002 2021 1057 etenim
2053 1000 2156 1056 Dei

490 1099 686 1172 gratia
714 1098 773 1154 in
805 1098 932 1170 ipso
954 1092 1501 1167 cooperante,coepit
1522 1091 1681 1147 illius
1702 1092 1860 1146 fama
1880 1089 2155 1146 sanctita-

495 1189 574 1244 tis
598 1188 831 1244 circum
848 1187 1183 1257 adjacentes
1204 1199 1305 1238 seu
1332 1181 1683 1254 longinquas
1706 1184 2008 1252 penetrare
2030 1194 2159 1250 pro-

494 1276 892 1332 vincias.Nam
910 1273 1123 1347 praesul
1146 1270 1495 1328 Metensium
1516 1269 2158 1335 Adalbero,reverenter

498 1366 643 1422 satis
661 1364 829 1420 illum
846 1359 1422 1427 evocans,commisit
1442 1358 1630 1413 eidem
1654 1357 1841 1413 sancti
1863 1355 2151 1427 Arnulphi

499 1451 851 1510 confessoris
893 1451 1215 1522 regendum
1258 1465 1330 1503 ac
1376 1446 1824 1512 meliorandum,
1872 1450 1936 1500 ut
1983 1459 2154 1517 agere

495 1536 1373 1607 consueverat,monasterium.
1416 1534 1755 1607 Suscipiens
1796 1549 1933 1606 ergo
1983 1532 2150 1599 illud,

497 1630 655 1686 brevi
680 1633 947 1700 tempore
978 1625 1231 1683 reddidit
1259 1625 1827 1681 emendatum.Tunc
1859 1623 2015 1677 enim
2046 1621 2152 1678 de-

495 1722 628 1774 vota
650 1717 916 1790 concepit
941 1721 1133 1771 mente
1166 1713 1659 1813 utapostolorum
1692 1710 1974 1813 principis
1997 1710 2147 1813 Detri
2177 1745 2228 1813 Β

497 1806 854 1865 sanctissimi
907 1805 1113 1860 limina
1165 1803 1511 1858 visitaturus
1569 1801 1772 1857 adiret.
1832 1798 2148 1856 Stabiliens

495 1912 707 1965 nempe
720 1894 980 1951 coanobia
997 1893 1107 1949 sibi
1128 1891 1443 1947 commissa
1458 1890 1684 1945 idoneis
1704 1888 2146 1961 praepositorum

492 2003 596 2043 seu
625 1990 965 2041 caelerorum
1007 1980 1334 2037 officiorum
1378 1978 1667 2051 personis,
1701 1982 1766 2032 ut
1793 1978 2146 2042 decreverat,

496 2077 740 2130 Romam
801 2071 1004 2128 orandi
1049 2070 1237 2143 gratia
1284 2068 1555 2142 perrexit.
1606 2066 1871 2122 Visitatis
1914 2081 2148 2138 quoque

495 2167 831 2217 sanctorum
864 2158 1149 2231 sepulcris
1181 2158 1269 2213 vel
1300 2154 1781 2221 oratoriis,sacris
1803 2153 1979 2209 etiam
2012 2154 2148 2209 mis-

494 2267 694 2306 sarum
727 2265 830 2322 per
853 2252 1039 2303 semet
1067 2246 1373 2301 celebratis
1395 2244 1709 2322 Asolemniis
1741 2244 1902 2315 (nam
1943 2243 2145 2314 prmfa-

492 2346 588 2395 tus
620 2320 814 2393 Bruino
857 2337 1168 2408 episcopus
1198 2320 1594 2389 sacerdotium
1624 2331 1707 2386 illi
1737 2331 2145 2403 imposuerat),

495 2444 627 2483 cum
661 2424 978 2498 apostolica
1008 2422 1409 2479 benedictione
1441 2419 1776 2476 consolatus
1820 2420 2150 2493 regreditur

493 2517 567 2573 ad
594 2513 1050 2589 patriam,coepit
1071 2511 1407 2567 febricitans
1439 2509 1777 2583 tegrotareJ
1784 2525 1879 2564 am
1903 2512 2149 2581 jamque

494 2607 566 2662 ad
601 2604 926 2660 cmnobium
957 2605 1170 2658 saccus
1200 2599 1444 2673 virginis
1475 2598 1780 2654 Christiana
1811 2598 1924 2666 (33)
1956 2613 2150 2670 perve-

494 2695 681 2759 niens,
714 2692 775 2748 in
805 2692 1023 2748 lectum
1052 2689 1347 2746 decubuit.
1380 2688 1484 2754 Qui
1521 2686 1827 2760 paululum
1857 2686 2146 2743 convales-

493 2799 631 2840 cens
658 2781 947 2839 Vercellas
982 2779 1230 2848 devenit,
1264 2793 1589 2850 rursusque
1642 2776 1861 2832 ibidem
1909 2776 2147 2849 gravius
2190 2838 2194 2842 ,

493 2870 807 2946 periclitari
840 2869 1202 2942 ccepit.Tunc
1231 2884 1485 2940 quoque,
1508 2873 1569 2922 ut
1600 2865 1754 2920 idem
1785 2865 1999 2921 referre
2023 2870 2148 2921 erat

490 2962 722 3027 solitus,
755 2964 810 3016 et
847 2960 1020 3016 etiam
1073 2959 1236 3013 bonae
1287 2954 1581 3012 memoriis
1628 2954 1973 3019 Gerbaldus,
2006 2954 2148 3010 almi

488 3051 673 3125 patris
704 3047 898 3106 Maioli
932 3047 1352 3112 monachus,ac
1384 3043 1643 3118 pradicti
1675 3043 1896 3099 ctenobi
1932 3047 2146 3099 sancta:

2264 469 2640 539 potissimum
2704 470 2832 537 fuit,
2891 471 3008 526 duo
3065 471 3252 543 ipsius
3308 474 3571 543 germani,
3620 475 3839 536 videlicet

2264 556 2624 613 Godefredus
2654 561 2829 630 atque
2857 558 3153 627 Nitardus,
3190 558 3840 632 virispectabiluﬁsecﬂ-

2263 644 2385 700 tius
2412 644 2577 702 illum
2605 663 2740 702 cum
2772 647 2982 704 comite
3020 648 3285 704 maximas
3333 649 3506 721 partis
3548 644 3839 725 Burgundia

2263 732 2584 801 Willelmo,
2617 735 2720 808 qui
2751 737 2927 792 etiam
2957 737 3220 809 ejusdem
3254 737 3453 811 patris,
3475 739 3540 795 de
3567 756 3668 813 quo
3689 757 3841 800 sermo

2265 827 2377 891 est,
2409 823 2708 880 exstiterat
2742 825 3028 882 afﬁnitate
3053 825 3434 899 propinquue,
3466 827 3716 885 adeuntes
3739 844 3844 903 spo-

2266 913 2597 985 ponderunt
2654 930 2716 970 se
2768 914 3108 971 saecularem
3164 913 3460 972 relictdros
3510 916 3760 985 militiam,
3791 922 3843 976 to

2266 1016 2328 1057 se
2357 1018 2585 1074 suaque
2614 1003 2815 1058 omnia
2843 1003 2905 1059 in
2930 1003 3346 1077 omnipotentis
3366 1004 3463 1060 Dei
3495 1004 3748 1077 peculiare
3768 1007 3848 1063 do-

2267 1089 2520 1146 minium
2580 1092 2870 1148 devenire.
2922 1093 3023 1148 liis
3070 1092 3310 1160 auditis,
3348 1093 3456 1149 ‘Dei
3506 1092 3677 1149 cultor
3718 1094 3843 1152 illico

2267 1179 2618 1236 fiducialiter
2647 1181 2825 1253 cmpit
2851 1184 3101 1238 tractare
3146 1182 3219 1238 de
3265 1181 3524 1250 ccenobii,
3548 1184 3689 1238 unde
3713 1190 3845 1258 roga-

2262 1268 2459 1339 batur,
2492 1270 2957 1338 constructione;
2990 1271 3091 1343 qui
3120 1269 3342 1343 pariter
3377 1271 3655 1327 communi
3694 1274 3843 1329 consi-

2264 1356 2342 1413 lio
2368 1362 2426 1412 et
2473 1357 2770 1415 voluntate
2818 1358 3012 1415 locum
3060 1364 3404 1433 quaerentes,
3446 1360 3522 1415 rei
3562 1360 3844 1431 huiusmodi

2263 1449 2467 1518 aptum
2493 1462 2760 1520 reperere
2787 1448 2844 1503 in
2895 1464 3029 1504 rure
3078 1453 3320 1522 paterno
3351 1465 3384 1505 a
3410 1448 3560 1505 Pa'do
3580 1450 3845 1507 distantem

2261 1534 2506 1591 ﬂumine
2537 1540 2821 1609 quaterno
2853 1536 3148 1608 milliario,
3172 1537 3846 1612 solitarium,cognomento

2261 1623 2797 1682 Fructuariensem.
2859 1627 2943 1683 Ibi
2997 1640 3256 1699 namque
3316 1627 3573 1683 collocari
3629 1629 3847 1701 precepit

2260 1712 2587 1781 basilicam,
2621 1731 2799 1787 quam
2834 1720 3117 1788 praesente
3160 1716 3419 1772 Arduino
3450 1716 3575 1789 (33')
3604 1730 3719 1789 rege
3742 1732 3844 1772 cum

2258 1800 2556 1873 aliquibus
2586 1802 2880 1877 episcopis
2901 1803 3120 1861 sacrari
3143 1805 3330 1876 jussit
3351 1804 3408 1860 in
3427 1804 3631 1861 honore
3657 1804 3847 1879 genitri-

2258 1889 2344 1946 cis
2375 1891 2477 1946 Dei
2518 1891 2733 1959 Μαι-ἰεῦ,
2767 1893 3070 1965 sanctique
3119 1891 3365 1966 Benigni
3412 1892 3682 1965 martyris,
3709 1897 3846 1965 atque

2257 1979 2524 2036 omnium
2557 1985 2918 2037 sanctorum.
2952 1981 3013 2036 In
3046 1998 3163 2054 qua
3193 1982 3371 2037 etiam
3414 1980 3590 2037 isdem
3634 1997 3718 2038 rex
3740 1998 3843 2037 cum

2257 2084 2367 2123 sua
2398 2071 2645 2142 conjuge
2685 2074 2741 2125 et
2788 2070 2927 2126 filiis
2974 2069 3258 2126 humatus
3306 2070 3559 2144 quiescit.
3588 2071 3662 2126 Ad
3704 2084 3843 2142 quam

2258 2156 2664 2226 nihilominus,
2696 2162 2818 2215 tam
2847 2177 2881 2216 a
2908 2160 3171 2216 Romana
3210 2160 3355 2215 urbe
3396 2174 3562 2232 quam
3591 2176 3622 2214 a
3647 2159 3840 2215 diversis

2258 2247 2701 2319 partibus,pluri
2712 2265 2805 2304 ma
2827 2248 3196 2321 congregavit
3218 2253 3548 2305 sanctorum
3576 2248 3839 2321 martyrum

2258 2351 2521 2408 corpora.
2557 2337 2716 2393 Brevi
2748 2354 3007 2410 namque
3033 2338 3094 2393 in
3126 2340 3319 2410 spatio
3349 2338 3617 2411 temporis
3652 2334 3842 2393 collecta

2255 2428 2348 2480 est
2375 2424 2593 2481 ibidem
2626 2442 2941 2482 numerosa
2971 2427 3217 2482 fratrum
3251 2427 3604 2500 congregatio
3627 2425 3777 2482 Deum
3796 2423 3842 2480 li-

2258 2513 2566 2583 mentium,
2600 2514 2872 2571 instituta
2900 2515 3053 2571 beati
3091 2516 3390 2572 Benedicti
3440 2514 3650 2571 abbatis
3691 2511 3842 2586 preci-

2258 2602 2357 2673 pui
2388 2608 2706 2671 servantes,
2725 2620 2851 2675 qua“:
2883 2603 3071 2659 isdem
3104 2608 3272 2677 pater
3299 2603 3665 2660 Willelmusa
3684 2603 3841 2658 sancto

2256 2690 2467 2747 Maiolo
2496 2692 2756 2748 Cluniaci
2790 2692 3091 2749 didicerat.

2332 2780 2417 2834 18.
2450 2782 2506 2836 8.
2543 2780 2775 2838 Odilom'
2796 2781 3087 2852 persuadet
3120 2784 3444 2840 monasterii
3487 2783 3767 2854 ingressum.
3788 2808 3839 2818 —-

2258 2868 2571 2925 Revertens
2600 2869 2783 2943 igitur
2822 2874 2955 2942 post
2996 2870 3119 2926 haec
3162 2873 3241 2927 ab
3292 2871 3470 2939 Italia,
3502 2870 3644 2927 omni
3687 2866 3838 2924 studio

2256 2957 2559 3029 satagebat
2587 2974 2618 3014 e
2671 2958 2916 3014 diversis
2975 2959 3244 3031 partibus
3295 2965 3571 3017 terrarum
3623 2956 3836 3029 colligere

2255 3045 2410 3101 viros
2443 3047 2707 3102 servituti
2739 3046 2954 3103 Christi
3004 3048 3268 3117 idoneos,
3300 3048 3586 3105 suadendo
3629 3047 3701 3102 eis
3738 3044 3835 3098 vita

487 3117 798 3197 Dhristiuaa
830 3138 1012 3194 abbas
1044 3117 1562 3210 perhibebat,dum
1592 3134 1650 3188 in
1682 3131 1928 3188 ecclesia
1955 3133 2142 3189 sancti
2175 3117 2237 3213 Cv
2257 3134 2507 3190 coalestis
2530 3135 2796 3208 gloriam,
2820 3136 3157 3209 pariterque
3187 3137 3545 3195 comminans
3576 3134 3834 3191 inferorum

481 3230 703 3301 jaceret
728 3227 959 3284 Eusebii
988 3223 1280 3298 praesulis,
1306 3241 1419 3296 per
1461 3226 1713 3295 quatuor
1756 3220 1845 3276 vel
1886 3220 2145 3294 quinque

489 3318 765 3375 horarum
798 3316 988 3388 spatia
1008 3315 1092 3369 ita
1120 3315 1309 3369 factus
1342 3317 1432 3368 est
1460 3310 1765 3377 exanimis,
1799 3314 1867 3365 ut
1912 3308 2143 3366 nullum

488 3408 727 3463 omnino
760 3403 1055 3477 spiramen
1086 3402 1147 3457 in
1172 3400 1300 3473 ipso
1333 3399 1914 3473 cognosceretur.Sed
1946 3404 2145 3456 tamen

487 3495 793 3567 ignoratur
805 3491 949 3564 quid
968 3495 1108 3546 tunc
1126 3489 1449 3546 divinitatis
1465 3488 2142 3561 praesenserit,quoniam

489 3581 798 3656 paululum
825 3580 887 3634 in
914 3596 976 3635 se
1006 3595 1293 3644 reversus,
1322 3593 1461 3634 voce
1508 3593 1627 3649 qua
1663 3581 1908 3648 poterat,
1942 3577 2145 3650 lingua

488 3668 931 3745 palpitans,haec
952 3666 1305 3741 personabat
1318 3666 1519 3721 verba:
1535 3689 1563 3716 «
1580 3665 1823 3721 Domine
1833 3665 1864 3720 J
1869 3683 1971 3721 esu
1985 3666 2064 3722 Ch
2074 3666 2145 3721 ri-

489 3765 699 3826 ste,rex
731 3762 956 3814 aeterna:
986 3756 1442 3829 glorim,suscipe
1459 3754 1630 3822 mc,si
1649 3753 2140 3827 placet,quoniam

488 3848 678 3904 bonus
694 3863 757 3903 es
777 3864 790 3917 ;
810 3863 924 3903 non
943 3846 1149 3902 dubito
1168 3846 1239 3901 ad
1258 3849 1311 3901 te
1333 3861 1400 3901 ex
1428 3843 1538 3899 hoc
1567 3859 1807 3916 corpore
1834 3843 2141 3900 transire.»

487 3936 805 3993 Sciendum
833 3951 968 3991 vero
993 3940 1082 3991 est
1110 3933 1391 4007 quoniam
1418 3932 1591 3987 istius
1630 3948 1797 3988 mora
1844 3931 2141 4005 aegritudi-

484 4027 673 4094 nis,ut
694 4029 937 4082 eventus
959 4024 1038 4081 rei
1064 4021 1480 4095 subsequentis
1503 4022 2007 4087 demonstrat,non
2032 4022 2143 4079 fuit

487 4113 971 4189 impedimentum
996 4117 1226 4168 tantum
1248 4127 1426 4183 quam
1454 4109 1644 4184 gratia
1665 4109 1945 4182 spiritalis
1970 4109 2136 4167 lucri.

557 4206 647 4260 17.
677 4204 1098 4262 Fructuarie-nse
1141 4201 1535 4257 monasterium
1580 4199 1779 4256 condit.
1812 4230 1879 4240 —
1926 4199 2138 4255 Occur-

484 4298 679 4350 rentes
711 4291 763 4348 ei
793 4293 1044 4364 denique
1076 4291 1214 4346 illuc
1245 4293 1363 4345 tres
1391 4288 1579 4362 ipsius
1610 4288 1871 4362 germani
1907 4288 2136 4356 fratres,

484 4383 591 4440 levi
622 4381 915 4439 evectione
944 4380 1313 4435 deduxerunt
1343 4377 1509 4434 illum
1542 4378 1614 4433 ad
1641 4377 1902 4449 suijuris
1923 4377 2140 4450 praedia

2252 3222 2560 3296 supplicia.
2597 3224 2844 3281 Tantam
2876 3226 3035 3281 enim
3076 3226 3126 3282 ei
3172 3226 3457 3284 Dominus
3501 3241 3623 3281 cum
3660 3217 3834 3278 ceteris

2249 3311 2568 3369 virtutibus
2617 3312 2893 3369 virtutem
2952 3312 3233 3372 salutaris
3286 3316 3442 3373 verbi
3492 3311 3762 3375 concessit,
3786 3308 3834 3363 ut

2253 3400 2585 3473 quibusque
2604 3401 2932 3457 doctrinam
2955 3401 3117 3459 illius
3133 3403 3580 3477 suscipientibus
3596 3409 3832 3457 summam

2252 3490 2540 3547 conferret
2586 3490 2719 3546 fidei
2769 3490 3128 3560 firmitatem,
3171 3492 3568 3564 bonaruque
3608 3487 3833 3543 virtutum

2251 3584 2658 3651 augmentum,
2693 3595 2759 3635 ac
2788 3579 3066 3637 vitiorum
3097 3581 3576 3638 emendationem.
3604 3574 3834 3633 Omnibus

2251 3666 2428 3736 enim,
2458 3667 2629 3723 sicuti
2656 3667 2926 3741 expedire
2970 3676 3231 3739 noverat,
3261 3670 3379 3727 sive
3425 3669 3635 3733 leniter,
3664 3681 3747 3721 seu
3772 3676 3835 3716 as-

2253 3755 2526 3827 perrime,
2559 3756 2899 3812 charitative
2936 3763 3132 3814 tamen
3184 3755 3522 3831 huiusmodi
3564 3751 3829 3812 exhibebat.

2257 3843 2513 3917 Contigit
2544 3861 2680 3918 ergo
2712 3843 2878 3901 illum
2911 3845 3230 3918 aliquando
3261 3864 3393 3904 cum
3420 3844 3537 3902 viro
3566 3858 3658 3918 per
3681 3836 3835 3897 omnia

2252 3932 2645 3998 desiderabili,
2676 3933 2893 3989 domno
2925 3934 3147 3991 scilicet
3190 3935 3449 4004 Odilone,
3480 3932 3656 3990 adhuc
3689 3926 3767 3982 illo
3790 3924 3832 3978 in

2250 4021 2571 4077 canonicali
2602 4021 2807 4078 habitu
2841 4023 3183 4096 degente,dc
3210 4042 3345 4082 vera
3367 4024 3670 4081 animarum
3689 4014 3831 4072 salute

2249 4109 2528 4167 habuisse
2557 4110 2936 4183 colloquium.
2972 4113 3311 4187 Intelligens
3339 4129 3467 4169 vero
3496 4109 3648 4165 illum
3677 4101 3760 4160 niti
3776 4096 3829 4155 ad

2248 4200 2579 4256 sanctitatis
2608 4198 2886 4269 culmina,
2916 4202 3088 4275 erepit
3118 4202 3203 4258 illi
3235 4201 3511 4261 attentius
3539 4196 3748 4254 suadere
3765 4189 3827 4252 ῐῆ,

2247 4288 2405 4365 (ἰυοᾷ
2438 4287 2811 4360 potissimum
2844 4289 2964 4346 fore
2992 4291 3271 4359 creditur,
3295 4288 3623 4365 quantocius
3648 4277 3828 4365 explere

2248 4381 2570 4450 satageret;
2604 4378 2855 4451 negotiis
2882 4379 3154 4436 videlicet
3183 4364 3377 4437 saeculi
3408 4378 3572 4434 istids
3612 4364 3826 4443 abiectis,

487 4471 946 4536 confovendum;
978 4468 1249 4524 ardentcé
1280 4467 1438 4522 enim
1485 4466 1899 4522 desiderabant
1943 4466 2137 4523 videre
2168 4486 2215 4554 Ι)
2245 4464 2543 4522 Christum
2573 4466 2776 4523 Jesum
2808 4468 2975 4540 sequi
3008 4468 3207 4525 liceret
3237 4467 3569 4542 expeditius.
3588 4464 3826 4554 Campus:

483 4559 673 4625 illum,
733 4557 1012 4630 quoniam
1071 4556 1503 4628 compungebat
1557 4555 1734 4611 corda
1798 4556 2137 4611 eorumdem

476 4648 693 4703 divinae
723 4646 988 4702 absentia
1033 4645 1285 4717 pietatis.
1318 4643 1764 4700 Convalescente
1810 4658 2043 4717 quoque
2072 4656 2138 4701 eo

484 4736 557 4792 ab
590 4734 953 4810 egritudine,
974 4738 1105 4807 post
1135 4733 1358 4805 aliquot
1383 4733 1611 4789 dierum
1645 4732 1900 4805 spatium
1933 4749 2138 4789 convc-

484 4842 623 4882 nere
662 4826 733 4882 ad
783 4823 950 4880 illum
1001 4823 1219 4896 quique
1270 4839 1511 4879 suorum
1562 4838 1628 4878 ac
1673 4821 1870 4895 plures
1918 4822 2139 4878 domini

486 4915 789 4971 civitatum
854 4914 1200 4979 vicinarum,
1257 4917 1316 4967 et
1369 4912 1615 4968 suadere
1672 4910 1758 4966 illi
1821 4916 2139 4984 coeperunt,

485 5004 893 5078 promittentes
926 5020 987 5060 se
1014 5002 1187 5076 plura
1209 5001 1525 5075 Iargituros
1554 5000 1603 5056 si
1636 5000 1695 5056 in
1727 5000 1924 5056 nativa
1953 5002 2143 5074 patria

486 5094 816 5150 coenobium
849 5092 982 5159 sibi,
1010 5092 1167 5147 sicut
1196 5091 1256 5147 in
1296 5094 1533 5147 externa
1579 5088 1922 5145 audiverant
1970 5090 2139 5146 iilum

562 5253 673 5326 (33)
702 5251 1124 5335 Monasterium
1142 5255 1408 5335 'sanctfe.
1431 5250 1738 5335 Ehristinie
1779 5268 1957 5335 prope
1985 5251 2139 5335 0119-

488 5321 664 5392 nam,
682 5326 753 5380 de
786 5341 899 5450 cpio
929 5328 1115 5380 exstat
1142 5322 1412 5378 Ludovici
1439 5322 1523 5378 Pii
1565 5321 1845 5395 diploma,
1876 5321 1935 5378 in
1986 5324 2139 5380 notis

488 5397 561 5450 ad
593 5396 798 5450 Canitu
826 5396 950 5450 aria
969 5399 1033 5450 et
1063 5411 1095 5450 a
1119 5394 1339 5450 Cointio
1368 5393 1613 5450 editum.
1640 5400 1799 5450 tome
1825 5394 1927 5450 VII
1946 5396 2020 5450 ad
2044 5413 2139 5450 an-

486 5393 950 5522 :tliugagzitzularia
969 5399 1033 5450 et
1063 5411 1095 5450 a
1119 5394 1339 5452 Cointio
1368 5393 1613 5461 editum,
1630 5393 1799 5450 tome
1825 5394 1927 5450 VII
1946 5396 2020 5451 ad
2044 5413 2141 5452 an-

490 5485 992 5618 ωῗῖἒίῧῗέΐαηοιο
1002 5536 1208 5596 Ottone
1222 5536 1867 5613 lllimperatore,1talici
1890 5554 2136 5614 regnum

2249 4558 2378 4611 ctus
2406 4554 2563 4611 illico
2587 4556 2676 4611 vir
2702 4536 3178 4615 clarus—libenter
3205 4576 3269 4615 se
3300 4536 3575 4615 facturum
3610 4536 3826 4623 promisil

2248 4643 2406 4715 quod
2420 4644 2590 4700 Pater
2603 4650 2870 4701 suaserat
2881 4645 3382 4704 Willelmus.Nam
3401 4646 3525 4719 post
3536 4632 3824 4714 pacpulum.

2253 4733 2324 4787 ad
2343 4733 2670 4789 ccenobium
2690 4736 3230 4792 nominatissimum
3253 4733 3556 4792 honorifice
3574 4720 3828 4783 deveniens

2250 4820 2616 4887 Cluniacum,
2650 4822 2849 4895 ibique
2880 4840 2914 4879 a
2942 4829 3146 4881 sancto
3173 4823 3380 4881 Maiolo
3421 4824 3506 4877 est
3533 4816 3707 4873 devote
3732 4818 3829 4862 sus-

2248 4916 2474 4983 ceptus,
2504 4916 2678 4985 atque
2703 4911 2761 4967 in
2786 4912 2996 4969 habitu
3028 4918 3241 4970 sanctae
3286 4900 3705 4969 conversationis
3731 4907 3825 4950 mo-

2249 4999 2477 5056 nachus
2506 5014 2575 5056 ex
2630 5018 2791 5057 more
2844 5005 3111 5058 sacratus
3161 5006 3269 5060 est.
3301 5000 3477 5072 Cujus
3527 4992 3680 5050 etiam
3727 4995 3827 5072 (ἕθεν

2248 5090 2499 5145 versatio
2548 5089 2608 5145 in
2667 5093 2899 5146 tantum
2959 5092 3180 5148 exstitit
3234 5065 3409 5147 chara
3434 5086 3564 5151 Deo,
3591 5082 3640 5136 et
3674 5065 3824 5130 dulcis

2250 5250 2424 5308 Italia
2453 5249 2527 5306 ad
2558 5250 2880 5308 Germanos
2903 5252 3204 5309 transferri
3234 5267 3279 5307 ω

2247 5339 2392 5379 num
2424 5321 2842 5394 Epomdiensis
2872 5323 3230 5381 marchionis
3255 5321 3437 5378 tilium
3461 5324 3637 5394 regem
3653 5323 3686 5388 8}

2248 5372 2588 5468 runt,qiiem
2619 5392 2904 5468 HenriCus
2925 5372 3599 5468 ﬁidé‘h’r’fh’isTpiéét—emﬁba
3611 5372 3819 5468 ΡῈἮΣᾞ

2247 5467 2319 5522 ad
2348 5458 2528 5521 vitam
2562 5464 2873 5537 privatam,
2903 5483 3038 5524 mox
3084 5468 3156 5525 ad
3208 5458 3543 5525 Fructuaria
3578 5460 3668 5509 ’τιὶο

2246 5538 2403 5599 rium
2423 5535 2725 5612 compulit.
