4098 6164
554 348 675 413 715

1535 345 1881 409 RODULFI
1926 344 2206 409 GLABRI
2252 341 2613 409 MONACHI
2656 343 3017 408 CLUNIAC.

3783 350 3882 413 716

557 486 650 542 est
682 482 809 539 sine
854 481 990 547 Deo,
1025 479 1180 553 quia,
1215 479 1263 535 si
1318 478 1525 535 fuisset
1576 480 1730 536 Deus
1775 496 1911 536 cum
1961 495 2046 546 eo,
2090 496 2217 551 qum
2249 478 2301 545 Α
2332 477 2728 548 diximus,sub
2758 477 3023 547 ejusdem
3050 476 3364 551 patrocinio
3382 481 3494 534 tam
3515 478 3887 555 maximaquam

555 571 717 629 illius
764 574 923 642 sunt,
955 573 1177 626 amaret
1224 585 1327 642 pro
1376 567 1496 624 illo.
1542 591 1571 619 »
1620 570 1966 625 Affirmabat
2012 573 2212 625 autem

555 665 689 735 post
719 663 970 735 mortem
1000 662 1057 715 et
1086 656 1437 714 zeternaliter
1464 657 1631 714 illum
1664 676 1792 715 esse
1823 660 2169 715 damnatum
2195 675 2209 713 :

555 748 1042 808 manifestissime
1076 746 1369 819 siquidem
1391 747 1449 802 in
1471 747 1672 804 multis
1695 747 2211 819 claruit,quoniam

557 836 830 911 quisquis
861 835 1029 892 illum
1061 834 1195 893 odio
1224 835 1452 903 habuit,
1486 835 1695 892 exinde
1727 851 1926 908 poenas
1955 834 2066 891 luit
2097 851 2109 890 :
2140 832 2213 889 si-

554 927 697 995 cuti,
728 925 858 983 vice
886 941 1075 993 versa,
1110 924 1161 980 si
1200 923 1334 998 quis
1364 922 1531 981 illum
1564 923 1785 992 dilexit,
1819 923 2147 979 mercedem
2178 939 2213 978 a

556 1014 787 1073 Christo
808 1014 1067 1088 percepit
1090 1013 1252 1072 illius
1284 1004 1519 1071 austore
1554 1008 1900 1070 sanctitatis.

622 1106 713 1161 24.
762 1105 974 1162 Preces!
1029 1105 1379 1160 monasteriis
1445 1104 1536 1169 40,
1589 1104 1873 1159 monachis
1932 1103 2090 1159 1200.
2150 1102 2214 1157 1η

553 1193 661 1266 fide
716 1194 1001 1252 Guillelmi
1039 1200 1321 1266 precantes
1374 1192 1771 1248 exaudiuntur.
1826 1193 2000 1249 Rudes
2060 1193 2214 1248 docet

555 1282 928 1355 orare.0/'ﬁcii
950 1282 1143 1338 divina
1168 1298 1322 1337 cura.
1355 1314 1423 1322 —
1456 1280 1725 1337 Fertilem
1756 1281 1936 1353 igitur
1959 1282 2211 1355 gratiam

556 1388 623 1429 ac
672 1372 828 1428 dona
875 1370 1176 1427 uberrima
1225 1387 1258 1425 a
1307 1370 1597 1426 bonorum
1644 1369 1909 1425 omnium
1938 1370 2213 1443 largitore

556 1460 727 1517 Pater
753 1459 864 1515 iste
901 1459 1297 1532 promeruisse
1344 1458 1782 1515 evidentissima
1828 1459 2050 1532 passim
2100 1458 2213 1515 cla-

556 1549 718 1619 ruit;
752 1549 854 1605 sed
899 1565 1026 1618 nos,
1058 1547 1295 1604 lectoris
1342 1547 1583 1604 taedium
1632 1552 1920 1615 caventes,
1954 1547 2212 1619 plurima

559 1636 794 1694 silentio
845 1637 1118 1711 tegimus.
1161 1637 1341 1693 Erant
1389 1653 1643 1708 namque
1688 1640 1807 1692 tam
1860 1637 2214 1693 monasteria

559 1739 739 1796 quam
769 1724 1031 1779 ccsnobia
1061 1727 1237 1797 atque
1266 1723 1487 1780 cellulae
1518 1724 1939 1780 monachorum
1984 1725 2213 1781 circiter

559 1812 973 1915 quadraginta,
1005 1830 1132 1915 quas
1162 1811 1323 1868 illius
1341 1813 1673 1915 patrocinio
1710 1816 1832 1868 tute
1850 1817 2208 1914 .cunctorum
2239 1851 2289 1915 Β

556 1901 850 1958 bonorum
877 1900 1198 1957 affluebant
1226 1901 1432 1973 ecpiis,
1453 1901 1661 1958 fratres
1690 1917 1824 1957 vero
1848 1901 1907 1957 in
1939 1901 2085 1974 ipsis
2114 1904 2209 1973 de-

555 1994 761 2063 gentes
811 1988 1013 2061 procul
1062 1989 1240 2046 dubio
1287 1989 1420 2063 plus
1470 1989 1632 2045 mille
1678 1989 1934 2046 ducenti.
1986 1990 2209 2055 Quibus

557 2079 749 2136 inerat
802 2078 947 2135 fides
1004 2078 1403 2151 integerrima,
1462 2082 1526 2134 ut
1581 2080 1844 2152 quandiu
1895 2079 1953 2135 id
2006 2080 2209 2137 devote

557 2171 895 2223 exercerent
935 2168 1091 2238 quod
1141 2168 1212 2223 ab
1263 2168 1467 2223 eodem
1518 2168 1683 2224 Patre
1732 2168 2075 2240 didicerant,
2127 2168 2208 2223 nil

559 2256 767 2311 mundi
800 2255 981 2326 hujus
1011 2255 1324 2311 formidare
1353 2257 1700 2325 debere,aut
1729 2258 2058 2331 cujuspiam
2090 2275 2208 2313 sua:

560 2343 836 2400 utilitatis
868 2345 947 2400 rei
977 2343 1359 2418 indigentiam
1392 2345 1531 2417 pati.
1566 2346 1627 2402 Id
1660 2347 1853 2419 ipsum
1886 2346 2041 2402 enim
2084 2347 2209 2404 suis

562 2432 887 2505 saepissime
938 2432 1268 2490 inculcabat
1315 2452 1349 2489 a
1406 2435 1522 2490 Deo
1567 2452 1799 2507 sperare
1849 2440 1905 2491 et
1952 2437 2206 2504 credere,

562 2523 718 2593 quod
752 2521 927 2578 etiam
959 2521 1233 2595 plurimis
1263 2524 1577 2595 probavere
1607 2523 2037 2597 experimentis.
2061 2526 2208 2581 Nam

562 2609 880 2682 aliquando
909 2627 1014 2683 per
1042 2611 1273 2668 diversa
1301 2616 1588 2668 terrarum
1605 2617 1809 2669 euntes
1831 2613 2207 2685 itinera,dum

560 2714 632 2755 ex
660 2703 906 2757 eventus
936 2700 1082 2756 facie
1113 2702 1440 2773 perturbari
1472 2703 1817 2774 potuissent,
1838 2703 2026 2759 dicere
2044 2709 2211 2760 erant

558 2786 715 2843 soliti
750 2806 764 2844 :
797 2812 825 2839 ‹‹
859 2789 1125 2857 Domine,
1155 2789 1217 2845 in
1248 2790 1360 2846 fide
1391 2791 1575 2863 patris
1606 2790 1887 2848 Willelmi
1920 2794 2008 2848 fac
2038 2794 2208 2850 nobis

556 2875 711 2932 sicut
739 2876 846 2933 vis.
880 2899 909 2928 »
943 2878 1059 2934 Nec
1090 2877 1246 2935 ullus
1277 2877 1515 2935 illorum
1550 2897 1813 2952 unquam
1862 2882 1969 2938 hoc
2008 2883 2209 2939 dicens

559 2981 667 3038 ope
682 2965 1158 3024 caruit.Instituit
1169 2984 1324 3041 quoq
1333 2986 1403 3024 ue
1416 2968 1875 3043 simplicioribus
1885 2970 1974 3027 vel
1989 2972 2205 3041 idiotis,

560 3068 592 3110 e
639 3055 851 3112 szeculo
899 3056 971 3113 ad
1022 3073 1084 3113 se
1131 3057 1605 3131 confugientibus
1653 3060 1951 3129 fratribus,
2003 3061 2209 3117 orandi

561 3143 834 3212 formam,
854 3145 1112 3219 quinque
1141 3145 1397 3203 modulis
1428 3149 1669 3219 mystice
1700 3153 2063 3206 constantem
2097 3168 2111 3207 :
2146 3155 2211 3206 ut

2326 567 2555 623 minora
2585 564 2860 641 perplura
2898 566 3249 623 monasteria
3295 571 3461 639 atque
3507 569 3748 640 cmnobia,
3786 588 3884 643 qua:

2322 654 2593 712 videlicet
2620 655 2747 729 ipse
2777 655 2976 711 omnia
3006 659 3105 711 aut
3151 673 3183 712 a
3234 656 3610 712 fundamentis
3650 656 3888 716 innovavit

2324 742 2414 801 vel
2449 743 2788 817 ampliando
2819 744 3528 811 honestavit.Nam’sancti
3556 746 3790 820 martyris
3812 749 3889 804 Be-

2322 833 2514 907 nigni,
2540 837 2604 890 ut
2632 833 2822 890 dicere
2849 833 3152 906 coepimus,
3176 833 3268 889 cui
3294 833 3407 890 Deo
3434 838 3647 891 auctore
3672 836 3888 907 primitus

2323 925 2526 995 pastor
2563 921 2851 995 allegatus
2905 923 3113 989 fuerat,
3170 920 3471 979 basilicam
3522 923 3888 997 incomparabili

2325 1027 2498 1083 opere
2530 1028 2675 1084 pene
2706 1010 3016 1084 expletam,
3041 1011 3165 1084 jam
3188 1012 3455 1068 Brunone
3482 1011 3742 1077 defuncto,
3764 1012 3891 1069 Lam-

2322 1100 2603 1172 bertoque
2633 1101 2692 1156 in
2726 1100 2863 1157 sede
2894 1100 3056 1157 illius
3085 1098 3630 1174 subrogato,placuit
3655 1107 3710 1156 ut
3734 1102 3889 1159 eadem

2322 1188 2565 1245 basilica
2586 1188 2904 1262 pontificali
2934 1206 3003 1246 ex
3026 1205 3182 1245 more
3198 1189 3586 1246 benedictione
3609 1194 3889 1246 sacraretur.

2323 1278 2487 1333 Tunc
2519 1278 2772 1351 denique
2809 1279 2881 1334 ad
2929 1283 3129 1336 votum
3178 1279 3363 1351 ipsius
3411 1278 3599 1334 Patres
3639 1295 3891 1334 convenam

2323 1366 2415 1423 die
2446 1368 2749 1441 designato
2776 1384 2808 1424 e
2836 1368 3083 1424 diversis
3114 1367 3446 1441 provinciis,
3469 1384 3576 1423 non
3606 1365 3769 1424 solum
3796 1369 3890 1439 epi-

2322 1455 2506 1529 scopi,
2532 1471 2737 1512 verum
2790 1456 2967 1513 etiam
3000 1473 3482 1529 quorumcunque
3530 1456 3768 1513 ordinum
3793 1473 3891 1530 pro-

2323 1543 2562 1601 miscuae
2596 1543 2782 1618 plebis
2813 1546 3121 1602 innumera
3150 1544 3481 1602 multitudo.
3513 1545 3636 1600 Erat
3659 1545 3790 1601 enim
3814 1563 3893 1600 au-

2322 1633 2514 1688 tumni
2547 1633 2673 1689 dies
2703 1634 2913 1691 tertius
2943 1634 3335 1692 Kalendarum
3373 1632 3769 1704 Novembrium,
3794 1639 3893 1690 ante

2318 1720 2590 1779 videlicet
2618 1722 2809 1780 natale
2841 1724 3026 1797 ipsius
3057 1723 3351 1798 martyris,
3384 1723 3480 1798 qui
3528 1724 3707 1779 omnia
3742 1722 3825 1778 rite
3847 1741 3893 1778 ac

2320 1808 2677 1880 solemniter,
2713 1817 2780 1868 ut
2804 1815 3127 1869 condecens
3158 1818 3305 1880 erat,
3337 1814 3638 1886 explentes,
3666 1811 3894 1885 petierunt

2319 1899 2419 1971 qui
2454 1901 2698 1958 aderant
2750 1902 3028 1975 episcopi,
3061 1919 3126 1958 ac
3173 1902 3396 1975 quique
3443 1900 3679 1974 religiosi
3722 1905 3893 1973 patrem

2317 1987 2781 2056 Willelmum,ut
2812 1991 2870 2046 in
2888 1992 2982 2047 die
3013 1996 3187 2048 tantae
3207 1991 3771 2060 consecrationis,tam
3786 1987 3892 2061 ipsis

2318 2094 2498 2150 quam
2530 2080 2812 2136 universae
2844 2080 3018 2153 plebi,
3042 2082 3195 2138 inter
3225 2097 3393 2138 sacra
3418 2081 3709 2137 missarum
3736 2077 3893 2134 solem-

2318 2166 2418 2223 nia
2474 2168 2651 2224 divini
2706 2169 3135 2244 eleemosynam
3191 2170 3546 2244 impenderet
3603 2168 3760 2225 verbi.
3799 2165 3891 2239 Ipse

2316 2272 2473 2328 vero,
2507 2261 2573 2313 ut
2601 2261 2725 2313 erat
2754 2258 2924 2315 bonis
2966 2260 3243 2316 omnibus
3272 2261 3610 2332 obsequens,
3639 2273 3783 2331 agere
3806 2271 3888 2311 non

2318 2344 2572 2413 distulit,
2603 2347 2703 2402 sed
2737 2353 2931 2405 mente
2959 2349 3076 2421 pia,
3092 2349 3266 2404 corde
3297 2345 3713 2416 contrito,vultu
3741 2343 3890 2414 alacri,

2318 2434 2537 2506 Spiritu
2568 2441 2766 2493 sancto
2797 2436 3027 2510 plenus,
3060 2438 3119 2493 in
3150 2438 3277 2494 haec
3304 2438 3477 2494 verba
3511 2453 3635 2493 cum
3676 2432 3890 2507 lacrymis

2317 2523 2554 2595 eripuit:
2572 2548 2600 2575 «
2632 2525 3017 2595 Convenistis,
3040 2526 3250 2584 fratres
3273 2531 3332 2583 et
3356 2542 3596 2593 sorores,
3617 2540 3736 2597 grex
3753 2521 3890 2596 ρτθίῐο

2317 2611 2532 2668 Christi
2567 2614 2872 2687 sanguinis
2902 2616 3273 2689 redemptus;
3298 2614 3657 2681 convenistis,
3683 2612 3889 2685 inquam,

2317 2700 2389 2757 ad
2420 2703 2660 2774 nuptias
2689 2703 2877 2776 ipsius
2907 2705 3489 2778 sponsas,matrisque
3508 2708 3689 2761 vestra:
3701 2698 3892 2757 cmlestis

2316 2807 2383 2846 ac
2427 2790 2794 2864 sempiternae
2847 2792 3137 2861 Ecclesiae,
3178 2811 3311 2867 quas
3366 2794 3573 2849 idcirco
3618 2786 3893 2848 universalis

2316 2879 2553 2947 dicitur,
2568 2881 2848 2954 quoniam
2879 2898 2995 2937 non
3027 2882 3219 2939 solum
3248 2884 3406 2958 quod
3440 2883 3498 2939 in
3528 2898 3711 2940 omnes
3736 2875 3892 2934 mundi

2315 2968 2601 3026 terminos
2631 2968 2927 3040 dilatatur,
2962 2971 3063 3027 sed
3117 2971 3300 3028 etiam
3352 2988 3455 3044 pro
3501 2987 3564 3028 eo
3611 2968 3745 3043 quod
3771 2962 3892 3022 nulla

2317 3056 2656 3113 immanitas
2686 3058 2998 3115 criminum
3026 3058 3186 3116 illius
3211 3065 3453 3135 superat
3467 3060 3536 3134 (si
3560 3063 3759 3116 tantum
3786 3054 3891 3110 fides

2317 3146 2491 3217 adsit)
2524 3148 2677 3203 dona
2704 3147 3265 3206 misericordiarum.
3302 3152 3442 3217 Quae
3472 3148 3674 3206 scilicet
3698 3142 3889 3217 patriar-

554 3231 828 3289 ‘videlicet
852 3235 1006 3306 quod
1039 3236 1314 3293 sensibus
1334 3236 1850 3311 humanieorporis
1867 3239 2209 3297 Deusotl'en-
2239 3219 2282 3287 (ἶ
2319 3234 2561 3291 charum
2612 3236 2873 3309 mysticis
2904 3237 3257 3312 prmsignata
3289 3238 3514 3314 figuris,
3545 3234 3887 3313 prophetarum

562 3321 740 3390 ditur,
773 3321 1013 3380 totidem
1043 3340 1255 3380 vocum
1305 3325 1589 3382 clausulis
1638 3327 1709 3382 ad
1750 3327 2209 3386 misericordiam

564 3415 887 3483 rogaretur.
922 3411 1056 3468 Erat
1102 3417 1297 3470 autem
1342 3414 1683 3487 hujusmodi
1718 3434 1731 3473 :
1788 3420 2017 3475 Domine
2060 3421 2204 3489 Iesu,

560 3501 676 3555 Rea:
699 3500 811 3571 pie,
846 3500 960 3556 Rea:
985 3501 1236 3569 clemens,
1264 3504 1360 3575 pie
1391 3508 1549 3559 Deus.
1569 3505 2045 3580 Subjungebatur
2074 3526 2207 3566 vero

560 3580 835 3660 singulis,
868 3586 1135 3645 Miserere.
1169 3591 1609 3663 Supputabatur
1633 3612 1886 3669 namque
1916 3598 2128 3668 taliter,
2146 3604 2209 3655 ut

554 3676 628 3748 si,
660 3677 820 3731 verbi
852 3678 1058 3749 gratia,
1079 3678 1137 3733 in
1169 3679 1797 3740 decemnovennalibus
1825 3686 2206 3744 articulorum

553 3765 878 3836 juncturis,
908 3770 997 3823 ter
1040 3772 1099 3823 et
1142 3767 1454 3841 quinquies
1500 3766 1815 3828 identidem
1864 3775 2206 3833 revolvendo

556 3852 759 3909 devote
824 3854 1133 3923 diceretur,
1200 3856 1459 3929 psalterii
1521 3862 1640 3914 tota
1697 3861 1877 3918 series
1938 3864 2207 3921 mutuata

554 3941 997 4015 persolveretur.
1033 3944 1197 4002 Unde
1225 3945 1399 4002 etiam
1432 3964 1536 4019 pro
1568 3948 1841 4021 psalterio
1887 3954 2041 4025 apud
2074 3953 2204 4012 illos

554 4030 903 4103 habebatur,
952 4037 1017 4089 ut
1065 4034 1232 4091 Pater
1284 4036 1500 4105 docuit,
1545 4042 1604 4093 et
1657 4040 2198 4113 cognominabatur.

552 4120 920 4179 Mortiﬁcatio
949 4140 1161 4196 nempe
1189 4126 1405 4195 carnis,
1438 4130 1496 4182 et
1533 4126 1779 4199 abjectio
1823 4131 2102 4204 corporis,
2137 4151 2201 4190 ac

546 4209 743 4267 vilitas
764 4211 1038 4281 vestium,
1067 4213 1451 4287 ciborumque
1488 4217 1826 4279 extremitas
1873 4219 1960 4275 vel
2011 4223 2198 4294 parci-

548 4299 833 4369 monia,in
856 4318 1099 4358 suorum
1122 4303 1432 4371 universis,
1448 4321 1513 4361 ac
1536 4306 1584 4362 si
1608 4308 1971 4379 naturaliter,
1988 4311 2194 4385 viguit.

547 4387 739 4461 Ipsius
767 4389 983 4446 etenim
1013 4392 1302 4449 sermonis
1333 4392 1612 4451 habitudo
1630 4394 1930 4469 aequaliter
1946 4400 2193 4470 cunctis,

548 4482 721 4548 prout
765 4480 1092 4548 videbatur,
1140 4481 1202 4537 in
1251 4483 1439 4554 gratia
1489 4487 1613 4539 erat
1669 4487 1924 4542 condita.
1987 4489 2192 4545 Pietati

2317 3326 2553 3381 ostensa
2581 3325 3308 3400 praesagiis,apostolorum
3330 3328 3657 3385 auctoritate
3672 3339 3728 3380 ac
3741 3321 3887 3376 labore

2317 3417 2673 3483 constructa,
2706 3419 2763 3470 et
2793 3421 3113 3490 martyrum
3163 3418 3455 3492 sanguine
3501 3416 3821 3475 consecrata;
3846 3407 3885 3459 ίη

2319 3518 2436 3573 qua
2469 3503 2653 3558 abluti
2683 3520 2750 3559 ac
2779 3505 3035 3561 renovati
3066 3523 3100 3561 a
3131 3505 3309 3579 culpa
3353 3506 3561 3564 veteris
3604 3499 3784 3577 piaculi
3818 3510 3890 3569 per

2316 3591 2591 3649 salutaris
2604 3593 2821 3650 undam
2834 3590 3732 3670 baptismatis,sicqueinduimini
3746 3586 3886 3661 prima

2314 3678 2464 3736 stola
2481 3682 2754 3754 angelica:
2786 3683 3374 3757 beatitudinis,quam
3398 3681 3665 3741 amisistis
3684 3679 3732 3733 in
3752 3681 3886 3729 trans-

2313 3769 2611 3840 gressione
2659 3772 2918 3844 parentis
2970 3773 3145 3845 primi
3193 3773 3404 3829 incolas
3434 3769 3693 3847 paradisi.
3722 3759 3885 3821 Deinde

2311 3874 2445 3914 vero
2474 3859 2648 3917 editis
2673 3876 2908 3916 carnem
2939 3878 3005 3916 ac
3034 3862 3250 3935 potatis
3283 3863 3622 3936 sanguinem
3645 3856 3776 3912 illius
3801 3864 3887 3905 om-

2313 3947 2629 4019 nipotentis
2657 3949 2825 4023 Agni,
2850 3949 2948 4023 qui
2980 3967 3081 4007 vos
3113 3968 3229 4024 prae
3259 3952 3482 4009 caeteris
3509 3946 3694 4006 mundi
3720 3942 3886 3999 creatu-

2311 4038 2394 4093 ris
2424 4037 2683 4094 formans
2714 4044 2771 4095 et
2797 4039 3111 4107 redimens,
3146 4040 3375 4097 invicta
3406 4037 3734 4112 benignitate
3759 4024 3885 4097 elegit

2311 4126 2382 4181 ad
2432 4127 2524 4182 sui
2572 4131 2747 4199 atque
2797 4128 2986 4185 Patris
3035 4144 3305 4202 regnum,
3365 4129 3654 4200 sanctique
3694 4115 3885 4193 Spiritus

2308 4213 2554 4288 gloriam
2598 4217 3033 4289 possidendam,
3068 4217 3139 4273 ad
3189 4234 3395 4290 quam,
3427 4208 3774 4273 dilectissimi,
3799 4210 3884 4290 iet!-

2308 4304 2445 4360 dere
2492 4321 2594 4361 vos
2641 4304 2845 4372 invito,
2906 4321 3137 4379 moneo,
3193 4289 3460 4376 obsecro,
3511 4322 3607 4380 per
3646 4289 3883 4357 charitatis

2306 4392 2527 4466 ignem,
2568 4398 2626 4450 et
2654 4394 3025 4463 humilitatis,
3058 4400 3235 4468 atque
3282 4395 3569 4455 castitatis
3615 4388 3881 4448 continuam

2306 4484 2660 4539 custodiam.
2712 4483 2996 4550 Gaudere,
3049 4484 3261 4557 inquit,
3309 4484 3644 4559 contigisset
3686 4472 3803 4533 mihi
3834 4483 3882 4559 ex

548 4565 785 4637 quidem
816 4571 873 4623 et
918 4570 1329 4627 misericordia
1381 4571 1599 4644 expleri
1653 4574 1856 4647 nequit
1909 4582 2191 4650 quantum
2230 4594 2275 4658 Ι)
2306 4575 2509 4627 vestrae
2535 4572 2942 4630 unanimitatis
2967 4555 3881 4658 devotionehujussanctiﬁcationis

545 4655 737 4726 operis
792 4656 990 4712 dabat.
1038 4658 1182 4719 Cum
1239 4677 1503 4732 supernas
1557 4661 1886 4721 dulcedinis
1944 4671 2194 4738 nectare,

544 4744 867 4802 artificialis
914 4746 1092 4803 etiam
1141 4749 1378 4805 musicas
1423 4750 1752 4822 perdoctus,
1806 4770 1871 4809 ac
1924 4760 2194 4828 comptus

542 4833 836 4907 dogmate,
888 4835 1173 4909 quidquid
1231 4836 1290 4893 in
1340 4838 1641 4911 psallendo
1699 4842 1893 4897 choris
1944 4862 2187 4902 suorum

541 4922 919 4995 psallebatur,
954 4924 1047 4980 die
1079 4942 1145 4982 ac
1175 4932 1345 4983 nocte
1374 4932 1493 4983 tam
1525 4927 1583 4983 in
1626 4930 1961 5002 antiphonis
2010 4950 2188 5006 quam

540 5011 598 5066 in
620 5015 1124 5085 responsoriis,vel
1140 5016 1745 5089 hymnis,corrigendo
1758 5022 2189 5080 etemendando

538 5100 612 5155 ad
632 5105 863 5157 tantam
886 5104 1106 5159 derexit
1135 5105 1637 5172 rectitudinem,ut
1671 5107 1849 5166 nullis
1887 5110 2188 5169 decentius

537 5203 604 5242 ac
631 5190 848 5245 rectius
880 5190 1128 5262 psallere
1156 5194 1457 5266 contingat
1500 5195 1558 5251 in
1609 5200 1729 5252 tota
1776 5198 2033 5255 Ecclesia
2082 5200 2187 5257 Ro-

534 5290 731 5331 mana.
763 5275 1127 5335 Psalmorum
1158 5280 1544 5338 nihilominus
1574 5290 1922 5342 concentum
1974 5287 2187 5346 dulcis-

530 5364 684 5420 simo
722 5364 873 5422 ultra
923 5384 1127 5425 omnes
1176 5370 1548 5444 distinguens
1599 5374 1889 5431 decoravit
1938 5376 2180 5435 melodi-

530 5456 712 5510 mata.

594 5542 687 5598 23.
738 5542 1066 5602 Monasteria
1093 5551 1423 5606 restaurata.
1457 5552 1697 5607 Ecclesia
1727 5554 1783 5609 S.
1820 5555 2055 5628 Benigm'
2083 5557 2180 5614 de-

526 5629 764 5697 dicatur.
814 5633 881 5692 In
926 5651 1037 5712 qua
1079 5638 1454 5700 concionamr.
1484 5670 1573 5710 ,—
1619 5643 1800 5702 Erant
1856 5643 2057 5725 igitur,
2113 5652 2178 5707 ut

2306 4676 2484 4715 eoncu
2495 4661 2754 4734 rsus,sed
2784 4661 2922 4734 quia
2953 4662 3172 4719 nimius
3185 4644 3404 4721 mceror
3416 4666 3655 4720 mentem
3669 4644 3882 4726 deprimit

2303 4766 2373 4805 ex
2402 4750 2589 4823 signis
2639 4750 2889 4820 Satanas,
2923 4769 3049 4824 qua:
3082 4752 3517 4810 evidentissima
3561 4743 3803 4822 apparent
3838 4734 3879 4788 in

2303 4838 2516 4911 populo
2554 4838 2699 4895 Dei:
2757 4856 2895 4909 non,
2947 4840 3242 4913 inquiens,
3297 4839 3557 4916 aspicitis
3597 4834 3781 4909 quibus
3816 4824 3879 4879 est

2302 4926 2493 4983 adhuc
2524 4943 2691 4984 mens
2720 4928 3073 5001 sanior,quae
3102 4930 3375 4986 scissuris
3396 4935 3452 4988 et
3480 4916 3877 4985 detruncationes

2297 5014 2549 5073 vestium
2585 5016 2971 5075 rabidissimaa
2990 5018 3017 5072 '?
3046 5035 3173 5092 quae
3223 5024 3537 5077 attonsurze
3565 5029 3659 5088 per
3680 5001 3877 5100 conicias

2298 5105 2594 5162 virorum?
2624 5122 2803 5178 quam
2829 5107 3018 5179 turpis
3047 5084 3106 5164 in
3138 5109 3321 5166 barba
3363 5084 3674 5181 obripilatio
3718 5084 3875 5188 maxoil'

2294 5192 2704 5268 larum?quam
2735 5195 3135 5270 nugacissima
3164 5213 3310 5271 pene
3343 5198 3723 5255 universorum
3748 5185 3794 5238 et
3816 5185 3877 5230 in-

2293 5284 2609 5341 sanissima
2638 5285 2943 5341 actitatio'?
2970 5302 3149 5357 quam
3199 5286 3417 5344 lasciva
3445 5285 3515 5343 ad
3562 5290 3741 5339 omnes
3765 5276 3874 5364 ρεαδ

2293 5388 2593 5430 sermones
2650 5389 2749 5430 ore
2797 5374 3104 5447 tetricrepo
3142 5373 3527 5447 .juramenta?
3553 5370 3662 5428 Ista
3704 5365 3873 5456 θίξηξω

2292 5461 2565 5519 universa
2594 5462 2847 5519 recentia
2876 5467 2934 5519 et
2959 5446 3149 5537 nuper
3180 5468 3459 5531 crassata,
3482 5477 3591 5518 non
3611 5472 3675 5514 ex
3694 5446 3873 5516 reliﬁio'

2292 5553 2461 5609 sitate
2484 5550 2947 5609 Christianitatis
2968 5552 3124 5627 Ima,
3151 5552 3366 5610 Christi
3386 5544 3670 5615 bonitatis]
3690 5544 3871 5628 91°99?

2292 5658 2439 5714 sere,
2464 5640 2606 5718 quin
2630 5641 2825 5717 potius
2841 5656 2909 5700 ex
2925 5618 3222 5702 diabolicae
3236 5630 3734 5720 superstitiositatis
3748 5618 3872 5680 rabie
