4036 6160
116 384 231 488 ἦτ’

1169 380 1272 486 na
1315 424 1514 487 VITA
1560 430 1626 489 s.
1677 380 2131 490 GUILLELMI
2176 386 2474 492 DIVlON.

3442 402 3575 501 718’

116 573 411 616 emersere.
446 556 664 613 Exinde
712 573 938 629 quoque
971 555 1216 628 pullulat
1262 557 1432 613 radix
1483 557 1766 614 omnium
1800 561 1859 626 Α
1890 557 2213 631 Jussitque
2238 560 2361 618 suis
2384 562 2639 621 velocius
2670 564 3348 641 infelicemillum,quem
3364 587 3557 627 cerne-

116 646 392 704 malorum
406 646 1159 729 superbia,caaterorumque
1177 644 1453 701 vitiorum
1471 646 1761 701 fomenta.

112 739 288 811 Atque
311 751 419 790 vos
455 735 569 808 ipsi
590 731 864 805 judicate.
900 734 948 789 si
980 750 1094 790 non
1125 733 1310 807 ipsius
1343 733 1559 790 famuli
1589 734 1763 802 estis,

48 838 55 845 '
113 826 267 899 cujus
295 823 563 897 insignia
591 827 644 879 et
671 821 943 895 stigmata
972 822 1030 878 in
1057 822 1494 895 vobismetipsis
1526 821 1763 895 geritis.

290 917 353 969 et
384 929 486 969 me
534 911 706 986 pudet
754 910 944 967 dieere
997 911 1136 967 dum
1194 911 1441 984 poenitet
1491 911 1767 977 reticere,

111 1001 379 1077 quoniam
442 999 785 1074 expectastis
852 999 1220 1056 dulcedinem
1284 999 1474 1066 verbi,
1536 1003 1594 1055 et
1649 1015 1772 1072 ego

108 1089 341 1164 prepino
373 1090 549 1146 vobis
578 1088 922 1162 generaliter
970 1088 1430 1145 amaritudinem
1480 1089 1775 1161 redargu-

107 1179 283 1235 tionis.
354 1179 570 1235 Moneo
622 1177 795 1234 etiam
849 1177 1039 1247 illum,
1093 1178 1140 1232 si
1176 1177 1307 1251 quis
1364 1182 1460 1234 est
1515 1178 1577 1233 in
1634 1182 1775 1234 tota

106 1268 199 1324 hac
223 1267 425 1343 plebe,
465 1267 564 1341 qui
587 1266 669 1322 vel
702 1266 960 1340 quinque
1012 1267 1254 1336 solidos,
1290 1284 1395 1324 seu
1450 1266 1768 1340 quippiam

106 1358 166 1412 ad
195 1344 385 1430 hujus
419 1356 606 1412 sancti
629 1354 896 1429 martyris
910 1355 1613 1413 obtulitreazdificandam
1636 1372 1771 1412 mu-

107 1447 243 1502 neris
263 1444 614 1511 ecclesiam,
645 1461 817 1517 quam
868 1461 983 1517 prae
1015 1444 1202 1501 oculis
1255 1445 1515 1513 habetis,
1561 1462 1765 1502 coram

105 1535 320 1591 cunctis
338 1534 579 1590 referat.
611 1556 636 1585 ››
651 1539 792 1589 Dum
807 1549 941 1606 ergo
955 1551 1068 1590 non
1084 1534 1449 1592 inveniretur
1461 1535 1763 1609 quispiam

106 1623 314 1699 aliquid
374 1621 712 1688 contulisse,
761 1639 966 1678 rursus
1023 1622 1137 1678 ait:
1197 1646 1227 1675 «
1270 1624 1495 1694 Videte,
1548 1624 1762 1681 fratres

104 1710 524 1777 amantissimi,
559 1711 704 1767 inter
730 1728 876 1783 quas
907 1712 1104 1783 spinas
1134 1717 1317 1787 atque
1337 1715 1609 1770 incendia
1630 1731 1762 1787 pes-

104 1802 390 1877 simorum
424 1801 551 1856 haec
583 1801 711 1856 aula
740 1801 1153 1874 omnipotentis
1184 1803 1290 1859 Dei
1323 1821 1425 1876 per
1455 1804 1631 1859 ﬁdem
1664 1802 1759 1859 sui

1886 646 2041 701 bant
2074 662 2104 702 e
2141 649 2301 705 trabe
2330 652 2598 722 pendere,
2622 654 2751 726 jam
2784 654 3069 728 rigentem
3100 658 3409 730 deponere:
3430 660 3554 734 ipse

1883 750 2033 790 vero
2060 739 2181 793 toto
2213 743 2538 810 prostratus
2569 760 2809 816 corpore
2859 744 3106 801 orationi
3154 744 3440 804 incubuit.
3480 751 3553 803 At

1892 821 1985 878 illi
2008 824 2296 884 solventes
2318 829 2440 886 lora
2453 834 2653 903 guttur
2686 831 2844 889 illius
2871 834 3470 903 arctantia,examinis
3487 835 3547 891 in

1889 914 2117 969 terram
2150 916 2373 973 cecidit.
2414 921 2486 974 At
2545 937 2721 992 quem
2770 922 3051 979 accedens
3092 923 3181 979 vir
3225 922 3379 996 pius,
3432 922 3542 979 ait:

1891 1023 1922 1049 «
1957 1001 2163 1077 Surge,
2196 1004 2406 1078 inquit,
2443 1007 3008 1083 Dominusimperat.
3042 1034 3071 1062 ››
3093 1015 3223 1085 Ipse
3240 1028 3376 1068 vero
3407 1024 3544 1083 ape-

1890 1091 2053 1148 riens
2081 1093 2281 1150 oculos
2297 1097 2478 1152 erexit
2491 1114 2571 1167 se,
2587 1100 2887 1155 admirans
2901 1099 3068 1157 valde
3082 1101 3192 1157 sibi
3210 1113 3539 1173 superesse.

1886 1180 1999 1245 Qui
2034 1197 2170 1238 cum
2191 1184 2312 1239 viro
2343 1185 2444 1241 Dei
2475 1187 2800 1259 egrediens,
2835 1188 3257 1246 exsultantibus
3289 1188 3540 1256 cunctis,

1886 1269 1963 1325 ad
1996 1272 2416 1329 monasterium
2441 1273 2640 1347 plures
2670 1280 2874 1348 postea
2899 1276 3043 1334 vixit
3072 1293 3277 1334 annos.
3321 1274 3541 1331 Multos

1882 1375 2098 1432 nempe
2129 1361 2200 1416 ab
2233 1361 2574 1433 hujusmodi
2606 1364 2852 1437 patibuli
2875 1366 3543 1439 suspendioacneceper

1880 1447 2145 1505 diversas
2166 1451 2499 1523 provincias
2530 1455 2651 1508 tam
2697 1453 3026 1510 interventu
3084 1468 3262 1526 quam
3310 1452 3538 1508 redem-

1878 1534 2100 1608 ptionis
2131 1540 2315 1611 pretio
2345 1539 2633 1597 liberavit.

1950 1630 2043 1682 27.
2101 1630 2248 1685 Mitis
2290 1632 2351 1685 in
2405 1634 2688 1689 exactione
2744 1633 3046 1690 redimam.
3107 1632 3331 1686 Auctori
3377 1628 3540 1705 hujus

1884 1717 2017 1772 Vita:
2048 1726 2290 1790 apparet.
2325 1750 2391 1760 —
2424 1719 2572 1777 Nam
2625 1724 2682 1775 et
2708 1721 2998 1778 fratribus
3047 1720 3538 1778 monasteriorum

1876 1804 2239 1863 utilitatibus
2260 1807 2587 1881 praepositis
2618 1808 2763 1864 illud
2787 1808 3009 1881 saepius
3038 1806 3464 1881 inculcabat,ut
3480 1811 3541 1868 in

104 1890 244 1947 testis
282 1889 575 1962 Benigni,
610 1890 676 1945 ad
731 1906 908 1962 quam
961 1890 1253 1963 elegantia
1312 1893 1578 1963 excrevit,
1630 1892 1761 1964 ipso
1793 1931 1841 1997 Β
1874 1893 2176 1950 exactione
2230 1895 2342 1950 sibi
2401 1895 2856 1953 commissorum
2917 1898 3119 1954 forent
3172 1899 3415 1972 providi,
3469 1918 3544 1958 ne

101 1985 473 2053 cooperante,
522 1979 773 2053 fastigia.
813 1979 957 2036 Volo
997 1997 1117 2047 vos,
1168 1981 1223 2035 si
1258 1981 1467 2054 placet,
1521 1981 1760 2037 assidue

101 2086 209 2126 esse
236 2085 553 2125 memores
584 2085 760 2141 quam
790 2067 955 2125 velox
980 2069 1300 2143 unicuique
1331 2070 1405 2129 sit
1447 2071 1758 2127 mundanae

100 2177 229 2216 cura
262 2165 329 2215 et
349 2157 699 2215 ambitionis
722 2158 1030 2231 depositio.
1062 2159 1305 2231 Pr0pter
1322 2160 1475 2232 quod
1494 2160 1756 2228 obsecro,

99 2267 212 2305 cum
246 2248 486 2306 nostris
513 2248 768 2303 auctoris
800 2248 1093 2321 adjutorio
1111 2248 1366 2305 resistite
1383 2248 1540 2304 vitiis
1565 2252 1621 2303 et
1642 2265 1761 2305 ma-

99 2340 239 2413 ligno
275 2337 564 2405 diabolo;
596 2336 843 2394 virtutes
875 2354 1108 2410 quoque
1136 2337 1441 2411 prisclaras
1475 2339 1761 2394 assumite

98 2433 145 2484 et
170 2428 381 2496 colite;
408 2425 975 2499 benignissimoDeo
989 2425 1281 2481 Conditori
1303 2443 1368 2481 ac
1387 2427 1759 2499 Redemptori

95 2512 270 2575 vestro
308 2518 373 2572 in
408 2515 647 2572 cunctis
694 2515 996 2583 obaudite,
1049 2515 1147 2587 qui
1198 2532 1300 2571 vos
1330 2532 1433 2587 per
1479 2515 1650 2570 ﬁdem
1703 2520 1760 2570 et

99 2609 387 2664 orationes
411 2623 482 2662 ac
496 2604 710 2661 merita
728 2605 998 2661 omnium
1015 2604 1275 2660 ﬁdelium
1290 2621 1530 2660 suorum
1550 2604 1761 2676 dignos

96 2696 254 2771 faciat
284 2694 717 2752 introducendi
749 2710 886 2749 cum
918 2692 1005 2748 eis
1035 2692 1094 2747 in
1146 2693 1512 2764 sempiternae
1564 2690 1759 2765 gloriae

99 2802 359 2861 regnum,
413 2801 523 2857 per
574 2783 781 2840 Jesum
839 2780 1138 2838 Christum
1199 2781 1475 2837 dilectum
1551 2779 1759 2865 Filium

97 2892 280 2931 suum.
320 2896 353 2939 ν
385 2875 665 2946 Dumque
694 2870 794 2927 ille
824 2871 908 2927 ita
932 2874 1283 2943 perorasset,
1319 2887 1385 2925 ac
1411 2886 1757 2942 responsum

99 2964 159 3020 ab
186 2966 477 3022 omnibus
504 2962 737 3030 fuisset,
766 2965 963 3029 Amen,
997 2959 1096 3031 qui
1149 2958 1465 3031 singultus,
1527 2963 1758 3031 quantae

97 3054 379 3127 lacrymae,
419 3051 527 3126 qui
559 3052 820 3123 gemitus
849 3065 955 3124 per
988 3051 1168 3103 totam
1218 3048 1542 3120 agebantur
1580 3045 1756 3103 eccle-

98 3144 255 3213 siam,
292 3142 683 3216 expriminon
711 3138 884 3196 valet.
900 3136 1308 3207 Omnibusque
1341 3136 1445 3192 rite
1462 3135 1769 3209 perfectis,-

100 3249 219 3288 cum
267 3232 493 3305 gaudio
554 3229 778 3304 quique
834 3226 1058 3284 rediere
1088 3225 1159 3280 ad
1214 3225 1469 3299 propria.
1533 3225 1611 3279 Ex
1658 3223 1756 3280 illo

98 3297 304 3378 etenim
336 3321 431 3378 die
464 3321 530 3376 in
565 3297 769 3375 eadem
804 3315 1068 3382 basilica,
1120 3297 1407 3387 praecipue
1438 3315 1508 3369 ad
1550 3318 1754 3368 tumu-
1785 3297 1828 3364 C

99 3409 210 3467 lum
240 3410 488 3485 gloriosi
524 3406 823 3480 martyris,
858 3407 1021 3461 factae
1052 3407 1192 3459 sunt
1214 3402 1576 3459 multimoda:
1598 3419 1758 3457 cura-

97 3500 276 3556 tiones
303 3501 685 3556 diversarum
717 3494 1153 3563 inﬁrmitatum,
1187 3510 1312 3565 quae
1331 3493 1508 3549 etiam
1522 3493 1596 3548 ob
1611 3490 1757 3546 mul-

103 3588 462 3661 tiplicitatem
497 3586 682 3642 scribi
744 3586 1062 3657 nequeunt.
1114 3581 1227 3637 Sed
1276 3582 1415 3661 etsi
1445 3581 1578 3656 quis
1622 3596 1757 3635 cum

105 3676 205 3733 ﬁde
231 3677 403 3751 plena
432 3676 553 3733 sibi
583 3676 910 3747 deposcens
941 3688 1304 3744 quaecunque
1336 3670 1522 3739 utilia,
1557 3669 1757 3744 procul

107 3766 273 3822 dubio
304 3765 686 3838 adipiscitur,
702 3763 751 3819 si
769 3761 905 3821 talis
931 3761 1087 3816 situt
1111 3766 1515 3833 promereatur
1531 3763 1760 3833 sancto-

110 3870 226 3910 rum
260 3855 495 3911 meritis
530 3859 588 3908 et
620 3850 1008 3907 orationibus.

166 3946 255 3999 26.
322 3943 638 4001 ll’illelmus
693 3941 984 3996 miraculis
1041 3940 1230 3996 claret.
1290 3940 1453 3995 Morte
1504 3938 1761 4011 punitum

107 4036 343 4089 suscitat.
380 4064 448 4074 --
481 4031 602 4087 Nec
633 4029 1126 4102 praetereumdum
1159 4027 1331 4084 nobis
1348 4028 1578 4085 videtur
1603 4028 1759 4100 quod

108 4121 239 4177 dum
268 4121 458 4185 Patris
480 4117 769 4197 Willoelmi
784 4117 1043 4190 alloquio
1062 4116 1231 4173 multi
1261 4117 1478 4173 fuerint
1494 4118 1552 4173 in
1568 4120 1762 4173 mente

108 4208 375 4280 recreati,
396 4209 603 4283 plures
634 4207 810 4264 etiam
843 4207 903 4262 in
934 4200 1174 4279 cerpore
1195 4209 1350 4262 tactu
1381 4207 1647 4278 ejusdem
1669 4223 1769 4287 re-p

107 4298 440 4373 dintegrati,
485 4297 750 4355 oratione
781 4295 1106 4365 refocillati,
1156 4296 1486 4352 visitatione
1534 4294 1762 4352 confor-

109 4388 230 4457 tati,
250 4406 312 4445 ac
329 4387 743 4445 benedictione
767 4385 980 4443 ﬁrmati
998 4404 1012 4454 ;
1027 4391 1083 4442 et
1095 4387 1364 4458 quamvis
1388 4402 1544 4442 nunc
1566 4385 1763 4441 minus

109 4476 383 4535 audiatur
414 4477 577 4551 quod
612 4476 751 4532 olim
801 4475 1015 4532 Christi
1062 4475 1414 4547 sequacibus
1467 4475 1598 4532 usui
1634 4474 1763 4539 fuit,

111 4567 394 4623 suscitare
426 4570 753 4634 mortuum,
797 4582 987 4638 pauca
1036 4568 1233 4621 tamen
1264 4565 1334 4620 de
1375 4563 1665 4637 pluribus,
1700 4567 1767 4620 ut

1875 1984 2024 2039 forte
2050 1982 2226 2038 nimis
2259 1987 2464 2040 tenues
2492 2001 2596 2057 pro
2622 2000 2837 2041 census
2870 1986 3077 2042 reditu
3128 1986 3541 2062 affligerentur.

1874 2073 2116 2128 Dicebat
2147 2072 2305 2128 enim
2337 2091 2399 2129 se
2439 2073 2629 2147 magis
2661 2072 2804 2129 velle
2855 2073 3077 2150 largiri
3123 2080 3311 2153 egenti
3367 2097 3545 2156 quam

1873 2161 2102 2235 exigere
2135 2160 2441 2234 quidpiam
2474 2162 2544 2217 ab
2568 2160 2891 2235 indigente.
2927 2166 3149 2224 Itinera
3169 2171 3398 2244 quoque
3418 2172 3546 2244 ejus

1872 2268 1977 2324 per
2006 2250 2272 2306 civitates
2304 2255 2362 2306 et
2391 2250 2567 2306 vicos.
2598 2266 2699 2306 seu
2734 2268 3036 2324 quorsum
3056 2255 3316 2327 haberet,
3340 2259 3547 2336 ingens

1871 2354 2201 2412 pauperum
2235 2344 2411 2412 atque
2429 2338 2802 2396 inﬁrmorum
2819 2343 3005 2399 turba
3022 2355 3543 2422 praeoccupaverat.

1867 2430 1942 2483 At
1973 2428 2098 2499 ipse
2138 2426 2399 2484 liberalis
2431 2427 2704 2501 etlargus
2721 2428 3153 2490 beneﬁciorum
3171 2440 3296 2492 erat
3319 2438 3545 2496 univer-

1870 2532 2072 2572 sorum
2103 2514 2427 2588 impensor.
2461 2516 2923 2575 Desiderabatur
2954 2522 3114 2578 enim
3144 2524 3219 2580 ab
3250 2525 3412 2581 omni
3442 2527 3543 2585 ho-

1870 2605 2101 2660 minum
2159 2605 2363 2662 ordine
2425 2604 2512 2662 vel
2544 2622 2686 2661 sexu
2720 2605 2911 2678 ipsius
2961 2613 3294 2682 praesentia,
3352 2614 3537 2672 sicuti

1870 2693 2050 2749 unius
2079 2708 2110 2748 e
2136 2694 2486 2764 patriarchis
2517 2698 2618 2749 aut
2647 2696 2933 2767 apostolis
2957 2698 3215 2755 Domini.
3235 2700 3537 2773 Aliquanti

1868 2782 2047 2838 etiam
2083 2781 2411 2838 referebant
2443 2782 2611 2838 illum
2662 2783 2777 2839 sibi
2822 2803 2926 2857 per
2966 2787 3163 2843 visum
3195 2787 3255 2843 in
3305 2791 3533 2849 somnis

1868 2869 2234 2943 apparuisse,
2268 2887 2449 2943 seque
2479 2871 2551 2926 de
2566 2872 2760 2943 pravis
2781 2874 3016 2930 actibus
3032 2874 3424 2948 redarguisse,
3438 2879 3530 2936 vel

1870 2958 2173 3016 monuisse
2206 2957 2338 3015 illos
2364 2961 2434 3015 de
2465 2961 2765 3016 communi
2786 2963 3120 3018 animarum
3139 2963 3347 3020 salute-
3377 2967 3528 3024 «Te-

1866 3038 1995 3105 stOr
2022 3062 2151 3119 ego,
2184 3045 2449 3119 inquam,
2481 3047 2669 3120 ipsius
2682 3065 2748 3104 ac
2774 3041 3063 3106 virtutum
3078 3055 3325 3107 matrem
3340 3052 3528 3109 chari-

1865 3141 2070 3203 tatem,
2087 3136 2367 3206 quoniam
2382 3137 2678 3209 quondam
2698 3153 2965 3194 meorum
2984 3137 3173 3212 culpis
3185 3138 3515 3198 facinorum

1868 3227 2148 3290 offensus,
2181 3229 2247 3279 ut
2276 3226 2429 3281 sensi
2464 3225 2629 3280 illum
2662 3226 2734 3281 ad
2767 3226 2974 3283 horam
2996 3226 3518 3300 amaricatum,se-

1868 3314 2016 3370 cessi
2047 3313 2105 3367 in
2139 3311 2299 3368 aliud
2328 3314 2658 3370 coenobium
2690 3315 2881 3389 ipsius
2909 3315 3524 3375 ditioniminimesub—

1867 3404 2088 3470 ditum;
2114 3423 2141 3451 »
2175 3402 2437 3474 dumque
2464 3402 2585 3459 illic
2616 3404 2910 3477 degerem,
2947 3405 3207 3463 astitisse
3236 3405 3383 3463 mihi
3405 3424 3526 3465 una

1867 3495 2033 3548 nocte
2060 3489 2224 3545 visus
2249 3496 2338 3547 est
2372 3496 2605 3563 aspectu
2660 3492 2911 3565 placido,
2962 3512 3031 3551 ac
3081 3511 3262 3551 manu
3310 3494 3526 3567 injecta
3614 3535 3617 3538 ι

1866 3584 2045 3654 caput
2075 3578 2220 3635 mihi
2253 3578 2594 3637 demulcens
2624 3581 2845 3638 aiebat:
2879 3608 2907 3634 «
2941 3585 3102 3658 Rogo
3133 3600 3206 3639 ne
3237 3599 3330 3640 me
3357 3585 3523 3642 desc-

1842 3688 1965 3739 \ras
1996 3670 2110 3739 (37)
2144 3668 2192 3724 si
2226 3686 2342 3725 non
2374 3673 2430 3725 te
2461 3687 2658 3726 amare
2688 3670 2982 3743 ﬁngebas:
3003 3673 3148 3745 quin
3161 3672 3526 3746 potiusexer-

1868 3775 1997 3815 cere
2024 3762 2080 3814 te
2110 3758 2278 3831 cupio
2309 3775 2437 3831 quae
2470 3759 2843 3832 promiseras.
2877 3762 3073 3834 Ipsius
3104 3776 3362 3834 namque
3406 3762 3524 3818 im-

1870 3848 2029 3921 perio
2057 3848 2313 3903 maxima
2332 3848 2458 3918 jam
2490 3863 2558 3903 ex
2588 3852 2751 3920 parte
2767 3854 3109 3905 eventorum
3131 3857 3308 3922 atque
3328 3851 3522 3922 prodi-

1868 3938 2121 4011 giorum,
2156 3951 2281 4008 qua:
2315 3935 2468 3991 circa
2497 3941 2555 3991 et
2586 3936 2739 3992 infra
2767 3937 3386 3995 incarnatiSalvatoris
3415 3956 3523 3995 an-

1870 4044 2014 4083 num
2027 4024 2319 4097 contigere
2331 4023 3330 4104 m_illesimum,descripseram.Quae
3343 4027 3521 4084 etiam

1871 4132 2051 4173 causa
2069 4114 2141 4169 ad
2172 4129 2426 4185 praesens
2450 4128 2604 4193 opus
2633 4129 2726 4168 me
2756 4113 3043 4187 compulit
3070 4112 3363 4169 inﬂectere
3377 4116 3524 4171 arti-

1872 4203 2089 4260 culum.
2125 4199 2346 4257 Idcirco
2376 4216 2581 4257 omnes
2610 4200 2827 4275 pariter
2876 4218 2978 4259 oro
3010 4216 3083 4258 ne
3124 4205 3364 4275 propter
3411 4202 3521 4259 hoc

1874 4288 2282 4365 pracjudicium
2311 4289 2381 4346 de
2412 4306 2504 4346 me
2534 4290 2658 4347 fiat.

1943 4382 2031 4435 28.
2094 4378 2353 4434 Omnium
2406 4393 2539 4449 erga
2591 4395 2718 4435 eum
2765 4379 3091 4435 reverentia.
3122 4410 3193 4420 —
3222 4378 3524 4435 Beatitudo

1873 4469 2053 4544 igitur
2080 4466 2277 4523 eximii
2298 4466 2485 4523 Patris
2514 4466 2794 4523 Willelmi
2816 4469 2944 4540 jam
2976 4468 3048 4525 ad
3071 4471 3297 4524 tantam
3326 4483 3524 4524 excre-

1872 4560 2034 4614 verat
2057 4555 2478 4624 excellentiam,
2514 4560 2579 4612 ut
2605 4559 2850 4613 cunctas
2900 4557 3048 4614 Latii
3090 4573 3157 4617 ac
3203 4555 3527 4614 Galliarum

108 4650 300 4712 testati
317 4672 559 4722 sumus,
580 4672 708 4727 quae
733 4653 1019 4709 Dominus
1040 4669 1142 4727 per
1162 4652 1341 4709 istum
1371 4656 1645 4726 operatus
1657 4656 1765 4720 est,
1797 4669 1845 4735 D
1876 4645 2405 4719 provinciasipsius
2418 4662 2583 4702 amor
2601 4646 2971 4703 acveneratio
2998 4650 3352 4720 penetraret.
3379 4646 3527 4706 Nam

114 4741 397 4801 dicemus.
424 4741 1432 4816 Revertentinamqueilliquondam
1457 4758 1492 4796 a
1508 4741 1770 4797 coenobio

114 4835 301 4889 sancti
333 4833 589 4890 Viventii
606 4831 978 4900 confessoris,
995 4848 1128 4887 cum
1134 4833 1260 4903 jam
1276 4830 1773 4904 appropinquaret

119 4922 301 4993 sancti
323 4921 568 4995 Benigni
584 4922 958 4989 monasterio,
987 4921 1214 4976 obviam
1238 4917 1773 4991 habuitpromiscui

118 5008 275 5083 vulgi
305 5008 547 5067 turbam
576 5008 952 5083 plangentem
984 5025 1050 5065 ac
1082 5009 1459 5081 repedantem
1491 5024 1525 5063 a
1555 5011 1775 5080 specta-

121 5098 253 5171 culo
282 5101 595 5174 cujusdam
627 5098 964 5164 miserrimi,
997 5097 1261 5154 videlicet
1291 5113 1359 5153 ex
1375 5086 1638 5168 ejusdem
1655 5114 1775 5154 ser-

123 5204 323 5246 vorum
360 5189 586 5247 familia
616 5187 804 5245 sancti
854 5186 1118 5260 Benigni,
1168 5203 1343 5259 quem
1394 5184 1778 5258 magistratus

1881 4752 2046 4810 reges
2075 4740 2140 4810 ut
2164 4738 2412 4808 patrem,
2444 4735 2751 4808 pontiﬁces
2780 4739 2846 4790 ut
2876 4735 3250 4807 magistrum,
3285 4735 3527 4792 abbates

1880 4830 1938 4881 et
1967 4804 2237 4880 mon'achi
2270 4826 2337 4878 ut
2364 4822 2805 4905 archangelum,
2833 4823 3115 4879 omnesin
3128 4837 3441 4878 commune
3463 4825 3530 4876 ut

1883 4915 1980 4971 Dei
2015 4915 2271 4970 amicum
2303 4928 2539 4984 suaeque
2559 4916 2969 4984 praeceptorem
2991 4910 3200 4967 salutis
3213 4909 3526 4966 habebant.

1884 5004 2024 5069 Quis
2053 5004 2210 5059 enim
2244 5018 2505 5073 unquam
2538 5000 2690 5056 alius
2722 5004 2929 5073 praeter
2958 5015 3091 5056 eum
3120 4998 3543 5055 Veneticorum,
3571 5021 3575 5025 -

1885 5098 2117 5169 gentem
2148 5092 2206 5147 in
2240 5096 2359 5147 tam
2390 5090 2581 5147 amica
2601 5088 2996 5147 familiaritate
3015 5086 3266 5144 habuit?
3280 5086 3536 5160 Exagge-

1888 5183 2068 5240 rative
2090 5180 2413 5239 secundum
2433 5177 2775 5250 Apostolum
2791 5178 2990 5252 (Galat.
3009 5194 3083 5246 ιν,
3115 5175 3199 5250 15)
3213 5173 3531 5249 loquimur,

123 5274 366 5351 crimine
397 5274 732 5336 convictum
765 5281 1065 5349 morteque
1096 5274 1499 5347 suspensionis
1531 5273 1779 5347 patibuli
1888 5270 2189 5344 quoniam,
2218 5267 2269 5324 si
2302 5266 2425 5322 ﬁeri
2453 5262 2862 5339 possetoculos
2878 5263 3341 5351 suoseruissent,
3363 5266 3422 5319 et
3440 5263 3538 5319 de-

126 5365 528 5438 adjudicatum
564 5366 1005 5423 deliberaverat.
1039 5365 1201 5430 Quod
1235 5363 1480 5420 audiens
1496 5363 1584 5417 vir
1613 5364 1782 5420 mise-

125 5454 309 5511 ricors
339 5456 619 5513 milliario
650 5454 878 5526 distans
909 5472 944 5511 a
967 5453 1116 5525 loco,
1145 5452 1391 5510 dimisso
1442 5468 1592 5524 equo
1645 5451 1782 5508 illuc

128 5544 478 5617 quantocius
509 5562 847 5626 occurrens,
883 5543 993 5599 hoc
1020 5547 1253 5600 tantum
1269 5542 1534 5598 dicebat:
1564 5563 1591 5591 α
1621 5542 1781 5610 Jesu,

1890 5359 2115 5416 dissent
2143 5357 2214 5413 ei.
2250 5353 2551 5428 Siquidem
2582 5353 2786 5420 Ursus,
2819 5350 3150 5426 patriarcha
3179 5351 3543 5424 illorum,ip-

1893 5447 2017 5503 sius
2048 5444 2231 5503 sancti
2259 5443 2445 5500 Patris
2475 5441 2728 5499 decrevit
2755 5440 3392 5500 efﬁcimonachus.Sed
3404 5439 3543 5513 quia

1893 5538 2019 5610 ipse
2051 5533 2425 5608 dispendium
2455 5531 2616 5588 illius
2646 5529 2856 5606 gentis,
2893 5531 3049 5615 quod
3073 5530 3376 5603 forentpro
3394 5528 3543 5585 tanti

125 5616 297 5702 Jesu,
327 5628 424 5711 qui
478 5617 789 5711 pepercisti
847 5631 1060 5691 latroni
1092 5633 1151 5689 in
1203 5648 1373 5691 cruce
1424 5631 1719 5691 miserere.
1756 5653 1785 5683 ››
1894 5624 2164 5693 absentia
2191 5622 2320 5695 viri,
2348 5621 2751 5695 considerans,
2782 5619 2867 5680 illi
2884 5621 2945 5681 in
2967 5636 3075 5680 suo
3096 5616 3397 5705 proposito
3419 5633 3546 5697 per:

148 5720 153 5721 ί
206 5724 316 5807 (37}
346 5726 495 5787 Editi
516 5714 706 5803 {Rogo
730 5741 800 5787 ex
828 5740 914 5785 me
941 5724 1138 5787 discas.
