4036 6160
533 362 655 427 ,719

1672 357 2017 437 SEIFRIDI
2058 357 2391 427 ABBATIS
2433 356 2815 429 TEGEBNS.

3754 360 3857 433 19.0

537 512 772 571 manere
803 495 1009 551 suasit.
1042 494 1203 558 Quod
1252 495 1429 555 etiam
1480 495 1551 549 de
1591 494 1796 550 multis
1844 494 2055 550 similis
2103 494 2184 550 rei
2304 494 2473 549 illum
2506 494 2660 548 itura
2688 493 2759 548 de
2786 490 3023 547 vasculo
3053 488 3263 559 carnis,
3296 487 3353 545 in
3383 506 3484 561 sua
3508 490 3671 563 gloria
3707 493 3857 565 Deum

542 587 730 663 gratia
757 585 1058 659 cognitum
1078 582 1329 640 habetur
1356 584 1583 640 fecisse.

612 676 698 732 19.
724 675 811 731 Ea:
830 674 994 730 Italia
1006 673 1067 729 in
1080 672 1521 729 Galliamredux.
1545 675 1644 729 Pie
1671 674 1785 729 obit
1809 674 2106 729 Fiscamni.
2126 703 2193 713 —

539 765 572 822 J
577 781 673 833 am
693 779 827 819 vero
841 762 903 818 in
918 761 1014 817 Dei
1030 778 1202 835 opere
1215 762 1404 841 magis
1416 762 1691 823 assiduus
1708 778 1883 835 quam
1901 762 2194 833 frequens,

540 869 675 911 cum
706 854 863 925 esset
877 851 936 925 in
949 850 1118 908 Italia
1138 868 1313 911 suum
1325 852 1561 908 biennio
1577 850 1920 925 praestolans
1938 868 1971 906 a
1983 850 2192 907 saeculo

540 957 865 1017 excessum,
900 941 1000 999 sed
1013 957 1146 997 reru
1156 956 1212 995 m
1226 940 1764 1014 Opportunitatibus
1779 940 1984 996 exinde
1997 956 2196 996 evoca-

538 1033 660 1101 tus,
697 1028 1201 1105 eagerrimetamen
1216 1029 1289 1085 ad
1307 1028 1525 1086 Gallias
1543 1029 2103 1105 remeavitcumque
2116 1045 2202 1085 re-

537 1119 768 1191 visendi
796 1118 1080 1191 charitate
1102 1124 1344 1175 cunctos
1365 1118 1673 1176 Gorziense
1689 1135 1874 1192 usque
1906 1122 2196 1173 monaste-

539 1207 719 1277 rium,
753 1225 788 1269 a
816 1225 877 1264 se
907 1207 1048 1264 olim
1078 1224 1214 1263 cum
1244 1208 1469 1269 caeteris
1499 1209 1571 1263 ad
1603 1206 1868 1281 regulare
1898 1207 2195 1280 specimen

542 1297 926 1369 reformatum
958 1295 1306 1367 devenisset,
1340 1313 1467 1371 qua:
1481 1295 2196 1369 supererantinviserecu-

542 1385 709 1459 ravit.
735 1385 955 1451 Dehinc
981 1386 1051 1441 ad
1093 1384 1589 1459 praenominatum
1619 1384 1778 1440 venit
1800 1384 2192 1440 Fiscamnum.

543 1473 684 1529 Post
695 1472 1060 1544 aliquotvero
1071 1472 1301 1529 dierum
1316 1474 1547 1530 acribus
1559 1471 2042 1546 cmpitdoloribus
2055 1472 2199 1529 afﬂi-

546 1561 662 1636 gi.J
669 1578 764 1625 am
774 1561 994 1637 quippe
1007 1560 1349 1619 imminente
1363 1560 2071 1621 solemnitateNativitatis
2083 1561 2195 1617 Do-

548 1649 799 1719 minicaa,
824 1666 1192 1724 praenoscens
1223 1668 1341 1707 suae
1372 1668 1405 1706 a
1436 1650 1665 1721 Christo
1681 1650 2192 1721 vocationisdiem,

550 1738 879 1811 convocatis
911 1739 981 1795 ad
1032 1756 1093 1795 se
1124 1738 1422 1807 fratribus,
1484 1738 1815 1795 deliberans
1863 1756 2057 1795 coram
2111 1738 2195 1794 eis

2304 582 2649 655 majestatis.
2683 583 2848 636 Anno
2881 578 3057 652 igitur
3083 578 3343 653 ejusdem
3369 577 3665 642 Nativitatis
3698 582 3861 655 Domi-

2304 669 2445 727 nicze
2478 671 2636 736 1031,
2670 668 2987 725 indictione
3013 685 3129 739 xw,
3171 684 3204 723 a
3231 667 3525 741 nativitate
3570 684 3767 743 quoque
3790 672 3863 745 ip-,

2304 761 2429 817 sius
2460 761 2645 817 Patris
2678 776 2743 816 ac
2773 758 2875 814 Dei
2906 757 3145 833 cultoris
3176 774 3299 833 axx,
3328 760 3387 814 et
3414 756 3482 827 ab
3503 758 3722 829 adventu
3739 758 3864 833 illius

2305 850 2377 906 ad
2401 848 2617 919 Gallias
2647 850 2719 906 de
2751 846 2916 904 Italia
2944 865 3056 917 xu,
3091 851 3369 921 regnante
3399 845 3639 913 Conrado
3666 847 3864 920 impera-

2303 943 2451 1007 tore,
2474 937 2534 993 in
2556 937 2801 994 Francia
2830 935 3214 995 nihilominus
3244 936 3485 1005 Roberto
3514 952 3651 1011 rege,
3686 937 3762 993 die
3782 937 3866 994 Do-

2306 1027 2532 1084 minica:
2562 1024 3037 1083 Circumcisionis
3088 1022 3419 1095 venerabili,
3453 1028 3613 1097 atque
3656 1025 3865 1101 ejusdem

2309 1115 2632 1177 nativitatis
2661 1120 2883 1184 octavo,
2912 1131 2969 1171 v1
3001 1113 3166 1187 feria,
3196 1129 3388 1183 mane,
3423 1104 3555 1169 dum
3600 1106 3778 1183 aurora
3795 1130 3868 1183 su-

2306 1204 2697 1280 pervenientis
2727 1203 2839 1259 diei
2871 1201 3109 1276 pelleret
3136 1203 3425 1277 tenebras,
3455 1219 3485 1258 e
3512 1202 3708 1273 mundo
3724 1207 3871 1273 trane-

2306 1294 2411 1350 ivit
2440 1312 2474 1350 a
2504 1298 2706 1350 sancto
2735 1292 2907 1351 istius
2934 1292 3032 1349 Dei
3081 1292 3253 1348 amici
3294 1308 3526 1365 corpore
3564 1290 3735 1347 anima
3772 1290 3873 1363 felix

2305 1391 2364 1439 et
2393 1383 2580 1455 beata,
2615 1381 2855 1439 lucerna
2881 1380 3145 1437 videlicet
3160 1381 3340 1448 orbis,
3358 1381 3430 1451 ad
3453 1380 3813 1467 sempiternam
3826 1396 3873 1434 ac

2306 1471 2575 1528 deiﬁcam
2603 1470 2817 1542 lucem,
2841 1470 2964 1526 suis
2992 1470 3350 1544 lugentibus,
3383 1469 3481 1537 sed
3502 1466 3703 1545 angelis
3721 1467 3872 1535 laten-

2302 1559 2486 1628 tibus,
2518 1576 2652 1629 cum
2686 1559 2903 1635 quibus
2915 1559 3163 1629 laudans
3180 1576 3246 1614 ac
3260 1556 3630 1635 magniﬁcans
3645 1555 3876 1627 benedicit

2305 1649 2511 1717 Deum,
2544 1650 2605 1705 in
2631 1666 2748 1723 quo
2780 1646 2916 1705 vivit
2943 1648 3232 1723 quidquid
3246 1648 3409 1720 juste
3431 1644 3697 1719 subsistit,
3724 1644 3877 1717 Sepul-

2305 1743 2434 1794 tum
2466 1754 2722 1811 namque
2753 1742 2841 1794 est
2868 1754 3101 1808 sacrum
3131 1736 3294 1805 illius
3324 1753 3532 1811 corpus
3549 1733 3875 1803 hnnoriﬁcein

550 1826 787 1905 provide
818 1842 881 1883 ac
912 1825 1206 1901 sapienter
1234 1828 1304 1884 de
1335 1828 1561 1883 cunctis
1591 1844 1718 1901 quae
1751 1827 1938 1900 ipsius
1980 1827 2195 1883 innite-
2228 1869 2277 1934 Β
2306 1828 2530 1903 gremio
2562 1827 2827 1899 ejusdem
2859 1830 3070 1884 sancte
3102 1825 3408 1898 Trinitatis
3428 1820 3665 1895 ecclesiae
3692 1824 3742 1889 in
3775 1838 3875 1879 con-

552 1916 685 1934 ι-μι
741 1933 745 1934 ,
796 1933 818 1934 η
875 1919 887 1934 ι
942 1915 1105 1934 μέρη-κ
1187 1933 1191 1934 ,
1258 1915 1311 1934 ιι
1418 1916 1431 1934 1
1592 1916 1681 1934 I'.,
1818 1932 1827 1934 -
1934 1916 1954 1934 j
2101 1932 2191 1934 ,,4-
2429 1921 2464 1934 ,1
2665 1917 2700 1934 ιο
2769 1933 2796 1934 η
2840 1933 2847 1934 ,
2969 1917 3052 1934 ,1,
3127 1915 3345 1934 ,n!,,,“0
3379 1919 3440 1934 -1,
3468 1931 3549 1934 ,___
3601 1918 3654 1934 --ι
3684 1910 3875 1934 _-_-ASJI-

551 1916 765 1989 bantur
793 1915 1140 1989 patrocinio,
1174 1915 1314 1989 quid
1345 1916 1435 1973 vel
1469 1916 1723 1990 qualiter
1771 1916 2063 1989 agendum
2094 1932 2198 1973 seu

547 2004 941 2075 ordinandum
991 2004 1156 2076 foret,
1199 2005 1398 2077 sicque
1454 2004 1761 2071 uuiversis,
1811 2003 2163 2077 przssentibu

550 2092 727 2150 simul
758 2096 815 2148 et
845 2094 1208 2162 absentibus,
1242 2111 1351 2149 sua
1381 2080 2096 2165 benedictione‘ﬁrmatis,
2133 2109 2200 2149 ac

549 2181 666 2237 Deo
699 2181 1055 2261 commissis,
1086 2182 1321 2256 expetiit
1351 2182 1464 2237 sibi
1496 2182 1619 2237 dari
1652 2181 1907 2240 salutare
1959 2198 2025 2237 ac
2054 2182 2199 2237 vivi-

551 2267 727 2324 ficum
768 2275 1183 2343 commeatum.
1234 2271 1606 2346 Expletisque
1649 2270 2013 2327 solemnibus
2060 2272 2199 2328 totis

550 2362 678 2431 octo
711 2357 965 2431 dierum,
992 2358 1072 2413 nil
1099 2359 1358 2416 omnimo
1382 2358 1648 2433 loquens,
1669 2359 1867 2416 oculos
1885 2364 2112 2416 tantum
2128 2361 2200 2419 ad

551 2451 734 2521 Deum
766 2446 1015 2521 erigens,
1039 2446 1123 2503 illi
1140 2448 1249 2505 soli
1266 2448 1595 2515 intendens,
1614 2448 1781 2503 illum
1796 2448 1986 2505 solum
2005 2454 2201 2506 mente

556 2535 873 2610 respiciens
894 2536 1165 2610 ;jamque
1190 2537 1509 2610 aspiciebat
1524 2538 1657 2599 felix
1673 2538 1889 2608 anima,
1915 2537 2110 2595 subito
2126 2538 2199 2596 ad

2308 1921 2512 1991 spectu
2543 1917 2809 1973 euntium
2831 1933 2897 1973 ac
2925 1916 3301 1986 redeuntium
3316 1915 3580 1985 fratrum,
3600 1918 3659 1983 ut
3679 1910 3879 1986 quotidie

2308 2004 2601 2077 siquidem
2630 2022 2745 2078 prae
2776 2004 2959 2061 oculis
2990 2003 3338 2073 imitabilem
3378 2002 3643 2067 baberent
3685 2001 3877 2073 Patrem,

2310 2110 2488 2166 quem
2520 2095 2590 2150 ad
2619 2098 2897 2151 aeternam
2915 2093 3163 2165 justitiaz
3186 2094 3511 2150 mercedem
3524 2087 3881 2150 habuereinsti-

2310 2186 2587 2250 tutorem,
2621 2183 2924 2256 ipsiusque
2954 2182 3178 2239 meritis
3208 2187 3267 2239 et
3288 2182 3553 2255 precibus
3570 2179 3768 2239 valeant
3790 2193 3881 2250 per-

2310 2272 2503 2344 cipere
2524 2276 2747 2328 aeternae
2780 2272 2907 2327 vita:
2940 2288 3208 2346 regnum,
3242 2277 3301 2328 et
3318 2270 3559 2345 gloriam
3576 2285 3696 2328 cum
3717 2265 3877 2335 sanctis

2312 2361 2610 2429 omnibus,
2644 2362 2897 2418 donante
2926 2361 3175 2419 Domino
3202 2361 3351 2429 Jesu
3378 2359 3596 2417 Christo
3630 2356 3876 2425 Salvatore,

2311 2450 2412 2522 qui
2437 2466 2573 2507 cum
2605 2451 2721 2506 Deo
2754 2451 2921 2506 Patre
2951 2454 3005 2506 et
3033 2450 3257 2523 Spiritu
3285 2454 3487 2507 sancto
3513 2446 3641 2504 vivit
3657 2451 3705 2503 et
3730 2445 3879 2518 regnat

2312 2553 2416 2611 per
2444 2538 2799 2595 immortalia
2830 2538 3175 2596 saeculorum
3202 2538 3444 2596 szecula.
3474 2541 3659 2605 Amen.

1913 2841 2073 2901 anno
2114 2841 2330 2903 manu
2371 2841 2599 2891 uxtvm

1664 3005 2857 3171 SEIFRIDUS

1324 3266 1642 3345 ABBAS
1716 3266 2311 3347 MONASTERII
2384 3267 3190 3348 TEGERNSEENSIS

1541 3546 2175 3665 SEIFRIDI
2256 3547 2969 3683 EPISTOLAE

910 3744 1095 3818 (Apud
1130 3744 1257 3815 Pez,
1288 3744 1475 3802 Codex
1500 3745 1852 3818 diplomatico
1882 3747 2128 3807 historiae
2168 3749 2494 3821 epistolaris,
2529 3749 2638 3807 col.
2671 3750 2795 3821 236,
2833 3750 3095 3812 Thesauri
3120 3752 3315 3811 armed.
3349 3757 3490 3812 tom.
3522 3752 3608 3822 V.)

2045 3912 2471 3925 Im

1047 4030 1399 4087 EPISTULA
1449 4031 1698 4090 PRIMA.

1039 4134 1109 4175 AC
1159 4136 1475 4177 EPISCOPUM
1517 4138 1573 4177 N.
1624 4165 1636 4177 .
1682 4164 1695 4177 .

543 4208 688 4264 Duos
743 4224 773 4264 e
812 4209 930 4264 suis
990 4210 1269 4281 fratribus
1316 4212 1505 4279 mittit,
1560 4220 1611 4267 et
1674 4228 1841 4279 suum
1905 4215 2198 4281 adventum

1216 4281 1529 4351 pollicetur.

616 4385 1050 4458 Specialissimo
1080 4385 1293 4457 seniori
1329 4393 1381 4455 τι,
1415 4389 1633 4445 nostris
1656 4391 2018 4464 temporibus
2052 4410 2194 4451 cun-

550 4470 665 4529 etis
684 4473 1024 4541 hominibus
1073 4476 1379 4532 sanctitate
1409 4482 1465 4533 et
1502 4478 1737 4550 justitia
1783 4480 2194 4549 excellentiori,

549 4566 578 4627 t
613 4561 842 4633 abbatis
861 4561 1143 4618 vocabulo
1172 4563 1442 4621 addictus
1472 4565 1597 4622 solo
1622 4568 1879 4637 nomine,
1915 4587 2031 4626 una
2060 4589 2194 4627 cum

549 4649 832 4722 subjectis
876 4654 997 4706 toto
1052 4652 1222 4723 corde
1280 4657 1338 4708 et
1367 4669 1464 4709 ore
1521 4672 1772 4726 perenne
1819 4660 2101 4731 gaudium
2133 4660 2194 4715 in

546 4734 794 4810 utraque
824 4737 1079 4795 homine.
1963 4787 1992 4817 ,

614 4824 1005 4897 omnimodis,
1037 4829 1509 4887 reverentissime
1542 4832 1728 4899 Pater,
1763 4852 1870 4907 par
1897 4854 2027 4893 esse
2050 4839 2191 4910 scio,

542 4916 627 4970 uti
657 4914 821 4972 vobis
850 4917 1043 4974 servili
1077 4918 1457 4975 famulamine
1484 4921 1774 4992 obediam,
1809 4927 2000 4997 quoad
2041 4928 2188 4985 vivo.

541 5005 657 5061 Hoc
679 5023 832 5073 vero,
866 5012 1040 5081 prout
1070 5024 1243 5081 posse
1275 5008 1501 5081 adjacet
1526 5010 1695 5080 mihi,
1714 5014 2090 5073 devotissime
2113 5023 2194 5075 to-

541 5094 618 5150 tis
649 5086 911 5167 corporis
943 5098 1173 5153 nisibus
1231 5098 1402 5169 cupio
1460 5099 1798 5174 adimplere.
1861 5104 1971 5160 Sed
2021 5106 2188 5163 doleo

542 5184 695 5255 quod
731 5201 844 5240 non
882 5187 1239 5259 condignum
1294 5188 1611 5258 beneficiis,
1663 5208 1802 5246 mete
1857 5195 2126 5266 parvitati
2158 5214 2194 5253 a

538 5277 730 5328 vestra
762 5271 1111 5329 celsitudine
1143 5291 1295 5346 szspe
1326 5274 1575 5344 collatis,
1620 5277 1846 5336 valeam
1896 5281 2188 5343 exhibere.

2228 4041 2272 4108 C
2310 4038 2565 4111 deﬁciat,
2598 4043 2795 4105 tamen
2824 4039 2884 4095 in
2918 4044 3233 4113 conspectu
3264 4036 3462 4103 vestro
3507 4056 3675 4117 aeque,
3719 4052 3800 4107 ceu
3821 4047 3883 4086 οο·

2307 4145 2433 4184 ram
2460 4128 2599 4200 Deo,
2632 4129 2770 4201 quia
2794 4128 3068 4187 voluntas
3097 4146 3231 4187 mea
3248 4131 3406 4194 bona
3434 4131 3687 4189 sufficiat.
3714 4126 3813 4201 Qua
3832 4120 3881 4174 de

2305 4234 2368 4274 re
2397 4217 2762 4274 voluntarius
2794 4218 2963 4285 duos,
2988 4236 3137 4291 quos
3159 4212 3882 4292 jussistis,vobisdirigolra-
3956 4290 3957 4297 γ

2305 4310 2424 4363 tres
2454 4323 2635 4376 meos,
2669 4312 2726 4363 et
2756 4308 2828 4365 ob
2861 4307 3267 4369 indissolubile
3305 4310 3462 4367 inter
3508 4326 3607 4375 nos
3649 4299 3878 4363 vinculum

2305 4395 2610 4465 charitatis
2638 4398 2812 4452 vestri
2846 4396 3030 4453 solius
3064 4397 3437 4467 famulamini
3470 4395 3700 4470 subjicio
3723 4407 3817 4449 eos.

2379 4450 2823 4558 ιείιᾙιιρι-όριειι
2850 4450 3710 4551 έῷὶιᾘδίῖὧὲἓ”‹ἶέέέιᾷιῖᾇῖιὲω,
3750 4478 3879 4549 eum
3954 4450 3955 4539 ξ

2305 4572 2354 4629 si
2384 4573 2579 4630 senior
2608 4574 3135 4647 nosterimperator
3153 4592 3444 4663 meusque
3471 4576 3580 4634 sibi
3596 4574 3659 4631 ad
3683 4565 3879 4637 servit”

2304 4663 2448 4717 dum
2478 4661 2608 4718 illos
2633 4662 2868 4733 juberet
2899 4664 3147 4732 mittere,
3200 4682 3308 4737 pro
3342 4655 3508 4722 certo
3554 4655 3879 4733 comperisset;

2306 4767 2417 4817 me,
2443 4750 2577 4808 licet
2623 4768 2739 4806 non
2780 4751 2907 4807 sine
2951 4752 3207 4825 periculo
3240 4771 3398 4823 meo,
3445 4755 3550 4816 hoc
3595 4748 3879 4827 precem-um
3952 4782 3953 4785 ‘

2302 4840 2567 4910 ejusdem
2596 4840 3052 4913 praetermittere.
3079 4842 3284 4898 Fateor
3306 4844 3467 4900 enim
3499 4844 3554 4901 in
3579 4838 3774 4897 trutina
3793 4844 3881 4886 cor-

2301 4928 2395 4985 dis
2426 4930 2560 4999 mei,
2590 4930 3086 5002 praeponderando
3143 4938 3412 4989 vestrum
3461 4943 3721 4992 amorem,
3762 4917 3879 5015 illi“?!

2300 5016 2530 5075 vincere
2557 5016 2850 5074 timorem.
2881 5018 2997 5075 Hac
3027 5036 3130 5093 pro
3161 5036 3344 5077 causa
3367 5022 3535 5083 unice
3550 5021 3772 5079 vestram
3792 5021 3879 5081 Ρ¹θ⁵

2301 5111 2487 5163 tatem
2521 5105 2716 5180 ﬂagito
2746 5124 2849 5180 per
2877 5108 3244 5164 verissimam
3276 5110 3477 5180 fidem,
3518 5123 3628 5183 qua
3669 5097 3879 5161 Christus
3948 5170 3949 5181 χ

2301 5196 2565 5269 replevit,
2597 5199 2656 5251 et
2684 5213 2811 5269 quae
2844 5197 2916 5253 ad
2940 5197 3205 5269 notitiam
3238 5199 3508 5271 omnium
3537 5184 3879 5252 fideliumluce
3948 5214 3949 5271 ἦ

2301 5283 2518 5341 clarius
2546 5282 2802 5352 inolevit,
2833 5290 3123 5357 quatenus
3163 5291 3409 5359 paterno
3455 5286 3653 5351 affectu
3690 5276 3797 5337 illos
3820 5271 3878 5329 ἷίν

541 5360 837 5431 Spiritalis
867 5365 1062 5416 autem
1095 5363 1427 5419 serviminis
1452 5367 1655 5422 munia
1669 5369 1831 5425 vobis
1854 5370 2191 5443 impendere
2225 5414 2268 5447 η
2297 5372 2709 5445 νθαῑίε,ἀὶίιιιθ
2737 5376 2801 5428 ut
2828 5372 3108 5431 citissime
3137 5366 3398 5446 valeatis,
3430 5391 3560 5437 cum
3589 5365 3878 5447 gaudioeos'

542 5447 785 5513 devotus
816 5448 896 5503 rei
928 5464 1134 5522 regum
1165 5450 1395 5519 Christo
1428 5471 1531 5526 pro
1563 5460 1752 5512 vestra
1800 5458 1990 5516 salute
2022 5461 2192 5520 inde-

539 5533 803 5593 sinenter
822 5535 1089 5621 supplico
1116 5541 1296 5597 totus.
1349 5543 1528 5616 Spero
1577 5544 1868 5617 equidem,
1920 5552 2189 5621 quamvis

2300 5463 2435 5518 dem
2468 5463 2540 5518 ad
2574 5478 2667 5518 me
2698 5461 3029 5519 remittatis.
3056 5462 3431 5521 Ecceiterum
3455 5463 3755 5529 iterumque
3771 5462 3876 5546 pro?

2299 5551 2497 5608 cordia
2526 5568 2657 5608 mea
2683 5549 2975 5624 incipiunt
3004 5568 3202 5621 amore
3248 5554 3478 5621 interno
3525 5549 3727 5612 ardere,
3768 5548 3874 5612 qua

538 5627 770 5685 terrena
797 5620 943 5683 mihi
975 5625 1225 5688 facultas
1248 5649 1352 5708 pro
1381 5631 1710 5691 exhibendo
1740 5636 1903 5695 vobis
1940 5620 2186 5699 servitio
2298 5640 2487 5716 magis
2517 5657 2583 5698 ac
2614 5620 3099 5715 magis-desidero
3130 5646 3384 5702 vestrum
3415 5639 3565 5713 velut
3600 5630 3871 5710 angelicum
