4036 6172
219 234 322 327 7n

1709 243 2137 310 EPISTOLE.

3507 242 3625 320 722

217 364 438 433 vultum
470 364 811 434 videre.Hoc
840 392 1002 452 ergo,
1049 375 1168 434 vita
1215 374 1387 434 nobis
1433 376 1669 446 comite,
1718 377 1861 435 dum
1889 372 1945 450 Α
1971 383 2179 456 spicere
2204 383 2341 452 noli,
2394 401 2567 460 neque
2618 385 2894 459 [aligeris
2943 383 3073 444 dum
3131 385 3199 445 ab
3244 403 3306 448 eo
3349 392 3622 464 argueris.

217 467 560 559 quantocius
590 466 1091 559 perﬁcerequibo,
1106 467 1576 541 gratulabundus
1598 484 1701 525 vos
1721 467 1865 526 facie
1970 468 2176 529 Adhuc
2208 490 2462 549 namque
2490 474 2642 532 inter
2669 492 2833 550 spem
2865 479 2923 535 et
2969 480 3191 534 metum
3238 479 3486 559 positus,
3516 497 3620 554 pro

217 542 281 613 ad
310 542 521 612 faciem
552 556 789 613 visurus
819 556 1009 613 adibo.

803 662 1150 721 EPlS’l‘OLA
1189 664 1259 721 ll.

749 767 823 809 AD
860 769 940 809 W.
972 764 1295 810 EPISGOPUM
1306 793 1317 808 .

210 843 454 898 Eum
482 843 784 915 longiorem
815 852 1029 900 meram
1076 858 1304 901 suorum
1350 843 1411 898 in
1452 850 1726 899 certorum
1770 857 1863 898 co-

725 914 911 970 dicum
935 915 1345 987 persm‘iptione.

274 1003 504 1059 Domno
559 1002 821 1077 pontiﬁci
872 1006 966 1059 W.
1012 1003 1277 1060 omnium
1323 1002 1533 1079 jubere
1577 1002 1859 1058 virtutum

204 1089 448 1166 fulgenti
484 1090 832 1171 cunctisque
863 1091 924 1148 in
967 1092 1141 1148 domo
1166 1091 1398 1150 Domini
1436 1091 1645 1165 positis
1676 1091 1862 1147 instar

216 1180 344 1257 solis
375 1179 619 1248 lucenti,
652 1181 710 1238 S.
743 1180 846 1237 Dei
876 1179 1067 1254 gratia
1094 1180 1151 1236 in
1183 1180 1591 1254 Tegrinseensi
1617 1178 1859 1253 collegio

214 1268 395 1326 ofﬁcio
427 1269 631 1327 fruens
670 1268 922 1342 abbatis,
971 1287 1090 1326 una
1138 1286 1275 1326 cum
1324 1268 1601 1342 subjectis
1638 1268 1860 1342 jugiter

210 1359 422 1415 orando
451 1359 515 1416 in
546 1360 794 1432 utroque
825 1358 1063 1416 homine
1110 1359 1381 1431 perennis
1429 1357 1645 1432 gaudia
1676 1355 1856 1412 felici-

210 1449 359 1504 tatis.

261 1520 503 1596 Testem
533 1538 719 1595 Deum
746 1537 968 1606 invoco,
1001 1536 1213 1612 praesul
1245 1536 1643 1606 dilectissime,
1664 1524 1854 1609 ‘quod,

204 1624 464 1698 quandiu
507 1626 657 1693 vivo,
701 1628 934 1700 semper
991 1626 1156 1683 vobis
1209 1625 1520 1700 omnigena
1579 1626 1856 1682 servitute

201 1714 473 1773 famulari
503 1716 1309 1793 cupimomniumhominum
1340 1716 1736 1773 devotissime.
1767 1717 1852 1772 Ad

198 1803 310 1861 hac
344 1804 533 1862 etiam
564 1822 696 1862 cum
727 1805 1006 1864 fratribus
1026 1805 1174 1863 meis
1197 1809 1315 1863 toto
1337 1806 1527 1863 cordis
1549 1806 1854 1862 conanime

195 1893 601 1951 indesinenter
629 1892 907 1968 deprecor
933 1899 1119 1951 Deum
1149 1911 1256 1969 pro
1295 1895 1484 1952 salute
1524 1893 1700 1951 vestri
1730 1910 1854 1950 cor-

194 1981 349 2064 poris
400 1988 463 2039 et
503 1982 736 2059 animae.
800 1983 1110 2058 Magniﬁca
1164 1983 1344 2058 igitur
1401 2000 1668 2053 munera,
1726 2000 1853 2055 quae

192 2069 534 2144 frequenter
562 2071 915 2129 exhibuistis
946 2077 1150 2130 sancto
1172 2072 1678 2147 Quirino,penitus
1701 2088 1858 2129 com-

192 2159 599 2218 monefaciunt
628 2178 735 2219 nos
765 2161 993 2219 Christo
1023 2162 1356 2235 supplicare
1378 2179 1481 2235 pro
1505 2160 1855 2229 vobis,velut

190 2248 527 2306 memoriali
559 2250 776 2307 divino.
806 2250 1024 2308 Verum
1055 2250 1400 2325 suppliciter
1430 2250 1626 2325 ﬂagito
1648 2254 1850 2307 vestra

189 2338 597 2395 acellentiam
623 2340 919 2409 bonitatis,
946 2327 1028 2409 ne
1056 2339 1315 2415 aliquam
1337 2341 1552 2397 mentis
1578 2339 1850 2396 offensio-

192 2442 322 2483 nem
345 2431 560 2484 contra
574 2444 777 2503 meum
788 2429 1117 2487 ccenobium
1131 2430 1347 2503 geratis
1374 2446 1606 2485 moroso
1630 2433 1850 2501 tempo-

193 2514 269 2570 ris
302 2506 793 2573 intervallanibi
822 2534 938 2574 non
970 2522 1112 2574 sunt
1139 2518 1331 2574 adhuc
1378 2516 1683 2591 prescripti
1715 2516 1849 2573 libri

197 2619 341 2683 quos
375 2603 1008 2676 postulabatis.Sedula
1037 2622 1173 2681 ergo
1204 2606 1323 2663 illic
1364 2605 1717 2680 permutatio
1746 2606 1849 2662 ab-

196 2691 537 2759 batum,nec
560 2711 676 2750 non
698 2711 804 2768 pro
826 2694 1070 2752 diversis
1096 2696 1421 2751 scribendis
1450 2694 1849 2752 voluminibus

197 2779 571 2854 imperatoris
618 2783 966 2840 mandatum
1012 2783 1179 2840 valde
1225 2784 1554 2857 impediunt
1591 2783 1847 2840 votivum

196 2869 360 2926 vobis
389 2870 450 2926 in
498 2869 889 2930 ministrando
936 2873 1293 2930 desiderium
1343 2873 1684 2929 earumdem
1730 2873 1847 2929 fra-

198 2962 375 3014 trum.

783 3031 1132 3107 EPISTOLA
1160 3050 1260 3107 111.

200 3152 268 3191 AD
306 3152 648 3194 PULDBNSEM
693 3155 981 3205 ABBATEM,
1026 3155 1101 3196 UT
1146 3156 1415 3211 VIDB'PUR,
1455 3156 1841 3196 WIDERADUM.
1876 3123 1919 3190 ϐ

276 3298 281 3305 ί
328 3226 586 3298 Deplorat
609 3228 872 3283 miserum
898 3228 1185 3303 Fuldemis
1213 3229 1458 3285 ecclesia:
1485 3232 1710 3284 statum.

264 3312 609 3370 Venerando
638 3315 834 3371 abbati
869 3320 924 3383 δί,
955 3315 1320 3372 diversarum
1360 3315 1646 3373 virtutum
1692 3316 1847 3373 ﬂori-

199 3398 307 3457 bus
328 3406 571 3459 cunctos
587 3402 937 3476 prmeellenti
956 3405 1198 3461 abbates
1221 3403 1439 3461 nostris
1465 3406 1846 3478 temporibus,

202 3488 488 3564 iindigne
516 3490 799 3548 vocabulo
824 3493 1076 3565 pastoris
1115 3492 1527 3571 Tegrinseensi
1550 3492 1680 3549 ovili
1710 3510 1850 3566 pree-

200 3576 373 3663 latus,
407 3596 527 3637 una
555 3597 689 3637 cum
719 3581 922 3638 eodem
946 3582 1169 3655 jugiter
1188 3582 1408 3639 orando
1429 3581 1680 3639 cmlestis
1701 3599 1847 3656 gau-

201 3666 293 3751 dia
313 3673 577 3726 senatus.
832 3742 835 3749 Ι

268 3757 586 3831 Utriusque
612 3759 787 3816 vestri
817 3758 1075 3837 hominis
1124 3761 1471 3835 proiectum,
1498 3761 1665 3817 Pater
1711 3761 1848 3817 cha-

202 3845 453 3913 rissime,
486 3848 559 3904 ad
591 3847 893 3922 prOprium
914 3848 1059 3906 velle
1088 3848 1149 3905 in
1179 3850 1425 3906 Domino
1456 3864 1688 3922 semper
1717 3866 1848 3922 pro-

202 3936 419 4020 sperari
454 3953 569 3993 non
599 3953 763 4017 cesso
791 3955 1096 4017 proposse
1122 3955 1189 3995 ac
1219 3955 1393 3995 nosse
1440 3937 1664 4009 intimis
1704 3955 1848 4010 prea-

200 4024 533 4082 cordiorum
564 4026 838 4099 suspiriis
885 4026 1328 4100 de'precari.Sed
1364 4043 1480 4083 non
1513 4026 1640 4082 sine
1673 4026 1852 4101 lacry-

201 4114 316 4169 mis
344 4130 591 4186 possum
641 4114 832 4173 dicere
881 4119 1168 4188 quantum
1213 4133 1306 4171 me
1337 4116 1495 4171 fama
1545 4117 1615 4173 de
1640 4117 1850 4173 vestris

200 4190 471 4259 cladibus
500 4194 668 4260 triste
691 4204 966 4260 nuntium
992 4208 1231 4278 portans
1261 4203 1409 4261 solet
1436 4205 1685 4260 afﬁcere.
1734 4204 1849 4263 Du-

202 4282 347 4347 du’m
376 4291 537 4348 enim
578 4292 832 4366 comperi
858 4292 1281 4353 monaéterium
1327 4297 1383 4347 S.
1418 4293 1697 4352 Bonifacii
1727 4310 1850 4349 om-

197 4381 367 4436 nium
398 4379 781 4438 ecClesiarum
809 4381 1114 4455 speculum
1137 4381 1418 4455 hactenus
1432 4383 1567 4455 jure
1590 4382 1853 4438 nomina-

1970 566 2298 642 vestrarum
2331 581 2526 620 rerum
2557 570 2714 641 statu
2734 565 2893 621 hunc
2913 566 3149 624 brevem
3170 568 3335 625 vobis
3355 569 3618 640 mittens,

1969 652 2273 709 veritatem
2303 669 2650 727 cognoscere
2677 654 2847 728 cupio
2877 656 3180 729 praesentis
3200 656 3375 731 legati
3410 658 3617 717 relatu.

1970 736 2208 814 Egomet
2236 742 2362 815 ipse
2394 742 2676 820 nimirum
2706 760 2823 800 nou
2854 744 3150 801 differrem
3179 762 3281 803 vos
3324 746 3537 813 videre,
3570 748 3619 805 si

1970 828 2207 902 aliquod
2240 830 2543 888 charitatis
2594 832 2809 905 pignus
2856 837 3058 889 vestrae
3101 832 3352 891 almitati
3383 852 3619 907 possem

1969 920 2308 990 praebere,et
2332 920 2444 977 nisi
2475 938 2580 993 pro
2612 908 2955 977 aediﬁcando
2998 922 3059 979 S.
3091 921 3317 987 Quirini
3356 923 3619 980 coenobio

1968 1024 2161 1064 essem
2194 1014 2532 1083 occupatus,
2565 1012 2762 1083 atque,
2795 1013 2859 1066 ut
2877 1010 3042 1066 vob’is
3064 1014 3270 1068 notum
3297 1012 3619 1082 est,nimie-

1966 1095 2084 1152 tate
2111 1097 2475 1170 paupertatis
2500 1099 2763 1171 undique
2792 1098 3285 1158 circumvallatus.

2550 1194 2900 1263 EPISTULA
2938 1192 3029 1263 iv.

2356 1311 2430 1350 an
2462 1297 2761 1351 ﬂanimeum
2787 1311 3219 1353 IMPERATOREM.

1969 1382 2133 1437 Illum
2187 1391 2342 1452 rogat
2394 1391 2448 1438 et
2501 1383 2800 1439 obleslatur
2847 1400 2919 1440 ne
2961 1386 3358 1441 monasterium
3388 1378 3618 1455 Tegern-

2036 1469 2220 1526 scenae
2250 1455 2357 1509 ulli
2385 1456 2448 1509 in
2488 1456 2809 1526 beneﬁcium
2857 1456 3128 1523 concedat,
3181 1458 3244 1511 ui
3288 1458 3477 1513 mnia
3520 1472 3616 1513 seu

2037 1524 2329 1584 induslria"
2345 1542 2441 1583 seu
2459 1524 2680 1598 pietatis
2701 1543 2865 1598 opera
2893 1526 3029 1583 velit
3054 1527 3292 1584 diruere.

2038 1631 2423 1688 Invictissimo
2454 1632 2853 1689 Romanorum
2884 1633 3219 1705 imperatori
3248 1634 3514 1706 Augusto
3544 1633 3612 1690 Η.

1966 1719 2203 1793 speciali
2234 1720 2516 1777 virtutum
2548 1721 2878 1778 diademate
2891 1738 3007 1794 pra
3030 1721 3168 1778 ﬁliis
3188 1721 3497 1778 hominum
3518 1722 3613 1779 ve-

1967 1812 2163 1879 nusto,
2196 1811 2254 1865 S.
2289 1825 2470 1883 supra
2521 1809 2763 1883 Legium
2814 1810 2875 1881 [Ῑ.
2910 1809 3267 1883 collegium],
3296 1810 3355 1866 S.
3385 1811 3613 1877 Quirini

1964 1898 2528 1954 administratorium
2580 1906 2788 1971 gerens
2819 1902 3040 1955 statum
3080 1914 3199 1954 una
3226 1910 3359 1955 cum
3384 1900 3610 1968 eodem,

1964 1990 2097 2061 post
2124 1988 2450 2061 longaevum
2484 1987 2669 2044 felicis
2691 1987 2921 2061 imperii
2945 1987 3341 2061 principatum
3364 1987 3613 2045 cmlestis

1963 2077 2135 2132 curiae
2166 2080 2457 2133 senatum.

2033 2165 2180 2232 Quia
2209 2178 2495 2239 pauperes
2523 2169 2580 2221 et
2610 2165 2774 2237 egeni
2807 2174 3119 2221 numerum
3166 2166 3509 2222 excedentes
3539 2165 3610 2221 ad

1957 2271 2060 2312 vos
2072 2259 2319 2311 currunt
2340 2254 2398 2310 in
2418 2253 2669 2309 miseriis
2691 2269 2809 2309 sum
2828 2252 3272 2320 calamitatis,ac
3294 2264 3398 2324 pro
3414 2262 3614 2310 amore

1959 2346 2090 2415 ejus
2121 2343 2220 2416 qui
2251 2358 2351 2399 vos
2374 2341 2484 2399 sibi
2515 2342 2574 2397 in
2605 2340 2862 2398 Ecclesia
2892 2340 3175 2397 vicarium
3219 2340 3455 2414 delegit,
3485 2357 3611 2397 om-

1959 2433 2135 2489 nibus
2165 2432 2258 2487 bis
2282 2429 2632 2504 patrissatis,
2667 2430 2740 2484 ob
2772 2430 2829 2484 id
2861 2432 2919 2485 et
2949 2428 3187 2501 nos,qui
3210 2429 3430 2485 mundo
3449 2429 3611 2501 obje-

1958 2520 2056 2589 cti,
2090 2534 2261 2593 grave
2309 2517 2670 2592 paupertatis
2715 2528 2867 2574 onus
2916 2516 3270 2589 su‘biv‘im11s,
3300 2517 3361 2573 in
3410 2522 3613 2575 nostra

1958 2626 2219 2666 aerumna
2241 2610 2313 2665 ad
2330 2613 2530 2664 vestrae
2553 2607 2834 2663 almitatis
2859 2606 3305 2680 asylum,Caasar
3323 2603 3609 2679 piissime,

1957 2697 2352 2771 confugimus.
2385 2697 2530 2752 Nam
2566 2700 2699 2767 post
2728 2695 2915 2751 Deum
2944 2706 3077 2751 cum
3101 2693 3262 2751 omni
3301 2693 3613 2762 solamine,

1958 2786 2195 2859 excepto
2242 2790 2787 2852 vestro,careamus,
2831 2787 3042 2839 nostra:
3085 2781 3386 2856 religionis
3432 2785 3611 2854 atque

1958 2875 2168 2931 salutis
2198 2874 2613 2930 detrimentum
2644 2871 3061 2939 acceleramus,
3095 2871 3147 2927 si
3163 2870 3224 2927 in
3255 2870 3475 2927 nostris
3503 2871 3614 2927 Do-

1956 2964 2118 3021 mino
2148 2963 2420 3036 precibus
2440 2976 2541 3018 vos
2560 2961 2971 3017 commendare
2992 2972 3263 3032 unquam
3277 2973 3605 3016 cessamus.

1959 3048 2082 3119 Qua
2111 3053 2183 3108 de
2214 3064 2275 3108 re
2305 3058 2409 3124 pro
2439 3054 2601 3107 certo
2619 3049 2842 3117 scitote,
2877 3048 2937 3104 in
2968 3058 3146 3121 regno
3187 3044 3486 3105 neminem
3513 3062 3610 3103 ve-

1958 3146 2079 3198 stro
2109 3140 2460 3197 commorari
2493 3139 2594 3211 qui
2620 3138 2756 3211 plus
2777 3137 2949 3193 nobis
2966 3136 3179 3210 gliScat
3198 3136 3292 3192 die
3315 3136 3613 3208 noctuque

1957 3229 2299 3303 lacrymosis
2329 3218 2646 3302 gemitibds
2672 3236 2775 3299 pro
2802 3226 3062 3299 longaeva
3089 3218 3496 3282 incolumitate
3513 3240 3611 3281 ve-

1956 3322 2080 3375 stra
2122 3318 2421 3374 Christum
2453 3314 2771 3389 deprecari,
2807 3319 2867 3371 et
2904 3318 2969 3370 ut
2996 3315 3069 3370 de
3100 3313 3243 3371 caelo
3273 3314 3407 3387 pax,
3438 3313 3614 3370 victo-

1957 3407 2158 3479 riaque
2186 3405 2353 3462 vobis
2401 3405 2863 3472 administretur,
2898 3417 2969 3459 ne
3002 3401 3288 3459 securitas
3329 3401 3610 3459 Christia-

1957 3495 2158 3552 nitatis
2190 3494 2311 3551 ulla
2341 3492 2626 3550 bellorum
2659 3495 3004 3565 tempestate
3035 3491 3359 3564 quatiatur.

2028 3584 2245 3660 Ἶρι-ωτι
2313 3582 2551 3640 sinister
2628 3596 2827 3636 rumor
2902 3579 3273 3636 conturbavit
3346 3583 3610 3635 nostram

1958 3673 2162 3729 orandi
2195 3672 2599 3737 intentionem,
2623 3668 2793 3725 nobis
2820 3666 3254 3725 amarissimam
3279 3665 3609 3724 intimando

1955 3762 2437 3818 lamentationem
2470 3777 2483 3814 :
2519 3776 2620 3815 vos
2668 3757 2891 3815 scilicet
2919 3758 3076 3813 istud
3106 3756 3252 3813 velle
3279 3754 3610 3813 ccenobium

1958 3848 2185 3907 tradere
2216 3851 2275 3905 in
2307 3848 2759 3919 beneﬁcium,ad
2792 3851 3005 3903 nostris
3052 3844 3389 3919 exiguitatis
3416 3844 3610 3900 inces-

1958 3938 2145 3995 sabile
2175 3937 2532 4011 supplicium
2558 3935 2645 3993 vel
2668 3934 2993 4007 justitium.
3024 3933 3083 3988 Si
3112 3950 3247 3989 vero
3278 3933 3424 3988 istos
3454 3930 3612 3987 ullus

1958 4026 2279 4083 cmnobitas
2308 4024 2567 4081 vindicat
2596 4024 2653 4079 in
2688 4021 3310 4094 servitutem,profecto
3334 4020 3431 4075 hic
3470 4020 3611 4076 defi-

1960 4116 2073 4173 ciet
2100 4132 2274 4172 omne
2303 4113 2535 4170 artiﬁcii
2584 4112 2948 4178 exercitium,
2991 4108 3130 4182 quia
3160 4107 3431 4181 posthinc
3464 4124 3613 4179 quos

1962 4205 2134 4261 taedet
2163 4201 2606 4270 vivere,nullum
2637 4201 2730 4257 his
2760 4197 3118 4256 desiderium
3140 4203 3228 4253 est
3248 4196 3488 4270 pingere
3512 4196 3615 4251 aut

1962 4292 2348 4349 scribere.Sed
2380 4292 2493 4347 huc
2523 4290 2777 4361 illucque
2808 4289 3237 4361 dispergentur,
3267 4280 3339 4340 ne
3387 4283 3612 4357 aliquid

1963 4382 2036 4438 ad
2052 4381 2489 4437 aediﬁcationem
2505 4378 2870 4452 spiritualem
2882 4373 3382 4450 operentusztud
3396 4372 3615 4446 quippe

199 4474 515 4535 tum,nunc
545 4486 678 4526 cum
727 4454 1021 4545 contiguis
1068 4454 1328 4527 aedificiis
1360 4488 1488 4527 esse
1516 4487 1853 4526 concrema-
1883 4493 1930 4557 Ι)
1970 4469 2389 4526 monasterium
2434 4469 2491 4524 in
2523 4468 2632 4523 hac
2658 4464 2957 4539 provincia
2984 4460 3488 4536 antiquissimum,
3516 4478 3612 4517 va-

200 4558 474 4616 tum.Hoc
505 4574 644 4632 ergo
665 4558 893 4615 cunctis
921 4558 1408 4632 cognoscentibus
1448 4563 1538 4615 est
1576 4558 1856 4615 lamenta-

206 4647 340 4715 bile,
372 4648 475 4720 qui
530 4652 586 4704 et
616 4650 819 4721 Optant
870 4648 1058 4721 gratia
1107 4647 1209 4703 Dei
1263 4647 1458 4720 ipsum
1505 4648 1855 4721 quandoque

204 4735 451 4809 pristino
480 4737 688 4793 decore
718 4737 842 4792 ﬁeri
872 4735 1215 4810 reparabile.
1248 4737 1508 4793 Necdum
1552 4754 1686 4793 vero
1717 4737 1854 4793 hinc

205 4826 419 4882 obortae
450 4824 595 4881 mihi
626 4825 893 4899 lacrymae
914 4830 1082 4883 erant
1110 4825 1357 4893 siccatas,
1390 4831 1448 4881 et
1467 4826 1677 4882 iterum
1711 4826 1853 4882 sini-

207 4917 323 4970 sier
352 4931 559 4971 rumor
588 4914 784 4971 attulit
810 4931 914 4971 vos
943 4919 1104 4988 peste
1128 4913 1430 4988 turgidum
1454 4914 1582 4986 jam
1617 4915 1674 4971 in
1706 4918 1855 4970 mor-

206 5002 282 5059 u’s
306 5019 437 5061 esse
466 5003 783 5061 vicinitate.
813 5004 1031 5060 Verum
1080 5005 1169 5084 ad
1204 5004 1326 5060 haec
1358 5004 1680 5061 infortunia
1708 5004 1851 5060 dum

208 5107 432 5165 nequeo
460 5090 759 5166 corporale
780 5091 1056 5150 solatium
1084 5092 1355 5149 exhibere
1383 5092 1548 5149 vobis
1566 5091 1653 5149 vel
1680 5090 1859 5150 medi-

206 5176 920 5255 camentum,supplicans
950 5171 1177 5238 tantum
1208 5181 1436 5238 Christo
1468 5199 1571 5254 pro
1602 5182 1857 5238 remedio

204 5270 407 5338 vestri,
441 5258 587 5326 illud
619 5271 795 5327 etiam
826 5269 1280 5329 consolatorium
1304 5272 1489 5326 sancti
1510 5267 1710 5327 Jacobi
1732 5288 1859 5342 pro-

204 5359 322 5416 fero
372 5359 795 5415 documentum
830 5376 842 5414 ε
879 5359 1048 5416 Omne
1074 5359 1339 5431 gaudium
1366 5360 1695 5425 existimate,
1728 5360 1859 5415 dum

201 5453 263 5505 in
286 5449 611 5506 mutationes
642 5451 823 5505 varias
866 5448 1205 5515 inclderitis;
1235 5447 1377 5503 dum
1428 5452 1484 5503 et
1528 5445 1673 5503 alias
1712 5448 1858 5504 scri-

216 5541 374 5605 vium
422 5553 554 5596 esse
605 5537 882 5597 noveritis
910 5554 924 5594 :
956 5530 1068 5594 Fili
1110 5536 1462 5610 disciplinam
1504 5537 1725 5593 Domini
1766 5536 1859 5610 de.-

1964 4558 2168 4632 rioque
2197 4557 2495 4630 quondam
2526 4559 2735 4612 ornatu
2766 4550 3497 4627 splendidissimum,sicut
3525 4566 3612 4607 re-

1963 4647 2082 4721 gali
2114 4644 2751 4717 auctoritate,legitima
2778 4644 3059 4699 donatum
3085 4647 3174 4699 est
3193 4640 3463 4697 libertate
3492 4638 3615 4711 pri-

1964 4738 2078 4793 mis
2110 4736 2374 4809 ejusdem
2408 4732 2931 4789 intervenientibus
2968 4729 3398 4796 fundatoribus,
3432 4727 3516 4783 sic
3546 4725 3615 4780 li-

1963 4827 2102 4882 bera
2132 4842 2268 4881 cum
2308 4822 2625 4896 privilegiis
2655 4821 2989 4878 conditione
3032 4818 3416 4876 sublimatum
3465 4818 3554 4871 est
3582 4830 3618 4870 a

1960 4911 2690 4979 vestris.antecessoribus.

2032 5009 2200 5060 Nunc
2228 5001 2408 5076 igitur
2433 4997 2853 5074 el'llagitamusi
2862 5013 3034 5070 psum
3050 4994 3151 5067 qui
3178 4994 3237 5049 in
3260 5009 3439 5049 manu
3460 4994 3620 5049 tenet

1967 5111 2076 5149 sua
2105 5090 2370 5149 omnium
2403 5089 2577 5146 corda
2604 5105 2829 5162 regum,
2864 5086 3155 5158 quatenus
3184 5083 3344 5139 cordi
3374 5080 3621 5154 inspiret

1964 5188 2156 5239 vestro
2195 5198 2311 5236 non
2359 5194 2633 5252 spernere
2686 5180 3017 5231 nostrarum
3062 5171 3463 5230 humilitatem
3495 5187 3619 5243 pre-

1967 5289 2122 5327 cum.
2151 5270 2539 5326 Obsecremus
2588 5264 2826 5338 quidem
2874 5260 3515 5336 luctuosisgemitibus
3544 5258 3617 5315 ob

1967 5360 2096 5431 ejus
2127 5357 2381 5414 nominis
2412 5352 3355 5425 sanctitudinem,quivos,regum
3377 5349 3616 5422 optime,

1969 5450 2040 5505 ad
2070 5452 2290 5504 tantam
2324 5444 2595 5519 perduxit
2642 5442 3072 5509 celsitudinem,
3105 5457 3210 5497 seu
3258 5443 3492 5513 prepter
3523 5454 3619 5511 pa-

1971 5542 2203 5595 rentum
2265 5539 2613 5602 vestrorum,
2650 5531 2945 5606 vestrique
2996 5529 3390 5603 elemosynam
3444 5530 3619 5599 atque
