4036 6172
454 279 573 352 727

1531 268 1862 349 vasoms‘
1905 253 2375 348 mentumis
2420 263 2800 346 EPlSCOPI.

3679 277 3782 357 1'18

460 414 616 480 iicut
639 413 962 480 econtrario
983 411 1172 477 solent
1192 410 1409 476 fenoris
1439 410 1734 476 exactores
1761 410 1958 474 debita
1975 433 2109 474 eum
2139 417 2194 488 Α
2225 437 2254 468 ‹‹
2287 407 2435 484 Quid
2457 415 2568 486 est,
2601 432 2819 488 quaiso,
2855 405 3038 482 aliud,
3068 411 3362 473 veritatem
3407 415 3624 478 scienter
3660 421 3788 482 frau-

463 509 664 569 usuris
693 514 1055 584 extorquere,
1086 508 1487 581 evangelicum
1520 508 1664 565 illud
1699 508 1874 564 corde
1894 512 2122 574 tenens,

463 617 563 659 ore
613 600 914 674 proferens
946 616 960 655 :
987 599 1184 656 Gratis
1236 599 1566 670 accepistis,
1610 599 1808 672 gratis
1857 595 2127 668 detegat

465 689 611 747 illud
643 705 657 744 :
693 689 930 747 Beatius
957 697 1040 745 est
1064 689 1215 748 dare
1263 705 1438 763 quam
1489 689 1777 758 accipere.
1812 687 2116 743 Muiﬁcen-

465 778 608 837 tiam
639 778 700 835 in
733 795 800 836 eo
844 777 1072 836 laudari
1116 793 1234 834 non
1277 781 1367 834 est
1414 793 1672 846 necesse,
1707 776 1848 850 quia
1887 777 1971 832 ita
2003 779 2128 831 erat

466 867 710 925 sedulus
757 883 897 942 erga
937 865 1200 940 hospites
1249 871 1306 922 et
1345 867 1702 940 peregrinos,
1739 870 1806 922 ut
1837 883 1954 921 non
1985 881 2127 937 opes

466 957 809 1029 expendere,
824 957 926 1013 sed
958 958 1032 1014 de
1056 954 1227 1030 pleno
1257 953 1486 1030 gurgite
1509 953 1754 1012 haustas
1785 953 2128 1012 fundere'vi-

465 1047 716 1115 daretur,
737 1063 853 1104 non
876 1045 1002 1102 sine
1035 1045 1419 1102 admiratione
1449 1045 1794 1102 aemulorum
1817 1045 2130 1118 indignan-

465 1135 615 1192 tium
647 1135 962 1192 nobiliores
993 1139 1050 1192 et
1069 1135 1310 1192 ditiores
1333 1134 1532 1190 minus
1553 1133 1807 1208 potentis
1829 1124 2046 1190 virtute
2069 1137 2128 1190 et

465 1223 650 1298 gloria.
681 1223 1124 1298 superari.0uid
1158 1223 1362 1282 multis
1390 1223 1707 1280 immorer?
1727 1223 1874 1280 Cum
1897 1222 2124 1280 schola-

466 1313 550 1370 ris
579 1312 757 1369 ofﬁcii
787 1312 987 1369 labore
1017 1314 1130 1368 sub
1169 1313 1434 1369 Baldrico
1484 1313 1756 1386 episcopo
1807 1299 2126 1368 decanatus

467 1419 585 1460 non
615 1405 822 1476 sponte
869 1400 1225 1458 sublimatur
1271 1395 1578 1470 honore,in
1627 1419 1742 1475 quo
1790 1396 2122 1458 modestum

470 1490 554 1548 ita
582 1508 646 1547 sc
675 1489 944 1548 exhibere
974 1491 1248 1548 studebat
1277 1495 1334 1548 et
1364 1491 1425 1547 in
1455 1491 1718 1561 subjecto
1752 1490 1905 1564 pius,
1923 1494 2126 1547 contra

471 1579 758 1652 superbos
789 1582 846 1635 et
873 1582 1138 1652 potentes
1169 1579 1228 1634 in
1259 1579 1491 1636 virtutis
1521 1578 1776 1635 culmine
1801 1596 1934 1634 cum
1949 1579 2126 1652 justi-

471 1668 564 1724 tiie
595 1666 776 1734 armis
802 1671 986 1724 staret
1013 1671 1259 1725 erectus.
1284 1668 1447 1726 Unde
1479 1667 1724 1741 contigit
1749 1672 1814 1724 ut
1833 1668 2122 1725 Joannem

470 1754 872 1830 p‘repo'sith'm,
918 1760 1091 1820 antea
1140 1756 1252 1814 sibi
1306 1756 1365 1813 in
1425 1755 1700 1814 amicitiis
1757 1756 2124 1814 familiariter

463 1841 762 1920 junctum,
795 1845 1010 1920 scripto
1042 1863 1156 1902 non
1205 1846 1284 1903 sit
1328 1845 1548 1903 veritus
1579 1861 1841 1920 arguere,
1875 1863 1942 1903 eo
1967 1847 2122 1920 quod

471 1889 738 1920 ,............
795 1889 1010 1920 “up...
1043 1889 1156 1902 ..νυ
1205 1889 1284 1903 υ...
1339 1889 1548 1903 mm...
1579 1889 1841 1920 ...g.......,
1875 1889 1940 1903 νυ
1968 1889 2122 1920 Ἴωνι.

471 1931 675 1993 contra
699 1889 970 1992 elationis
1002 1935 1223 1991 malum
1247 1936 1320 1991 ob
1349 1943 1567 2002 vanum
1592 1935 1886 2009 praepositi
1909 1953 2123 1992 nomen

472 2041 681 2100 parum
711 2023 1164 2094 consuluerit,et
1192 2025 1559 2099 tyrannicam
1591 2025 1908 2098 potentiam
1942 2042 1976 2081 a
1996 2024 2127 2082 reli-

471 2111 644 2188 gione
672 2112 904 2186 semper
932 2112 1236 2186 profanam
1289 2113 1349 2170 in
1397 2113 1780 2187 disponendis
1823 2113 2124 2187 pre-libita

473 2203 650 2260 rebus
677 2200 932 2259 ceclesias
963 2201 1076 2258 sibi
1107 2203 1482 2276 arrogaverit.
1517 2203 1680 2270 Quod
1715 2203 1786 2259 ad
1815 2203 2124 2260 confutan-

473 2283 610 2372 dam
643 2286 934 2366 malorum
958 2290 1402 2364 praepositorum
1435 2293 1866 2349 contumaciam
1899 2293 2128 2366 aptissi-

475 2396 641 2436 mum
671 2379 811 2437 huic
830 2379 1144 2452 opsusculo
1163 2397 1278 2437 non
1311 2380 1529 2454 pigebit
1548 2381 1821 2438 intexere.
1837 2382 2052 2439 Verum
2076 2382 2126 2440 si

475 2469 612 2544 quis
631 2467 778 2526 mihi
810 2468 940 2526 ideo
971 2471 1466 2544 succenseat,ipse
1495 2469 1606 2527 sibi
1630 2470 1770 2543 quia
1799 2471 1992 2528 malus
2016 2478 2124 2542 est,

475 2555 646 2616 testis
695 2554 823 2614 erit.
849 2555 1096 2632 Scripsit
1146 2558 1344 2632 itaque
1391 2558 1475 2616 sic
1532 2564 1853 2618 memorato
1891 2560 2124 2632 Joanni,

476 2643 702 2730 n'e'viter
747 2643 1026 2730 educasse
1071 2647 1182 2704 sibi
1233 2647 1515 2706 missione
1554 2666 1588 2704 a
1617 2647 1902 2708 scholaris
1948 2651 2127 2708 ofﬁcii

477 2736 1006 2796 administratione.

477 2819 1217 2902 Car.lll.—coutroeersia
1233 2826 1318 2884 ad
1335 2829 1609 2885 Joannem
1632 2829 2007 2902 praepositum
2025 2831 2124 2904 (1).

522 2935 528 2944 '
554 2937 584 2967 ‹‹
614 2910 800 2973 Ριιᾶῐέσί
827 2913 1040 2974 Jb'anni
1072 2913 1396 2974 secundum
1431 2933 1540 2975 sua
1569 2917 1777 2976 merita
1823 2936 1940 2976 non
1981 2937 2128 2978 suus

479 3028 509 3057 «
544 3008 722 3065 Vaso.

549 3117 578 3145 «
612 3098 678 3150 In
703 3093 914 3153 veteris
945 3095 1213 3152 amicitiae
1243 3096 1587 3153 memoriam
1631 3115 1806 3172 cogor
1826 3103 1902 3170 te,
1929 3099 2124 3168 frater,

473 3295 504 3326 «
537 3273 817 3331 merearis
845 3273 1064 3348 gratiae.
1089 3274 1383 3332 Hactenus
1413 3279 1468 3332 te
1487 3277 1836 3333 venustabat
1858 3275 2125 3352 aliquan-

476 3383 506 3414 «
536 3361 730 3418 tulum
761 3360 1086 3420 litterarum
1114 3363 1387 3432 scientia;
1413 3365 1690 3422 eli'erebat
1705 3366 1881 3423 etiam
1913 3349 1975 3423 in
1995 3349 2128 3426 con-

476 3473 506 3501 ‹‹
538 3450 854 3530 stituendis
910 3452 1159 3525 negotiis
1207 3452 1450 3512 rationis
1485 3454 1750 3524 justitia;
1786 3469 1940 3512 nunc
1971 3457 2124 3530 quod

477 3561 507 3590 ‹‹
537 3538 693 3596 bona
722 3521 954 3596 fortuna
985 3538 1185 3606 uteris,
1218 3541 1414 3614 priora
1444 3544 1832 3615 praesentibus
1879 3521 2126 3602 confun-

479 3649 508 3678 «
538 3628 677 3684 'dere
707 3625 854 3684 nihil
881 3628 1117 3686 videris.
1136 3628 1429 3704 Quidquid
1457 3631 1594 3688 boni
1625 3633 1792 3706 prius
1811 3634 2124 3705 habueras,

477 3739 507 3768 ‹‹
540 3716 951 3789 adjudicamus
982 3717 1363 3788 simulationi,
1389 3719 1529 3792 quia
1557 3721 1790 3778 fortuna
1817 3723 1986 3780 bonis
2027 3741 2128 3780 su-

477 3830 508 3857 «
537 3805 880 3880 perveniens
923 3807 1071 3865 solet
1116 3808 1388 3866 meliores
1419 3810 1497 3882 (2)
1528 3811 1776 3884 operari.
1823 3813 2127 3872 Enimvero

477 3919 507 3946 «
537 3895 772 3974 divitias
797 3913 905 3973 per
931 3913 995 3954 se
1024 3914 1213 3972 neque
1243 3898 1429 3956 bonas
1459 3917 1648 3976 neque
1679 3900 1864 3958 malas
1895 3920 2126 3960 nuncu-

478 4008 507 4036 ‹‹
540 3979 772 4072 ﬁamus,
804 3985 918 4042 n‘isi
951 4003 985 4042 a
1013 3986 1454 4059 possessoribus
1483 3989 1607 4046 suis
1635 3988 1746 4046 hoc
1790 3985 2126 4050 translative

478 4097 507 4126 «
540 4073 620 4149 (3)
649 4077 1011 4156 premamus.
1047 4073 1565 4135 Archidiaconatus
1596 4079 1752 4138 enim
1799 4084 2128 4156 ceteraque

479 4187 508 4214 «
542 4155 746 4220 mundi
776 4155 1004 4221 vanitas
1033 4181 1161 4244 suo
1209 4168 1476 4241 contagio
1523 4171 1579 4224 te
1624 4187 1739 4226 non
1772 4169 1990 4239 infecit,
2025 4173 2125 4228 sed

479 4276 508 4304 ‹‹
543 4255 722 4328 quam
771 4250 1096 4328 versipeilis
1145 4255 1310 4329 prius
1369 4255 1614 4325 latebas,
1669 4257 1796 4316 suis
1851 4259 2128 4333 operibus

478 4365 508 4394 «
537 4337 829 4400 exnosuit.

551 4455 579 4482 ‹‹
612 4429 905 4506 Ultionem
937 4429 1089 4490 male
1127 4432 1355 4490 vivendi
1405 4435 1648 4493 forsitan
1699 4437 2127 4506 reformidares,

482 4631 512 4661 «
543 4611 657 4685 que
687 4605 873 4666 multa
902 4603 958 4666 in
977 4611 1033 4668 te
1053 4611 1351 4685 punienda
1372 4615 1594 4686 possim
1619 4631 2131 4684 rescnsere,unum

483 4720 512 4748 «
543 4693 702 4774 quod
730 4703 825 4756 me
853 4697 1118 4774 contigit,
1151 4699 1299 4767 volo,
1333 4701 1383 4758 si
1414 4719 1645 4776 queam,
1680 4705 2134 4765 refellere.Dicis

480 4811 510 4840 «
542 4790 599 4846 te
626 4783 1005 4862 praepositum
1034 4789 1304 4865 potenter
1349 4807 1477 4848 esse
1507 4793 1916 4862 constitutum,
1949 4795 2136 4854 claus-

483 4901 513 4928 α
547 4867 720 4934 tralia
749 4878 982 4953 negotia
1011 4877 1169 4936 dom‘i
1202 4877 1328 4936 sine
1356 4879 1599 4938 consilio
1621 4881 1825 4939 decani
1856 4883 2134 4942 fratrum-

483 4989 511 5018 α
545 4968 678 5042 ‘que,
711 4965 864 5047 sicut
904 4967 1180 5038 volucris,
1213 4967 1713 5042 dispensaturum.
1746 4975 1888 5029 Cum
1939 4972 2134 5047 gladio

488 5075 517 5105 ‹‹
547 5059 663 5138 non
693 5046 901 5138 utaris,
931 5074 1036 5114 cur
1066 5062 1333 5132 potenter
1357 5057 1546 5133 magis
1576 5077 1752 5133 quam
1791 5046 2136 5135 regulariter

489 5162 517 5192 ‹‹
548 5133 735 5198 dicis“?
762 5134 822 5199 Si
847 5143 956 5223 tua
1002 5143 1258 5221 dignitas
1307 5153 1396 5204 est
1445 5163 1479 5204 a
1520 5141 1656 5216 Deo,
1690 5167 1796 5206 cur
1825 5133 1986 5208 illam
2017 5170 2133 5209 non

489 5249 519 5280 «
549 5227 928 5313 commendas
959 5235 1213 5308 scripto?
1237 5239 1303 5292 In
1333 5237 1737 5294 confusionem
1771 5255 2134 5313 meam,prae-

490 5339 518 5367 α
550 5305 736 5397 latum
768 5324 826 5376 et
855 5323 1232 5394 praepositum
1284 5343 1469 5383 unum
1517 5343 1647 5383 esse
1695 5323 1872 5397 dicis;
1905 5305 2138 5388 obviare

485 5430 514 5458 ‹‹
548 5395 798 5474 veritati,
855 5409 1058 5482 gratiae
1122 5413 1474 5482 deserviens,
1537 5415 1781 5472 minime
1848 5434 2136 5477 reverens.

559 5516 577 5588 (
589 5515 636 5659 lg
671 5514 734 5572 ln
753 5515 958 5602 multis
975 5517 1171 5598 diil‘ert
1190 5520 1262 5576 ab
1281 5521 1452 5578 editis
1464 5521 1806 5582 circaﬁnem
1824 5524 2136 5600 imprimis.

559 5589 615 5659 (2
668 5580 842 5659 Edit.,
873 5581 1105 5659 efﬁcere.

559 5580 636 5659 (2)
668 5580 842 5660 Edit.,
873 5581 1105 5661 efﬁcere.

2235 529 2263 557 «
2295 508 2452 592 dare,
2487 523 2666 580 quam
2711 506 3007 562 Christum
3041 505 3181 579 pati,
3212 507 3453 564 secundo
3480 510 3788 586 cruciﬁgere?

2237 618 2266 646 ‹‹
2300 593 2390 654 Vw
2417 598 2514 670 qui
2540 597 2732 652 dicunt
2755 597 2966 652 malum
2997 597 3218 666 bonum,
3250 604 3298 651 et
3326 598 3582 654 veritatem
3603 616 3793 658 comu-

2238 708 2266 737 «
2293 690 2412 742 tant
2445 688 2501 742 in
2531 685 2896 742 mendacium.
2929 686 3078 758 Ergo
3110 700 3244 740 cum
3280 685 3527 742 Christus
3551 689 3794 748 veritatem

2238 795 2267 830 ‹‹
2297 779 2360 833 se'
2387 791 2516 832 esse
2541 776 2714 844 dicat,
2753 774 3024 848 quisquis
3053 773 3348 832 veritatem
3378 773 3539 844 laedit,
3557 776 3796 836 Christum

2236 889 2263 916 «
2296 863 2498 938 procul
2529 865 2708 921 dubio
2739 865 2986 920 sauciat.

2309 977 2336 1004 «
2369 951 2567 1011 Sancti
2587 955 2806 1022 Patres,
2841 953 2962 1012 zelo
2984 953 3231 1026 justitise
3261 953 3548 1022 ferventes,
3577 953 3802 1014 claustra-

2237 1065 2266 1094 «
2297 1043 2412 1100 lem
2443 1043 2706 1117 regulam
2735 1043 3018 1101 divinitus
3048 1043 3329 1100 illustrati
3375 1043 3802 1116 conscripserunt;

2237 1122 2439 1190 «nihil
2471 1135 2836 1206 superﬂuum
2869 1134 3178 1202 addentes,
3198 1133 3285 1189 vel
3319 1131 3676 1189 necessarium
3701 1135 3806 1190 sub-

2250 1244 2264 1272 ‹
2297 1223 2611 1292 trahentes,
2628 1239 2815 1297 neque
2837 1224 2910 1280 ad
2932 1223 3247 1289 dexteram,
3271 1237 3455 1294 neque
3474 1222 3537 1277 ad
3567 1221 3806 1279 sinistram

2234 1336 2262 1362 «
2294 1312 2748 1370 declinaverunt.
2785 1312 3008 1370 Przelati
3041 1316 3098 1368 et
3125 1311 3420 1385 praepositi
3447 1309 3678 1368 tulerunt
3711 1329 3812 1367 om-

2234 1427 2261 1453 ‹‹
2296 1409 2430 1458 nem
2459 1401 2935 1468 centroversiam,
2968 1401 3016 1458 si
3045 1399 3152 1457 tibi
3188 1395 3578 1468 ambitionem,
3607 1399 3814 1473 mihique

2233 1516 2261 1543 ‹‹
2293 1491 2530 1564 lenioris
2559 1490 2860 1548 invidiam.
2894 1491 3017 1560 Dic,
3051 1491 3166 1558 dic,
3200 1506 3419 1562 quaeso,
3449 1487 3497 1546 si
3530 1487 3703 1562 regula
3723 1489 3816 1546 sin-

2235 1606 2263 1635 «
2293 1581 2542 1656 gillatim
2563 1580 2758 1638 titulat
2777 1575 3817 1653 episcopum,prailatum,prepositum,

2233 1784 2262 1810 ((

2235 1875 2262 1902 ((

2231 1695 2260 1723 ‹‹
2295 1676 2616 1738 cantorem,
2645 1669 2970 1738 cellarium;
2995 1667 3343 1742 portarium,
3378 1667 3645 1740 usquead
3683 1666 3822 1739 pisto-

2294 1777 2384 1818 res
2411 1765 2468 1818 et
2499 1775 2746 1834 coquos;
2783 1758 2834 1816 si
2865 1757 3142 1832 praelatus
3191 1760 3248 1813 et
3299 1754 3632 1830 praepesit‘us
3673 1765 3814 1810 unum

2297 1855 2600 1923 est,quare
2632 1847 3025 1922 praetermittit
3056 1846 3388 1903 decanum?
3405 1845 3522 1902 Non
3558 1839 3728 1900 debuit
3751 1841 3825 1898 ille

2235 1963 2263 1991 «
2298 1939 2642 2012 diligentius
2673 1936 2869 2003 scribi,
2903 1936 3004 2010 qui
3035 1935 3226 2009 magis
3256 1933 3542 1992 obnoxius
3568 1937 3649 1990 est
3668 1933 3823 1988 deser-

2234 2053 2261 2080 ‹‹
2293 2029 2413 2086 vire
2443 2027 2748 2102 religioni?
2769 2024 3252 2084 Irrationabiliter
3273 2041 3411 2099 ergo
3441 2023 3702 2086 videbitur
3724 2037 3823 2077 esse

2235 2141 2263 2168 «
2298 2117 2504 2192 regula
2531 2117 2876 2190 composita,
2903 2116 2950 2172 si
2986 2131 3100 2172 non
3133 2113 3472 2188 exsequitur
3500 2110 3677 2168 omnia
3700 2110 3821 2166 clau-

2237 2231 2266 2260 (ι

2299 2205 2503 2265 stralia
2558 2207 2882 2263 secundum
2931 2201 3298 2280 propositum
3360 2199 3698 2259 necessaria?
3736 2195 3824 2254 Sed

2235 2322 2264 2349 «
2298 2297 2433 2372 quis
2458 2311 2670 2353 sanum
2694 2293 2930 2369 sapiens
2961 2288 3200 2350 audebit
3229 2292 3344 2348 hoc
3376 2305 3701 2354 asseverare,
3723 2303 3826 2344 cum

2237 2411 2264 2439 ‹‹
2292 2387 2534 2460 Spiritus
2561 2394 2780 2442 sanctus
2811 2388 3014 2441 auctor
3043 2381 3260 2456 regulas
3307 2383 3617 2454 ﬁgmentum
3653 2377 3830 2450 effugiat

2241 2498 2268 2528 ‹‹
2296 2477 2646 2550 disciplinac?
2694 2473 2843 2539 Noli,
2897 2473 3095 2540 frater,
3138 2468 3257 2526 noli
3319 2469 3472 2526 male
3523 2462 3832 2539 interpretari

2237 2588 2268 2617 ‹‹
2301 2566 2654 2638 scripturam
2688 2563 2901 2637 regula:
2933 2557 3359 2629 sufﬁcientem;
3394 2553 3608 2632 praelati
3633 2560 3682 2613 et
3722 2567 3832 2627 pra-

2237 2679 2267 2708 ((

2300 2654 2647 2730 positi,velis
2667 2653 2838 2720 nolis,
2855 2648 3246 2708 necessariam
3288 2645 3424 2706 tene
3439 2643 3834 2704 distinctionem.

2237 2768 2268 2796 «
2301 2745 2448 2812 Quia
2476 2743 2526 2801 si
2553 2742 2772 2818 praelati
2807 2745 2865 2798 et
2895 2739 3190 2814 praepositi
3230 2755 3423 2796 unum
3469 2740 3614 2794 esset
3655 2733 3834 2803 subjec-

2239 2857 2268 2884 ‹‹
2299 2837 2427 2890 tum
2459 2831 2654 2906 potius
2679 2847 2864 2888 unum
2897 2846 3076 2904 quam
3115 2829 3232 2884 duo
3264 2827 3616 2884 scriberetur
3655 2819 3833 2895 capitu-

2239 2946 2267 2974 ‹‹
2300 2923 2453 2990 lum;
2476 2919 2704 2978 utsicut
2723 2913 2990 2994 pressulis
3009 2922 3066 2974 et
3089 2915 3354 2991 episcopi
3373 2911 3555 2972 duum
3576 2911 3833 2969 nominum

2237 3035 2268 3064 (ζ

2301 3013 2368 3068 fit
2394 3027 2580 3067 unum
2599 3007 3037 3083 capitulum,sic
3055 3005 3284 3080 praelati
3314 3011 3376 3064 et
3391 3001 3676 3080 praepositi
3696 2999 3838 3064 ﬁeret,

2243 3125 2270 3151 ‹‹
2305 3101 2355 3156 si
2381 3103 2536 3156 esset
2567 3114 2770 3156 unum.
2804 3097 2952 3165 Quia
2997 3112 3133 3170 ergo
3181 3096 3316 3152 dum
3367 3109 3618 3168 persona:
3650 3085 3826 3145 intelli-

474 3206 504 3234 «
537 3183 728 3241 adhuc
749 3183 1119 3259 compellare,
1146 3186 1415 3258 quamvis
1446 3187 1604 3260 apud
1635 3171 1742 3244 nos
1772 3187 1851 3244 nil
1879 3187 2126 3262 dignum
2157 3171 2200 3238 (ἶ
2239 3211 2268 3240 ‹‹

2298 3194 2518 3263 guntur
2547 3188 2606 3243 in
2639 3186 2858 3261 praelati
2892 3189 2949 3242 et
2975 3183 3273 3258 praepositi
3306 3179 3834 3258 signiﬁcatione,me-

2236 3301 2265 3329 ‹‹
2298 3278 2408 3336 rite
2437 3280 2584 3336 duas
2614 3275 2936 3334 sententias
2966 3273 3186 3348 placuit
3234 3272 3457 3348 regulae
3507 3265 3835 3342 scriptoribus

2237 3392 2266 3419 ‹‹
2298 3383 2608 3425 annexere.

2310 3479 2339 3509 «
2373 3455 2702 3514 Praesertim
2735 3471 2948 3511 nomen
2981 3450 3207 3518 decani,
3232 3452 3396 3524 quod
3432 3447 3626 3524 regula
3650 3461 3749 3500 non
3770 3456 3842 3514 po-

2239 3547 2440 3614 «suit,
2479 3544 2720 3601 minimc
2767 3547 2824 3600 te
2871 3546 3118 3608 moveat,
3163 3542 3324 3615 quod
3377 3538 3568 3596 solum
3621 3528 3840 3591 militaris

2296 3633 2627 3708 disciplina,
2659 3637 2716 3690 et
2764 3631 2966 3705 regula
3025 3627 3208 3688 sancti
3270 3626 3593 3693 Benedicti,
3618 3642 3650 3680 a
3685 3623 3840 3678 decem

2237 3747 2265 3776 ‹‹
2302 3721 2588 3780 militibus
2617 3721 2704 3778 vel
2738 3719 3063 3788 monachis,
3090 3717 3305 3774 littoris
3331 3717 3518 3774 sacris
3546 3708 3840 3770 tacentibus,

2239 3835 2268 3865 ((

2298 3814 2692 3886 frequentant.
2715 3809 3001 3876 Quoniam
3023 3807 3262 3882 quidem
3295 3823 3437 3864 cum
3459 3800 3721 3877 regularis
3745 3793 3842 3852 dili-

2237 3927 2264 3954 ‹‹
2297 3902 2492 3976 gentia
2517 3901 2776 3974 triginta,
2811 3898 3204 3972 quadraginta
3233 3895 3324 3952 vel
3380 3894 3476 3952 his
3524 3887 3752 3965 amplius
3775 3898 3842 3939 ca-

2239 4015 2266 4044 «
2299 3991 2462 4049 nicos
2514 3989 2690 4047 simul
2740 3985 3032 4054 admittat,
3061 4002 3280 4043 nomen
3335 3982 3566 4050 decani,
3598 3976 3742 4052 quod
3777 3987 3848 4028 sui

2241 4370 2268 4400 ((

2236 4105 2264 4132 ‹‹
2299 4099 2405 4155 pra
2433 4077 2741 4136 denarium
2773 4094 2865 4133 res
2899 4075 3111 4148 agitur,
3146 4066 3655 4130 irrrationabiliter
3679 4071 3847 4138 ponere

2237 4193 2267 4221 «
2299 4168 2534 4227 devitat.

2311 4280 2342 4310 «
2371 4258 2494 4314 Erit
2521 4273 2658 4330 ergo
2699 4253 2977 4328 prrelatus
3023 4248 3355 4310 secundum
3407 4241 3722 4323 spiritualis
3753 4235 3849 4294 vita!

2299 4337 2871 4404 administrationem
2921 4342 3080 4415 prior
3130 4341 3190 4396 in
3239 4339 3538 4407 claustro;
3586 4336 3640 4390 et
3689 4339 3852 4386 conse-

2239 4461 2268 4488 «
2302 4440 2548 4510 quenter
2577 4433 2924 4508 praepositus
2957 4433 3193 4504 propter
3223 4428 3580 4486 exteriorum
3622 4429 3850 4510 procura-

481 4543 510 4572 «
542 4519 655 4576 nisi
679 4498 1000 4609 plurimum
1023 4521 1284 4580 saeculari
1305 4524 1574 4597 potentias
1599 4527 1938 4584 confideres.
1961 4528 2130 4586 Cum-
2159 4543 2206 4609 Ι)
2239 4551 2267 4578 ‹‹

2244 4638 2272 4666 ‹‹
2305 4616 2470 4671 ribus
2501 4613 2674 4686 digne
2705 4613 3146 4686 praeponuntur,
3179 4611 3478 4683 quantum
3517 4599 3714 4660 stolido
3755 4605 3852 4686 φτ·

2244 4729 2272 4756 ‹‹
2306 4705 2432 4778 pori
2463 4681 2766 4760 rationalis
2797 4681 2996 4757 a—nima
3035 4681 3406 4772 principatur
3436 4711 3450 4750 :
3476 4693 3624 4750 hanc
3656 4681 3856 4778 institu-

2246 4817 2274 4845 ‹‹
2305 4775 2523 4849 tionem
2555 4787 2936 4846 immobiliter
2954 4789 3189 4845 servant
3208 4779 3608 4843 Occidentalia
3623 4775 3856 4868 claustra.

2244 4906 2272 4934 ‹‹
2307 4885 2364 4938 et
2392 4879 2814 4938 monachorum
2836 4881 3123 4952 quotquot
3153 4879 3292 4932 s’unt
3311 4873 3416 4930 ubi
3438 4861 3860 4956 cmnohia.0uip-

2244 4996 2272 5022 ‹‹
2305 4989 2374 5044 pe
2402 4971 2542 5044 quia
2571 4964 2756 5044 pluris
2787 4966 3089 5024 existimas
3121 4982 3230 5040 ope
3276 4961 3580 5037 religione,
3603 4961 3860 5012 veneraris

2243 5083 2272 5113 ((

2301 4501 2520 4583 tionem
2552 4501 2754 4580 ordine
2785 4501 3434 4592 secundoISpiritualia
3464 4515 3619 4573 enim
3656 4501 3852 4567 saecula-

2305 5060 2704 5134 praepositum,
2733 5067 3053 5130 suppreSsa
3080 5053 3284 5112 decani
3315 5046 3698 5110 celebratione
3741 5053 3854 5134 qne-

2244 5176 2272 5203 «
2305 5123 2584 5222 hiamque
2615 5123 2886 5221 gloriaris
2915 5150 2972 5202 te
3003 5143 3380 5219 praepositum
3415 5153 3546 5198 esse
3586 5123 3861 5222 praesumis

2247 5263 2275 5291 ‹‹
2307 5220 2650 5296 claustralia
2680 5235 2912 5310 negotia
2944 5234 3223 5292 fratribus
3262 5225 3614 5288 inconsultis
3661 5220 3863 5290 dispen-

2249 5352 2276 5379 «
2309 5343 2439 5384 sare
2473 5345 2486 5383 :
2523 5343 2636 5382 non
2695 5330 2764 5382 ut
2805 5323 3068 5382 utiliores
3119 5318 3324 5379 fratres
3380 5319 3454 5376 ad
3504 5315 3624 5372 haec
3671 5317 3862 5384 promo

2247 5442 2277 5469 ‹‹
2308 5418 2572 5485 veantur,
2588 5415 2690 5472 sed
2713 5414 2812 5487 qui
2837 5413 3026 5488 gratia
3047 5417 3148 5470 tua
3168 5406 3540 5469 solummodo
3558 5395 3866 5478 participan-

2323 5525 2401 5598 (3)
2433 5523 2610 5593 Edit.,
2641 5522 2998 5579 translatione
3020 5520 3334 5594 probentur.
