4036 6160
182 310 299 391 uo

1814 308 2033 383 νιΤΑ.

3543 324 3662 394 730

184 465 371 518 «tur:
403 457 547 517 hinc
589 453 885 533 religionis
941 449 1164 520 divina,
1221 449 1370 527 proh
1430 450 1646 510 dolor!
1685 452 1865 510 ruina
1894 463 1957 531 Α
1987 478 2016 505 ‹‹
2055 453 2369 525 naturalis,
2402 456 2543 530 quid
2577 462 2639 515 tu
2672 455 2979 533 negligens
3009 461 3355 535 prapositu's
3385 463 3662 538 operibus

182 578 207 605 «
236 551 564 618 suboritur,
596 546 860 606 litterulis
892 544 1212 619 disciplina
1273 544 1551 600 studium
1614 545 1866 617 penitus

180 666 206 693 π
235 638 605 698 destituitur.
637 636 773 703 Quis
797 633 1020 709 plantat
1049 635 1373 700 vineam,ct
1394 634 1470 689 de
1495 633 1693 688 fructu
1721 634 1865 705 ejus

182 746 353 787 «non
407 726 708 785 comedit?
767 726 906 793 Quis
970 723 1113 781 nihil
1174 721 1490 797 proficiens
1552 721 1864 794 religioni,

182 847 208 873 κ
236 820 681 894 disciplinaque
703 826 937 890 operam
972 813 1182 871 dabit?
1212 814 1371 869 Hanc
1406 812 1867 868 institutionem

180 936 206 963 ‹‹
235 896 416 969 Pater
447 902 692 965 ealestis
723 922 835 961 non
864 903 1171 977 plantavit,
1192 907 1381 960 mater
1411 900 1679 958 Ecclesia
1702 899 1865 955 scri-

181 1025 206 1051 «
230 1000 352 1079 ptis
385 998 516 1055 suis
543 1014 649 1053 non
683 993 1239 1075 animavit.Necesse
1262 996 1353 1049 est
1383 1002 1526 1065 ergo
1552 987 1869 1063 Spirituali

180 1114 206 1142 «
226 1077 435 1145 cultro
469 1084 758 1144 succidere
781 1082 983 1156 spuria
998 1081 1366 1152 vitulamina,
1387 1084 1447 1137 et
1474 1077 1867 1153 regularibus

175 1203 201 1229 «
230 1177 489 1235 monitis
518 1174 818 1233 assensum
852 1173 1107 1245 prabere
1160 1188 1262 1244 per
1316 1171 1544 1227 omnia.
1578 1167 1866 1241 Praecipit

174 1291 202 1318 ‹‹
229 1276 504 1339 namque
531 1256 723 1337 regula
753 1261 1135 1336 prapositUm
1192 1262 1301 1318 sub
1353 1260 1598 1335 praelato
1653 1275 1859 1332 agere,

175 1382 200 1407 «
229 1355 351 1413 Sibi
384 1355 653 1427 injuncta
680 1352 961 1409 fratribus
985 1350 1290 1407 humiliter
1320 1350 1694 1422 fideliterque
1712 1362 1857 1405 cum

175 1472 199 1497 α
228 1434 409 1502 bona
443 1440 892 1500 conversationis
928 1439 1197 1512 exemplo
1244 1430 1667 1496 administrare
1698 1456 1712 1506 ;
1753 1439 1856 1495 sed

175 1560 200 1585 α
231 1536 280 1593 si
317 1535 377 1591 is
409 1531 795 1595 resultaverit,
829 1530 899 1586 ab
949 1529 1141 1586 officio
1205 1530 1496 1588 removeri
1548 1527 1860 1601 aliumque

178 1648 203 1676 ι(
230 1624 376 1681 leco
407 1624 542 1694 ejus
572 1621 847 1694 aptiorem
878 1618 1174 1677 constitui.

239 1738 270 1763 «
312 1712 407 1768 Ad
442 1709 587 1780 hac,
617 1711 809 1777 frater,
836 1708 987 1777 vide,
1020 1708 1679 1782 quaso,subjectionem
1705 1725 1856 1781 pra-

184 1818 207 1854 ί
230 1800 464 1876 positi;
492 1799 620 1856 vide
644 1798 999 1867 fidelitatem,
1056 1798 1486 1866 humilitatem,
1517 1797 1853 1871 periculum

178 1893 205 1944 «'
231 1904 493 1965 quoque
524 1887 923 1944 ministerii.Et
936 1889 983 1944 si
999 1887 1313 1962 prasumis
1334 1886 1673 1944 claustralia
1694 1888 1856 1943 bona

178 2006 204 2031 «
236 1976 612 2036 inconsultis
635 1977 908 2034 fratribus
930 1977 1087 2045 dare,
1119 1976 1223 2032 ubi
1256 1981 1345 2033 est
1374 1975 1678 2047 subjectis,
1716 1976 1857 2033 fide-

178 2090 205 2118 «
232 2069 411 2133 litus,
441 2063 749 2121 humilitas
779 2064 1167 2121 obedientia?
1200 2063 1367 2120 Unde
1416 2056 1517 2119 illa
1554 2066 1719 2117 tanta
1748 2064 1855 2119 do-

178 2180 203 2208 «
234 2155 522 2213 minandi
558 2154 911 2220 Sublimitas,
946 2155 993 2210 si
1042 2148 1350 2226 perdenda
1394 2151 1699 2225 dignitatis
1730 2157 1855 2208 tam

185 2262 211 2298 ct
236 2262 442 2320 prona
474 2242 720 2300 facultas
738 2244 895 2299 ?Non
929 2246 1203 2315 poterunt
1237 2243 1443 2298 fratres
1472 2239 1855 2297 consiliorum

182 2358 205 2387 α
235 2352 381 2392 esse
410 2332 753 2407 participes,
789 2333 889 2406 qui
922 2330 1317 2389 institutionis
1354 2329 1858 2404 depositionisque

181 2450 205 2476 α
232 2430 363 2481 tua
397 2428 653 2497 possunt
681 2439 809 2480 esse
829 2422 1109 2495 opifices?
1138 2420 1461 2494 prasertim
1492 2436 1627 2475 cum
1641 2419 1858 2476 domno

186 2535 206 2568 ι
237 2514 545 2588 pontifici,
580 2512 679 2585 qui
711 2511 1095 2585 singulariter
1123 2512 1378 2566 domnus
1409 2507 1857 2575 vocatur,ecelo-

181 2628 207 2655 α
237 2604 497 2661 siastica
526 2618 643 2658 non
672 2600 847 2657 liceat
885 2601 1015 2657 sine
1064 2590 1402 2656 clericorum
1454 2597 1697 2655 consilio
1718 2599 1859 2655 defi—

183 2693 419 2761 «nire;
454 2696 524 2747 ut
553 2691 700 2765 quid
745 2690 1053 2762 subjectus
1100 2688 1370 2745 minister
1417 2686 1660 2762 audebis
1708 2689 1863 2745 bona

180 2784 496 2839 «fratrum
529 2781 861 2837 secundum
893 2778 1132 2834 libitum
1156 2783 1323 2834 tuum
1356 2778 1643 2850 dissipare
1663 2778 1861 2833 ?Dom-

188 2897 214 2923 κ
244 2886 371 2929 nus
398 2871 589 2927 abbas
613 2870 861 2942 jubetur
888 2868 947 2924 in
977 2865 1285 2924 consilium
1338 2871 1523 2923 totam
1555 2872 1866 2939 congrega-

192 2966 219 3014 «ἑ
246 2961 483 3018 tionem
512 2948 830 3025 adducere,
865 2942 1232 3029 consilioque
1261 2957 1461 3013 Omnia
1488 2952 1769 3022 definire;
1799 2958 1864 3011 tu

191 3068 218 3102 α
249 3049 609 3123 dedignaris
632 3048 956 3105 confratres
986 3051 1122 3102 tuos
1148 3042 1749 3119 supercommunibim
1770 3045 1865 3101 bo-

193 3155 219 3191 ι(
249 3130 683 3196 nisconSulere
700 3128 984 3193 ?J'ubctur
1000 3135 1175 3191 etiam
1189 3132 1341 3191 inter
1352 3135 1549 3209 plures
1565 3136 1863 3190 menaste-

1991 547 2455 604 «laborantium
2510 550 2835 606 dominaris
2884 551 2912 605 ?
2970 552 3111 608 Ecce
3143 570 3247 626 per
3309 553 3657 628 Apostolum

1989 659 2017 685 «
2054 636 2375 709 derogatur
2420 638 2523 693 tibi
2575 638 2708 696 vita
2739 642 3096 708 communio,
3149 643 3305 699 unde
3335 642 3441 699 tibi
3476 644 3653 698 tantas

1991 748 2019 775 «
2055 726 2474 784 dominationis
2507 728 2713 785 abusio
2736 729 2763 784 ?
2813 730 2876 786 Si
2902 734 2999 804 qui
3024 733 3199 788 altari
3225 731 3554 797 deserviunt,
3588 732 3654 786 de

1993 838 2023 865 «
2058 816 2262 872 altario
2293 818 2483 874 debent
2528 821 2727 886 vivere,
2784 826 3208 893 consequenter
3233 821 3333 894 qui
3365 820 3509 876 nihil
3541 836 3658 874 ser-

1994 926 2022 955 ‹‹
2057 904 2165 974 vis,
2197 906 2275 961 nil
2309 908 2485 963 debes
2539 909 2819 981 accipere.
2852 913 2965 980 Qui
3015 927 3179 982 parce
3206 912 3461 975 seminat,
3489 924 3656 980 parce

1990 1017 2017 1044 ‹‹
2046 1003 2097 1050 et
2124 1001 2358 1062 metet,et
2380 1000 2751 1069 unusquisque
2770 1000 3064 1055 secundum
3085 1001 3325 1055 laborem
3363 997 3655 1070 proprium

1988 1105 2017 1133 «
2048 1085 2339 1141 mercedem
2371 1088 2613 1158 accipiet.
2654 1086 2830 1143 Porro
2864 1087 2911 1142 si
2953 1087 3433 1161 religiosissimus
3465 1100 3651 1149 esses,

1983 1196 2013 1223 «
2045 1190 2149 1246 per
2186 1173 2581 1232 humilitatem
2629 1176 2779 1232 hanc
2813 1177 3233 1233 dominationis
3266 1173 3649 1230 ambitionem

1981 1286 2010 1313 «
2035 1280 2233 1320 cavere
2263 1264 2503 1322 deberes
2530 1271 2548 1337 [
2571 1266 2647 1338 (4)
2677 1265 2829 1321 sicut
2850 1266 3079 1322 Veritas
3111 1268 3277 1322 docet
3307 1261 3604 1337 apostolos
3634 1264 3652 1306 ε

1978 1375 2007 1401 ‹‹
2042 1354 2176 1409 Cum
2236 1356 2479 1425 feceritis
2544 1356 2731 1411 omnia
2790 1370 2916 1427 quae
2958 1364 3233 1427 praecepta
3278 1362 3408 1409 sunt
3473 1352 3648 1408 vobis’

1977 1466 2005 1493 «
2037 1443 2239 1499 dicite:
2270 1445 2425 1501 Servi
2472 1446 2697 1500 inutiles
2750 1459 2957 1500 sumus.
2984 1445 3079 1500 Sic
3129 1442 3333 1508 David,
3368 1438 3651 1513 parvulus

1975 1556 2003 1581 ‹‹
2030 1533 2088 1588 in
2122 1532 2310 1588 oculis
2358 1533 2478 1599 Dei,
2524 1531 2882 1589 sublimatur
2911 1533 2971 1588 in
3006 1548 3237 1605 regem;
3291 1528 3451 1597 Saul,
3486 1547 3651 1586 arro-

1974 1646 2003 1673 «
2037 1627 2242 1694 ganter
2271 1639 2472 1695 agens,
2524 1622 3015 1679 contumeliosam
3044 1618 3253 1676 incidit
3275 1619 3335 1674 in
3373 1622 3650 1675 mortem.

1975 1734 2003 1763 «
2037 1713 2225 1769 Omnis
2255 1713 2354 1784 qui
2367 1729 2421 1767 se
2449 1714 2681 1777 avehat,
2717 1712 3154 1768 humiliabitur:
3186 1716 3237 1765 et
3265 1710 3360 1782 qui
3385 1726 3443 1766 se
3471 1710 3655 1766 humi-

1972 1826 2000 1853 «
2022 1803 2142 1866 liat,
2170 1801 2551 1871 multabitur].
2579 1800 2635 1857 Si
2662 1799 2900 1869 Paulus,
2933 1800 3063 1874 plus
3094 1800 3344 1857 omnibus
3368 1800 3652 1858 laborans.

1969 1915 1997 1942 «
2019 1892 2328 1965 profitetur
2353 1907 2415 1946 se
2446 1890 2761 1945 minimum
2784 1895 2841 1946 et
2884 1888 3244 1960 abortivum,
3274 1908 3379 1947 cur
3409 1895 3473 1948 tu
3505 1891 3656 1950 nihil

1966 1981 2325 2047 «laborans,
2394 1978 2718 2035 econtrario
2776 1978 3095 2054 singulare
3126 1997 3489 2056 praoccupas
3547 1982 3654 2038 do-

1966 2095 1993 2122 ‹‹
2021 2069 2273 2126 minium
2294 2069 2322 2124 ?
2350 2069 2409 2125 Si
2441 2068 2729 2124 sententia
2759 2068 2935 2125 Pauli
2979 2086 3086 2143 per
3114 2072 3309 2129 omnia
3338 2077 3425 2129 est
3449 2072 3654 2131 lauda-

1966 2183 1994 2211 «
2021 2157 2598 2226 bilis,universaliter
2628 2160 3028 2233 praesumptio
3048 2164 3147 2217 tua
3178 2164 3241 2218 fit
3269 2164 3655 2222 detestabilis.

1968 2274 1997 2302 «
2030 2247 2187 2305 Dicis
2220 2251 2274 2303 te
2323 2264 2452 2303 esse
2475 2251 2773 2320 potentem
2827 2251 3251 2322 praepositum,
3285 2253 3483 2310 omnia
3508 2254 3665 2312 bona

1969 2338 2253 2394 «claustri
2286 2337 2413 2393 sine
2455 2336 2699 2392 consilio
2759 2337 2995 2408 pralati
3031 2344 3089 2395 et
3134 2342 3551 2399 canonicorum
3599 2346 3660 2402 in

1968 2428 2192 2483 «domo
2269 2431 2370 2482 tua
2434 2427 2587 2481 sicut
2620 2425 2875 2483 volueris
2932 2428 3444 2500 dispensaturum.
3480 2437 3657 2507 Quem

1969 2541 1998 2568 «
2022 2519 2257 2587 teipsum
2285 2519 2427 2588 facis
2448 2521 2473 2571 ?
2503 2515 2655 2588 Quid
2695 2512 2860 2573 habes
2894 2518 3041 2590 quod
3068 2535 3179 2573 non
3229 2524 3503 2593 acceperis
3522 2527 3549 2577 .9
3594 2526 3658 2581 Si

1970 2628 1999 2656 «
2031 2606 2313 2675 gloriaris,
2368 2607 2429 2660 in
2470 2605 2703 2661 Domi-no
2759 2606 3065 2677 glorieris;
3101 2624 3211 2662 non
3242 2610 3395 2664 enim
3418 2613 3517 2683 qui
3571 2596 3656 2669 se-

1970 2718 1999 2745 «
2034 2696 2217 2766 ipsum
2273 2692 2629 2759 commendat,
2692 2684 2785 2749 ille
2811 2697 3105 2767 probatur,
3165 2697 3261 2751 sed
3310 2700 3472 2768 quia
3545 2703 3655 2760 Deo

1970 2806 1999 2833 «
2022 2783 2448 2839 commendatur.
2477 2781 2733 2838 Gloriam
2770 2786 2936 2839 tuam
2960 2787 3148 2838 mater
3169 2783 3409 2854 justitia
3439 2788 3650 2859 pariat,

1973 2869 2389 2926 «humilitatis
2444 2871 2712 2926 custodia
2783 2890 2899 2928 non
2960 2870 3349 2943 derelinquat.
3409 2872 3535 2931 Non
3594 2882 3652 2935 te

1975 2983 2004 3012 «
2031 2959 2293 3017 metiaris
2352 2958 2724 3015 adulantium
2758 2960 3001 3035 lingua;
3036 2960 3175 3032 quid
3210 2957 3316 3027 sis,
3349 2977 3464 3018 non
3505 2958 3647 3036 qliid

1974 3048 2277 3117 «voceris,
2336 3048 2645 3122 diligenter
2702 3050 2993 3105 examina.
3083 3048 3141 3104 Si
3229 3049 3380 3104 Deus
3466 3048 3647 3110 homo

1973 3137 2185 3193 «venit
2216 3137 2572 3203 ministrare,
2627 3150 2743 3193 non
2777 3138 3123 3205 ministrari,
3157 3153 3262 3191 cur
3289 3128 3454 3193 tanto
3489 3139 3647 3198 fastu

186 3252 213 3279 κ
245 3226 321 3285 rii
350 3220 509 3284 bona
533 3218 816 3293 (lividere,
851 3242 925 3281 ne
955 3224 1117 3281 solus
1147 3208 1724 3297 prapositus,tenens
1742 3240 1863 3279 om-
1892 3208 1935 3275 C
1975 3252 2004 3279 «
2038 3225 2251 3299 quaris
2299 3225 2637 3283 dominari?
2696 3225 2842 3283 Cum
2902 3227 3057 3283 Deus
3090 3228 3260 3294 esset,
3291 3229 3646 3300 semetipsum

187 3341 214 3369 «ι
240 3308 921 3391 nia,possitsuperbire;
946 3313 1284 3386 alioquin,si
1304 3314 1359 3369 id
1382 3313 1623 3370 licenter
1637 3311 1861 3381 feceris,

191 3429 218 3457 α
236 3407 368 3480 jam
394 3407 522 3463 non
554 3421 742 3477 praes
772 3402 1094 3469 canonicis,
1128 3402 1226 3459 sed
1255 3404 1436 3459 servis
1458 3406 1515 3459 et
1544 3401 1863 3475 eleemosy-

191 3486 434 3553 «uariis
464 3494 611 3551 tuis.
666 3488 830 3560 Quis,
891 3508 1059 3566 rogo,
1094 3492 1206 3549 erit
1263 3493 1564 3549 sufﬁciens
1624 3506 1863 3565 quoquo

190 3584 425 3642 «modo
457 3585 676 3651 virere,
728 3582 829 3665 qui
884 3576 1166 3657 dignetur
1221 3582 1279 3637 in
1340 3582 1718 3655 eleemosyna
1749 3584 1862 3637 tua

191 3698 220 3725 α
250 3671 557 3748 stipendia
584 3672 836 3729 transire
854 3673 882 3728 ?
908 3671 1125 3743 thuid
1176 3666 1421 3728 fratrum
1458 3671 1691 3727 nomine
1713 3669 1864 3726 {innt

192 3787 220 3813 α
251 3758 614 3821 traditiones
640 3762 1108 3834 possessionum,
1138 3758 1188 3816 si
1220 3758 1281 3817 tu
1303 3758 1463 3817 solus
1486 3756 1864 3833 singulariter

192 3877 220 3902 α
251 3866 435 3926 super
466 3850 567 3907 his
599 3847 864 3907 vindicas
890 3840 1272 3907 dominium?
1305 3851 1595 3907 Hactenus
1626 3864 1862 3905 eramus

192 3965 222 3993 ιι
252 3944 550 4015 pauperes
581 3939 817 4007 Christi,
851 3942 1058 3996 matris
1108 3930 1362 3996 ecclesia
1394 3936 1687 4005 canonici;
1724 3936 1862 3992 reli-

194 4042 223 4083 τι
254 4038 445 4103 quum
478 4032 571 4086 est
597 4024 955 4086 famulemur
988 4020 1093 4085 tibi
1146 4028 1296 4085 servi
1346 4026 1617 4101 emptitii.
1651 4018 1862 4084 Desine

196 4128 225 4170 ά
258 4112 465 4186 frater,
502 4116 724 4191 quaso,
756 4119 960 4176 desine
990 4116 1311 4174 insolenter
1344 4133 1534 4191 agere,
1568 4115 1863 4190 ofﬁciique

195 4232 225 4259 «
255 4206 342 4265 tui
377 4202 627 4264 modum
660 4205 961 4264 humiliter
990 4222 1359 4280 recognosce.

266 4310 294 4349 ἀι
320 4290 474 4353 Vide
507 4297 685 4353 etiam
703 4297 843 4370 quid
860 4297 1060 4371 regula
1077 4296 1365 4370 praecipue
1387 4294 1615 4354 dedicet
1638 4312 1861 4369 prapo-

199 4410 229 4436 «
259 4375 634 4454 sito,scilicet
666 4387 962 4458 subjectos
991 4384 1288 4442 illustrare
1327 4402 1617 4443 canonica
1634 4400 1867 4441 conver-

201 4500 230 4524 α
259 4474 518 4532 sationis
548 4466 984 4549 exemplo.Ergo
1018 4473 1067 4531 si
1091 4472 1357 4548 regulare
1382 4474 1727 4531 mandatum
1752 4480 1862 4545 est,

1975 3342 2002 3369 «
2034 3315 2346 3373 exinanivit
2397 3317 2633 3387 formam
2685 3319 2832 3372 servi
2887 3318 3200 3389 accipiens;
3261 3319 3345 3382 tu,
3380 3316 3531 3373 cinis
3588 3322 3647 3374 et

1978 3405 2240 3483 «pulvis,
2321 3404 2626 3461 contendis
2703 3405 2898 3462 vocari
2956 3402 3310 3480 praepositus
3355 3409 3562 3476 potens
3623 3411 3646 3465 Ρ

1974 3492 2336 3550 «Enimvero
2390 3510 2762 3567 nequaquam
2824 3490 3041 3569 poteris
3113 3494 3242 3566 ejus
3273 3510 3403 3550 esse
3462 3493 3644 3551 disci-

1974 3608 2002 3635 «
2028 3582 2223 3657 pulus,
2258 3584 2371 3640 nisi
2404 3584 2590 3656 prius,
2615 3583 2879 3656 deposito
2910 3578 3353 3655 dominationis,
3387 3582 3641 3657 fastigio,

1976 3696 2004 3726 ‹‹
2038 3673 2145 3728 fias
2177 3671 2472 3745 parvulus.
2548 3708 2553 3713 ~

2046 3784 2073 3812 «
2106 3762 2268 3818 Certe
2299 3763 2347 3818 si
2382 3761 2580 3819 nullus
2626 3762 2963 3820 cla'ustralis
3015 3762 3395 3836 prapositus,
3430 3760 3541 3819 nisi
3576 3780 3646 3819 ex

1972 3875 2002 3903 «
2030 3850 2278 3926 regulari
2312 3851 2387 3925 (5)
2417 3852 2696 3910 canonico
2727 3854 2901 3910 debet
2921 3842 3201 3921 ordinari,
3241 3852 3497 3925 profecto
3526 3869 3642 3907 non

1971 3964 2001 3993 «
2034 3938 2210 3997 debes
2241 3958 2369 3997 esse
2412 3942 2781 4014 prapositus,
2816 3942 2929 3999 nisi
2949 3941 3290 3998 canonicam
3319 3940 3499 3998 vitam
3533 3940 3641 3997 du-

1972 4054 2001 4082 «
2033 4029 2187 4086 Xeris
2212 4030 2474 4086 claustri.
2500 4032 2685 4087 Distat
2714 4048 2851 4104 ergo
2904 4031 3056 4087 inter
3081 4028 3361 4086 clericum
3387 4034 3443 4085 et
3474 4047 3643 4086 cano-

1973 4139 2003 4170 «
2034 4118 2253 4186 nicum,
2287 4120 2444 4192 quod
2481 4120 2783 4187 canonico,
2811 4137 2927 4175 non
2950 4118 3156 4175 clerico
3187 4118 3433 4175 debetur
3477 4116 3640 4173 elau-

1980 4233 2007 4259 «
2042 4212 2229 4265 strum
2255 4226 2269 4276 ;
2298 4208 2492 4265 omnis
2542 4209 2698 4265 enim
2721 4209 3039 4264 canonicus
3064 4205 3331 4273 clericus,
3366 4223 3481 4261 non
3512 4222 3642 4261 con-

1980 4322 2008 4351 «
2042 4302 2355 4371 sequenter
2375 4302 2440 4354 ut
2469 4298 2662 4355 omnis
2694 4297 2943 4355 clericus
2990 4296 3326 4353 canonicus.
3359 4295 3439 4350 Ex
3465 4311 3609 4351 cano

1976 4411 2005 4440 «
2038 4387 2170 4443 nico
2200 4388 2500 4455 enim,non
2521 4405 2589 4444 ex
2630 4386 2837 4444 clerico
2892 4383 3237 4459 regulariter
3264 4384 3643 4440 constituitur

1980 4498 2007 4528 «
2042 4475 2426 4550 praepositus;
2466 4494 2531 4532 ac
2590 4477 2718 4533 ideo
2774 4492 3009 4532 necesse
3041 4478 3148 4541 est,
3209 4474 3257 4531 si
3292 4472 3640 4546 prapositus

206 4584 236 4614 α
258 4564 585 4621 canonicos
614 4556 1283 4635 chorum,refectorium,
1309 4565 1720 4621 dormitorium
1755 4565 1864 4621 fre-
1898 4582 1940 4647 ι)
1988 4589 2016 4617 ‹‹
2046 4583 2129 4633 es,
2162 4566 2358 4634 choro,
2384 4564 2709 4632 refectorio,
2731 4563 3097 4633 dormitorio,
3130 4564 3242 4619 nisi
3304 4580 3407 4637 per
3463 4561 3640 4618 licen-

203 4675 232 4703 «
263 4658 555 4727 quentare
580 4652 874 4721 ;cur,dum
890 4652 1135 4709 facultas
1156 4658 1262 4722 est,
1280 4650 1584 4710 subtrahis
1612 4653 1864 4728 te,quasi

204 4738 638 4815 «prohibearis
687 4740 758 4797 ab
815 4741 925 4797 hac
983 4741 1290 4798 societate:
1325 4752 1458 4800 enm
1517 4744 1599 4800 sis
1658 4763 1859 4817 sanus,

210 4846 239 4879 α
267 4824 505 4886 validus
533 4827 884 4903 plerumque
926 4821 1102 4912 etiam
1157 4824 1416 4901 otiosus;
1444 4846 1515 4889 ne
1553 4834 1862 4895 erubescas

212 4936 240 4970 ot
270 4916 586 4993 religiesus
616 4932 783 4989 esse;
817 4920 957 4993 quia
985 4920 1088 4993 qui
1131 4918 1430 4977 Christum
1479 4923 1777 4980 erubuerit
1809 4931 1865 4983 et

215 5028 244 5057 «
278 5008 586 5064 Sermones
615 5018 775 5074 aues,
809 5007 1114 5080 pcenaliter
1162 5006 1451 5063 afficietur
1506 5006 1565 5063 in
1597 5008 1690 5067 die
1722 5010 1869 5069 cala-

218 5116 249 5147 «
274 5096 500 5152 mitatis
531 5100 589 5152 et
610 5096 932 5154 miseria.A
946 5113 1116 5153 mane
1139 5097 1201 5152 in
1221 5113 1525 5169 vesperam
1546 5114 1663 5154 non
1689 5102 1870 5172 pudet

218 5198 245 5236 ά
276 5189 333 5241 ts
359 5184 747 5242 sacularibus
800 5185 1047 5259 negotiis
1093 5182 1417 5255 deaudare;
1451 5190 1509 5242 et
1564 5176 1741 5245 semel
1772 5207 1874 5262 per

220 5270 707 5331 «hebdomadam
738 5278 795 5331 et
818 5292 1083 5331 mensem
1104 5275 1279 5332 choro
1292 5270 1669 5334 confunderis
1690 5277 1874 5334 inter-

217 5365 457 5421 cesse?
499 5365 606 5433 Qui
662 5381 775 5422 non
831 5365 1060 5434 (adorat,
1115 5381 1216 5421 nec
1278 5366 1587 5435 manducet,
1671 5364 1877 5424 scribit

223 5469 254 5504 ιι
279 5453 629 5527 Apostolus;
661 5458 726 5509 tu
760 5453 907 5511 nihil
944 5453 1030 5511 vel
1086 5470 1297 5528 parum
1354 5453 1650 5525 laborans,
1679 5458 1878 5515 omnia

230 5562 258 5591 π
285 5543 521 5618 colliges
551 5542 755 5601 solus?
782 5542 843 5599 Si
874 5541 1077 5599 otiosis
1107 5541 1283 5600 etiam
1315 5543 1482 5599 cibus
1513 5542 1879 5603 interdicitur

296 5633 370 5703 (4)
399 5632 578 5691 Uneis
610 5630 841 5691 inclusa
872 5631 1371 5706 desiderantur_in
1397 5631 1589 5691 editis.

1992 4680 2021 4707 «
2054 4655 2307 4724 tiam,sis
2324 4655 2619 4712 assiduus.
2654 4654 2839 4728 Igitur
2858 4654 2995 4726 quia
3015 4653 3267 4709 maxime
3298 4652 3639 4725 praepositu-

1979 4768 2008 4796 «
2043 4762 2167 4800 ram
2201 4760 2497 4814 amas,cur
2522 4744 2761 4800 claustri
2796 4742 3025 4799 fastidis
3056 4741 3322 4796 militiam
3350 4741 3637 4811 ‘?Quapro-

1984 4857 2013 4885 ‹‹
2041 4836 2168 4907 pter
2225 4832 2325 4889 aut
2361 4850 2497 4889 cum
2548 4834 2936 4905 prmpositura
2982 4831 3228 4886 habebis
3276 4829 3638 4902 religionem,

1984 4946 2012 4973 «
2045 4922 2131 4978 vel
2163 4921 2418 4989 dignitas
2469 4921 2761 4994 prapositi
2790 4925 3045 4977 vertetur
3074 4920 3134 4974 in
3186 4917 3597 4974 villicationem
3624 4936 3637 4986 ;

1978 5022 2007 5063 «‘
2032 5018 2146 5067 non
2177 5011 2334 5067 enim
2366 5011 2476 5066 erit
2506 5026 2741 5067 necesse
2789 5006 3065 5065 constitui
3089 5025 3157 5063 ex
3186 5005 3463 5062 canonico
3495 5023 3640 5078 pra-

1979 5124 2009 5151 «
2034 5100 2312 5173 positum,
2346 5100 2395 5157 si
2428 5100 2581 5156 idem
2630 5098 3023 5155 ministerium
3046 5112 3209 5169 aque
3238 5095 3425 5168 possit
3472 5094 3644 5151 mini-

1981 5214 2010 5241 «
2044 5189 2219 5246 strari
2250 5206 2351 5261 per
2378 5188 2614 5245 laicum.
2666 5189 2759 5245 Sis
2783 5205 2942 5260 ergo,
2973 5186 3262 5255 consulto,
3296 5185 3643 5258 prapositus

1984 5301 2011 5329 «
2037 5296 2171 5334 cum
2203 5276 2519 5350 religione;
2554 5276 2761 5333 saltem
2794 5275 2882 5332 vel
2916 5274 3220 5348 religiosos
3250 5273 3392 5330 velis
3424 5290 3640 5341 amare,

1985 5391 2014 5418 «
2038 5371 2103 5423 ut
2145 5366 2297 5423 sicut
2326 5366 2425 5439 qui
2458 5365 2708 5437 suscipit
2738 5365 3083 5440 prophetam
3134 5365 3193 5420 in
3238 5363 3476 5420 nomine
3513 5379 3642 5436 pro-

1987 5480 2015 5509 «
2049 5456 2255 5530 pheta,
2317 5456 2640 5511 mercedem
2688 5455 2979 5528 propheta
3011 5454 3274 5528 accipiet,
3306 5452 3390 5509 sic
3458 5450 3644 5508 irreli-

1988 5545 2373 5639 (Lgigsitatem
2402 5549 2566 5639 tuam
2615 5543 2825 5601 saltem
2852 5544 3258 5619 religiosorum
3291 5559 3457 5599 amor
3486 5554 3643 5597 com-

1987 5617 2341 5707 ε’ῗέᾚέξῖἷίιὶ,
2369 5632 2714 5708 θπςνεθηιανί
2741 5646 2965 5692 canene.
