4036 6160
440 259 556 328 731

1497 264 1829 332 VASONIS
1874 266 2334 331 LEODIENSIS
2378 267 2761 333 EPISGOPI.

3674 272 3770 339 739

448 417 477 451 et
507 397 745 457 mendet
772 416 786 471 ;
819 396 958 475 quia
986 399 1163 459 nimis
1189 398 1499 475 profanum
1526 406 1757 460 constat
1779 406 2097 478 utrumque
2125 402 2179 471 Α
2209 428 2237 456 ‹‹
2271 403 2461 479 gratia
2489 403 2778 477 donisque
2808 400 3163 477 magniﬁcat.
3185 401 3278 459 Sic
3305 399 3550 459 omnium
3575 400 3777 464 delecta-

449 511 478 540 ‹‹
520 494 577 547 te
628 491 703 564 (6)
756 490 1145 565 irreligiosum
1191 508 1338 560 esse,
1391 492 1812 567 religiososque
1863 511 2089 551 vexare.

448 601 475 629 ‹‹
509 581 607 652 [(7)
639 581 721 636 Ad
749 581 889 648 haec,
927 581 1120 647 frater,
1153 582 1446 653 praepositi
1478 583 1923 654 subjectionem,
1958 584 2095 640 ﬁde-

448 690 477 718 «
509 668 752 735 litatem,
793 669 1203 739 humilitatem,
1255 671 1828 729 administrationem
1892 690 2096 730 secun-

448 780 475 807 ‹‹
511 758 650 813 dum
674 758 1077 830 regulam,non
1096 759 1553 818 dominationem
1577 761 1812 836 collige;
1837 764 1907 819 de
1924 762 2096 819 bonis

448 868 478 897 «
506 845 611 901 tibi
643 847 977 903 commissis
1010 849 1326 905 consilium
1371 850 1574 907 decani
1628 852 1992 925 fratrumque
2024 870 2095 909 ne

448 956 474 985 α
509 936 840 1006 asperneris
871 942 1159 1010 appetere.
1185 939 1290 996 Per
1320 940 1744 1013 subjectionem
1775 946 1832 999 et
1860 940 2097 997 humili-

447 1044 477 1073 «
508 1026 685 1078 tatem
718 1027 960 1097 quaerito
992 1028 1326 1098 consilium,
1361 1028 1537 1086 etiam
1579 1032 1961 1101 mandatum;
1995 1048 2099 1103 per

447 1132 476 1161 «
508 1111 845 1170 ﬁdelitatem
878 1119 933 1170 et
962 1116 1552 1186 administrationem,
1582 1120 1866 1193 quidquid
1889 1124 2100 1195 praeter

448 1221 474 1247 ‹‹
510 1198 860 1257 beneﬁcium
892 1202 1203 1270 inveneris,
1236 1205 1411 1262 redde
1439 1210 1649 1263 totum.
1682 1208 1899 1281 thuid
1931 1209 2100 1266 bene-

452 1288 483 1339 ἀ
505 1287 702 1344 ﬁcium
736 1291 1025 1362 eccipis.si
1060 1294 1130 1348 ad
1164 1299 1367 1349 caetera
1397 1296 1595 1352 omnia
1620 1314 1735 1352 non
1768 1314 1829 1354 es
1861 1297 2099 1370 ﬁdelis?]

452 1397 480 1424 «
512 1377 805 1450 Quidquid
835 1381 1158 1437 ministerio
1183 1387 1283 1439 tuo
1318 1384 1479 1455 juste
1507 1385 1944 1458 superlucratus
1970 1388 2098 1444 fue-

450 1486 478 1513 «
512 1465 614 1534 ris,
648 1468 707 1522 in
741 1469 856 1523 vita
887 1475 987 1526 tua
1017 1476 1255 1528 teneas:
1291 1490 1406 1528 non
1438 1478 1634 1529 tamen
1680 1474 1959 1531 fratribus
1990 1476 2099 1532 hoc

452 1574 474 1603 ι
505 1554 700 1626 palam
746 1558 951 1625 facere,
1005 1577 1076 1616 ne
1132 1561 1270 1616 furti
1328 1564 1611 1635 arguaris,
1674 1566 2096 1637 supersedeas;

450 1665 479 1692 ‹‹
512 1643 609 1714 [(8)
638 1644 721 1700 sic
752 1646 1005 1703 fructum
1048 1650 1289 1707 habebis
1322 1669 1387 1707 ex
1414 1658 1515 1707 tua
1545 1653 2016 1722 rationabilitate,
2050 1655 2099 1710 si

2204 518 2232 545 ‹‹
2267 495 2486 550 tionem
2518 493 2631 551 sibi
2663 492 2983 550 concilians
3005 490 3200 549 studia
3224 491 3404 548 nutrit
3422 491 3499 560 ;in
3524 491 3698 567 pelago
3713 494 3781 551 dio

2204 607 2231 634 ‹‹
2264 583 2560 655 vitiarum,
2582 583 2745 640 clavo
2776 599 2905 639 sese
2928 581 3278 639 humilitatis
3307 581 3464 654 regit.
3483 581 3781 654 Praipositus

2204 696 2233 723 «
2267 676 2324 729 et
2351 672 2626 746 praelatus
2658 672 2717 729 in
2749 672 2924 729 choro
2954 670 3124 744 primi
3157 673 3394 737 stantes,
3425 668 3654 739 ofﬁciose
3685 677 3783 729 sat-

2205 785 2232 812 ‹‹
2267 762 2843 835 aguntinteresse,ne
2857 760 3000 833 quid
3019 758 3378 816 difﬁcultatis
3399 762 3453 815 et
3471 758 3782 833 negligentia:

2207 873 2235 901 «
2266 850 2614 923 provenerit.
2647 849 2905 922 Quisque
2934 866 3035 922 per
3063 866 3124 904 se
3171 846 3455 905 curiosius
3484 848 3622 921 agit:
3650 847 3786 905 disci-

2206 964 2233 991 ‹‹
2266 939 2431 1014 plina
2459 939 2699 1001 claustri
2729 938 3042 1013 specialius
3071 937 3418 1012 appenditur
3444 936 3653 1011 pralato
3673 954 3787 1005 ;nec

2206 1054 2234 1082 «
2268 1034 2465 1086 tamen
2483 1031 2646 1086 deest
2666 1029 2945 1086 invitatus
2968 1026 3573 1101 praepositusﬁnstante
3591 1042 3790 1101 scrupu-

2210 1143 2236 1170 «
2266 1119 2713 1192 lo.Stipendium
2737 1116 3144 1193 quotidianum
3164 1132 3299 1173 cum
3345 1114 3553 1173 caeteris
3567 1113 3788 1172 officiali—

2208 1232 2236 1259 «
2269 1211 2382 1266 bus
2411 1209 2644 1266 exhibet
2671 1210 3023 1284 praepositus
3044 1206 3115 1276 ;si
3145 1206 3288 1280 quid
3319 1203 3791 1271 defuerit,sineini-

2210 1323 2238 1353 «
2271 1299 2507 1357 micitiis
2537 1299 2718 1373 exigit
2747 1297 3042 1372 praelatus,
3074 1294 3419 1353 Cellararius
3448 1292 3796 1363 annonam,vi-

2209 1414 2238 1441 «
2272 1407 2437 1459 num,
2471 1388 2774 1463 pulmenta
2812 1385 3138 1460 suscipiens
3170 1402 3205 1442 a
3254 1383 3570 1457 praeposito,
3594 1398 3795 1455 queque

2210 1503 2238 1530 «
2267 1479 2571 1552 dispensat
2600 1479 2842 1551 impune
2870 1474 3090 1550 praelati
3120 1473 3528 1546 seniorumque
3546 1471 3795 1528 mandato.

2213 1592 2233 1619 ι
2270 1569 2439 1624 Liber
2467 1572 2556 1625 est
2584 1566 2932 1641 praepositus
2959 1582 2995 1622 a
3021 1563 3413 1636 tributis,quae
3442 1559 3646 1617 dederit
3666 1558 3801 1617 cella-

2212 1681 2239 1708 ‹‹
2270 1657 2423 1714 rario
2448 1674 2631 1731 ;aeque
2653 1655 2995 1712 cellararius
3018 1650 3197 1710 abhis
3221 1650 3437 1725 quibus
3450 1648 3800 1723 parueritpre-

451 1736 478 1781 i«
516 1732 790 1845 fratribus
813 1738 1079 1795 notitiam
1103 1739 1306 1796 feceris
1324 1742 1647 1799 ebaboratae
1661 1745 2096 1810 summae.Quod
2130 1781 2177 1845 B
2209 1770 2237 1797 ‹‹
2270 1747 2505 1803 lato.Sic
2525 1744 2887 1803 unauimitas
2909 1741 3128 1818 praelati
3146 1746 3204 1798 et
3217 1738 3582 1839 praepositi,iq
3600 1736 3800 1845 claustri

451 1843 477 1869 ‹‹
512 1821 561 1876 si
594 1822 826 1881 silentio
861 1829 1490 1896 presseris,successori
1522 1837 1644 1899 tuo,
1678 1850 1793 1889 non
1819 1833 2097 1890 fratribus

449 1933 476 1959 ‹‹
508 1911 727 1968 furtum
759 1913 1048 1988 lucraris].
1082 1919 1199 1992 Ego
1232 1920 1288 1975 in
1319 1922 1550 1979 duabus
1605 1923 1761 1979 villis
1817 1922 1962 1979 mihi
2008 1922 2097 1979 in-

449 2027 477 2053 ‹‹
506 2005 625 2060 vito
656 2006 1008 2076 commissis,
1041 2011 1603 2085 quadringentorum
1646 2014 1722 2087 (9)
1754 2031 2096 2071 mansorum

450 2116 491 2160 «g
511 2094 810 2151 servitium
835 2097 1003 2168 justa
1048 2099 1268 2156 ratione
1326 2103 1785 2175 superlucratus,
1818 2104 2098 2162 fratribus

450 2205 477 2231 «
511 2184 874 2255 annuntiavi,
907 2191 965 2242 et
1004 2188 1202 2244 statim
1248 2192 1548 2247 servitium
1583 2192 1727 2261 feci;
1762 2198 2098 2266 quantoque

451 2294 478 2319 «
509 2287 600 2327 me
626 2272 684 2327 in
733 2275 945 2344 gaudio
1002 2294 1106 2348 pro
1161 2279 1435 2336 ﬁdelitate
1486 2280 1705 2337 intrare
1763 2283 2095 2355 sperabam,

450 2383 478 2410 «
511 2364 673 2417 tanto
713 2361 1195 2424 tribulationibus
1244 2367 1589 2442 invidiaeque
1642 2371 1831 2443 magis
1884 2388 2096 2427 succu-

452 2472 480 2499 ‹‹
510 2450 630 2506 bui.
665 2456 875 2509 Servus
922 2457 1322 2528 evangelicum
1381 2458 1666 2514 talentum
1725 2459 2033 2532 duplicans
2065 2480 2100 2518 a

448 2562 475 2589 «
509 2541 769 2611 domino,
808 2541 1174 2602 collaudatus
1198 2548 1415 2603 meruit
1438 2549 1643 2604 donari
1670 2568 1682 2605 :
1707 2566 1812 2622 ego
1846 2551 2097 2622 quadru-

450 2653 477 2679 «
513 2630 756 2703 plicans,
793 2633 995 2688 multis
1054 2635 1245 2692 modis
1290 2637 1593 2710 impetitus
1630 2642 1685 2694 et
1730 2638 2096 2695 circumven-

448 2742 476 2768 ‹‹
508 2723 625 2787 tus,
659 2720 931 2779 addictus
961 2741 1092 2780 sum
1130 2725 1480 2797 paupertati.
1540 2727 1651 2799 (10)
1684 2730 1699 2799 [
1733 2727 1878 2783 Cum
1912 2727 2099 2785 multa

451 2833 478 2860 «
512 2811 666 2865 bona
686 2810 927 2868 claustri
958 2818 1159 2870 teneas
1216 2815 1343 2872 sine
1401 2816 1722 2887 quaestione
1770 2816 2096 2875 redditibus

454 2920 482 2948 ‹‹
515 2898 730 2971 parvis,
761 2918 867 2957 cur
914 2901 1253 2959 ﬁdelitatem
1313 2910 1598 2972 nostram,
1658 2907 1829 2979 quasi
1874 2907 2098 2963 furtum

447 3012 477 3040 «
512 3005 887 3062 persequens,
921 2990 1221 3049 ulcisceris
1243 2993 1536 3051 ‘?Tuarum
1568 3012 1763 3051 rerum
1796 2995 2100 3053 ministros

449 3100 476 3127 «
513 3077 826 3135 inﬁdeliter
873 3083 1112 3155 agentes
1171 3082 1314 3139 dure
1356 3084 1659 3157 punis;et
1714 3100 1806 3140 res
1858 3084 2097 3141 claustri

2205 1859 2233 1886 ‹‹
2268 1836 2649 1892 aediﬁcatione
2679 1837 3055 1907 cooperatur;
3080 1831 3221 1904 quia
3244 1846 3357 1886 non
3388 1827 3675 1885 ambitiosa
3694 1825 3801 1881 cha-

2210 1947 2239 1976 ‹‹
2269 1925 2432 1997 ritas,
2465 1943 2593 1999 quae
2623 1924 2727 1981 Dei
2758 1927 2916 1992 sunt,
2948 1939 3062 1978 non
3094 1937 3222 1993 quae
3255 1935 3383 1988 sua,
3411 1918 3655 1973 rimatur.

2282 2037 2309 2066 ‹‹
2340 2015 2621 2088 Lugenda
2668 2012 2839 2070 nobis
2888 2011 3082 2068 acrius
3138 2013 3315 2076 esset,
3376 2008 3564 2074 frater,
3604 2004 3800 2061 claustri

2211 2129 2239 2156 «
2269 2105 2453 2162 nostri
2484 2120 2686 2161 recens
2716 2102 2921 2159 oborta
2970 2099 3288 2167 discordia,
3323 2097 3435 2154 nisi
3489 2096 3546 2151 in
3599 2094 3803 2152 sanitate

2208 2219 2235 2245 ‹‹
2268 2194 2477 2267 capitis
2509 2192 2900 2250 coalescerent
2924 2190 3099 2245 etiam
3130 2184 3537 2262 aegrotantium
3564 2181 3802 2240 membra.

2209 2307 2237 2335 ‹‹
2270 2285 2341 2340 Et
2371 2300 2444 2340 ne
2473 2281 2581 2338 tibi
2621 2282 2886 2337 fraterna:
2933 2276 3358 2335 consolationis
3406 2276 3463 2331 in
3506 2273 3615 2331 ullo
3643 2269 3807 2328 munia

2208 2399 2235 2425 ‹‹
2269 2372 2633 2439 subtraham,
2668 2386 2893 2444 precor,
2924 2366 3442 2425 archidiaconatus
3456 2363 3533 2420 tui
3557 2360 3807 2435 paulisper

2207 2487 2235 2514 «
2270 2463 2572 2519 moderare
2592 2460 2919 2535 gloriolam.
2953 2458 3100 2524 Quia
3146 2454 3351 2512 divina
3380 2454 3556 2527 pietas
3585 2450 3805 2525 pluribus

2207 2575 2235 2602 ‹‹
2269 2551 2438 2608 bonis
2470 2555 2525 2607 te
2555 2548 2812 2615 donavit,
2845 2547 3062 2622 quibus
3105 2542 3529 2601 rationabiliter
3553 2536 3805 2597 honoraris

2208 2665 2235 2691 ‹‹
2265 2641 2323 2697 in
2338 2640 2814 2696 archidiaconatu
2829 2636 3076 2694 decretis
3090 2631 3503 2691 ecclesiasticis
3529 2627 3803 2704 prscripta,

2209 2752 2236 2781 ‹‹
2270 2730 2410 2802 quid
2440 2728 2739 2787 eﬁ‘ereris?
2767 2726 2915 2791 Quia
2952 2725 3240 2781 diaconus
3283 2723 3389 2779 es?
3417 2720 3516 2779 Dic
3564 2718 3697 2774 unde
3722 2714 3804 2771 tibi

2208 2845 2236 2872 ‹‹
2269 2835 2483 2876 nomen
2513 2815 2906 2874 archidiaconi
2933 2818 2957 2870 ?
2985 2814 3044 2871 Si
3077 2830 3195 2870 non
3248 2816 3430 2886 potes,
3480 2808 3698 2865 ulterius
3721 2804 3804 2859 de-

2208 2933 2235 2960 ‹‹
2270 2908 2398 2965 sine
2446 2906 2704 2981 gloriari.
2750 2903 3212 2978 Chorepiscopos
3262 2901 3373 2975 (12)
3416 2902 3636 2973 propter
3680 2895 3804 2950 inso-

2209 3021 2237 3049 «
2269 2996 2511 3054 lentiam
2542 2995 2786 3053 removit
2816 2992 3109 3062 Ecclesia;
3142 2992 3303 3048 unde
3358 2989 3450 3046 his
3488 2990 3805 3057 paratusque

2213 3109 2240 3138 «
2271 3086 2331 3143 in
2363 3103 2622 3160 praesens
2650 3083 2991 3157 metropolis
3031 3081 3274 3139 Colonia
3315 3083 3373 3138 et
3399 3082 3518 3136 tota
3538 3071 3803 3150 provincia.

450 3191 476 3217 ‹‹
505 3184 610 3222 cur
640 3185 755 3223 non
789 3147 969 3224 simili
1000 3168 1304 3243 diligentia
1351 3147 1719 3247 prosequeris
1740 3173 1769 3228 ?
1798 3175 2096 3241 Quomodo
2128 3147 2171 3214 (ἶ
2208 3199 2237 3227 ‹‹
2269 3147 2465 3231 Oarion
2494 3178 2651 3230 vetat
2678 3147 2993 3230 diaconum
3040 3171 3343 3243 injussum
3395 3147 3806 3239 ante—presbyte-

450 3278 479 3304 ‹‹
511 3255 776 3328 probaris
810 3257 1015 3314 fratres
1063 3259 1217 3315 sicut
1262 3261 1517 3334 teipsum
1576 3262 1840 3335 diligere,
1874 3262 1921 3318 si
1968 3266 2101 3319 tuas

451 3368 480 3395 «
509 3349 686 3417 atque
718 3344 951 3402 illorum
994 3364 1085 3403 res
1139 3349 1359 3422 dispari
1408 3355 1621 3407 tractas
1670 3351 2102 3408 aﬁ'ectione?Si

452 3455 481 3482 ‹‹
512 3434 668 3505 apud
701 3434 1038 3493 idololatras
1069 3436 1207 3493 olim
1240 3439 1534 3496 Romanos
1565 3440 1726 3497 fraus
1756 3440 2101 3514 reipublicae

454 3548 481 3575 ‹‹
516 3522 804 3597 sacrilegii
854 3524 1163 3598 suppliciis
1219 3527 1584 3599 expiabatur,
1637 3546 1752 3601 quo
1807 3534 2101 3588 tormento

454 3642 481 3665 υ
517 3614 746 3687 legibus
777 3614 1067 3687 exquisito
1096 3615 1258 3672 fraus
1279 3615 1519 3673 claustri
1542 3618 1906 3689 deprehensa
1926 3618 2102 3692 digne

454 3730 481 3756 ‹‹
518 3703 866 3761 multabitur
885 3707 933 3776 ?]
970 3705 1134 3777 Ergo,
1179 3706 1377 3774 frater,
1411 3723 1616 3762 omnes
1673 3707 1732 3763 in
1792 3725 2103 3766 commune

453 3819 483 3845 «
516 3794 895 3867 accingamur
924 3792 1704 3868 humilitate,ﬁdelitateque,
1739 3796 2100 3869 regulariter,

455 3908 482 3935 «
518 3888 575 3940 et
605 3901 695 3940 res
718 3882 991 3949 claustri,”
1011 3884 1164 3939 sicut
1212 3886 1457 3957 oportet,
1490 3888 1810 3941 tractemus
1854 3885 2103 3959 irrepre-

455 3997 484 4025 «
521 3973 906 4029 hensibiliter.
941 3972 1166 4037 Quanto
1197 3974 1450 4045 majores
1473 3991 1680 4030 sumus
1712 3974 1769 4029 in
1800 3974 1995 4051 saeculi
2015 3975 2104 4030 di-

455 4086 483 4113 «
518 4062 864 4137 gnitatibus,
898 4066 1059 4119 tanto
1091 4080 1198 4119 nos
1230 4060 1615 4118 humiliemus
1670 4063 1727 4119 in
1789 4063 2099 4121 omnibus:

458 4175 485 4204 α
517 4152 791 4219 avaritim,
824 4152 1358 4225 dominationisque
1406 4150 1777 4209 altitudinem
1810 4152 2106 4225 fugiamus

455 4266 482 4293 (ι
517 4242 799 4309 studiose,
834 4260 961 4315 qua:
993 4242 1333 4316 religionem
1366 4241 1858 4315 disciplinamque
1879 4246 2108 4299 natura-

454 4354 484 4381 «
517 4330 648 4388 liter
677 4331 866 4387 solent
898 4331 1259 4405 propulsare.
1808 4386 1813 4393 ,

527 4444 554 4470 ‹‹
588 4420 715 4477 Noli
749 4422 860 4493 (11)
890 4418 1362 4493 ρΓίΒΞιΙῐΠρῐίΟΠίδ
1422 4424 1523 4476 tua
1566 4420 1965 4477 defensionem
1998 4424 2105 4476 Co-

2210 3288 2237 3315 «
2272 3281 2406 3321 rum
2437 3265 2677 3332 sedere;
2710 3266 2767 3318 et
2794 3265 2858 3318 tu
2878 3261 3252 3335 presbyteros
3271 3255 3571 3334 praesumis
3586 3249 3805 3327 judicare

2213 3375 2241 3405 «
2273 3357 2448 3429 atque
2476 3353 2652 3410 etiam
2682 3352 2987 3409 verberare
3003 3350 3288 3407 ?Tantam
3300 3363 3435 3421 ergo
3463 3345 3630 3402 habes
3654 3341 3808 3429 aucte-

2210 3467 2238 3494 «
2273 3424 2505 3499 ritatem
2537 3443 2595 3497 in
2618 3440 2963 3514 judicando,
3013 3444 3081 3496 ut
3134 3436 3302 3496 nulla
3346 3436 3637 3509 scriptura,
3677 3424 3807 3484 nulla

2211 3556 2239 3583 ‹‹
2273 3532 2462 3605 possit
2491 3532 2759 3603 resistere
2786 3529 2934 3587 ratio
2953 3530 2980 3585 ?
3002 3527 3293 3595 Quoniam
3325 3526 3553 3601 quidem
3582 3518 3805 3576 voluntas

2211 3626 2374 3679 «tua
2411 3621 2738 3677 necessario
2791 3619 2959 3675 nobis
3005 3622 3095 3675 est
3148 3617 3243 3674 lex
3292 3620 3351 3674 et
3410 3611 3615 3688 regula,
3645 3619 3803 3680 quaso

2210 3736 2237 3763 «
2264 3728 2367 3785 per
2395 3711 2579 3768 Deum
2609 3708 2830 3782 dirigas
2858 3723 2989 3765 eam
3015 3722 3251 3780 semper
3278 3721 3414 3762 cum
3434 3697 3667 3775 justitia.

2284 3825 2311 3853 «
2345 3802 2403 3857 Si
2432 3800 2543 3873 (13)
2577 3800 2626 3855 is
2660 3780 2761 3872 qui
2783 3812 3020 3855 vaccam
3040 3793 3211 3869 rapit,
3238 3796 3377 3868 jure
3405 3780 3812 3850 excommunica-

2212 3914 2236 3941 ‹‹
2276 3895 2392 3957 tur,
2425 3889 2566 3962 quid
2601 3888 2698 3944 ﬁet
2742 3885 2826 3942 illi
2846 3886 2950 3959 qui
2984 3884 3285 3958 justitiam
3309 3882 3505 3939 vendit
3531 3875 3612 3935 vel
3632 3875 3808 3962 deprc-

2213 4003 2241 4029 ‹‹
2276 3955 2489 4035 datur?
2502 3979 2651 4051 Ergo
2677 3975 2818 4049 quia
2838 3955 3078 4048 justitia
3106 3972 3316 4030 melior
3346 3974 3435 4029 est
3463 3964 3611 4025 omni
3634 3955 3812 4054 pecude

2214 4068 2467 4134 «bruto,
2497 4081 2735 4123 necesse
2763 4067 2855 4120 est
2908 4062 3161 4120 deterior
3212 4061 3293 4117 sit
3351 4058 3608 4133 prmdone
3656 4059 3812 4134 omnis

2214 4180 2243 4207 «
2277 4132 2503 4230 pecoris
2532 4153 2776 4227 justitiae
2834 4153 3049 4225 praedo.
3106 4132 3511 4221 Quoniamque
3563 4143 3678 4200 luce
3723 4132 3817 4230 clac

2218 4270 2247 4300 ‹‹
2277 4221 2403 4302 rius
2430 4221 2591 4317 patet
2640 4221 2967 4316 pessimum
3020 4255 3151 4297 esse
3196 4237 3495 4311 justitiam
3542 4242 3739 4291 vexare.
3764 4221 3818 4277 de

2216 4359 2243 4386 ‹‹
2278 4332 2555 4391 omnibus
2586 4331 2758 4388 bonis
2787 4328 3069 4404 episcopii
3095 4325 3546 4389 constituendis,
3567 4333 3688 4377 cum
3709 4326 3819 4386 (103'

2218 4447 2246 4475 ‹‹
2280 4428 2411 4479 tuor
2439 4420 2732 4495 episcopis
2761 4419 3061 4493 gratiosus
3090 4433 3432 4485 essem,non
3461 4407 3818 4495 habui,quan_1'

459 4534 485 4559 ‹‹
516 4508 797 4566 loniensis
828 4508 1064 4565 claustri
1112 4508 1375 4581 exemplo
1416 4510 1725 4579 roborare;
1755 4508 1913 4582 quia,
1956 4511 2106 4566 sicut
2140 4523 2184 4587 ι)
2218 4536 2245 4563 ‹‹
2277 4513 2365 4568 vis
2397 4512 2674 4585 imputes,
2705 4508 2962 4581 pretium
3011 4506 3197 4587 unius
3240 4504 3492 4578 siliquae.
3521 4501 3749 4567 Cumque
3772 4486 3819 4585 ill

456 4622 485 4649 «
518 4598 913 4671 experimento
945 4598 1145 4667 didici,
1178 4598 1293 4653 Deo
1351 4599 1593 4672 gratias,
1640 4598 1721 4654 nil
1782 4598 2014 4672 penitus
2046 4600 2105 4655 in

459 4712 485 4738 ‹‹
521 4705 587 4745 eo
619 4688 914 4744 invenitur
944 4687 1078 4743 tale.
1132 4687 1261 4759 Ipse
1307 4687 1561 4744 domnus
1610 4687 2105 4761 archiepiscopus,

260 4784 265 4791 ‘
354 4814 357 4817 ν
457 4802 485 4830 ‹‹
520 4782 742 4836 remota
771 4776 1189 4833 dominationis
1219 4793 1337 4832 sua:
1368 4776 1750 4846 sublimitate,
1782 4776 2107 4835 claustrum

460 4893 486 4919 ‹‹
512 4886 661 4941 εωρο
685 4866 1093 4934 deambulans,
1122 4863 1353 4922 scholas
1382 4866 1618 4937 visitat,
1653 4864 1967 4939 propositis
1996 4865 2109 4922 dis-

462 4980 489 5008 ι(
518 4957 845 5031 solutisque
890 4955 1338 5029 quaestionibus,
1374 4968 1522 5027 quos
1572 4953 1837 5011 utiliores
1866 4954 2107 5023 invenit,

531 5084 604 5155 (6)
638 5084 809 5150 Editi,
841 5084 1169 5154 religiosum
1195 5097 1328 5147 esse,
1376 5085 1578 5136 contra
1635 5079 1889 5137 auctoris
1941 5097 2111 5138 men-

460 5157 611 5307 tita.)
647 5225 823 5307 Uncis
872 5225 1100 5281 inclusa
1152 5224 1565 5281 desiderantur
1621 5221 1685 5277 in
1732 5222 1925 5290 editis,
1961 5228 2113 5280 utet

461 5294 631 5368 plura
661 5296 794 5351 alia.

534 5368 608 5437 (8)
643 5368 709 5421 Et
739 5367 858 5422 haec
890 5366 1102 5423 iterum
1134 5368 1191 5422 in
1224 5365 1398 5422 editis
1432 5365 1655 5423 omissa
1684 5369 1844 5421 sunt.

555 5439 609 5509 9)
661 5438 835 5502 Editi.
890 5455 1185 5510 aequorum
1239 5454 1556 5495 mansorum
1614 5437 1853 5495 omnino
1907 5437 2112 5509 depra-

465 5515 649 5656 νθ’ἕῗό)
682 5579 913 5639 Inclusa
942 5597 1178 5655 quoque
1230 5579 1323 5637 hic
1373 5582 1541 5639 uncis
1581 5580 1948 5640 abbreviator
1977 5579 2117 5637 omi-

2219 4627 2248 4655 ι(
2280 4600 2462 4668 nullo,
2492 4596 2746 4671 exceptis
2775 4596 3053 4669 peccatis,
3085 4612 3213 4669 quae
3265 4593 3455 4650 nimia
3490 4592 3636 4654 sunt,
3664 4589 3818 4671 99881⁸

2219 4714 2247 4741 ‹‹
2283 4707 2375 4747 me
2406 4667 2671 4762 legaliter
2700 4667 3256 4759 redarguere,quare
3281 4683 3342 4739 in
3369 4683 3594 4755 signum
3622 4667 3822 4765 φαιωςφ

2220 4805 2247 4832 ‹‹
2281 4779 2471 4836 lentiae
2501 4781 2617 4833 tuae
2647 4792 2740 4832 me
2770 4774 2923 4833 soles
2954 4773 3309 4830 iracundum
3330 4784 3529 4828 vocare
3546 4763 3712 4821 ?Siira
3735 4763 3821 4810 vin

2224 4892 2251 4922 ‹‹
2271 4868 2552 4942 justitiam
2579 4866 2684 4923 Dei
2705 4881 2819 4922 non
2861 4871 3137 4936 operatur.
3169 4858 3257 4917 vel
3301 4854 3636 4932 iniustitiam
3664 4854 3819 4942 mean:

2219 4984 2249 5011 α
2271 4923 2482 5025 dic,vel
2512 4955 2726 5012 veritas
2739 4957 2842 5010 tua
2858 4923 3257 5009 cessaturSed
3283 4923 3424 5023 quia
3446 4943 3610 5003 verba
3628 4950 3740 4995 mea
3750 4923 3822 4987 vel

2222 5086 2405 5226 mf”)
2473 5151 2544 5207 Et
2608 5149 2729 5206 haec
2787 5147 2972 5226 etiam
3067 5129 3817 5226 priesumpsitnabbfejjfﬂ

2221 5197 2972 5294 omittere-usque'ad'héc
3007 5197 3212 5275 verba-
3581 5214 3629 5264 et
3648 5197 3817 5277 Ρνκίίν

2222 5298 2605 5437 ω’ῗιὲἶῗέάίῑί,
2633 5364 2967 5437 coepiscopos
2994 5369 3050 5419 et
3077 5360 3509 5437 archidiqconps.

2994 5406 3141 5507 pene
3171 5432 3369 5491 omnia
3414 5423 3615 5485 desUnt
3639 5418 3691 5474 in
3717 5406 3821 5469 odi“

2222 5510 2323 5567 tis.

2253 5527 2323 5568 18.
