  <div class='ocr_page' id='page_1' title='image "/cluster/home/n/w/nwhite01/storage/ocr_20150623/142/hvd.32044054760020/374.png"; bbox 0 0 4036 6172; ppageno 0'>
   <div class='ocr_carea' id='block_1_1' title="bbox 274 242 3779 375">
    <p class='ocr_par' dir='ltr' id='par_1_1' title="bbox 274 242 3779 375">
     <span class='ocr_line' id='line_1_1' title="bbox 274 242 3779 375; baseline 0.001 -9"><span class='ocrx_word' id='word_1_1' title='bbox 274 305 393 375; x_wconf 79' lang='lat'>‘137</span> <span class='ocrx_word' id='word_1_2' title='bbox 1875 298 2085 366; x_wconf 78' lang='lat' dir='ltr'>VITA.</span> <span class='ocrx_word' id='word_1_3' title='bbox 3569 305 3687 371; x_wconf 81' lang='lat'>738</span> <span class='ocrx_word' id='word_1_4' title='bbox 3776 242 3779 247; x_wconf 12' lang='grc'><em>1</em></span> 
     </span>
    </p>
   </div>
   <div class='ocr_carea' id='block_1_2' title="bbox 275 433 2013 505">
    <p class='ocr_par' dir='ltr' id='par_1_2' title="bbox 275 433 2013 505">
     <span class='ocr_line' id='line_1_2' title="bbox 275 433 2013 505; baseline 0 -14"><span class='ocrx_word' id='word_1_5' title='bbox 275 434 419 499; x_wconf 77' lang='lat' dir='ltr'>tus?</span> <span class='ocrx_word' id='word_1_6' title='bbox 450 434 574 500; x_wconf 86' lang='lat' dir='ltr'>Quo</span> <span class='ocrx_word' id='word_1_7' title='bbox 601 433 989 491; x_wconf 87' lang='lat' dir='ltr'>seandalizato</span> <span class='ocrx_word' id='word_1_8' title='bbox 1021 450 1134 491; x_wconf 92' lang='lat' dir='ltr'>non</span> <span class='ocrx_word' id='word_1_9' title='bbox 1166 439 1256 495; x_wconf 90' lang='lat' dir='ltr'>est</span> <span class='ocrx_word' id='word_1_10' title='bbox 1287 435 1502 492; x_wconf 83' lang='lat' dir='ltr'>ustus?</span> <span class='ocrx_word' id='word_1_11' title='bbox 1525 436 1616 491; x_wconf 87' lang='lat' dir='ltr'>Sic</span> <span class='ocrx_word' id='word_1_12' title='bbox 1650 435 1926 491; x_wconf 81' lang='lat' dir='ltr'>nimirum</span> <span class='ocrx_word' id='word_1_13' title='bbox 1962 440 2013 505; x_wconf 82' lang='grc' dir='ltr'>Α</span> 
     </span>
    </p>
   </div>
   <div class='ocr_carea' id='block_1_3' title="bbox 275 523 1928 601">
    <p class='ocr_par' dir='ltr' id='par_1_3' title="bbox 275 523 1928 601">
     <span class='ocr_line' id='line_1_3' title="bbox 275 523 1928 601; baseline 0.001 -22"><span class='ocrx_word' id='word_1_14' title='bbox 275 523 479 598; x_wconf 65' lang='lat' dir='ltr'>aliqua&quot;:</span> <span class='ocrx_word' id='word_1_15' title='bbox 502 524 828 595; x_wconf 80' lang='lat' dir='ltr'>infirmitati</span> <span class='ocrx_word' id='word_1_16' title='bbox 851 525 1403 593; x_wconf 87' lang='lat' dir='ltr'>condescensionem</span> <span class='ocrx_word' id='word_1_17' title='bbox 1421 524 1573 582; x_wconf 88' lang='lat' dir='ltr'>idem</span> <span class='ocrx_word' id='word_1_18' title='bbox 1591 525 1652 580; x_wconf 92' lang='lat' dir='ltr'>in</span> <span class='ocrx_word' id='word_1_19' title='bbox 1671 542 1732 582; x_wconf 90' lang='lat' dir='ltr'>se</span> <span class='ocrx_word' id='word_1_20' title='bbox 1754 528 1928 601; x_wconf 86' lang='lat' dir='ltr'>atque</span> 
     </span>
    </p>
   </div>
   <div class='ocr_carea' id='block_1_4' title="bbox 274 613 842 685">
    <p class='ocr_par' dir='ltr' id='par_1_4' title="bbox 274 613 842 685">
     <span class='ocr_line' id='line_1_4' title="bbox 274 613 842 685; baseline 0 -16"><span class='ocrx_word' id='word_1_21' title='bbox 274 613 335 685; x_wconf 85' lang='lat' dir='ltr'>in</span> <span class='ocrx_word' id='word_1_22' title='bbox 369 613 503 678; x_wconf 86' lang='lat' dir='ltr'>aliis</span> <span class='ocrx_word' id='word_1_23' title='bbox 527 613 842 683; x_wconf 80' lang='lat' dir='ltr'>sentiebat.</span> 
     </span>
    </p>
   </div>
   <div class='ocr_carea' id='block_1_5' title="bbox 346 701 1927 779">
    <p class='ocr_par' dir='ltr' id='par_1_5' title="bbox 346 701 1927 779">
     <span class='ocr_line' id='line_1_5' title="bbox 346 701 1927 779; baseline -0.001 -18"><span class='ocrx_word' id='word_1_24' title='bbox 346 701 477 771; x_wconf 60' lang='grc' dir='ltr'>ἅλιξι</span> <span class='ocrx_word' id='word_1_25' title='bbox 524 719 660 759; x_wconf 90' lang='lat' dir='ltr'>vero</span> <span class='ocrx_word' id='word_1_26' title='bbox 689 703 831 779; x_wconf 88' lang='lat' dir='ltr'>quid</span> <span class='ocrx_word' id='word_1_27' title='bbox 860 703 920 771; x_wconf 83' lang='lat' dir='ltr'>in</span> <span class='ocrx_word' id='word_1_28' title='bbox 973 703 1371 779; x_wconf 82' lang='lat' dir='ltr'>dispensanda</span> <span class='ocrx_word' id='word_1_29' title='bbox 1415 703 1647 761; x_wconf 69' lang='lat' dir='ltr'>familia:</span> <span class='ocrx_word' id='word_1_30' title='bbox 1695 704 1927 771; x_wconf 83' lang='lat' dir='ltr'>Domini</span> 
     </span>
    </p>
   </div>
   <div class='ocr_carea' id='block_1_6' title="bbox 275 782 1931 873">
    <p class='ocr_par' dir='ltr' id='par_1_6' title="bbox 275 782 1931 873">
     <span class='ocr_line' id='line_1_6' title="bbox 275 782 1931 873; baseline 0.001 -25"><span class='ocrx_word' id='word_1_31' title='bbox 275 809 511 865; x_wconf 81' lang='lat' dir='ltr'>annona</span> <span class='ocrx_word' id='word_1_32' title='bbox 540 791 785 863; x_wconf 82' lang='lat' dir='ltr'>dixerim</span> <span class='ocrx_word' id='word_1_33' title='bbox 806 792 835 848; x_wconf 78' lang='lat' dir='ltr'>‘I</span> <span class='ocrx_word' id='word_1_34' title='bbox 868 782 1081 865; x_wconf 20' lang='lat' dir='ltr'>Testes.</span> <span class='ocrx_word' id='word_1_35' title='bbox 1122 797 1261 855; x_wconf 88' lang='lat' dir='ltr'>sunt</span> <span class='ocrx_word' id='word_1_36' title='bbox 1290 809 1435 873; x_wconf 90' lang='lat' dir='ltr'>pene</span> <span class='ocrx_word' id='word_1_37' title='bbox 1467 796 1755 867; x_wconf 82' lang='lat' dir='ltr'>quotquot</span> <span class='ocrx_word' id='word_1_38' title='bbox 1796 794 1931 849; x_wconf 90' lang='lat' dir='ltr'>Leo-</span> 
     </span>
    </p>
   </div>
   <div class='ocr_carea' id='block_1_7' title="bbox 275 881 1929 955">
    <p class='ocr_par' dir='ltr' id='par_1_7' title="bbox 275 881 1929 955">
     <span class='ocr_line' id='line_1_7' title="bbox 275 881 1929 955; baseline -0.001 -18"><span class='ocrx_word' id='word_1_39' title='bbox 275 881 442 951; x_wconf 84' lang='lat' dir='ltr'>dium</span> <span class='ocrx_word' id='word_1_40' title='bbox 462 898 671 951; x_wconf 79' lang='lat' dir='ltr'>novere</span> <span class='ocrx_word' id='word_1_41' title='bbox 689 900 702 949; x_wconf 92' lang='lat'><strong>;</strong></span> <span class='ocrx_word' id='word_1_42' title='bbox 720 881 862 955; x_wconf 90' lang='lat' dir='ltr'>.quia</span> <span class='ocrx_word' id='word_1_43' title='bbox 877 898 1011 938; x_wconf 92' lang='lat' dir='ltr'>cum</span> <span class='ocrx_word' id='word_1_44' title='bbox 1029 887 1162 939; x_wconf 87' lang='lat' dir='ltr'>ante</span> <span class='ocrx_word' id='word_1_45' title='bbox 1178 898 1313 938; x_wconf 90' lang='lat' dir='ltr'>eum</span> <span class='ocrx_word' id='word_1_46' title='bbox 1336 899 1490 951; x_wconf 79' lang='lat' dir='ltr'>unus</span> <span class='ocrx_word' id='word_1_47' title='bbox 1507 885 1734 945; x_wconf 85' lang='lat' dir='ltr'>tantum</span> <span class='ocrx_word' id='word_1_48' title='bbox 1758 881 1929 955; x_wconf 86' lang='lat' dir='ltr'>panis</span> 
     </span>
    </p>
   </div>
   <div class='ocr_carea' id='block_1_8' title="bbox 273 969 1928 1047">
    <p class='ocr_par' dir='ltr' id='par_1_8' title="bbox 273 969 1928 1047">
     <span class='ocr_line' id='line_1_8' title="bbox 273 969 1928 1047; baseline -0.001 -20"><span class='ocrx_word' id='word_1_49' title='bbox 273 969 529 1046; x_wconf 79' lang='lat' dir='ltr'>singulis</span> <span class='ocrx_word' id='word_1_50' title='bbox 557 970 838 1043; x_wconf 74' lang='lat' dir='ltr'>fratribus</span> <span class='ocrx_word' id='word_1_51' title='bbox 870 971 1128 1047; x_wconf 78' lang='lat' dir='ltr'>quotidie</span> <span class='ocrx_word' id='word_1_52' title='bbox 1155 972 1410 1041; x_wconf 82' lang='lat' dir='ltr'>daretur,</span> <span class='ocrx_word' id='word_1_53' title='bbox 1442 977 1501 1027; x_wconf 90' lang='lat' dir='ltr'>et</span> <span class='ocrx_word' id='word_1_54' title='bbox 1524 989 1639 1027; x_wconf 92' lang='lat' dir='ltr'>non</span> <span class='ocrx_word' id='word_1_55' title='bbox 1671 970 1928 1045; x_wconf 84' lang='lat' dir='ltr'>amplius</span> 
     </span>
    </p>
   </div>
   <div class='ocr_carea' id='block_1_9' title="bbox 272 1059 1927 1137">
    <p class='ocr_par' dir='ltr' id='par_1_9' title="bbox 272 1059 1927 1137">
     <span class='ocr_line' id='line_1_9' title="bbox 272 1059 1927 1137; baseline 0.001 -22"><span class='ocrx_word' id='word_1_56' title='bbox 272 1076 455 1137; x_wconf 84' lang='lat' dir='ltr'>quam</span> <span class='ocrx_word' id='word_1_57' title='bbox 487 1059 879 1135; x_wconf 76' lang='lat' dir='ltr'>quadraginta</span> <span class='ocrx_word' id='word_1_58' title='bbox 905 1064 1141 1116; x_wconf 69' lang='lat' dir='ltr'>carratze</span> <span class='ocrx_word' id='word_1_59' title='bbox 1175 1061 1286 1134; x_wconf 84' lang='grc'>(18)</span> <span class='ocrx_word' id='word_1_60' title='bbox 1318 1059 1436 1115; x_wconf 86' lang='lat' dir='ltr'>vini</span> <span class='ocrx_word' id='word_1_61' title='bbox 1466 1059 1526 1116; x_wconf 92' lang='lat' dir='ltr'>in</span> <span class='ocrx_word' id='word_1_62' title='bbox 1559 1064 1701 1134; x_wconf 90' lang='lat' dir='ltr'>potu</span> <span class='ocrx_word' id='word_1_63' title='bbox 1725 1077 1927 1116; x_wconf 90' lang='lat' dir='ltr'>eorum</span> 
     </span>
    </p>
   </div>
   <div class='ocr_carea' id='block_1_10' title="bbox 272 1149 1929 1233">
    <p class='ocr_par' dir='ltr' id='par_1_10' title="bbox 272 1149 1929 1233">
     <span class='ocr_line' id='line_1_10' title="bbox 272 1149 1929 1233; baseline 0.001 -28"><span class='ocrx_word' id='word_1_64' title='bbox 272 1165 379 1223; x_wconf 71' lang='lat' dir='ltr'>per</span> <span class='ocrx_word' id='word_1_65' title='bbox 405 1166 630 1211; x_wconf 85' lang='lat' dir='ltr'>annum</span> <span class='ocrx_word' id='word_1_66' title='bbox 662 1149 1143 1233; x_wconf 66' lang='lat' dir='ltr'>expendet-antur,</span> <span class='ocrx_word' id='word_1_67' title='bbox 1174 1149 1269 1206; x_wconf 90' lang='lat' dir='ltr'>hic</span> <span class='ocrx_word' id='word_1_68' title='bbox 1296 1166 1365 1205; x_wconf 87' lang='lat' dir='ltr'>ex</span> <span class='ocrx_word' id='word_1_69' title='bbox 1394 1149 1629 1227; x_wconf 83' lang='lat' dir='ltr'>polenta</span> <span class='ocrx_word' id='word_1_70' title='bbox 1658 1149 1808 1206; x_wconf 87' lang='lat' dir='ltr'>nivei</span> <span class='ocrx_word' id='word_1_71' title='bbox 1838 1166 1929 1207; x_wconf 88' lang='lat' dir='ltr'>co-</span> 
     </span>
    </p>
   </div>
   <div class='ocr_carea' id='block_1_11' title="bbox 269 1234 1928 1315">
    <p class='ocr_par' dir='ltr' id='par_1_11' title="bbox 269 1234 1928 1315">
     <span class='ocr_line' id='line_1_11' title="bbox 269 1234 1928 1315; baseline 0.001 -22"><span class='ocrx_word' id='word_1_72' title='bbox 269 1234 413 1309; x_wconf 81' lang='lat' dir='ltr'>loris</span> <span class='ocrx_word' id='word_1_73' title='bbox 447 1255 627 1315; x_wconf 73' lang='lat' dir='ltr'>quam</span> <span class='ocrx_word' id='word_1_74' title='bbox 649 1237 906 1307; x_wconf 84' lang='lat' dir='ltr'>similam</span> <span class='ocrx_word' id='word_1_75' title='bbox 930 1243 1165 1307; x_wconf 88' lang='lat' dir='ltr'>vocant,</span> <span class='ocrx_word' id='word_1_76' title='bbox 1184 1238 1444 1313; x_wconf 88' lang='lat' dir='ltr'>quinque</span> <span class='ocrx_word' id='word_1_77' title='bbox 1464 1256 1693 1297; x_wconf 90' lang='lat' dir='ltr'>marcas</span> <span class='ocrx_word' id='word_1_78' title='bbox 1714 1256 1928 1314; x_wconf 85' lang='lat' dir='ltr'>appen-</span> 
     </span>
    </p>
   </div>
   <div class='ocr_carea' id='block_1_12' title="bbox 271 1326 1929 1407">
    <p class='ocr_par' dir='ltr' id='par_1_12' title="bbox 271 1326 1929 1407">
     <span class='ocr_line' id='line_1_12' title="bbox 271 1326 1929 1407; baseline 0 -25"><span class='ocrx_word' id='word_1_79' title='bbox 271 1328 510 1395; x_wconf 81' lang='lat' dir='ltr'>dentem</span> <span class='ocrx_word' id='word_1_80' title='bbox 543 1327 787 1405; x_wconf 78' lang='lat' dir='ltr'>insuper</span> <span class='ocrx_word' id='word_1_81' title='bbox 816 1326 1028 1407; x_wconf 78' lang='lat' dir='ltr'>adjecit</span> <span class='ocrx_word' id='word_1_82' title='bbox 1051 1345 1283 1402; x_wconf 89' lang='lat' dir='ltr'>panem,</span> <span class='ocrx_word' id='word_1_83' title='bbox 1307 1331 1661 1401; x_wconf 83' lang='lat' dir='ltr'>centumque</span> <span class='ocrx_word' id='word_1_84' title='bbox 1682 1329 1929 1404; x_wconf 89' lang='lat' dir='ltr'>quadra-</span> 
     </span>
    </p>
   </div>
   <div class='ocr_carea' id='block_1_13' title="bbox 272 1414 1925 1489">
    <p class='ocr_par' dir='ltr' id='par_1_13' title="bbox 272 1414 1925 1489">
     <span class='ocr_line' id='line_1_13' title="bbox 272 1414 1925 1489; baseline 0.001 -18"><span class='ocrx_word' id='word_1_85' title='bbox 272 1415 441 1489; x_wconf 87' lang='lat' dir='ltr'>ginta</span> <span class='ocrx_word' id='word_1_86' title='bbox 469 1421 728 1472; x_wconf 88' lang='lat' dir='ltr'>carratas</span> <span class='ocrx_word' id='word_1_87' title='bbox 757 1414 876 1471; x_wconf 90' lang='lat' dir='ltr'>vini</span> <span class='ocrx_word' id='word_1_88' title='bbox 927 1434 1029 1489; x_wconf 92' lang='lat' dir='ltr'>per</span> <span class='ocrx_word' id='word_1_89' title='bbox 1074 1434 1296 1473; x_wconf 92' lang='lat' dir='ltr'>annum</span> <span class='ocrx_word' id='word_1_90' title='bbox 1345 1416 1644 1473; x_wconf 86' lang='lat' dir='ltr'>cellarario</span> <span class='ocrx_word' id='word_1_91' title='bbox 1676 1417 1925 1489; x_wconf 81' lang='lat' dir='ltr'>fratrum</span> 
     </span>
    </p>
   </div>
   <div class='ocr_carea' id='block_1_14' title="bbox 262 1504 1927 1595">
    <p class='ocr_par' dir='ltr' id='par_1_14' title="bbox 262 1504 1927 1595">
     <span class='ocr_line' id='line_1_14' title="bbox 262 1504 1927 1595; baseline -0.001 -34"><span class='ocrx_word' id='word_1_92' title='bbox 262 1504 712 1595; x_wconf 10' lang='lat' dir='ltr'>jrurerperpetuo</span> <span class='ocrx_word' id='word_1_93' title='bbox 756 1505 979 1595; x_wconf 81' lang='lat' dir='ltr'>absque</span> <span class='ocrx_word' id='word_1_94' title='bbox 1026 1504 1148 1581; x_wconf 82' lang='lat' dir='ltr'>ulla</span> <span class='ocrx_word' id='word_1_95' title='bbox 1195 1505 1514 1577; x_wconf 83' lang='lat' dir='ltr'>sterilitatis</span> <span class='ocrx_word' id='word_1_96' title='bbox 1557 1505 1927 1595; x_wconf 67' lang='lat' dir='ltr'>excusatione</span> 
     </span>
    </p>
   </div>
   <div class='ocr_carea' id='block_1_15' title="bbox 269 1593 1929 1667">
    <p class='ocr_par' dir='ltr' id='par_1_15' title="bbox 269 1593 1929 1667">
     <span class='ocr_line' id='line_1_15' title="bbox 269 1593 1929 1667; baseline -0.001 -18"><span class='ocrx_word' id='word_1_97' title='bbox 269 1593 500 1667; x_wconf 78' lang='lat' dir='ltr'>dandas</span> <span class='ocrx_word' id='word_1_98' title='bbox 525 1594 881 1665; x_wconf 59' lang='lat' dir='ltr'>destinavit;</span> <span class='ocrx_word' id='word_1_99' title='bbox 915 1599 1207 1667; x_wconf 75' lang='lat' dir='ltr'>quatenus</span> <span class='ocrx_word' id='word_1_100' title='bbox 1250 1594 1386 1665; x_wconf 83' lang='lat' dir='ltr'>inde</span> <span class='ocrx_word' id='word_1_101' title='bbox 1414 1599 1473 1665; x_wconf 82' lang='lat' dir='ltr'>et</span> <span class='ocrx_word' id='word_1_102' title='bbox 1504 1593 1929 1667; x_wconf 77' lang='lat' dir='ltr'>rationabiliter</span> 
     </span>
    </p>
   </div>
   <div class='ocr_carea' id='block_1_16' title="bbox 268 1674 1927 1763">
    <p class='ocr_par' dir='ltr' id='par_1_16' title="bbox 268 1674 1927 1763">
     <span class='ocr_line' id='line_1_16' title="bbox 268 1674 1927 1763; baseline 0.001 -25"><span class='ocrx_word' id='word_1_103' title='bbox 268 1698 552 1755; x_wconf 78' lang='lat' dir='ltr'>mensura</span> <span class='ocrx_word' id='word_1_104' title='bbox 580 1688 756 1761; x_wconf 80' lang='lat' dir='ltr'>potus</span> <span class='ocrx_word' id='word_1_105' title='bbox 786 1674 1119 1763; x_wconf 77' lang='lat' dir='ltr'>augeretur,</span> <span class='ocrx_word' id='word_1_106' title='bbox 1152 1688 1209 1740; x_wconf 90' lang='lat' dir='ltr'>et</span> <span class='ocrx_word' id='word_1_107' title='bbox 1256 1701 1323 1740; x_wconf 87' lang='lat' dir='ltr'>ex</span> <span class='ocrx_word' id='word_1_108' title='bbox 1372 1683 1597 1758; x_wconf 84' lang='lat' dir='ltr'>reliquo</span> <span class='ocrx_word' id='word_1_109' title='bbox 1647 1683 1927 1740; x_wconf 79' lang='lat' dir='ltr'>fratribus</span> 
     </span>
    </p>
   </div>
   <div class='ocr_carea' id='block_1_17' title="bbox 264 1768 2005 1881">
    <p class='ocr_par' dir='ltr' id='par_1_17' title="bbox 264 1768 2005 1881">
     <span class='ocr_line' id='line_1_17' title="bbox 264 1768 2005 1881; baseline 0.001 -56"><span class='ocrx_word' id='word_1_110' title='bbox 264 1768 673 1843; x_wconf 75' lang='lat' dir='ltr'>ecclesiarum,</span> <span class='ocrx_word' id='word_1_111' title='bbox 692 1771 909 1844; x_wconf 81' lang='lat' dir='ltr'>quibus</span> <span class='ocrx_word' id='word_1_112' title='bbox 930 1772 1131 1827; x_wconf 89' lang='lat' dir='ltr'>vinum</span> <span class='ocrx_word' id='word_1_113' title='bbox 1153 1789 1268 1827; x_wconf 91' lang='lat' dir='ltr'>non</span> <span class='ocrx_word' id='word_1_114' title='bbox 1290 1776 1465 1839; x_wconf 81' lang='lat' dir='ltr'>esset,</span> <span class='ocrx_word' id='word_1_115' title='bbox 1486 1770 1924 1841; x_wconf 86' lang='lat' dir='ltr'>consuleretur;</span> <span class='ocrx_word' id='word_1_116' title='bbox 1955 1810 2005 1881; x_wconf 79' lang='grc' dir='ltr'>Β</span> 
     </span>
     <span class='ocr_line' id='line_1_18' title="bbox 271 1860 1898 1881; baseline 0.001 -2"><span class='ocrx_word' id='word_1_117' title='bbox 271 1860 471 1881; x_wconf 46' lang='lat' dir='ltr'>nu“</span> <span class='ocrx_word' id='word_1_118' title='bbox 522 1861 670 1881; x_wconf 29' lang='lat' dir='ltr'>ius-</span> <span class='ocrx_word' id='word_1_119' title='bbox 804 1860 1042 1881; x_wconf 42' lang='grc' dir='ltr'>-ηεηρμ</span> <span class='ocrx_word' id='word_1_120' title='bbox 1364 1861 1707 1881; x_wconf 40' lang='grc' dir='ltr'>,ιωμωιμ</span> <span class='ocrx_word' id='word_1_121' title='bbox 1744 1860 1898 1881; x_wconf 63' lang='grc' dir='ltr'>--ς--</span> 
     </span>
    </p>
   </div>
   <div class='ocr_carea' id='block_1_18' title="bbox 265 1860 1926 1933">
    <p class='ocr_par' dir='ltr' id='par_1_18' title="bbox 265 1860 1926 1933">
     <span class='ocr_line' id='line_1_19' title="bbox 265 1860 1926 1933; baseline 0 -18"><span class='ocrx_word' id='word_1_122' title='bbox 265 1860 494 1927; x_wconf 87' lang='lat' dir='ltr'>dicens,</span> <span class='ocrx_word' id='word_1_123' title='bbox 513 1861 675 1933; x_wconf 80' lang='lat' dir='ltr'>juste</span> <span class='ocrx_word' id='word_1_124' title='bbox 706 1878 773 1916; x_wconf 79' lang='lat' dir='ltr'>ex</span> <span class='ocrx_word' id='word_1_125' title='bbox 803 1860 1044 1933; x_wconf 86' lang='lat' dir='ltr'>majoris</span> <span class='ocrx_word' id='word_1_126' title='bbox 1074 1860 1326 1918; x_wconf 68' lang='lat' dir='ltr'>ecclesias</span> <span class='ocrx_word' id='word_1_127' title='bbox 1359 1861 1718 1917; x_wconf 85' lang='lat' dir='ltr'>abundantia</span> <span class='ocrx_word' id='word_1_128' title='bbox 1743 1860 1926 1916; x_wconf 85' lang='lat' dir='ltr'>mino-</span> 
     </span>
    </p>
   </div>
   <div class='ocr_carea' id='block_1_19' title="bbox 265 1938 1925 2024">
    <p class='ocr_par' dir='ltr' id='par_1_19' title="bbox 265 1938 1925 2024">
     <span class='ocr_line' id='line_1_20' title="bbox 265 1938 1925 2024; baseline 0.001 -21"><span class='ocrx_word' id='word_1_129' title='bbox 265 1965 401 2014; x_wconf 84' lang='lat' dir='ltr'>rum</span> <span class='ocrx_word' id='word_1_130' title='bbox 433 1938 1045 2023; x_wconf 83' lang='lat' dir='ltr'>necessitatibusesse</span> <span class='ocrx_word' id='word_1_131' title='bbox 1097 1949 1614 2024; x_wconf 65' lang='lat' dir='ltr'>suppeditandum.</span> <span class='ocrx_word' id='word_1_132' title='bbox 1648 1951 1743 2007; x_wconf 89' lang='lat' dir='ltr'>Sic</span> <span class='ocrx_word' id='word_1_133' title='bbox 1775 1968 1925 2023; x_wconf 71' lang='lat' dir='ltr'>prae-</span> 
     </span>
    </p>
   </div>
   <div class='ocr_carea' id='block_1_20' title="bbox 266 2038 1922 2115">
    <p class='ocr_par' dir='ltr' id='par_1_20' title="bbox 266 2038 1922 2115">
     <span class='ocr_line' id='line_1_21' title="bbox 266 2038 1922 2115; baseline 0.002 -22"><span class='ocrx_word' id='word_1_134' title='bbox 266 2038 523 2113; x_wconf 78' lang='lat' dir='ltr'>bendam</span> <span class='ocrx_word' id='word_1_135' title='bbox 546 2039 795 2113; x_wconf 75' lang='lat' dir='ltr'>fratrum</span> <span class='ocrx_word' id='word_1_136' title='bbox 819 2044 972 2107; x_wconf 85' lang='lat' dir='ltr'>retro</span> <span class='ocrx_word' id='word_1_137' title='bbox 990 2040 1335 2115; x_wconf 84' lang='lat' dir='ltr'>neglectam,</span> <span class='ocrx_word' id='word_1_138' title='bbox 1359 2057 1529 2112; x_wconf 84' lang='lat' dir='ltr'>pane,</span> <span class='ocrx_word' id='word_1_139' title='bbox 1546 2040 1679 2096; x_wconf 91' lang='lat' dir='ltr'>vino</span> <span class='ocrx_word' id='word_1_140' title='bbox 1702 2040 1922 2109; x_wconf 86' lang='lat' dir='ltr'>addito,</span> 
     </span>
    </p>
   </div>
   <div class='ocr_carea' id='block_1_21' title="bbox 266 2126 1925 2203">
    <p class='ocr_par' dir='ltr' id='par_1_21' title="bbox 266 2126 1925 2203">
     <span class='ocr_line' id='line_1_22' title="bbox 266 2126 1925 2203; baseline 0.002 -22"><span class='ocrx_word' id='word_1_141' title='bbox 266 2126 515 2200; x_wconf 87' lang='lat' dir='ltr'>insuper</span> <span class='ocrx_word' id='word_1_142' title='bbox 556 2127 794 2203; x_wconf 89' lang='lat' dir='ltr'>largiori</span> <span class='ocrx_word' id='word_1_143' title='bbox 822 2129 1069 2185; x_wconf 86' lang='lat' dir='ltr'>vestitus</span> <span class='ocrx_word' id='word_1_144' title='bbox 1101 2129 1308 2199; x_wconf 87' lang='lat' dir='ltr'>solatio</span> <span class='ocrx_word' id='word_1_145' title='bbox 1340 2128 1738 2203; x_wconf 81' lang='lat' dir='ltr'>amplificavit,</span> <span class='ocrx_word' id='word_1_146' title='bbox 1771 2134 1827 2185; x_wconf 87' lang='lat' dir='ltr'>et</span> <span class='ocrx_word' id='word_1_147' title='bbox 1856 2146 1925 2184; x_wconf 83' lang='lat' dir='ltr'>ex</span> 
     </span>
    </p>
   </div>
   <div class='ocr_carea' id='block_1_22' title="bbox 263 2216 987 2301">
    <p class='ocr_par' dir='ltr' id='par_1_22' title="bbox 263 2216 987 2301">
     <span class='ocr_line' id='line_1_23' title="bbox 263 2216 987 2301; baseline 0.001 -29"><span class='ocrx_word' id='word_1_148' title='bbox 263 2216 366 2273; x_wconf 88' lang='lat' dir='ltr'>vili</span> <span class='ocrx_word' id='word_1_149' title='bbox 397 2216 683 2301; x_wconf 77' lang='lat' dir='ltr'>optimam</span> <span class='ocrx_word' id='word_1_150' title='bbox 715 2218 987 2281; x_wconf 77' lang='lat' dir='ltr'>reddidit.</span> 
     </span>
    </p>
   </div>
   <div class='ocr_carea' id='block_1_23' title="bbox 360 2361 1835 2435">
    <p class='ocr_par' dir='ltr' id='par_1_23' title="bbox 360 2361 1835 2435">
     <span class='ocr_line' id='line_1_24' title="bbox 360 2361 1835 2435; baseline 0.001 -18"><span class='ocrx_word' id='word_1_151' title='bbox 360 2362 500 2417; x_wconf 73' lang='lat' dir='ltr'>CAP.</span> <span class='ocrx_word' id='word_1_152' title='bbox 532 2361 625 2418; x_wconf 86' lang='lat' dir='ltr'>IX.</span> <span class='ocrx_word' id='word_1_153' title='bbox 655 2393 726 2403; x_wconf 88' lang='lat'>-—</span> <span class='ocrx_word' id='word_1_154' title='bbox 757 2363 1016 2435; x_wconf 79' lang='lat' dir='ltr'>Qualiter</span> <span class='ocrx_word' id='word_1_155' title='bbox 1043 2364 1314 2419; x_wconf 71' lang='lat' dir='ltr'>exteriora</span> <span class='ocrx_word' id='word_1_156' title='bbox 1343 2362 1835 2420; x_wconf 52' lang='lat' dir='ltr'>administrarat}.</span> 
     </span>
    </p>
   </div>
   <div class='ocr_carea' id='block_1_24' title="bbox 340 2485 1923 2563">
    <p class='ocr_par' dir='ltr' id='par_1_24' title="bbox 340 2485 1923 2563">
     <span class='ocr_line' id='line_1_25' title="bbox 340 2485 1923 2563; baseline -0.002 -18"><span class='ocrx_word' id='word_1_157' title='bbox 340 2485 659 2555; x_wconf 69' lang='lat' dir='ltr'>Duodecim</span> <span class='ocrx_word' id='word_1_158' title='bbox 691 2486 1050 2563; x_wconf 83' lang='lat' dir='ltr'>pauperibus</span> <span class='ocrx_word' id='word_1_159' title='bbox 1079 2487 1166 2543; x_wconf 90' lang='lat' dir='ltr'>vel</span> <span class='ocrx_word' id='word_1_160' title='bbox 1196 2486 1518 2561; x_wconf 85' lang='lat' dir='ltr'>peregrinis</span> <span class='ocrx_word' id='word_1_161' title='bbox 1543 2486 1804 2558; x_wconf 90' lang='lat' dir='ltr'>quotidie</span> <span class='ocrx_word' id='word_1_162' title='bbox 1835 2502 1923 2542; x_wconf 90' lang='lat' dir='ltr'>co-</span> 
     </span>
    </p>
   </div>
   <div class='ocr_carea' id='block_1_25' title="bbox 262 2574 1920 2649">
    <p class='ocr_par' dir='ltr' id='par_1_25' title="bbox 262 2574 1920 2649">
     <span class='ocr_line' id='line_1_26' title="bbox 262 2574 1920 2649; baseline 0 -19"><span class='ocrx_word' id='word_1_163' title='bbox 262 2592 394 2643; x_wconf 84' lang='lat' dir='ltr'>ram</span> <span class='ocrx_word' id='word_1_164' title='bbox 427 2576 710 2649; x_wconf 75' lang='lat' dir='ltr'>fratribus</span> <span class='ocrx_word' id='word_1_165' title='bbox 754 2576 1089 2647; x_wconf 79' lang='lat' dir='ltr'>reficiendis</span> <span class='ocrx_word' id='word_1_166' title='bbox 1117 2576 1449 2632; x_wconf 79' lang='lat' dir='ltr'>sufﬁcentia</span> <span class='ocrx_word' id='word_1_167' title='bbox 1476 2574 1757 2632; x_wconf 89' lang='lat' dir='ltr'>alimenta</span> <span class='ocrx_word' id='word_1_168' title='bbox 1785 2592 1920 2630; x_wconf 89' lang='lat' dir='ltr'>con—</span> 
     </span>
    </p>
   </div>
   <div class='ocr_carea' id='block_1_26' title="bbox 257 2663 1921 2738">
    <p class='ocr_par' dir='ltr' id='par_1_26' title="bbox 257 2663 1921 2738">
     <span class='ocr_line' id='line_1_27' title="bbox 257 2663 1921 2738; baseline 0.001 -18"><span class='ocrx_word' id='word_1_169' title='bbox 257 2665 482 2738; x_wconf 74' lang='lat' dir='ltr'>stituit,</span> <span class='ocrx_word' id='word_1_170' title='bbox 499 2681 770 2725; x_wconf 82' lang='lat' dir='ltr'>asserens</span> <span class='ocrx_word' id='word_1_171' title='bbox 801 2664 907 2722; x_wconf 90' lang='lat' dir='ltr'>hoc</span> <span class='ocrx_word' id='word_1_172' title='bbox 926 2666 1106 2723; x_wconf 87' lang='lat' dir='ltr'>etiam</span> <span class='ocrx_word' id='word_1_173' title='bbox 1128 2682 1335 2738; x_wconf 85' lang='lat' dir='ltr'>parum</span> <span class='ocrx_word' id='word_1_174' title='bbox 1357 2681 1505 2733; x_wconf 90' lang='lat' dir='ltr'>esse,</span> <span class='ocrx_word' id='word_1_175' title='bbox 1529 2681 1665 2721; x_wconf 90' lang='lat' dir='ltr'>cum</span> <span class='ocrx_word' id='word_1_176' title='bbox 1686 2663 1921 2723; x_wconf 82' lang='lat' dir='ltr'>traditio</span> 
     </span>
    </p>
   </div>
   <div class='ocr_carea' id='block_1_27' title="bbox 253 2753 1915 2829">
    <p class='ocr_par' dir='ltr' id='par_1_27' title="bbox 253 2753 1915 2829">
     <span class='ocr_line' id='line_1_28' title="bbox 253 2753 1915 2829; baseline -0.001 -18"><span class='ocrx_word' id='word_1_177' title='bbox 253 2758 611 2827; x_wconf 75' lang='lat' dir='ltr'>sanctorum</span> <span class='ocrx_word' id='word_1_178' title='bbox 640 2754 880 2821; x_wconf 76' lang='lat' dir='ltr'>Patrum</span> <span class='ocrx_word' id='word_1_179' title='bbox 911 2754 1216 2829; x_wconf 76' lang='lat' dir='ltr'>dimidiam</span> <span class='ocrx_word' id='word_1_180' title='bbox 1247 2758 1474 2828; x_wconf 87' lang='lat' dir='ltr'>partem</span> <span class='ocrx_word' id='word_1_181' title='bbox 1501 2753 1589 2810; x_wconf 90' lang='lat' dir='ltr'>vel</span> <span class='ocrx_word' id='word_1_182' title='bbox 1620 2753 1795 2810; x_wconf 86' lang='lat' dir='ltr'>etiam</span> <span class='ocrx_word' id='word_1_183' title='bbox 1828 2770 1915 2809; x_wconf 85' lang='lat' dir='ltr'>cc-</span> 
     </span>
    </p>
   </div>
   <div class='ocr_carea' id='block_1_28' title="bbox 253 2840 1920 2918">
    <p class='ocr_par' dir='ltr' id='par_1_28' title="bbox 253 2840 1920 2918">
     <span class='ocr_line' id='line_1_29' title="bbox 253 2840 1920 2918; baseline -0.001 -20"><span class='ocrx_word' id='word_1_184' title='bbox 253 2842 728 2917; x_wconf 69' lang='lat' dir='ltr'>clesiasticamm</span> <span class='ocrx_word' id='word_1_185' title='bbox 751 2842 1096 2917; x_wconf 51' lang='lat' dir='ltr'>{multatum</span> <span class='ocrx_word' id='word_1_186' title='bbox 1128 2843 1485 2918; x_wconf 83' lang='lat' dir='ltr'>pauperibus</span> <span class='ocrx_word' id='word_1_187' title='bbox 1514 2847 1571 2898; x_wconf 88' lang='lat' dir='ltr'>et</span> <span class='ocrx_word' id='word_1_188' title='bbox 1600 2840 1920 2916; x_wconf 86' lang='lat' dir='ltr'>peregrinis</span> 
     </span>
    </p>
   </div>
   <div class='ocr_carea' id='block_1_29' title="bbox 253 2930 1922 3007">
    <p class='ocr_par' dir='ltr' id='par_1_29' title="bbox 253 2930 1922 3007">
     <span class='ocr_line' id='line_1_30' title="bbox 253 2930 1922 3007; baseline -0.001 -20"><span class='ocrx_word' id='word_1_189' title='bbox 253 2936 505 3003; x_wconf 77' lang='lat' dir='ltr'>censeat</span> <span class='ocrx_word' id='word_1_190' title='bbox 534 2930 753 2993; x_wconf 86' lang='lat' dir='ltr'>deberi.</span> <span class='ocrx_word' id='word_1_191' title='bbox 774 2932 1051 3001; x_wconf 65' lang='lat' dir='ltr'>Praeterea</span> <span class='ocrx_word' id='word_1_192' title='bbox 1072 2931 1381 3006; x_wconf 89' lang='lat' dir='ltr'>hospitale,</span> <span class='ocrx_word' id='word_1_193' title='bbox 1402 2948 1517 3007; x_wconf 91' lang='lat' dir='ltr'>quo</span> <span class='ocrx_word' id='word_1_194' title='bbox 1538 2930 1922 2993; x_wconf 84' lang='lat' dir='ltr'>conferuntur</span> 
     </span>
    </p>
   </div>
   <div class='ocr_carea' id='block_1_30' title="bbox 255 3019 1920 3099">
    <p class='ocr_par' dir='ltr' id='par_1_30' title="bbox 255 3019 1920 3099">
     <span class='ocr_line' id='line_1_31' title="bbox 255 3019 1920 3099; baseline -0.002 -22"><span class='ocrx_word' id='word_1_195' title='bbox 255 3038 431 3093; x_wconf 81' lang='lat' dir='ltr'>nonae</span> <span class='ocrx_word' id='word_1_196' title='bbox 463 3019 587 3091; x_wconf 71' lang='lat' dir='ltr'>sive</span> <span class='ocrx_word' id='word_1_197' title='bbox 632 3021 870 3091; x_wconf 84' lang='lat' dir='ltr'>decimae</span> <span class='ocrx_word' id='word_1_198' title='bbox 919 3022 991 3083; x_wconf 82' lang='lat' dir='ltr'>de</span> <span class='ocrx_word' id='word_1_199' title='bbox 1034 3020 1315 3099; x_wconf 83' lang='lat' dir='ltr'>episcopii</span> <span class='ocrx_word' id='word_1_200' title='bbox 1365 3020 1542 3094; x_wconf 86' lang='lat' dir='ltr'>agris,</span> <span class='ocrx_word' id='word_1_201' title='bbox 1576 3019 1765 3092; x_wconf 88' lang='lat' dir='ltr'>ipsius</span> <span class='ocrx_word' id='word_1_202' title='bbox 1797 3028 1920 3075; x_wconf 88' lang='lat' dir='ltr'>erat</span> 
     </span>
    </p>
   </div>
   <div class='ocr_carea' id='block_1_31' title="bbox 254 3106 1919 3183">
    <p class='ocr_par' dir='ltr' id='par_1_31' title="bbox 254 3106 1919 3183">
     <span class='ocr_line' id='line_1_32' title="bbox 254 3106 1919 3183; baseline -0.002 -16"><span class='ocrx_word' id='word_1_203' title='bbox 254 3110 561 3183; x_wconf 72' lang='lat' dir='ltr'>creditum</span> <span class='ocrx_word' id='word_1_204' title='bbox 606 3108 1000 3183; x_wconf 68' lang='lat' dir='ltr'>providentiae.</span> <span class='ocrx_word' id='word_1_205' title='bbox 1034 3110 1197 3182; x_wconf 86' lang='lat' dir='ltr'>Quod</span> <span class='ocrx_word' id='word_1_206' title='bbox 1251 3108 1347 3165; x_wconf 90' lang='lat' dir='ltr'>ille</span> <span class='ocrx_word' id='word_1_207' title='bbox 1377 3113 1497 3165; x_wconf 89' lang='lat' dir='ltr'>tam</span> <span class='ocrx_word' id='word_1_208' title='bbox 1529 3106 1775 3165; x_wconf 85' lang='lat' dir='ltr'>ﬁdeliter</span> <span class='ocrx_word' id='word_1_209' title='bbox 1798 3111 1919 3165; x_wconf 88' lang='lat' dir='ltr'>sta-</span> 
     </span>
    </p>
   </div>
   <div class='ocr_carea' id='block_1_32' title="bbox 2347 434 3382 511">
    <p class='ocr_par' dir='ltr' id='par_1_32' title="bbox 2347 434 3382 511">
     <span class='ocr_line' id='line_1_33' title="bbox 2347 434 3382 511; baseline 0.004 -20"><span class='ocrx_word' id='word_1_210' title='bbox 2347 438 2478 492; x_wconf 77' lang='lat' dir='ltr'>CAP.</span> <span class='ocrx_word' id='word_1_211' title='bbox 2514 436 2577 492; x_wconf 87' lang='grc' dir='ltr'>Χ.</span> <span class='ocrx_word' id='word_1_212' title='bbox 2613 468 2677 478; x_wconf 84' lang='lat'>-—</span> <span class='ocrx_word' id='word_1_213' title='bbox 2709 434 2903 508; x_wconf 76' lang='lat' dir='ltr'>Qualis</span> <span class='ocrx_word' id='word_1_214' title='bbox 2933 439 3166 493; x_wconf 78' lang='lat' dir='ltr'>interius</span> <span class='ocrx_word' id='word_1_215' title='bbox 3193 441 3382 511; x_wconf 74' lang='lat' dir='ltr'>fuerit.</span> 
     </span>
    </p>
   </div>
   <div class='ocr_carea' id='block_1_33' title="bbox 2111 523 3689 601">
    <p class='ocr_par' dir='ltr' id='par_1_33' title="bbox 2111 523 3689 601">
     <span class='ocr_line' id='line_1_34' title="bbox 2111 523 3689 601; baseline 0.003 -21"><span class='ocrx_word' id='word_1_216' title='bbox 2111 523 2361 583; x_wconf 89' lang='lat' dir='ltr'>Interius</span> <span class='ocrx_word' id='word_1_217' title='bbox 2393 528 2589 581; x_wconf 90' lang='lat' dir='ltr'>autem</span> <span class='ocrx_word' id='word_1_218' title='bbox 2620 525 2990 598; x_wconf 88' lang='lat' dir='ltr'>regularibus</span> <span class='ocrx_word' id='word_1_219' title='bbox 3020 526 3290 584; x_wconf 91' lang='lat' dir='ltr'>subditos</span> <span class='ocrx_word' id='word_1_220' title='bbox 3310 528 3689 601; x_wconf 86' lang='lat' dir='ltr'>institutis,ut</span> 
     </span>
    </p>
   </div>
   <div class='ocr_carea' id='block_1_34' title="bbox 2037 613 3687 683">
    <p class='ocr_par' dir='ltr' id='par_1_34' title="bbox 2037 613 3687 683">
     <span class='ocr_line' id='line_1_35' title="bbox 2037 613 3687 683; baseline 0.004 -14"><span class='ocrx_word' id='word_1_221' title='bbox 2037 613 2417 673; x_wconf 88' lang='lat' dir='ltr'>cbarissimos</span> <span class='ocrx_word' id='word_1_222' title='bbox 2447 614 2676 670; x_wconf 90' lang='lat' dir='ltr'>fovebat</span> <span class='ocrx_word' id='word_1_223' title='bbox 2705 614 2888 683; x_wconf 82' lang='lat' dir='ltr'>ﬁlios;</span> <span class='ocrx_word' id='word_1_224' title='bbox 2914 615 3156 672; x_wconf 90' lang='lat' dir='ltr'>rebelles</span> <span class='ocrx_word' id='word_1_225' title='bbox 3182 620 3246 672; x_wconf 91' lang='lat' dir='ltr'>ut</span> <span class='ocrx_word' id='word_1_226' title='bbox 3277 618 3687 677; x_wconf 87' lang='lat' dir='ltr'>severissimus</span> 
     </span>
    </p>
   </div>
   <div class='ocr_carea' id='block_1_35' title="bbox 2028 701 3689 776">
    <p class='ocr_par' dir='ltr' id='par_1_35' title="bbox 2028 701 3689 776">
     <span class='ocr_line' id='line_1_36' title="bbox 2028 701 3689 776; baseline 0.005 -20"><span class='ocrx_word' id='word_1_227' title='bbox 2028 702 2213 774; x_wconf 85' lang='lat' dir='ltr'>judex</span> <span class='ocrx_word' id='word_1_228' title='bbox 2242 701 2563 776; x_wconf 76' lang='lat' dir='ltr'>disciplinae</span> <span class='ocrx_word' id='word_1_229' title='bbox 2611 702 2805 776; x_wconf 88' lang='lat' dir='ltr'>gladio</span> <span class='ocrx_word' id='word_1_230' title='bbox 2855 704 3370 774; x_wconf 83' lang='lat' dir='ltr'>animadvertebat,</span> <span class='ocrx_word' id='word_1_231' title='bbox 3404 707 3464 762; x_wconf 92' lang='lat' dir='ltr'>in</span> <span class='ocrx_word' id='word_1_232' title='bbox 3495 714 3689 764; x_wconf 90' lang='lat' dir='ltr'>utros-</span> 
     </span>
    </p>
   </div>
   <div class='ocr_carea' id='block_1_36' title="bbox 2037 791 3690 869">
    <p class='ocr_par' dir='ltr' id='par_1_36' title="bbox 2037 791 3690 869">
     <span class='ocr_line' id='line_1_37' title="bbox 2037 791 3690 869; baseline 0.004 -22"><span class='ocrx_word' id='word_1_233' title='bbox 2037 808 2151 864; x_wconf 91' lang='lat' dir='ltr'>que</span> <span class='ocrx_word' id='word_1_234' title='bbox 2182 791 2416 865; x_wconf 87' lang='lat' dir='ltr'>pietatis</span> <span class='ocrx_word' id='word_1_235' title='bbox 2468 808 2706 848; x_wconf 85' lang='lat' dir='ltr'>servans</span> <span class='ocrx_word' id='word_1_236' title='bbox 2734 792 2994 859; x_wconf 89' lang='lat' dir='ltr'>viscera;</span> <span class='ocrx_word' id='word_1_237' title='bbox 3029 793 3168 848; x_wconf 89' lang='lat' dir='ltr'>dum</span> <span class='ocrx_word' id='word_1_238' title='bbox 3204 794 3312 850; x_wconf 91' lang='lat' dir='ltr'>hos</span> <span class='ocrx_word' id='word_1_239' title='bbox 3341 796 3413 850; x_wconf 88' lang='lat' dir='ltr'>ad</span> <span class='ocrx_word' id='word_1_240' title='bbox 3445 796 3690 869; x_wconf 77' lang='lat' dir='ltr'>meliora</span> 
     </span>
    </p>
   </div>
   <div class='ocr_carea' id='block_1_37' title="bbox 2036 880 3687 956">
    <p class='ocr_par' dir='ltr' id='par_1_37' title="bbox 2036 880 3687 956">
     <span class='ocr_line' id='line_1_38' title="bbox 2036 880 3687 956; baseline 0.004 -21"><span class='ocrx_word' id='word_1_241' title='bbox 2036 880 2393 953; x_wconf 82' lang='lat' dir='ltr'>provocaret,</span> <span class='ocrx_word' id='word_1_242' title='bbox 2426 880 2557 941; x_wconf 88' lang='lat' dir='ltr'>illos</span> <span class='ocrx_word' id='word_1_243' title='bbox 2587 898 2717 937; x_wconf 85' lang='lat' dir='ltr'>vero</span> <span class='ocrx_word' id='word_1_244' title='bbox 2750 899 2782 937; x_wconf 91' lang='lat' dir='ltr'>a</span> <span class='ocrx_word' id='word_1_245' title='bbox 2812 882 3093 954; x_wconf 86' lang='lat' dir='ltr'>pravitate</span> <span class='ocrx_word' id='word_1_246' title='bbox 3126 889 3538 956; x_wconf 87' lang='lat' dir='ltr'>compesceret.</span> <span class='ocrx_word' id='word_1_247' title='bbox 3572 886 3687 941; x_wconf 88' lang='lat' dir='ltr'>Nec</span> 
     </span>
    </p>
   </div>
   <div class='ocr_carea' id='block_1_38' title="bbox 2035 969 3687 1047">
    <p class='ocr_par' dir='ltr' id='par_1_38' title="bbox 2035 969 3687 1047">
     <span class='ocr_line' id='line_1_39' title="bbox 2035 969 3687 1047; baseline 0.003 -22"><span class='ocrx_word' id='word_1_248' title='bbox 2035 969 2280 1026; x_wconf 86' lang='lat' dir='ltr'>timebat</span> <span class='ocrx_word' id='word_1_249' title='bbox 2310 969 2476 1025; x_wconf 89' lang='lat' dir='ltr'>miles</span> <span class='ocrx_word' id='word_1_250' title='bbox 2507 969 2721 1025; x_wconf 87' lang='lat' dir='ltr'>Christi</span> <span class='ocrx_word' id='word_1_251' title='bbox 2753 970 2800 1026; x_wconf 91' lang='lat' dir='ltr'>si</span> <span class='ocrx_word' id='word_1_252' title='bbox 2833 970 3131 1027; x_wconf 88' lang='lat' dir='ltr'>hominem</span> <span class='ocrx_word' id='word_1_253' title='bbox 3176 973 3523 1042; x_wconf 70' lang='lat' dir='ltr'>offenderet;</span> <span class='ocrx_word' id='word_1_254' title='bbox 3557 978 3687 1047; x_wconf 86' lang='lat' dir='ltr'>tan-</span> 
     </span>
    </p>
   </div>
   <div class='ocr_carea' id='block_1_39' title="bbox 2034 1058 3687 1132">
    <p class='ocr_par' dir='ltr' id='par_1_39' title="bbox 2034 1058 3687 1132">
     <span class='ocr_line' id='line_1_40' title="bbox 2034 1058 3687 1132; baseline 0.004 -19"><span class='ocrx_word' id='word_1_255' title='bbox 2034 1062 2161 1114; x_wconf 89' lang='lat' dir='ltr'>tum</span> <span class='ocrx_word' id='word_1_256' title='bbox 2194 1059 2423 1114; x_wconf 88' lang='lat' dir='ltr'>interno</span> <span class='ocrx_word' id='word_1_257' title='bbox 2438 1058 2649 1129; x_wconf 87' lang='lat' dir='ltr'>judici,</span> <span class='ocrx_word' id='word_1_258' title='bbox 2670 1060 2952 1117; x_wconf 89' lang='lat' dir='ltr'>servando</span> <span class='ocrx_word' id='word_1_259' title='bbox 2973 1076 3205 1132; x_wconf 64' lang='lat' dir='ltr'>aequum</span> <span class='ocrx_word' id='word_1_260' title='bbox 3227 1065 3285 1117; x_wconf 91' lang='lat' dir='ltr'>et</span> <span class='ocrx_word' id='word_1_261' title='bbox 3306 1066 3551 1132; x_wconf 89' lang='lat' dir='ltr'>rectum,</span> <span class='ocrx_word' id='word_1_262' title='bbox 3571 1080 3687 1119; x_wconf 91' lang='lat' dir='ltr'>non</span> 
     </span>
    </p>
   </div>
   <div class='ocr_carea' id='block_1_40' title="bbox 2037 1146 3688 1221">
    <p class='ocr_par' dir='ltr' id='par_1_40' title="bbox 2037 1146 3688 1221">
     <span class='ocr_line' id='line_1_41' title="bbox 2037 1146 3688 1221; baseline 0.003 -19"><span class='ocrx_word' id='word_1_263' title='bbox 2037 1146 2389 1221; x_wconf 88' lang='lat' dir='ltr'>displiceret,</span> <span class='ocrx_word' id='word_1_264' title='bbox 2422 1164 2755 1205; x_wconf 89' lang='lat' dir='ltr'>memorans</span> <span class='ocrx_word' id='word_1_265' title='bbox 2784 1147 2927 1203; x_wconf 91' lang='lat' dir='ltr'>illud</span> <span class='ocrx_word' id='word_1_266' title='bbox 2958 1148 3217 1221; x_wconf 88' lang='lat' dir='ltr'>Apostoli</span> <span class='ocrx_word' id='word_1_267' title='bbox 3248 1166 3260 1204; x_wconf 92' lang='lat'>:</span> <span class='ocrx_word' id='word_1_268' title='bbox 3291 1152 3355 1205; x_wconf 81' lang='lat' dir='ltr'>Si</span> <span class='ocrx_word' id='word_1_269' title='bbox 3377 1152 3688 1217; x_wconf 66' lang='lat' dir='ltr'>hominibus</span> 
     </span>
    </p>
   </div>
   <div class='ocr_carea' id='block_1_41' title="bbox 2030 1236 3691 1309">
    <p class='ocr_par' dir='ltr' id='par_1_41' title="bbox 2030 1236 3691 1309">
     <span class='ocr_line' id='line_1_42' title="bbox 2030 1236 3691 1309; baseline 0.004 -18"><span class='ocrx_word' id='word_1_270' title='bbox 2030 1237 2327 1309; x_wconf 82' lang='lat' dir='ltr'>placerem,</span> <span class='ocrx_word' id='word_1_271' title='bbox 2351 1236 2557 1291; x_wconf 77' lang='lat' dir='ltr'>Christi</span> <span class='ocrx_word' id='word_1_272' title='bbox 2582 1253 2768 1292; x_wconf 78' lang='lat' dir='ltr'>servus</span> <span class='ocrx_word' id='word_1_273' title='bbox 2791 1252 2901 1293; x_wconf 79' lang='lat' dir='ltr'>non</span> <span class='ocrx_word' id='word_1_274' title='bbox 2930 1253 3120 1294; x_wconf 79' lang='lat' dir='ltr'>essem.</span> <span class='ocrx_word' id='word_1_275' title='bbox 3147 1238 3213 1294; x_wconf 86' lang='lat' dir='ltr'>Et</span> <span class='ocrx_word' id='word_1_276' title='bbox 3241 1237 3386 1295; x_wconf 89' lang='lat' dir='ltr'>illud</span> <span class='ocrx_word' id='word_1_277' title='bbox 3418 1240 3691 1299; x_wconf 86' lang='lat' dir='ltr'>Psalmis-</span> 
     </span>
    </p>
   </div>
   <div class='ocr_carea' id='block_1_42' title="bbox 2036 1325 3689 1401">
    <p class='ocr_par' dir='ltr' id='par_1_42' title="bbox 2036 1325 3689 1401">
     <span class='ocr_line' id='line_1_43' title="bbox 2036 1325 3689 1401; baseline 0.004 -21"><span class='ocrx_word' id='word_1_278' title='bbox 2036 1330 2105 1381; x_wconf 69' lang='grc' dir='ltr'>ιω</span> <span class='ocrx_word' id='word_1_279' title='bbox 2139 1341 2152 1380; x_wconf 90' lang='lat'><strong>:</strong></span> <span class='ocrx_word' id='word_1_280' title='bbox 2188 1325 2295 1393; x_wconf 80' lang='lat' dir='ltr'>Qui</span> <span class='ocrx_word' id='word_1_281' title='bbox 2335 1327 2653 1380; x_wconf 80' lang='lat' dir='ltr'>hominibus</span> <span class='ocrx_word' id='word_1_282' title='bbox 2695 1327 2936 1397; x_wconf 81' lang='lat' dir='ltr'>placent,</span> <span class='ocrx_word' id='word_1_283' title='bbox 2969 1329 3185 1399; x_wconf 74' lang='lat' dir='ltr'>confusi</span> <span class='ocrx_word' id='word_1_284' title='bbox 3227 1337 3375 1395; x_wconf 78' lang='lat' dir='ltr'>sunt,</span> <span class='ocrx_word' id='word_1_285' title='bbox 3427 1332 3689 1401; x_wconf 81' lang='lat' dir='ltr'>quoniam</span> 
     </span>
    </p>
   </div>
   <div class='ocr_carea' id='block_1_43' title="bbox 2033 1416 2542 1487">
    <p class='ocr_par' dir='ltr' id='par_1_43' title="bbox 2033 1416 2542 1487">
     <span class='ocr_line' id='line_1_44' title="bbox 2033 1416 2542 1487; baseline 0 -18"><span class='ocrx_word' id='word_1_286' title='bbox 2033 1416 2174 1470; x_wconf 84' lang='lat' dir='ltr'>Deus</span> <span class='ocrx_word' id='word_1_287' title='bbox 2202 1416 2408 1487; x_wconf 76' lang='lat' dir='ltr'>sprevit</span> <span class='ocrx_word' id='word_1_288' title='bbox 2435 1431 2542 1471; x_wconf 80' lang='lat' dir='ltr'>eos.</span> 
     </span>
    </p>
   </div>
   <div class='ocr_carea' id='block_1_44' title="bbox 2107 1503 3688 1581">
    <p class='ocr_par' dir='ltr' id='par_1_44' title="bbox 2107 1503 3688 1581">
     <span class='ocr_line' id='line_1_45' title="bbox 2107 1503 3688 1581; baseline 0.003 -22"><span class='ocrx_word' id='word_1_289' title='bbox 2107 1503 2269 1560; x_wconf 92' lang='lat' dir='ltr'>Unde</span> <span class='ocrx_word' id='word_1_290' title='bbox 2299 1503 2543 1577; x_wconf 86' lang='lat' dir='ltr'>contigit</span> <span class='ocrx_word' id='word_1_291' title='bbox 2592 1508 2657 1559; x_wconf 92' lang='lat' dir='ltr'>ut</span> <span class='ocrx_word' id='word_1_292' title='bbox 2703 1503 2776 1559; x_wconf 94' lang='lat' dir='ltr'>ob</span> <span class='ocrx_word' id='word_1_293' title='bbox 2826 1504 3224 1561; x_wconf 82' lang='lat' dir='ltr'>defensionem</span> <span class='ocrx_word' id='word_1_294' title='bbox 3269 1507 3551 1576; x_wconf 87' lang='lat' dir='ltr'>veritatis,</span> <span class='ocrx_word' id='word_1_295' title='bbox 3582 1526 3688 1581; x_wconf 89' lang='lat' dir='ltr'>pro</span> 
     </span>
    </p>
   </div>
   <div class='ocr_carea' id='block_1_45' title="bbox 2036 1592 3687 1667">
    <p class='ocr_par' dir='ltr' id='par_1_45' title="bbox 2036 1592 3687 1667">
     <span class='ocr_line' id='line_1_46' title="bbox 2036 1592 3687 1667; baseline 0.002 -20"><span class='ocrx_word' id='word_1_296' title='bbox 2036 1610 2153 1665; x_wconf 88' lang='lat' dir='ltr'>qua</span> <span class='ocrx_word' id='word_1_297' title='bbox 2183 1609 2255 1647; x_wconf 93' lang='lat' dir='ltr'>ne</span> <span class='ocrx_word' id='word_1_298' title='bbox 2287 1592 2434 1649; x_wconf 91' lang='lat' dir='ltr'>mori</span> <span class='ocrx_word' id='word_1_299' title='bbox 2463 1592 2699 1664; x_wconf 85' lang='lat' dir='ltr'>quidem</span> <span class='ocrx_word' id='word_1_300' title='bbox 2733 1593 3050 1662; x_wconf 87' lang='lat' dir='ltr'>metuebat,</span> <span class='ocrx_word' id='word_1_301' title='bbox 3085 1596 3687 1667; x_wconf 47' lang='lat' dir='ltr'>nonnunquam&#39;aliog</span> 
     </span>
    </p>
   </div>
   <div class='ocr_carea' id='block_1_46' title="bbox 2036 1673 3689 1754">
    <p class='ocr_par' dir='ltr' id='par_1_46' title="bbox 2036 1673 3689 1754">
     <span class='ocr_line' id='line_1_47' title="bbox 2036 1673 3689 1754; baseline 0.004 -19"><span class='ocrx_word' id='word_1_302' title='bbox 2036 1673 2189 1749; x_wconf 86' lang='lat' dir='ltr'>rum,</span> <span class='ocrx_word' id='word_1_303' title='bbox 2217 1680 2317 1754; x_wconf 89' lang='lat' dir='ltr'>qui</span> <span class='ocrx_word' id='word_1_304' title='bbox 2346 1685 2585 1737; x_wconf 74' lang='lat' dir='ltr'>terrenae</span> <span class='ocrx_word' id='word_1_305' title='bbox 2616 1682 2920 1754; x_wconf 84' lang='lat' dir='ltr'>potestatis</span> <span class='ocrx_word' id='word_1_306' title='bbox 2942 1681 3200 1739; x_wconf 88' lang='lat' dir='ltr'>culmine</span> <span class='ocrx_word' id='word_1_307' title='bbox 3228 1683 3565 1740; x_wconf 85' lang='lat' dir='ltr'>viderentur</span> <span class='ocrx_word' id='word_1_308' title='bbox 3593 1703 3689 1741; x_wconf 91' lang='lat' dir='ltr'>su-</span> 
     </span>
    </p>
   </div>
   <div class='ocr_carea' id='block_1_47' title="bbox 2036 1768 3691 1840">
    <p class='ocr_par' dir='ltr' id='par_1_47' title="bbox 2036 1768 3691 1840">
     <span class='ocr_line' id='line_1_48' title="bbox 2036 1768 3691 1840; baseline 0.003 -15"><span class='ocrx_word' id='word_1_309' title='bbox 2036 1768 2338 1826; x_wconf 84' lang='lat' dir='ltr'>blimiores</span> <span class='ocrx_word' id='word_1_310' title='bbox 2356 1786 2503 1837; x_wconf 89' lang='lat' dir='ltr'>esse,</span> <span class='ocrx_word' id='word_1_311' title='bbox 2518 1770 2800 1825; x_wconf 76' lang='lat' dir='ltr'>offensam</span> <span class='ocrx_word' id='word_1_312' title='bbox 2822 1771 3165 1840; x_wconf 89' lang='lat' dir='ltr'>incurrerit;</span> <span class='ocrx_word' id='word_1_313' title='bbox 3186 1773 3328 1828; x_wconf 89' lang='lat' dir='ltr'>adeo</span> <span class='ocrx_word' id='word_1_314' title='bbox 3349 1776 3415 1829; x_wconf 90' lang='lat' dir='ltr'>ut</span> <span class='ocrx_word' id='word_1_315' title='bbox 3437 1773 3519 1828; x_wconf 92' lang='lat' dir='ltr'>illi</span> <span class='ocrx_word' id='word_1_316' title='bbox 3542 1774 3691 1830; x_wconf 90' lang='lat' dir='ltr'>mul-</span> 
     </span>
    </p>
   </div>
   <div class='ocr_carea' id='block_1_48' title="bbox 2034 1857 3687 1934">
    <p class='ocr_par' dir='ltr' id='par_1_48' title="bbox 2034 1857 3687 1934">
     <span class='ocr_line' id='line_1_49' title="bbox 2034 1857 3687 1934; baseline 0.004 -22"><span class='ocrx_word' id='word_1_317' title='bbox 2034 1857 2264 1914; x_wconf 72' lang='lat' dir='ltr'>timoda:</span> <span class='ocrx_word' id='word_1_318' title='bbox 2296 1859 2368 1915; x_wconf 92' lang='lat' dir='ltr'>ob</span> <span class='ocrx_word' id='word_1_319' title='bbox 2399 1859 2508 1914; x_wconf 89' lang='lat' dir='ltr'>hoc</span> <span class='ocrx_word' id='word_1_320' title='bbox 2548 1859 2925 1914; x_wconf 86' lang='lat' dir='ltr'>tenderentur</span> <span class='ocrx_word' id='word_1_321' title='bbox 2973 1859 3219 1929; x_wconf 59' lang='lat' dir='ltr'>insidiis,</span> <span class='ocrx_word' id='word_1_322' title='bbox 3253 1862 3585 1934; x_wconf 65' lang='lat' dir='ltr'>saepiusque</span> <span class='ocrx_word' id='word_1_323' title='bbox 3615 1864 3687 1919; x_wconf 86' lang='lat' dir='ltr'>de</span> 
     </span>
    </p>
   </div>
   <div class='ocr_carea' id='block_1_49' title="bbox 2034 1947 3689 2023">
    <p class='ocr_par' dir='ltr' id='par_1_49' title="bbox 2034 1947 3689 2023">
     <span class='ocr_line' id='line_1_50' title="bbox 2034 1947 3689 2023; baseline 0.004 -21"><span class='ocrx_word' id='word_1_324' title='bbox 2034 1948 2161 2003; x_wconf 62' lang='lat' dir='ltr'>vitae</span> <span class='ocrx_word' id='word_1_325' title='bbox 2194 1948 2379 2020; x_wconf 84' lang='lat' dir='ltr'>ipsius</span> <span class='ocrx_word' id='word_1_326' title='bbox 2411 1947 2667 2020; x_wconf 89' lang='lat' dir='ltr'>periculo</span> <span class='ocrx_word' id='word_1_327' title='bbox 2698 1965 2731 2003; x_wconf 89' lang='lat' dir='ltr'>a</span> <span class='ocrx_word' id='word_1_328' title='bbox 2753 1949 3101 2004; x_wconf 88' lang='lat' dir='ltr'>necessariis</span> <span class='ocrx_word' id='word_1_329' title='bbox 3127 1951 3256 2021; x_wconf 85' lang='lat' dir='ltr'>ejus</span> <span class='ocrx_word' id='word_1_330' title='bbox 3286 1951 3442 2006; x_wconf 90' lang='lat' dir='ltr'>haud</span> <span class='ocrx_word' id='word_1_331' title='bbox 3468 1951 3689 2023; x_wconf 85' lang='lat' dir='ltr'>injuria</span> 
     </span>
    </p>
   </div>
   <div class='ocr_carea' id='block_1_50' title="bbox 2034 2036 3685 2109">
    <p class='ocr_par' dir='ltr' id='par_1_50' title="bbox 2034 2036 3685 2109">
     <span class='ocr_line' id='line_1_51' title="bbox 2034 2036 3685 2109; baseline 0.002 -18"><span class='ocrx_word' id='word_1_332' title='bbox 2034 2036 2357 2092; x_wconf 90' lang='lat' dir='ltr'>timeretur.</span> <span class='ocrx_word' id='word_1_333' title='bbox 2389 2037 2496 2092; x_wconf 84' lang='lat' dir='ltr'>Sed</span> <span class='ocrx_word' id='word_1_334' title='bbox 2530 2036 2667 2109; x_wconf 90' lang='lat' dir='ltr'>quia</span> <span class='ocrx_word' id='word_1_335' title='bbox 2697 2053 2765 2092; x_wconf 80' lang='lat' dir='ltr'>ex</span> <span class='ocrx_word' id='word_1_336' title='bbox 2796 2037 3083 2092; x_wconf 85' lang='lat' dir='ltr'>sententia</span> <span class='ocrx_word' id='word_1_337' title='bbox 3128 2038 3478 2108; x_wconf 88' lang='lat' dir='ltr'>Salomonis,</span> <span class='ocrx_word' id='word_1_338' title='bbox 3511 2043 3685 2095; x_wconf 83' lang='lat' dir='ltr'>Frus-</span> 
     </span>
    </p>
   </div>
   <div class='ocr_carea' id='block_1_51' title="bbox 2033 2125 3683 2201">
    <p class='ocr_par' dir='ltr' id='par_1_51' title="bbox 2033 2125 3683 2201">
     <span class='ocr_line' id='line_1_52' title="bbox 2033 2125 3683 2201; baseline 0.002 -20"><span class='ocrx_word' id='word_1_339' title='bbox 2033 2133 2119 2183; x_wconf 83' lang='lat' dir='ltr'>tra</span> <span class='ocrx_word' id='word_1_340' title='bbox 2138 2125 2351 2198; x_wconf 82' lang='lat' dir='ltr'>jacitur</span> <span class='ocrx_word' id='word_1_341' title='bbox 2379 2134 2492 2181; x_wconf 83' lang='lat' dir='ltr'>rete</span> <span class='ocrx_word' id='word_1_342' title='bbox 2519 2133 2645 2181; x_wconf 85' lang='lat' dir='ltr'>ante</span> <span class='ocrx_word' id='word_1_343' title='bbox 2673 2127 2856 2181; x_wconf 80' lang='lat' dir='ltr'>oculos</span> <span class='ocrx_word' id='word_1_344' title='bbox 2881 2136 3267 2198; x_wconf 81' lang='lat' dir='ltr'>pemmtorum,</span> <span class='ocrx_word' id='word_1_345' title='bbox 3300 2127 3431 2196; x_wconf 89' lang='lat' dir='ltr'>iste,</span> <span class='ocrx_word' id='word_1_346' title='bbox 3464 2145 3683 2201; x_wconf 89' lang='lat' dir='ltr'>penna-</span> 
     </span>
    </p>
   </div>
   <div class='ocr_carea' id='block_1_52' title="bbox 2033 2214 3687 2291">
    <p class='ocr_par' dir='ltr' id='par_1_52' title="bbox 2033 2214 3687 2291">
     <span class='ocr_line' id='line_1_53' title="bbox 2033 2214 3687 2291; baseline 0.002 -21"><span class='ocrx_word' id='word_1_347' title='bbox 2033 2220 2159 2271; x_wconf 91' lang='lat' dir='ltr'>tum</span> <span class='ocrx_word' id='word_1_348' title='bbox 2192 2214 2407 2271; x_wconf 88' lang='lat' dir='ltr'>animal</span> <span class='ocrx_word' id='word_1_349' title='bbox 2441 2214 2561 2283; x_wconf 90' lang='lat' dir='ltr'>Dei,</span> <span class='ocrx_word' id='word_1_350' title='bbox 2595 2232 2698 2288; x_wconf 92' lang='lat' dir='ltr'>per</span> <span class='ocrx_word' id='word_1_351' title='bbox 2739 2214 2984 2289; x_wconf 89' lang='lat' dir='ltr'>gloriam</span> <span class='ocrx_word' id='word_1_352' title='bbox 3018 2221 3075 2271; x_wconf 89' lang='lat' dir='ltr'>et</span> <span class='ocrx_word' id='word_1_353' title='bbox 3105 2216 3549 2290; x_wconf 87' lang='lat' dir='ltr'>ignobilitatem,</span> <span class='ocrx_word' id='word_1_354' title='bbox 3582 2236 3687 2291; x_wconf 91' lang='lat' dir='ltr'>per</span> 
     </span>
    </p>
   </div>
   <div class='ocr_carea' id='block_1_53' title="bbox 2032 2304 3681 2379">
    <p class='ocr_par' dir='ltr' id='par_1_53' title="bbox 2032 2304 3681 2379">
     <span class='ocr_line' id='line_1_54' title="bbox 2032 2304 3681 2379; baseline 0.004 -21"><span class='ocrx_word' id='word_1_355' title='bbox 2032 2304 2333 2360; x_wconf 83' lang='lat' dir='ltr'>infamiam</span> <span class='ocrx_word' id='word_1_356' title='bbox 2359 2308 2414 2360; x_wconf 87' lang='lat' dir='ltr'>et</span> <span class='ocrx_word' id='word_1_357' title='bbox 2436 2305 2648 2360; x_wconf 90' lang='lat' dir='ltr'>bonam</span> <span class='ocrx_word' id='word_1_358' title='bbox 2672 2304 2913 2371; x_wconf 89' lang='lat' dir='ltr'>famam,</span> <span class='ocrx_word' id='word_1_359' title='bbox 2930 2306 3165 2377; x_wconf 84' lang='lat' dir='ltr'>probra,</span> <span class='ocrx_word' id='word_1_360' title='bbox 3184 2306 3681 2379; x_wconf 88' lang='lat' dir='ltr'>minas,pericula,</span> 
     </span>
    </p>
   </div>
   <div class='ocr_carea' id='block_1_54' title="bbox 2031 2393 3683 2466">
    <p class='ocr_par' dir='ltr' id='par_1_54' title="bbox 2031 2393 3683 2466">
     <span class='ocr_line' id='line_1_55' title="bbox 2031 2393 3683 2466; baseline 0.003 -18"><span class='ocrx_word' id='word_1_361' title='bbox 2031 2399 2326 2466; x_wconf 88' lang='lat' dir='ltr'>postremo</span> <span class='ocrx_word' id='word_1_362' title='bbox 2379 2393 2576 2449; x_wconf 88' lang='lat' dir='ltr'>omnia</span> <span class='ocrx_word' id='word_1_363' title='bbox 2622 2393 2819 2448; x_wconf 88' lang='lat' dir='ltr'>virtuti</span> <span class='ocrx_word' id='word_1_364' title='bbox 2873 2394 3217 2450; x_wconf 87' lang='lat' dir='ltr'>obsistentia</span> <span class='ocrx_word' id='word_1_365' title='bbox 3256 2395 3438 2452; x_wconf 90' lang='lat' dir='ltr'>libero</span> <span class='ocrx_word' id='word_1_366' title='bbox 3488 2397 3683 2457; x_wconf 87' lang='lat' dir='ltr'>volatu</span> 
     </span>
    </p>
   </div>
   <div class='ocr_carea' id='block_1_55' title="bbox 2029 2482 3685 2565">
    <p class='ocr_par' dir='ltr' id='par_1_55' title="bbox 2029 2482 3685 2565">
     <span class='ocr_line' id='line_1_56' title="bbox 2029 2482 3685 2565; baseline 0.002 -26"><span class='ocrx_word' id='word_1_367' title='bbox 2029 2483 2309 2540; x_wconf 86' lang='lat' dir='ltr'>evadebat</span> <span class='ocrx_word' id='word_1_368' title='bbox 2339 2482 2695 2551; x_wconf 89' lang='lat' dir='ltr'>tentamina;</span> <span class='ocrx_word' id='word_1_369' title='bbox 2721 2483 2909 2565; x_wconf 88' lang='lat' dir='ltr'>primo</span> <span class='ocrx_word' id='word_1_370' title='bbox 2932 2483 3166 2559; x_wconf 88' lang='lat' dir='ltr'>quidem</span> <span class='ocrx_word' id='word_1_371' title='bbox 3190 2485 3595 2557; x_wconf 65' lang='lat' dir='ltr'>aequanimiter</span> <span class='ocrx_word' id='word_1_372' title='bbox 3618 2505 3685 2543; x_wconf 90' lang='lat' dir='ltr'>ea</span> 
     </span>
    </p>
   </div>
   <div class='ocr_carea' id='block_1_56' title="bbox 2030 2572 3684 2647">
    <p class='ocr_par' dir='ltr' id='par_1_56' title="bbox 2030 2572 3684 2647">
     <span class='ocr_line' id='line_1_57' title="bbox 2030 2572 3684 2647; baseline 0.002 -19"><span class='ocrx_word' id='word_1_373' title='bbox 2030 2572 2355 2639; x_wconf 87' lang='lat' dir='ltr'>tolerando,</span> <span class='ocrx_word' id='word_1_374' title='bbox 2378 2589 2484 2628; x_wconf 90' lang='lat' dir='ltr'>suo</span> <span class='ocrx_word' id='word_1_375' title='bbox 2515 2577 2710 2628; x_wconf 88' lang='lat' dir='ltr'>autem</span> <span class='ocrx_word' id='word_1_376' title='bbox 2742 2572 2868 2629; x_wconf 93' lang='lat' dir='ltr'>loco</span> <span class='ocrx_word' id='word_1_377' title='bbox 2901 2577 2957 2629; x_wconf 90' lang='lat' dir='ltr'>et</span> <span class='ocrx_word' id='word_1_378' title='bbox 2988 2578 3246 2647; x_wconf 88' lang='lat' dir='ltr'>tempore</span> <span class='ocrx_word' id='word_1_379' title='bbox 3276 2576 3481 2631; x_wconf 90' lang='lat' dir='ltr'>eadem</span> <span class='ocrx_word' id='word_1_380' title='bbox 3513 2577 3684 2632; x_wconf 89' lang='lat' dir='ltr'>ratio-</span> 
     </span>
    </p>
   </div>
   <div class='ocr_carea' id='block_1_57' title="bbox 2031 2660 3681 2737">
    <p class='ocr_par' dir='ltr' id='par_1_57' title="bbox 2031 2660 3681 2737">
     <span class='ocr_line' id='line_1_58' title="bbox 2031 2660 3681 2737; baseline 0.002 -21"><span class='ocrx_word' id='word_1_381' title='bbox 2031 2660 2302 2717; x_wconf 91' lang='lat' dir='ltr'>nabiliter</span> <span class='ocrx_word' id='word_1_382' title='bbox 2348 2661 2722 2730; x_wconf 90' lang='lat' dir='ltr'>confutando,</span> <span class='ocrx_word' id='word_1_383' title='bbox 2752 2663 2835 2716; x_wconf 90' lang='lat' dir='ltr'>uti</span> <span class='ocrx_word' id='word_1_384' title='bbox 2885 2678 3117 2735; x_wconf 91' lang='lat' dir='ltr'>semper</span> <span class='ocrx_word' id='word_1_385' title='bbox 3169 2662 3392 2737; x_wconf 92' lang='lat' dir='ltr'>spiculo</span> <span class='ocrx_word' id='word_1_386' title='bbox 3438 2665 3681 2720; x_wconf 89' lang='lat' dir='ltr'>rationis</span> 
     </span>
    </p>
   </div>
   <div class='ocr_carea' id='block_1_58' title="bbox 2030 2748 3679 2823">
    <p class='ocr_par' dir='ltr' id='par_1_58' title="bbox 2030 2748 3679 2823">
     <span class='ocr_line' id='line_1_59' title="bbox 2030 2748 3679 2823; baseline 0.002 -18"><span class='ocrx_word' id='word_1_387' title='bbox 2030 2748 2495 2806; x_wconf 88' lang='lat' dir='ltr'>adversariorum</span> <span class='ocrx_word' id='word_1_388' title='bbox 2518 2749 2825 2806; x_wconf 83' lang='lat' dir='ltr'>confodere</span> <span class='ocrx_word' id='word_1_389' title='bbox 2845 2748 3068 2807; x_wconf 88' lang='lat' dir='ltr'>solebat</span> <span class='ocrx_word' id='word_1_390' title='bbox 3089 2756 3341 2823; x_wconf 91' lang='lat' dir='ltr'>pectora.</span> <span class='ocrx_word' id='word_1_391' title='bbox 3366 2752 3502 2808; x_wconf 89' lang='lat' dir='ltr'>Erat</span> <span class='ocrx_word' id='word_1_392' title='bbox 3522 2754 3679 2809; x_wconf 90' lang='lat' dir='ltr'>enim</span> 
     </span>
    </p>
   </div>
   <div class='ocr_carea' id='block_1_59' title="bbox 2030 2838 3678 2910">
    <p class='ocr_par' dir='ltr' id='par_1_59' title="bbox 2030 2838 3678 2910">
     <span class='ocr_line' id='line_1_60' title="bbox 2030 2838 3678 2910; baseline 0.002 -15"><span class='ocrx_word' id='word_1_393' title='bbox 2030 2838 2139 2895; x_wconf 92' lang='lat' dir='ltr'>hoc</span> <span class='ocrx_word' id='word_1_394' title='bbox 2168 2838 2227 2893; x_wconf 90' lang='lat' dir='ltr'>in</span> <span class='ocrx_word' id='word_1_395' title='bbox 2258 2854 2344 2907; x_wconf 92' lang='lat' dir='ltr'>eo,</span> <span class='ocrx_word' id='word_1_396' title='bbox 2370 2855 2485 2910; x_wconf 66' lang='lat' dir='ltr'>prae</span> <span class='ocrx_word' id='word_1_397' title='bbox 2505 2838 2728 2894; x_wconf 78' lang='lat' dir='ltr'>caeteris</span> <span class='ocrx_word' id='word_1_398' title='bbox 2753 2843 2962 2895; x_wconf 60' lang='lat' dir='ltr'>nostra;</span> <span class='ocrx_word' id='word_1_399' title='bbox 2986 2840 3280 2896; x_wconf 68' lang='lat' dir='ltr'>memoriae</span> <span class='ocrx_word' id='word_1_400' title='bbox 3306 2841 3678 2909; x_wconf 87' lang='lat' dir='ltr'>mortalibus,</span> 
     </span>
    </p>
   </div>
   <div class='ocr_carea' id='block_1_60' title="bbox 2029 2925 3680 3003">
    <p class='ocr_par' dir='ltr' id='par_1_60' title="bbox 2029 2925 3680 3003">
     <span class='ocr_line' id='line_1_61' title="bbox 2029 2925 3680 3003; baseline 0.003 -21"><span class='ocrx_word' id='word_1_401' title='bbox 2029 2931 2149 2983; x_wconf 90' lang='lat' dir='ltr'>tam</span> <span class='ocrx_word' id='word_1_402' title='bbox 2180 2925 2473 2982; x_wconf 80' lang='lat' dir='ltr'>laudabile</span> <span class='ocrx_word' id='word_1_403' title='bbox 2505 2943 2684 3000; x_wconf 88' lang='lat' dir='ltr'>quam</span> <span class='ocrx_word' id='word_1_404' title='bbox 2728 2926 3014 2995; x_wconf 89' lang='lat' dir='ltr'>mirabile,</span> <span class='ocrx_word' id='word_1_405' title='bbox 3049 2929 3204 3001; x_wconf 87' lang='lat' dir='ltr'>quod</span> <span class='ocrx_word' id='word_1_406' title='bbox 3235 2928 3295 2985; x_wconf 92' lang='lat' dir='ltr'>in</span> <span class='ocrx_word' id='word_1_407' title='bbox 3328 2946 3680 3003; x_wconf 90' lang='lat' dir='ltr'>quocunque</span> 
     </span>
    </p>
   </div>
   <div class='ocr_carea' id='block_1_61' title="bbox 2029 3014 3680 3089">
    <p class='ocr_par' dir='ltr' id='par_1_61' title="bbox 2029 3014 3680 3089">
     <span class='ocr_line' id='line_1_62' title="bbox 2029 3014 3680 3089; baseline 0.001 -18"><span class='ocrx_word' id='word_1_408' title='bbox 2029 3016 2260 3089; x_wconf 89' lang='lat' dir='ltr'>negotio</span> <span class='ocrx_word' id='word_1_409' title='bbox 2291 3020 2493 3075; x_wconf 89' lang='lat' dir='ltr'>contra</span> <span class='ocrx_word' id='word_1_410' title='bbox 2532 3014 2854 3087; x_wconf 88' lang='lat' dir='ltr'>quemlibet</span> <span class='ocrx_word' id='word_1_411' title='bbox 2895 3019 3154 3072; x_wconf 89' lang='lat' dir='ltr'>sumeret</span> <span class='ocrx_word' id='word_1_412' title='bbox 3203 3019 3680 3088; x_wconf 90' lang='lat' dir='ltr'>controversiam,</span> 
     </span>
    </p>
   </div>
   <div class='ocr_carea' id='block_1_62' title="bbox 2030 3102 3682 3178">
    <p class='ocr_par' dir='ltr' id='par_1_62' title="bbox 2030 3102 3682 3178">
     <span class='ocr_line' id='line_1_63' title="bbox 2030 3102 3682 3178; baseline 0.002 -19"><span class='ocrx_word' id='word_1_413' title='bbox 2030 3103 2500 3178; x_wconf 87' lang='lat' dir='ltr'>inexpugnabilis</span> <span class='ocrx_word' id='word_1_414' title='bbox 2532 3102 2776 3159; x_wconf 89' lang='lat' dir='ltr'>rationis</span> <span class='ocrx_word' id='word_1_415' title='bbox 2807 3120 2913 3175; x_wconf 90' lang='lat' dir='ltr'>ope</span> <span class='ocrx_word' id='word_1_416' title='bbox 2963 3104 3228 3160; x_wconf 89' lang='lat' dir='ltr'>munitus</span> <span class='ocrx_word' id='word_1_417' title='bbox 3272 3110 3682 3178; x_wconf 88' lang='lat' dir='ltr'>assequeretur</span> 
     </span>
    </p>
   </div>
   <div class='ocr_carea' id='block_1_63' title="bbox 255 3180 3681 3279">
    <p class='ocr_par' dir='ltr' id='par_1_63' title="bbox 255 3180 3681 3279">
     <span class='ocr_line' id='line_1_64' title="bbox 255 3180 3681 3279; baseline -0.001 -25"><span class='ocrx_word' id='word_1_418' title='bbox 255 3180 436 3271; x_wconf 75' lang='lat' dir='ltr'>bilire</span> <span class='ocrx_word' id='word_1_419' title='bbox 469 3180 711 3277; x_wconf 73' lang='lat' dir='ltr'>curavit,</span> <span class='ocrx_word' id='word_1_420' title='bbox 730 3202 796 3254; x_wconf 89' lang='lat' dir='ltr'>ut</span> <span class='ocrx_word' id='word_1_421' title='bbox 813 3198 1056 3272; x_wconf 83' lang='lat' dir='ltr'>triginta</span> <span class='ocrx_word' id='word_1_422' title='bbox 1084 3180 1369 3279; x_wconf 90' lang='lat' dir='ltr'>pauperes</span> <span class='ocrx_word' id='word_1_423' title='bbox 1399 3214 1504 3273; x_wconf 90' lang='lat' dir='ltr'>per</span> <span class='ocrx_word' id='word_1_424' title='bbox 1531 3213 1751 3253; x_wconf 91' lang='lat' dir='ltr'>annum</span> <span class='ocrx_word' id='word_1_425' title='bbox 1782 3196 1919 3252; x_wconf 88' lang='lat' dir='ltr'>inde</span> <span class='ocrx_word' id='word_1_426' title='bbox 1948 3180 1992 3248; x_wconf 74' lang='grc' dir='ltr'>Ο</span> <span class='ocrx_word' id='word_1_427' title='bbox 2028 3192 2350 3250; x_wconf 89' lang='lat' dir='ltr'>victoriam.</span> <span class='ocrx_word' id='word_1_428' title='bbox 2383 3193 2500 3248; x_wconf 87' lang='lat' dir='ltr'>Hoc</span> <span class='ocrx_word' id='word_1_429' title='bbox 2532 3196 2727 3249; x_wconf 89' lang='lat' dir='ltr'>autem</span> <span class='ocrx_word' id='word_1_430' title='bbox 2759 3193 2887 3251; x_wconf 91' lang='lat' dir='ltr'>ideo</span> <span class='ocrx_word' id='word_1_431' title='bbox 2919 3192 3112 3262; x_wconf 83' lang='lat' dir='ltr'>fiebat,</span> <span class='ocrx_word' id='word_1_432' title='bbox 3147 3193 3286 3266; x_wconf 92' lang='lat' dir='ltr'>quia</span> <span class='ocrx_word' id='word_1_433' title='bbox 3323 3193 3681 3268; x_wconf 91' lang='lat' dir='ltr'>circumspe-</span> 
     </span>
    </p>
   </div>
   <div class='ocr_carea' id='block_1_64' title="bbox 256 3286 1926 3366">
    <p class='ocr_par' dir='ltr' id='par_1_64' title="bbox 256 3286 1926 3366">
     <span class='ocr_line' id='line_1_65' title="bbox 256 3286 1926 3366; baseline -0.001 -23"><span class='ocrx_word' id='word_1_434' title='bbox 256 3286 577 3366; x_wconf 78' lang='lat' dir='ltr'>commode</span> <span class='ocrx_word' id='word_1_435' title='bbox 606 3289 1094 3357; x_wconf 79' lang='lat' dir='ltr'>sustentarentur,</span> <span class='ocrx_word' id='word_1_436' title='bbox 1112 3290 1171 3343; x_wconf 90' lang='lat' dir='ltr'>et</span> <span class='ocrx_word' id='word_1_437' title='bbox 1188 3304 1260 3360; x_wconf 84' lang='lat' dir='ltr'>ex</span> <span class='ocrx_word' id='word_1_438' title='bbox 1280 3286 1523 3342; x_wconf 90' lang='lat' dir='ltr'>ecclesia</span> <span class='ocrx_word' id='word_1_439' title='bbox 1552 3301 1731 3359; x_wconf 89' lang='lat' dir='ltr'>quam</span> <span class='ocrx_word' id='word_1_440' title='bbox 1765 3286 1926 3341; x_wconf 87' lang='lat' dir='ltr'>dom-</span> 
     </span>
    </p>
   </div>
   <div class='ocr_carea' id='block_1_65' title="bbox 255 3373 1924 3451">
    <p class='ocr_par' dir='ltr' id='par_1_65' title="bbox 255 3373 1924 3451">
     <span class='ocr_line' id='line_1_66' title="bbox 255 3373 1924 3451; baseline -0.002 -18"><span class='ocrx_word' id='word_1_441' title='bbox 255 3393 375 3447; x_wconf 80' lang='lat' dir='ltr'>nus</span> <span class='ocrx_word' id='word_1_442' title='bbox 409 3375 719 3451; x_wconf 59' lang='lat' dir='ltr'>galdricus</span> <span class='ocrx_word' id='word_1_443' title='bbox 769 3376 1080 3451; x_wconf 83' lang='lat' dir='ltr'>episcopus</span> <span class='ocrx_word' id='word_1_444' title='bbox 1123 3376 1330 3451; x_wconf 89' lang='lat' dir='ltr'>viginti</span> <span class='ocrx_word' id='word_1_445' title='bbox 1376 3378 1628 3449; x_wconf 86' lang='lat' dir='ltr'>quatuor</span> <span class='ocrx_word' id='word_1_446' title='bbox 1672 3373 1924 3431; x_wconf 90' lang='lat' dir='ltr'>eleemo-</span> 
     </span>
    </p>
   </div>
   <div class='ocr_carea' id='block_1_66' title="bbox 254 3463 1924 3542">
    <p class='ocr_par' dir='ltr' id='par_1_66' title="bbox 254 3463 1924 3542">
     <span class='ocr_line' id='line_1_67' title="bbox 254 3463 1924 3542; baseline -0.001 -20"><span class='ocrx_word' id='word_1_447' title='bbox 254 3466 525 3542; x_wconf 77' lang='lat' dir='ltr'>synariis</span> <span class='ocrx_word' id='word_1_448' title='bbox 552 3466 960 3540; x_wconf 50' lang='lat' dir='ltr'>sustentendis</span> <span class='ocrx_word' id='word_1_449' title='bbox 988 3466 1400 3539; x_wconf 74' lang='lat' dir='ltr'>destinaverat,</span> <span class='ocrx_word' id='word_1_450' title='bbox 1426 3464 1735 3537; x_wconf 84' lang='lat' dir='ltr'>duodecim</span> <span class='ocrx_word' id='word_1_451' title='bbox 1765 3463 1924 3520; x_wconf 89' lang='lat' dir='ltr'>insu-</span> 
     </span>
    </p>
   </div>
   <div class='ocr_carea' id='block_1_67' title="bbox 255 3553 1921 3643">
    <p class='ocr_par' dir='ltr' id='par_1_67' title="bbox 255 3553 1921 3643">
     <span class='ocr_line' id='line_1_68' title="bbox 255 3553 1921 3643; baseline -0.001 -32"><span class='ocrx_word' id='word_1_452' title='bbox 255 3571 364 3629; x_wconf 83' lang='lat' dir='ltr'>per</span> <span class='ocrx_word' id='word_1_453' title='bbox 386 3554 691 3629; x_wconf 75' lang='lat' dir='ltr'>reficiendi</span> <span class='ocrx_word' id='word_1_454' title='bbox 721 3554 1132 3643; x_wconf 54' lang='lat' dir='ltr'>adﬁcerentur,</span> <span class='ocrx_word' id='word_1_455' title='bbox 1164 3571 1370 3617; x_wconf 83' lang='lat' dir='ltr'>omnes</span> <span class='ocrx_word' id='word_1_456' title='bbox 1398 3553 1688 3628; x_wconf 81' lang='lat' dir='ltr'>peregrini</span> <span class='ocrx_word' id='word_1_457' title='bbox 1720 3569 1921 3627; x_wconf 90' lang='lat' dir='ltr'>super-</span> 
     </span>
    </p>
   </div>
   <div class='ocr_carea' id='block_1_68' title="bbox 251 3643 1922 3719">
    <p class='ocr_par' dir='ltr' id='par_1_68' title="bbox 251 3643 1922 3719">
     <span class='ocr_line' id='line_1_69' title="bbox 251 3643 1922 3719; baseline -0.001 -18"><span class='ocrx_word' id='word_1_458' title='bbox 251 3645 567 3715; x_wconf 77' lang='lat' dir='ltr'>venientes</span> <span class='ocrx_word' id='word_1_459' title='bbox 584 3644 712 3717; x_wconf 82' lang='lat' dir='ltr'>sine</span> <span class='ocrx_word' id='word_1_460' title='bbox 733 3643 900 3719; x_wconf 86' lang='lat' dir='ltr'>equis</span> <span class='ocrx_word' id='word_1_461' title='bbox 921 3645 1337 3719; x_wconf 79' lang='lat' dir='ltr'>reciperentur,</span> <span class='ocrx_word' id='word_1_462' title='bbox 1359 3661 1457 3700; x_wconf 90' lang='lat' dir='ltr'>eos</span> <span class='ocrx_word' id='word_1_463' title='bbox 1479 3643 1578 3716; x_wconf 90' lang='lat' dir='ltr'>qui</span> <span class='ocrx_word' id='word_1_464' title='bbox 1598 3659 1731 3701; x_wconf 92' lang='lat' dir='ltr'>cum</span> <span class='ocrx_word' id='word_1_465' title='bbox 1754 3643 1922 3714; x_wconf 90' lang='lat' dir='ltr'>equis</span> 
     </span>
    </p>
   </div>
   <div class='ocr_carea' id='block_1_69' title="bbox 252 3731 1918 3809">
    <p class='ocr_par' dir='ltr' id='par_1_69' title="bbox 252 3731 1918 3809">
     <span class='ocr_line' id='line_1_70' title="bbox 252 3731 1918 3809; baseline -0.001 -21"><span class='ocrx_word' id='word_1_466' title='bbox 252 3734 569 3803; x_wconf 81' lang='lat' dir='ltr'>venissent</span> <span class='ocrx_word' id='word_1_467' title='bbox 623 3734 879 3809; x_wconf 84' lang='lat' dir='ltr'>recipere</span> <span class='ocrx_word' id='word_1_468' title='bbox 932 3739 1255 3805; x_wconf 83' lang='lat' dir='ltr'>autumans</span> <span class='ocrx_word' id='word_1_469' title='bbox 1312 3732 1570 3807; x_wconf 78' lang='lat' dir='ltr'>episcopi</span> <span class='ocrx_word' id='word_1_470' title='bbox 1617 3731 1918 3789; x_wconf 89' lang='lat' dir='ltr'>interesse.</span> 
     </span>
    </p>
   </div>
   <div class='ocr_carea' id='block_1_70' title="bbox 248 3820 1921 3898">
    <p class='ocr_par' dir='ltr' id='par_1_70' title="bbox 248 3820 1921 3898">
     <span class='ocr_line' id='line_1_71' title="bbox 248 3820 1921 3898; baseline -0.001 -19"><span class='ocrx_word' id='word_1_471' title='bbox 248 3824 421 3896; x_wconf 75' lang='lat' dir='ltr'>Adeo</span> <span class='ocrx_word' id='word_1_472' title='bbox 450 3821 747 3898; x_wconf 79' lang='lat' dir='ltr'>sacrilegii</span> <span class='ocrx_word' id='word_1_473' title='bbox 778 3840 942 3896; x_wconf 85' lang='lat' dir='ltr'>reum</span> <span class='ocrx_word' id='word_1_474' title='bbox 973 3824 1243 3893; x_wconf 77' lang='lat' dir='ltr'>ducebat,</span> <span class='ocrx_word' id='word_1_475' title='bbox 1271 3822 1319 3879; x_wconf 91' lang='lat' dir='ltr'>si</span> <span class='ocrx_word' id='word_1_476' title='bbox 1352 3822 1668 3895; x_wconf 87' lang='lat' dir='ltr'>commissa</span> <span class='ocrx_word' id='word_1_477' title='bbox 1697 3820 1809 3877; x_wconf 91' lang='lat' dir='ltr'>sibi</span> <span class='ocrx_word' id='word_1_478' title='bbox 1841 3822 1921 3877; x_wconf 85' lang='lat' dir='ltr'>of-</span> 
     </span>
    </p>
   </div>
   <div class='ocr_carea' id='block_1_71' title="bbox 253 3910 1919 3987">
    <p class='ocr_par' dir='ltr' id='par_1_71' title="bbox 253 3910 1919 3987">
     <span class='ocr_line' id='line_1_72' title="bbox 253 3910 1919 3987; baseline -0.002 -18"><span class='ocrx_word' id='word_1_479' title='bbox 253 3913 393 3981; x_wconf 79' lang='lat' dir='ltr'>ficia</span> <span class='ocrx_word' id='word_1_480' title='bbox 444 3929 556 3977; x_wconf 81' lang='lat' dir='ltr'>suo</span> <span class='ocrx_word' id='word_1_481' title='bbox 607 3910 806 3979; x_wconf 78' lang='lat' dir='ltr'>labora</span> <span class='ocrx_word' id='word_1_482' title='bbox 855 3929 969 3979; x_wconf 81' lang='lat' dir='ltr'>non</span> <span class='ocrx_word' id='word_1_483' title='bbox 1017 3915 1444 3987; x_wconf 80' lang='lat' dir='ltr'>augmentaret.</span> <span class='ocrx_word' id='word_1_484' title='bbox 1492 3912 1739 3979; x_wconf 89' lang='lat' dir='ltr'>Interea,</span> <span class='ocrx_word' id='word_1_485' title='bbox 1772 3927 1838 3966; x_wconf 88' lang='lat' dir='ltr'>ac</span> <span class='ocrx_word' id='word_1_486' title='bbox 1870 3910 1919 3966; x_wconf 91' lang='lat' dir='ltr'>si</span> 
     </span>
    </p>
   </div>
   <div class='ocr_carea' id='block_1_72' title="bbox 248 3998 1921 4079">
    <p class='ocr_par' dir='ltr' id='par_1_72' title="bbox 248 3998 1921 4079">
     <span class='ocr_line' id='line_1_73' title="bbox 248 3998 1921 4079; baseline -0.002 -22"><span class='ocrx_word' id='word_1_487' title='bbox 248 4001 417 4075; x_wconf 81' lang='lat' dir='ltr'>hosti</span> <span class='ocrx_word' id='word_1_488' title='bbox 470 4001 878 4079; x_wconf 80' lang='lat' dir='ltr'>infestissimo,</span> <span class='ocrx_word' id='word_1_489' title='bbox 929 4003 1263 4075; x_wconf 84' lang='lat' dir='ltr'>frequentes</span> <span class='ocrx_word' id='word_1_490' title='bbox 1309 4000 1537 4075; x_wconf 88' lang='lat' dir='ltr'>corpori</span> <span class='ocrx_word' id='word_1_491' title='bbox 1580 3998 1921 4055; x_wconf 87' lang='lat' dir='ltr'>indicuntur</span> 
     </span>
    </p>
   </div>
   <div class='ocr_carea' id='block_1_73' title="bbox 249 4089 1921 4165">
    <p class='ocr_par' dir='ltr' id='par_1_73' title="bbox 249 4089 1921 4165">
     <span class='ocr_line' id='line_1_74' title="bbox 249 4089 1921 4165; baseline -0.002 -17"><span class='ocrx_word' id='word_1_492' title='bbox 249 4090 654 4159; x_wconf 73' lang='lat' dir='ltr'>abstinentiae,</span> <span class='ocrx_word' id='word_1_493' title='bbox 692 4090 1046 4165; x_wconf 77' lang='lat' dir='ltr'>pauperibus</span> <span class='ocrx_word' id='word_1_494' title='bbox 1077 4090 1291 4165; x_wconf 83' lang='lat' dir='ltr'>Christi</span> <span class='ocrx_word' id='word_1_495' title='bbox 1320 4089 1601 4165; x_wconf 84' lang='lat' dir='ltr'>largiores</span> <span class='ocrx_word' id='word_1_496' title='bbox 1631 4092 1921 4163; x_wconf 84' lang='lat' dir='ltr'>augentur</span> 
     </span>
    </p>
   </div>
   <div class='ocr_carea' id='block_1_74' title="bbox 250 4172 1916 4267">
    <p class='ocr_par' dir='ltr' id='par_1_74' title="bbox 250 4172 1916 4267">
     <span class='ocr_line' id='line_1_75' title="bbox 250 4172 1916 4267; baseline 0.001 -32"><span class='ocrx_word' id='word_1_497' title='bbox 250 4181 565 4267; x_wconf 66' lang='lat' dir='ltr'>impensae.</span> <span class='ocrx_word' id='word_1_498' title='bbox 620 4172 979 4249; x_wconf 77' lang='lat' dir='ltr'>Recreantur</span> <span class='ocrx_word' id='word_1_499' title='bbox 1022 4179 1283 4254; x_wconf 85' lang='lat' dir='ltr'>quotidie</span> <span class='ocrx_word' id='word_1_500' title='bbox 1310 4179 1543 4253; x_wconf 90' lang='lat' dir='ltr'>utrique</span> <span class='ocrx_word' id='word_1_501' title='bbox 1593 4177 1916 4245; x_wconf 85' lang='lat' dir='ltr'>assidentes</span> 
     </span>
    </p>
   </div>
   <div class='ocr_carea' id='block_1_75' title="bbox 247 4264 1912 4344">
    <p class='ocr_par' dir='ltr' id='par_1_75' title="bbox 247 4264 1912 4344">
     <span class='ocr_line' id='line_1_76' title="bbox 247 4264 1912 4344; baseline -0.001 -20"><span class='ocrx_word' id='word_1_502' title='bbox 247 4264 450 4343; x_wconf 68' lang='lat' dir='ltr'>latén&#39;i,</span> <span class='ocrx_word' id='word_1_503' title='bbox 506 4268 645 4343; x_wconf 68' lang='lat' dir='ltr'>hinc</span> <span class='ocrx_word' id='word_1_504' title='bbox 692 4264 1058 4343; x_wconf 76' lang='lat' dir='ltr'>clericorum,</span> <span class='ocrx_word' id='word_1_505' title='bbox 1091 4270 1229 4335; x_wconf 81' lang='lat' dir='ltr'>hinc</span> <span class='ocrx_word' id='word_1_506' title='bbox 1276 4285 1604 4344; x_wconf 84' lang='lat' dir='ltr'>pauperum</span> <span class='ocrx_word' id='word_1_507' title='bbox 1653 4270 1912 4337; x_wconf 69' lang='lat' dir='ltr'>catervae.</span> 
     </span>
    </p>
   </div>
   <div class='ocr_carea' id='block_1_76' title="bbox 249 4355 1914 4432">
    <p class='ocr_par' dir='ltr' id='par_1_76' title="bbox 249 4355 1914 4432">
     <span class='ocr_line' id='line_1_77' title="bbox 249 4355 1914 4432; baseline -0.002 -17"><span class='ocrx_word' id='word_1_508' title='bbox 249 4357 618 4427; x_wconf 59' lang='lat' dir='ltr'>Refeyuntur</span> <span class='ocrx_word' id='word_1_509' title='bbox 646 4359 718 4419; x_wconf 76' lang='lat' dir='ltr'>ab</span> <span class='ocrx_word' id='word_1_510' title='bbox 745 4360 879 4431; x_wconf 79' lang='lat' dir='ltr'>ejus</span> <span class='ocrx_word' id='word_1_511' title='bbox 908 4375 1113 4431; x_wconf 77' lang='lat' dir='ltr'>mensa</span> <span class='ocrx_word' id='word_1_512' title='bbox 1131 4358 1438 4432; x_wconf 78' lang='lat' dir='ltr'>utriusque</span> <span class='ocrx_word' id='word_1_513' title='bbox 1468 4356 1726 4413; x_wconf 87' lang='lat' dir='ltr'>hominis</span> <span class='ocrx_word' id='word_1_514' title='bbox 1757 4355 1914 4413; x_wconf 86' lang='lat' dir='ltr'>ciba-</span> 
     </span>
    </p>
   </div>
   <div class='ocr_carea' id='block_1_77' title="bbox 246 4446 1916 4522">
    <p class='ocr_par' dir='ltr' id='par_1_77' title="bbox 246 4446 1916 4522">
     <span class='ocr_line' id='line_1_78' title="bbox 246 4446 1916 4522; baseline 0 -20"><span class='ocrx_word' id='word_1_515' title='bbox 246 4449 354 4519; x_wconf 76' lang='lat' dir='ltr'>ria,</span> <span class='ocrx_word' id='word_1_516' title='bbox 404 4447 654 4522; x_wconf 72' lang='lat' dir='ltr'>ipseque</span> <span class='ocrx_word' id='word_1_517' title='bbox 701 4446 907 4511; x_wconf 85' lang='lat' dir='ltr'>hilaris</span> <span class='ocrx_word' id='word_1_518' title='bbox 938 4447 1177 4513; x_wconf 65' lang='lat' dir='ltr'>conviva</span> <span class='ocrx_word' id='word_1_519' title='bbox 1204 4446 1548 4522; x_wconf 78' lang='lat' dir='ltr'>parcissime</span> <span class='ocrx_word' id='word_1_520' title='bbox 1578 4446 1827 4515; x_wconf 87' lang='lat' dir='ltr'>refectus</span> <span class='ocrx_word' id='word_1_521' title='bbox 1859 4449 1916 4502; x_wconf 90' lang='lat' dir='ltr'>et</span> 
     </span>
    </p>
   </div>
   <div class='ocr_carea' id='block_1_78' title="bbox 2031 3280 3682 3354">
    <p class='ocr_par' dir='ltr' id='par_1_78' title="bbox 2031 3280 3682 3354">
     <span class='ocr_line' id='line_1_79' title="bbox 2031 3280 3682 3354; baseline 0.002 -17"><span class='ocrx_word' id='word_1_522' title='bbox 2031 3286 2192 3338; x_wconf 90' lang='lat' dir='ltr'>ctum</span> <span class='ocrx_word' id='word_1_523' title='bbox 2224 3298 2291 3337; x_wconf 89' lang='lat' dir='ltr'>ex</span> <span class='ocrx_word' id='word_1_524' title='bbox 2321 3281 2480 3337; x_wconf 92' lang='lat' dir='ltr'>omni</span> <span class='ocrx_word' id='word_1_525' title='bbox 2510 3284 2675 3354; x_wconf 87' lang='lat' dir='ltr'>parte</span> <span class='ocrx_word' id='word_1_526' title='bbox 2703 3280 2921 3339; x_wconf 87' lang='lat' dir='ltr'>animal</span> <span class='ocrx_word' id='word_1_527' title='bbox 2947 3280 3046 3337; x_wconf 90' lang='lat' dir='ltr'>Dei</span> <span class='ocrx_word' id='word_1_528' title='bbox 3078 3287 3210 3337; x_wconf 88' lang='lat' dir='ltr'>ante</span> <span class='ocrx_word' id='word_1_529' title='bbox 3231 3286 3288 3338; x_wconf 91' lang='lat' dir='ltr'>et</span> <span class='ocrx_word' id='word_1_530' title='bbox 3308 3287 3459 3340; x_wconf 91' lang='lat' dir='ltr'>retro</span> <span class='ocrx_word' id='word_1_531' title='bbox 3481 3284 3682 3341; x_wconf 90' lang='lat' dir='ltr'>oculos</span> 
     </span>
    </p>
   </div>
   <div class='ocr_carea' id='block_1_79' title="bbox 2030 3369 3680 3447">
    <p class='ocr_par' dir='ltr' id='par_1_79' title="bbox 2030 3369 3680 3447">
     <span class='ocr_line' id='line_1_80' title="bbox 2030 3369 3680 3447; baseline 0.001 -19"><span class='ocrx_word' id='word_1_532' title='bbox 2030 3371 2090 3428; x_wconf 91' lang='lat' dir='ltr'>in</span> <span class='ocrx_word' id='word_1_533' title='bbox 2120 3370 2501 3427; x_wconf 89' lang='lat' dir='ltr'>intentionem</span> <span class='ocrx_word' id='word_1_534' title='bbox 2536 3369 2672 3426; x_wconf 90' lang='lat' dir='ltr'>boni</span> <span class='ocrx_word' id='word_1_535' title='bbox 2704 3370 3013 3447; x_wconf 80' lang='lat' dir='ltr'>direxerat,</span> <span class='ocrx_word' id='word_1_536' title='bbox 3044 3370 3104 3427; x_wconf 92' lang='lat' dir='ltr'>in</span> <span class='ocrx_word' id='word_1_537' title='bbox 3155 3373 3325 3443; x_wconf 87' lang='lat' dir='ltr'>cujus</span> <span class='ocrx_word' id='word_1_538' title='bbox 3372 3389 3501 3430; x_wconf 91' lang='lat' dir='ltr'>sese</span> <span class='ocrx_word' id='word_1_539' title='bbox 3545 3390 3680 3430; x_wconf 84' lang='lat' dir='ltr'>cum</span> 
     </span>
    </p>
   </div>
   <div class='ocr_carea' id='block_1_80' title="bbox 2029 3459 3682 3530">
    <p class='ocr_par' dir='ltr' id='par_1_80' title="bbox 2029 3459 3682 3530">
     <span class='ocr_line' id='line_1_81' title="bbox 2029 3459 3682 3530; baseline 0.002 -13"><span class='ocrx_word' id='word_1_540' title='bbox 2029 3461 2267 3517; x_wconf 88' lang='lat' dir='ltr'>veritate</span> <span class='ocrx_word' id='word_1_541' title='bbox 2314 3465 2373 3516; x_wconf 91' lang='lat' dir='ltr'>et</span> <span class='ocrx_word' id='word_1_542' title='bbox 2420 3459 2641 3516; x_wconf 87' lang='lat' dir='ltr'>ratione</span> <span class='ocrx_word' id='word_1_543' title='bbox 2688 3460 2770 3516; x_wconf 86' lang='lat' dir='ltr'>ita</span> <span class='ocrx_word' id='word_1_544' title='bbox 2818 3459 3116 3529; x_wconf 77' lang='lat' dir='ltr'>defixerat,</span> <span class='ocrx_word' id='word_1_545' title='bbox 3153 3466 3217 3517; x_wconf 91' lang='lat' dir='ltr'>ut</span> <span class='ocrx_word' id='word_1_546' title='bbox 3256 3477 3361 3518; x_wconf 88' lang='lat' dir='ltr'>nec</span> <span class='ocrx_word' id='word_1_547' title='bbox 3390 3462 3542 3530; x_wconf 90' lang='lat' dir='ltr'>odio,</span> <span class='ocrx_word' id='word_1_548' title='bbox 3577 3479 3682 3520; x_wconf 90' lang='lat' dir='ltr'>nec</span> 
     </span>
    </p>
   </div>
   <div class='ocr_carea' id='block_1_81' title="bbox 2029 3548 3681 3625">
    <p class='ocr_par' dir='ltr' id='par_1_81' title="bbox 2029 3548 3681 3625">
     <span class='ocr_line' id='line_1_82' title="bbox 2029 3548 3681 3625; baseline 0.002 -19"><span class='ocrx_word' id='word_1_549' title='bbox 2029 3549 2218 3625; x_wconf 88' lang='lat' dir='ltr'>gratia</span> <span class='ocrx_word' id='word_1_550' title='bbox 2245 3549 2381 3605; x_wconf 92' lang='lat' dir='ltr'>inde</span> <span class='ocrx_word' id='word_1_551' title='bbox 2413 3548 2628 3605; x_wconf 91' lang='lat' dir='ltr'>moveri</span> <span class='ocrx_word' id='word_1_552' title='bbox 2656 3552 2855 3622; x_wconf 89' lang='lat' dir='ltr'>posset</span> <span class='ocrx_word' id='word_1_553' title='bbox 2885 3567 2897 3605; x_wconf 88' lang='lat'><strong>:</strong></span> <span class='ocrx_word' id='word_1_554' title='bbox 2930 3566 2996 3605; x_wconf 91' lang='lat' dir='ltr'>ac</span> <span class='ocrx_word' id='word_1_555' title='bbox 3026 3550 3074 3605; x_wconf 88' lang='lat' dir='ltr'>si</span> <span class='ocrx_word' id='word_1_556' title='bbox 3113 3549 3311 3607; x_wconf 90' lang='lat' dir='ltr'>videas</span> <span class='ocrx_word' id='word_1_557' title='bbox 3342 3556 3681 3609; x_wconf 88' lang='lat' dir='ltr'>contemne-</span> 
     </span>
    </p>
   </div>
   <div class='ocr_carea' id='block_1_82' title="bbox 2031 3638 3683 3713">
    <p class='ocr_par' dir='ltr' id='par_1_82' title="bbox 2031 3638 3683 3713">
     <span class='ocr_line' id='line_1_83' title="bbox 2031 3638 3683 3713; baseline 0.002 -18"><span class='ocrx_word' id='word_1_558' title='bbox 2031 3656 2092 3696; x_wconf 91' lang='lat' dir='ltr'>re</span> <span class='ocrx_word' id='word_1_559' title='bbox 2123 3644 2348 3707; x_wconf 86' lang='lat' dir='ltr'>vcntos,</span> <span class='ocrx_word' id='word_1_560' title='bbox 2372 3656 2531 3707; x_wconf 80' lang='lat' dir='ltr'>saxa,</span> <span class='ocrx_word' id='word_1_561' title='bbox 2557 3638 2866 3711; x_wconf 85' lang='lat' dir='ltr'>Rhodopes</span> <span class='ocrx_word' id='word_1_562' title='bbox 2891 3656 2904 3708; x_wconf 90' lang='lat'><strong>;</strong></span> <span class='ocrx_word' id='word_1_563' title='bbox 2931 3643 3031 3695; x_wconf 87' lang='lat' dir='ltr'>aut</span> <span class='ocrx_word' id='word_1_564' title='bbox 3062 3656 3164 3695; x_wconf 90' lang='lat' dir='ltr'>ceu</span> <span class='ocrx_word' id='word_1_565' title='bbox 3197 3640 3469 3713; x_wconf 84' lang='lat' dir='ltr'>procellis</span> <span class='ocrx_word' id='word_1_566' title='bbox 3491 3643 3683 3700; x_wconf 89' lang='lat' dir='ltr'>obstat</span> 
     </span>
    </p>
   </div>
   <div class='ocr_carea' id='block_1_83' title="bbox 2031 3728 2575 3802">
    <p class='ocr_par' dir='ltr' id='par_1_83' title="bbox 2031 3728 2575 3802">
     <span class='ocr_line' id='line_1_84' title="bbox 2031 3728 2575 3802; baseline -0.004 -17"><span class='ocrx_word' id='word_1_567' title='bbox 2031 3728 2323 3802; x_wconf 86' lang='lat' dir='ltr'>Marpesia</span> <span class='ocrx_word' id='word_1_568' title='bbox 2352 3733 2575 3785; x_wconf 91' lang='lat' dir='ltr'>cautes.</span> 
     </span>
    </p>
   </div>
   <div class='ocr_carea' id='block_1_84' title="bbox 2097 3804 3679 3894">
    <p class='ocr_par' dir='ltr' id='par_1_84' title="bbox 2097 3804 3679 3894">
     <span class='ocr_line' id='line_1_85' title="bbox 2097 3804 3679 3894; baseline 0.004 -23"><span class='ocrx_word' id='word_1_569' title='bbox 2097 3818 2294 3875; x_wconf 90' lang='lat' dir='ltr'>Vitam</span> <span class='ocrx_word' id='word_1_570' title='bbox 2339 3835 2507 3875; x_wconf 89' lang='lat' dir='ltr'>suam</span> <span class='ocrx_word' id='word_1_571' title='bbox 2540 3817 2656 3874; x_wconf 91' lang='lat' dir='ltr'>Deo</span> <span class='ocrx_word' id='word_1_572' title='bbox 2688 3817 2916 3891; x_wconf 85' lang='lat' dir='ltr'>sibique</span> <span class='ocrx_word' id='word_1_573' title='bbox 2947 3824 3145 3876; x_wconf 87' lang='lat' dir='ltr'>notam</span> <span class='ocrx_word' id='word_1_574' title='bbox 3176 3818 3257 3876; x_wconf 89' lang='lat' dir='ltr'>ita</span> <span class='ocrx_word' id='word_1_575' title='bbox 3287 3804 3679 3894; x_wconf 78' lang='lat' dir='ltr'>disposuerat,</span> 
     </span>
    </p>
   </div>
   <div class='ocr_carea' id='block_1_85' title="bbox 2028 3906 3677 3983">
    <p class='ocr_par' dir='ltr' id='par_1_85' title="bbox 2028 3906 3677 3983">
     <span class='ocr_line' id='line_1_86' title="bbox 2028 3906 3677 3983; baseline 0.001 -20"><span class='ocrx_word' id='word_1_576' title='bbox 2028 3912 2093 3963; x_wconf 91' lang='lat' dir='ltr'>ut</span> <span class='ocrx_word' id='word_1_577' title='bbox 2118 3912 2318 3964; x_wconf 87' lang='lat' dir='ltr'>noctes</span> <span class='ocrx_word' id='word_1_578' title='bbox 2339 3912 2513 3980; x_wconf 84' lang='lat' dir='ltr'>atque</span> <span class='ocrx_word' id='word_1_579' title='bbox 2534 3906 2657 3964; x_wconf 90' lang='lat' dir='ltr'>dies</span> <span class='ocrx_word' id='word_1_580' title='bbox 2674 3912 2882 3980; x_wconf 79' lang='lat' dir='ltr'>praeter</span> <span class='ocrx_word' id='word_1_581' title='bbox 2901 3908 3103 3966; x_wconf 84' lang='lat' dir='ltr'>horam</span> <span class='ocrx_word' id='word_1_582' title='bbox 3128 3909 3319 3965; x_wconf 90' lang='lat' dir='ltr'>somni</span> <span class='ocrx_word' id='word_1_583' title='bbox 3343 3915 3518 3983; x_wconf 92' lang='lat' dir='ltr'>atque</span> <span class='ocrx_word' id='word_1_584' title='bbox 3541 3911 3677 3981; x_wconf 90' lang='lat' dir='ltr'>cibi,</span> 
     </span>
    </p>
   </div>
   <div class='ocr_carea' id='block_1_86' title="bbox 2028 3995 3681 4070">
    <p class='ocr_par' dir='ltr' id='par_1_86' title="bbox 2028 3995 3681 4070">
     <span class='ocr_line' id='line_1_87' title="bbox 2028 3995 3681 4070; baseline 0.001 -17"><span class='ocrx_word' id='word_1_585' title='bbox 2028 4002 2127 4053; x_wconf 89' lang='lat' dir='ltr'>aut</span> <span class='ocrx_word' id='word_1_586' title='bbox 2147 3995 2577 4070; x_wconf 89' lang='lat' dir='ltr'>psallendo,aut</span> <span class='ocrx_word' id='word_1_587' title='bbox 2596 3995 2971 4068; x_wconf 87' lang='lat' dir='ltr'>legendo,aut</span> <span class='ocrx_word' id='word_1_588' title='bbox 2989 3996 3437 4055; x_wconf 89' lang='lat' dir='ltr'>rationabilibus</span> <span class='ocrx_word' id='word_1_589' title='bbox 3459 4016 3526 4054; x_wconf 85' lang='lat' dir='ltr'>ex</span> <span class='ocrx_word' id='word_1_590' title='bbox 3548 4015 3681 4055; x_wconf 89' lang='lat' dir='ltr'>cau-</span> 
     </span>
    </p>
   </div>
   <div class='ocr_carea' id='block_1_87' title="bbox 2026 4084 3678 4161">
    <p class='ocr_par' dir='ltr' id='par_1_87' title="bbox 2026 4084 3678 4161">
     <span class='ocr_line' id='line_1_88' title="bbox 2026 4084 3678 4161; baseline 0.001 -19"><span class='ocrx_word' id='word_1_591' title='bbox 2026 4086 2108 4143; x_wconf 88' lang='lat' dir='ltr'>sis</span> <span class='ocrx_word' id='word_1_592' title='bbox 2139 4086 2514 4159; x_wconf 85' lang='lat' dir='ltr'>disputando,</span> <span class='ocrx_word' id='word_1_593' title='bbox 2546 4086 2606 4140; x_wconf 91' lang='lat' dir='ltr'>in</span> <span class='ocrx_word' id='word_1_594' title='bbox 2636 4085 2738 4140; x_wconf 93' lang='lat' dir='ltr'>Dei</span> <span class='ocrx_word' id='word_1_595' title='bbox 2787 4084 3061 4141; x_wconf 86' lang='lat' dir='ltr'>laudibus</span> <span class='ocrx_word' id='word_1_596' title='bbox 3108 4085 3493 4143; x_wconf 87' lang='lat' dir='ltr'>continuaret.</span> <span class='ocrx_word' id='word_1_597' title='bbox 3513 4087 3678 4161; x_wconf 70' lang='lat' dir='ltr'>Baro</span> 
     </span>
    </p>
   </div>
   <div class='ocr_carea' id='block_1_88' title="bbox 2026 4173 3680 4248">
    <p class='ocr_par' dir='ltr' id='par_1_88' title="bbox 2026 4173 3680 4248">
     <span class='ocr_line' id='line_1_89' title="bbox 2026 4173 3680 4248; baseline -0.001 -16"><span class='ocrx_word' id='word_1_598' title='bbox 2026 4181 2130 4232; x_wconf 89' lang='lat' dir='ltr'>aut</span> <span class='ocrx_word' id='word_1_599' title='bbox 2174 4174 2516 4247; x_wconf 90' lang='lat' dir='ltr'>neutiquam</span> <span class='ocrx_word' id='word_1_600' title='bbox 2561 4174 2827 4239; x_wconf 88' lang='lat' dir='ltr'>accessit,</span> <span class='ocrx_word' id='word_1_601' title='bbox 2861 4173 2962 4245; x_wconf 91' lang='lat' dir='ltr'>qui</span> <span class='ocrx_word' id='word_1_602' title='bbox 3007 4191 3123 4231; x_wconf 89' lang='lat' dir='ltr'>non</span> <span class='ocrx_word' id='word_1_603' title='bbox 3154 4190 3411 4248; x_wconf 90' lang='lat' dir='ltr'>congrua</span> <span class='ocrx_word' id='word_1_604' title='bbox 3442 4176 3592 4231; x_wconf 63' lang='lat' dir='ltr'>artati</span> <span class='ocrx_word' id='word_1_605' title='bbox 3622 4180 3680 4232; x_wconf 90' lang='lat' dir='ltr'>et</span> 
     </span>
    </p>
   </div>
   <div class='ocr_carea' id='block_1_89' title="bbox 2024 4262 3677 4336">
    <p class='ocr_par' dir='ltr' id='par_1_89' title="bbox 2024 4262 3677 4336">
     <span class='ocr_line' id='line_1_90' title="bbox 2024 4262 3677 4336; baseline 0 -16"><span class='ocrx_word' id='word_1_606' title='bbox 2024 4269 2246 4321; x_wconf 66' lang='lat' dir='ltr'>natura:</span> <span class='ocrx_word' id='word_1_607' title='bbox 2277 4281 2396 4320; x_wconf 71' lang='lat' dir='ltr'>sua:</span> <span class='ocrx_word' id='word_1_608' title='bbox 2427 4263 2798 4320; x_wconf 90' lang='lat' dir='ltr'>condimenta</span> <span class='ocrx_word' id='word_1_609' title='bbox 2828 4262 3109 4318; x_wconf 86' lang='lat' dir='ltr'>retulerit.</span> <span class='ocrx_word' id='word_1_610' title='bbox 3135 4264 3305 4319; x_wconf 91' lang='lat' dir='ltr'>Lacte</span> <span class='ocrx_word' id='word_1_611' title='bbox 3327 4265 3568 4336; x_wconf 87' lang='lat' dir='ltr'>potabat</span> <span class='ocrx_word' id='word_1_612' title='bbox 3589 4265 3677 4321; x_wconf 91' lang='lat' dir='ltr'>in-</span> 
     </span>
    </p>
   </div>
   <div class='ocr_carea' id='block_1_90' title="bbox 2023 4350 3675 4428">
    <p class='ocr_par' dir='ltr' id='par_1_90' title="bbox 2023 4350 3675 4428">
     <span class='ocr_line' id='line_1_91' title="bbox 2023 4350 3675 4428; baseline 0 -19"><span class='ocrx_word' id='word_1_613' title='bbox 2023 4354 2247 4423; x_wconf 81' lang='lat' dir='ltr'>ﬁrmos,</span> <span class='ocrx_word' id='word_1_614' title='bbox 2278 4369 2429 4428; x_wconf 90' lang='lat' dir='ltr'>pane</span> <span class='ocrx_word' id='word_1_615' title='bbox 2460 4353 2692 4408; x_wconf 89' lang='lat' dir='ltr'>cibabat</span> <span class='ocrx_word' id='word_1_616' title='bbox 2728 4350 2951 4409; x_wconf 88' lang='lat' dir='ltr'>validos</span> <span class='ocrx_word' id='word_1_617' title='bbox 2978 4370 2990 4421; x_wconf 91' lang='lat'><strong>;</strong></span> <span class='ocrx_word' id='word_1_618' title='bbox 3023 4352 3157 4408; x_wconf 88' lang='lat' dir='ltr'>vino</span> <span class='ocrx_word' id='word_1_619' title='bbox 3188 4355 3245 4407; x_wconf 89' lang='lat' dir='ltr'>et</span> <span class='ocrx_word' id='word_1_620' title='bbox 3273 4353 3550 4413; x_wconf 85' lang='lat' dir='ltr'>carnibus</span> <span class='ocrx_word' id='word_1_621' title='bbox 3582 4370 3675 4410; x_wconf 88' lang='lat' dir='ltr'>ve-</span> 
     </span>
    </p>
   </div>
   <div class='ocr_carea' id='block_1_91' title="bbox 2023 4440 3677 4517">
    <p class='ocr_par' dir='ltr' id='par_1_91' title="bbox 2023 4440 3677 4517">
     <span class='ocr_line' id='line_1_92' title="bbox 2023 4440 3677 4517; baseline 0 -18"><span class='ocrx_word' id='word_1_622' title='bbox 2023 4460 2214 4512; x_wconf 91' lang='lat' dir='ltr'>scens,</span> <span class='ocrx_word' id='word_1_623' title='bbox 2247 4445 2311 4498; x_wconf 90' lang='lat' dir='ltr'>ut</span> <span class='ocrx_word' id='word_1_624' title='bbox 2339 4442 2600 4497; x_wconf 88' lang='lat' dir='ltr'>attestari</span> <span class='ocrx_word' id='word_1_625' title='bbox 2631 4440 2856 4498; x_wconf 91' lang='lat' dir='ltr'>solebat</span> <span class='ocrx_word' id='word_1_626' title='bbox 2904 4440 3087 4497; x_wconf 90' lang='lat' dir='ltr'>abbas</span> <span class='ocrx_word' id='word_1_627' title='bbox 3120 4441 3235 4515; x_wconf 86' lang='grc'>(19)</span> <span class='ocrx_word' id='word_1_628' title='bbox 3269 4441 3482 4517; x_wconf 86' lang='lat' dir='ltr'>Poppo,</span> <span class='ocrx_word' id='word_1_629' title='bbox 3515 4442 3677 4500; x_wconf 90' lang='lat' dir='ltr'>solus</span> 
     </span>
    </p>
   </div>
   <div class='ocr_carea' id='block_1_92' title="bbox 247 4531 3675 4623">
    <p class='ocr_par' dir='ltr' id='par_1_92' title="bbox 247 4531 3675 4623">
     <span class='ocr_line' id='line_1_93' title="bbox 247 4531 3675 4623; baseline -0.001 -31"><span class='ocrx_word' id='word_1_630' title='bbox 247 4537 370 4597; x_wconf 81' lang='lat' dir='ltr'>fere</span> <span class='ocrx_word' id='word_1_631' title='bbox 390 4537 669 4623; x_wconf 56' lang='lat' dir='ltr'>jejunus,</span> <span class='ocrx_word' id='word_1_632' title='bbox 722 4536 988 4608; x_wconf 85' lang='lat' dir='ltr'>esuriens</span> <span class='ocrx_word' id='word_1_633' title='bbox 1018 4552 1248 4611; x_wconf 87' lang='lat' dir='ltr'>semper</span> <span class='ocrx_word' id='word_1_634' title='bbox 1277 4540 1335 4603; x_wconf 90' lang='lat' dir='ltr'>et</span> <span class='ocrx_word' id='word_1_635' title='bbox 1364 4534 1570 4603; x_wconf 80' lang='lat' dir='ltr'>sitiens</span> <span class='ocrx_word' id='word_1_636' title='bbox 1592 4533 1910 4607; x_wconf 87' lang='lat' dir='ltr'>justitiam,</span> <span class='ocrx_word' id='word_1_637' title='bbox 1942 4553 1991 4620; x_wconf 84' lang='lat' dir='ltr'><strong>D</strong></span> <span class='ocrx_word' id='word_1_638' title='bbox 2022 4532 2411 4609; x_wconf 89' lang='lat' dir='ltr'>quorumdam</span> <span class='ocrx_word' id='word_1_639' title='bbox 2431 4535 2789 4587; x_wconf 89' lang='lat' dir='ltr'>secretorum</span> <span class='ocrx_word' id='word_1_640' title='bbox 2808 4531 2936 4605; x_wconf 89' lang='lat' dir='ltr'>ejus</span> <span class='ocrx_word' id='word_1_641' title='bbox 2953 4531 3675 4601; x_wconf 90' lang='lat' dir='ltr'>conscius,monachorum</span> 
     </span>
    </p>
   </div>
   <div class='ocr_carea' id='block_1_93' title="bbox 246 4624 1911 4699">
    <p class='ocr_par' dir='ltr' id='par_1_93' title="bbox 246 4624 1911 4699">
     <span class='ocr_line' id='line_1_94' title="bbox 246 4624 1911 4699; baseline -0.001 -18"><span class='ocrx_word' id='word_1_642' title='bbox 246 4625 400 4691; x_wconf 80' lang='lat' dir='ltr'>alios</span> <span class='ocrx_word' id='word_1_643' title='bbox 429 4625 799 4699; x_wconf 71' lang='lat' dir='ltr'>sufﬁcienter</span> <span class='ocrx_word' id='word_1_644' title='bbox 836 4624 1093 4699; x_wconf 76' lang='lat' dir='ltr'>expletos</span> <span class='ocrx_word' id='word_1_645' title='bbox 1123 4625 1471 4695; x_wconf 81' lang='lat' dir='ltr'>dimittebat.</span> <span class='ocrx_word' id='word_1_646' title='bbox 1504 4624 1746 4695; x_wconf 84' lang='lat' dir='ltr'>Divitias</span> <span class='ocrx_word' id='word_1_647' title='bbox 1773 4640 1911 4680; x_wconf 89' lang='lat' dir='ltr'>suas</span> 
     </span>
    </p>
   </div>
   <div class='ocr_carea' id='block_1_94' title="bbox 243 4711 1913 4789">
    <p class='ocr_par' dir='ltr' id='par_1_94' title="bbox 243 4711 1913 4789">
     <span class='ocr_line' id='line_1_95' title="bbox 243 4711 1913 4789; baseline -0.002 -19"><span class='ocrx_word' id='word_1_648' title='bbox 243 4711 558 4783; x_wconf 73' lang='lat' dir='ltr'>communi</span> <span class='ocrx_word' id='word_1_649' title='bbox 578 4712 817 4787; x_wconf 78' lang='lat' dir='ltr'>utilitati</span> <span class='ocrx_word' id='word_1_650' title='bbox 840 4731 1017 4789; x_wconf 83' lang='lat' dir='ltr'>quam</span> <span class='ocrx_word' id='word_1_651' title='bbox 1039 4714 1152 4771; x_wconf 89' lang='lat' dir='ltr'>sibi</span> <span class='ocrx_word' id='word_1_652' title='bbox 1174 4714 1460 4770; x_wconf 88' lang='lat' dir='ltr'>deservire</span> <span class='ocrx_word' id='word_1_653' title='bbox 1481 4712 1913 4784; x_wconf 89' lang='lat' dir='ltr'>malebat,quas</span> 
     </span>
    </p>
   </div>
   <div class='ocr_carea' id='block_1_95' title="bbox 243 4792 1909 4879">
    <p class='ocr_par' dir='ltr' id='par_1_95' title="bbox 243 4792 1909 4879">
     <span class='ocr_line' id='line_1_96' title="bbox 243 4792 1909 4879; baseline 0.001 -23"><span class='ocrx_word' id='word_1_654' title='bbox 243 4802 303 4858; x_wconf 90' lang='lat' dir='ltr'>in</span> <span class='ocrx_word' id='word_1_655' title='bbox 337 4802 551 4869; x_wconf 72' lang='lat' dir='ltr'>omnia</span> <span class='ocrx_word' id='word_1_656' title='bbox 572 4802 811 4879; x_wconf 60' lang='lat' dir='ltr'>pietatis</span> <span class='ocrx_word' id='word_1_657' title='bbox 856 4792 1038 4879; x_wconf 48' lang='lat' dir='ltr'>&#39;opera</span> <span class='ocrx_word' id='word_1_658' title='bbox 1066 4803 1361 4867; x_wconf 86' lang='lat' dir='ltr'>inﬂectere</span> <span class='ocrx_word' id='word_1_659' title='bbox 1390 4802 1667 4875; x_wconf 91' lang='lat' dir='ltr'>optabat;</span> <span class='ocrx_word' id='word_1_660' title='bbox 1700 4801 1909 4859; x_wconf 88' lang='lat' dir='ltr'>sentie-</span> 
     </span>
    </p>
   </div>
   <div class='ocr_carea' id='block_1_96' title="bbox 241 4886 1908 4969">
    <p class='ocr_par' dir='ltr' id='par_1_96' title="bbox 241 4886 1908 4969">
     <span class='ocr_line' id='line_1_97' title="bbox 241 4886 1908 4969; baseline -0.003 -20"><span class='ocrx_word' id='word_1_661' title='bbox 241 4891 391 4951; x_wconf 81' lang='lat' dir='ltr'>bant</span> <span class='ocrx_word' id='word_1_662' title='bbox 412 4886 847 4967; x_wconf 70' lang='lat' dir='ltr'>humanitatem</span> <span class='ocrx_word' id='word_1_663' title='bbox 869 4894 997 4966; x_wconf 75' lang='lat' dir='ltr'>ejus</span> <span class='ocrx_word' id='word_1_664' title='bbox 1014 4891 1390 4969; x_wconf 66' lang='lat' dir='ltr'>(egritudines</span> <span class='ocrx_word' id='word_1_665' title='bbox 1412 4889 1908 4963; x_wconf 89' lang='lat' dir='ltr'>decumbentium,</span> 
     </span>
    </p>
   </div>
   <div class='ocr_carea' id='block_1_97' title="bbox 241 4979 1912 5056">
    <p class='ocr_par' dir='ltr' id='par_1_97' title="bbox 241 4979 1912 5056">
     <span class='ocr_line' id='line_1_98' title="bbox 241 4979 1912 5056; baseline -0.005 -13"><span class='ocrx_word' id='word_1_666' title='bbox 241 4979 483 5053; x_wconf 65' lang='lat' dir='ltr'>labores</span> <span class='ocrx_word' id='word_1_667' title='bbox 513 4981 821 5056; x_wconf 70' lang='lat' dir='ltr'>exsulum;</span> <span class='ocrx_word' id='word_1_668' title='bbox 857 4980 1017 5041; x_wconf 89' lang='lat' dir='ltr'>senio</span> <span class='ocrx_word' id='word_1_669' title='bbox 1062 4980 1330 5053; x_wconf 86' lang='lat' dir='ltr'>confecti,</span> <span class='ocrx_word' id='word_1_670' title='bbox 1363 4997 1398 5037; x_wconf 92' lang='lat' dir='ltr'>a</span> <span class='ocrx_word' id='word_1_671' title='bbox 1426 4979 1644 5036; x_wconf 89' lang='lat' dir='ltr'>divitiis</span> <span class='ocrx_word' id='word_1_672' title='bbox 1674 4979 1732 5051; x_wconf 86' lang='lat' dir='ltr'>in</span> <span class='ocrx_word' id='word_1_673' title='bbox 1766 4995 1912 5053; x_wconf 88' lang='lat' dir='ltr'>pau-</span> 
     </span>
    </p>
   </div>
   <div class='ocr_carea' id='block_1_98' title="bbox 240 5067 1913 5145">
    <p class='ocr_par' dir='ltr' id='par_1_98' title="bbox 240 5067 1913 5145">
     <span class='ocr_line' id='line_1_99' title="bbox 240 5067 1913 5145; baseline -0.003 -17"><span class='ocrx_word' id='word_1_674' title='bbox 240 5075 538 5143; x_wconf 76' lang='lat' dir='ltr'>pertatem</span> <span class='ocrx_word' id='word_1_675' title='bbox 589 5070 864 5145; x_wconf 72' lang='lat' dir='ltr'>devoluti,</span> <span class='ocrx_word' id='word_1_676' title='bbox 899 5070 1299 5145; x_wconf 80' lang='lat' dir='ltr'>indesinenter</span> <span class='ocrx_word' id='word_1_677' title='bbox 1341 5071 1470 5143; x_wconf 89' lang='lat' dir='ltr'>ejus</span> <span class='ocrx_word' id='word_1_678' title='bbox 1518 5067 1741 5139; x_wconf 80' lang='lat' dir='ltr'>suﬂ&#39;ulti</span> <span class='ocrx_word' id='word_1_679' title='bbox 1773 5072 1913 5124; x_wconf 91' lang='lat' dir='ltr'>sunt</span> 
     </span>
    </p>
   </div>
   <div class='ocr_carea' id='block_1_99' title="bbox 243 5158 1911 5243">
    <p class='ocr_par' dir='ltr' id='par_1_99' title="bbox 243 5158 1911 5243">
     <span class='ocr_line' id='line_1_100' title="bbox 243 5158 1911 5243; baseline -0.001 -30"><span class='ocrx_word' id='word_1_680' title='bbox 243 5159 555 5243; x_wconf 56' lang='lat' dir='ltr'>suffragio.</span> <span class='ocrx_word' id='word_1_681' title='bbox 587 5159 795 5241; x_wconf 62' lang='grc' dir='ltr'>βίᾳ]μο</span> <span class='ocrx_word' id='word_1_682' title='bbox 823 5160 912 5227; x_wconf 84' lang='lat' dir='ltr'>vir</span> <span class='ocrx_word' id='word_1_683' title='bbox 931 5159 1383 5231; x_wconf 81' lang='lat' dir='ltr'>ecclesiasticus,</span> <span class='ocrx_word' id='word_1_684' title='bbox 1407 5158 1682 5229; x_wconf 86' lang='lat' dir='ltr'>omnibus</span> <span class='ocrx_word' id='word_1_685' title='bbox 1713 5158 1911 5229; x_wconf 88' lang='lat' dir='ltr'>omnia</span> 
     </span>
    </p>
   </div>
   <div class='ocr_carea' id='block_1_100' title="bbox 245 5245 1913 5325">
    <p class='ocr_par' dir='ltr' id='par_1_100' title="bbox 245 5245 1913 5325">
     <span class='ocr_line' id='line_1_101' title="bbox 245 5245 1913 5325; baseline -0.001 -2"><span class='ocrx_word' id='word_1_686' title='bbox 245 5248 466 5325; x_wconf 61' lang='lat' dir='ltr'>fectus,</span> <span class='ocrx_word' id='word_1_687' title='bbox 494 5249 706 5323; x_wconf 63' lang='lat' dir='ltr'>oculus</span> <span class='ocrx_word' id='word_1_688' title='bbox 730 5254 859 5323; x_wconf 65' lang='lat' dir='ltr'>erat</span> <span class='ocrx_word' id='word_1_689' title='bbox 888 5266 1037 5323; x_wconf 62' lang='lat'>94099</span> <span class='ocrx_word' id='word_1_690' title='bbox 1059 5253 1117 5323; x_wconf 65' lang='lat' dir='ltr'>et</span> <span class='ocrx_word' id='word_1_691' title='bbox 1134 5265 1237 5325; x_wconf 73' lang='grc' dir='ltr'>ρβε</span> <span class='ocrx_word' id='word_1_692' title='bbox 1258 5248 1501 5319; x_wconf 70' lang='lat' dir='ltr'>claudo;</span> <span class='ocrx_word' id='word_1_693' title='bbox 1527 5248 1682 5321; x_wconf 65' lang='lat' dir='ltr'>hunc</span> <span class='ocrx_word' id='word_1_694' title='bbox 1702 5245 1913 5323; x_wconf 78' lang='lat' dir='ltr'>pupilli</span> 
     </span>
    </p>
   </div>
   <div class='ocr_carea' id='block_1_101' title="bbox 244 5334 1910 5417">
    <p class='ocr_par' dir='ltr' id='par_1_101' title="bbox 244 5334 1910 5417">
     <span class='ocr_line' id='line_1_102' title="bbox 244 5334 1910 5417; baseline -0.013 -7"><span class='ocrx_word' id='word_1_695' title='bbox 244 5342 579 5415; x_wconf 53' lang='lat' dir='ltr'>mutem.</span> <span class='ocrx_word' id='word_1_696' title='bbox 606 5338 769 5417; x_wconf 54' lang='grc' dir='ltr'>Μιῃο</span> <span class='ocrx_word' id='word_1_697' title='bbox 813 5339 1002 5411; x_wconf 60' lang='grc' dir='ltr'>Υἰάιιβ</span> <span class='ocrx_word' id='word_1_698' title='bbox 1044 5336 1320 5413; x_wconf 79' lang='lat' dir='ltr'>invenere</span> <span class='ocrx_word' id='word_1_699' title='bbox 1358 5337 1657 5396; x_wconf 85' lang='lat' dir='ltr'>maritum.</span> <span class='ocrx_word' id='word_1_700' title='bbox 1691 5334 1820 5394; x_wconf 70' lang='lat' dir='ltr'>Haec</span> <span class='ocrx_word' id='word_1_701' title='bbox 1849 5335 1910 5390; x_wconf 93' lang='lat' dir='ltr'>in</span> 
     </span>
    </p>
   </div>
   <div class='ocr_carea' id='block_1_102' title="bbox 250 5427 1175 5505">
    <p class='ocr_par' dir='ltr' id='par_1_102' title="bbox 250 5427 1175 5505">
     <span class='ocr_line' id='line_1_103' title="bbox 250 5427 1175 5505; baseline 0.002 -4"><span class='ocrx_word' id='word_1_702' title='bbox 250 5427 771 5505; x_wconf 59' lang='lat' dir='ltr'>administratione</span> <span class='ocrx_word' id='word_1_703' title='bbox 801 5429 1175 5503; x_wconf 34' lang='lat' dir='ltr'>exteriorum.-</span> 
     </span>
    </p>
   </div>
   <div class='ocr_carea' id='block_1_103' title="bbox 319 5534 1356 5681">
    <p class='ocr_par' dir='ltr' id='par_1_103' title="bbox 319 5534 1356 5681">
     <span class='ocr_line' id='line_1_104' title="bbox 319 5534 1356 5681; baseline -0.014 0"><span class='ocrx_word' id='word_1_704' title='bbox 319 5536 444 5681; x_wconf 55' lang='grc' dir='ltr'>ἓξὲξ</span> <span class='ocrx_word' id='word_1_705' title='bbox 470 5534 546 5665; x_wconf 70' lang='grc' dir='ltr'>ἓξ</span> 
     </span>
    </p>
   </div>
   <div class='ocr_carea' id='block_1_104' title="bbox 663 5602 1997 5695">
    <p class='ocr_par' dir='ltr' id='par_1_104' title="bbox 663 5602 1997 5695">
     <span class='ocr_line' id='line_1_105' title="bbox 663 5602 1997 5695; baseline 0.001 -30"><span class='ocrx_word' id='word_1_706' title='bbox 663 5602 701 5665; x_wconf 66' lang='grc' dir='ltr'>ὁ</span> <span class='ocrx_word' id='word_1_707' title='bbox 720 5602 1092 5685; x_wconf 55' lang='grc' dir='ltr'>Ρέιῶῐέὶνηὶἱὲίι</span> <span class='ocrx_word' id='word_1_708' title='bbox 1122 5602 1377 5669; x_wconf 72' lang='lat' dir='ltr'>aucturis</span> <span class='ocrx_word' id='word_1_709' title='bbox 1398 5607 1582 5695; x_wconf 75' lang='lat' dir='ltr'>nostri</span> <span class='ocrx_word' id='word_1_710' title='bbox 1612 5605 1997 5667; x_wconf 85' lang='lat' dir='ltr'>abbreviator.</span> 
     </span>
    </p>
   </div>
   <div class='ocr_carea' id='block_1_105' title="bbox 2022 4619 3673 4694">
    <p class='ocr_par' dir='ltr' id='par_1_105' title="bbox 2022 4619 3673 4694">
     <span class='ocr_line' id='line_1_106' title="bbox 2022 4619 3673 4694; baseline 0 -17"><span class='ocrx_word' id='word_1_711' title='bbox 2022 4621 2285 4687; x_wconf 89' lang='lat' dir='ltr'>omnium</span> <span class='ocrx_word' id='word_1_712' title='bbox 2332 4619 2441 4679; x_wconf 90' lang='lat' dir='ltr'>sibi</span> <span class='ocrx_word' id='word_1_713' title='bbox 2483 4620 2850 4694; x_wconf 90' lang='lat' dir='ltr'>cognitorum</span> <span class='ocrx_word' id='word_1_714' title='bbox 2902 4620 3170 4677; x_wconf 88' lang='lat' dir='ltr'>vincebat</span> <span class='ocrx_word' id='word_1_715' title='bbox 3216 4622 3673 4691; x_wconf 89' lang='lat' dir='ltr'>abstinentiam;</span> 
     </span>
    </p>
   </div>
   <div class='ocr_carea' id='block_1_106' title="bbox 2019 4708 3676 4783">
    <p class='ocr_par' dir='ltr' id='par_1_106' title="bbox 2019 4708 3676 4783">
     <span class='ocr_line' id='line_1_107' title="bbox 2019 4708 3676 4783; baseline -0.001 -16"><span class='ocrx_word' id='word_1_716' title='bbox 2019 4712 2161 4767; x_wconf 91' lang='lat' dir='ltr'>dum</span> <span class='ocrx_word' id='word_1_717' title='bbox 2186 4727 2300 4766; x_wconf 91' lang='lat' dir='ltr'>non</span> <span class='ocrx_word' id='word_1_718' title='bbox 2323 4709 2463 4783; x_wconf 89' lang='lat' dir='ltr'>quid</span> <span class='ocrx_word' id='word_1_719' title='bbox 2486 4709 2613 4766; x_wconf 90' lang='lat' dir='ltr'>sine</span> <span class='ocrx_word' id='word_1_720' title='bbox 2635 4708 3125 4782; x_wconf 86' lang='lat' dir='ltr'>concupiscentia,</span> <span class='ocrx_word' id='word_1_721' title='bbox 3152 4712 3251 4767; x_wconf 91' lang='lat' dir='ltr'>sed</span> <span class='ocrx_word' id='word_1_722' title='bbox 3276 4715 3562 4783; x_wconf 89' lang='lat' dir='ltr'>quantum</span> <span class='ocrx_word' id='word_1_723' title='bbox 3585 4727 3676 4766; x_wconf 84' lang='lat' dir='ltr'>co-</span> 
     </span>
    </p>
   </div>
   <div class='ocr_carea' id='block_1_107' title="bbox 2020 4797 3675 4872">
    <p class='ocr_par' dir='ltr' id='par_1_107' title="bbox 2020 4797 3675 4872">
     <span class='ocr_line' id='line_1_108' title="bbox 2020 4797 3675 4872; baseline -0.001 -16"><span class='ocrx_word' id='word_1_724' title='bbox 2020 4801 2277 4862; x_wconf 87' lang='lat' dir='ltr'>mederet</span> <span class='ocrx_word' id='word_1_725' title='bbox 2292 4797 2902 4872; x_wconf 90' lang='lat' dir='ltr'>pensans,saturitatis</span> <span class='ocrx_word' id='word_1_726' title='bbox 2920 4798 3142 4854; x_wconf 89' lang='lat' dir='ltr'>malum</span> <span class='ocrx_word' id='word_1_727' title='bbox 3167 4800 3397 4855; x_wconf 89' lang='lat' dir='ltr'>cautius</span> <span class='ocrx_word' id='word_1_728' title='bbox 3414 4800 3675 4871; x_wconf 89' lang='lat' dir='ltr'>viperino</span> 
     </span>
    </p>
   </div>
   <div class='ocr_carea' id='block_1_108' title="bbox 2021 4887 3672 4961">
    <p class='ocr_par' dir='ltr' id='par_1_108' title="bbox 2021 4887 3672 4961">
     <span class='ocr_line' id='line_1_109' title="bbox 2021 4887 3672 4961; baseline -0.001 -16"><span class='ocrx_word' id='word_1_729' title='bbox 2021 4888 2306 4961; x_wconf 87' lang='lat' dir='ltr'>sanguine</span> <span class='ocrx_word' id='word_1_730' title='bbox 2338 4888 2637 4943; x_wconf 85' lang='lat' dir='ltr'>devitaret.</span> <span class='ocrx_word' id='word_1_731' title='bbox 2667 4887 2870 4947; x_wconf 85' lang='lat' dir='ltr'>Vestes</span> <span class='ocrx_word' id='word_1_732' title='bbox 2902 4904 3039 4943; x_wconf 88' lang='lat' dir='ltr'>suas</span> <span class='ocrx_word' id='word_1_733' title='bbox 3070 4887 3213 4942; x_wconf 89' lang='lat' dir='ltr'>adeo</span> <span class='ocrx_word' id='word_1_734' title='bbox 3244 4887 3672 4958; x_wconf 87' lang='lat' dir='ltr'>moderebatur,</span> 
     </span>
    </p>
   </div>
   <div class='ocr_carea' id='block_1_109' title="bbox 2018 4968 3677 5048">
    <p class='ocr_par' dir='ltr' id='par_1_109' title="bbox 2018 4968 3677 5048">
     <span class='ocr_line' id='line_1_110' title="bbox 2018 4968 3677 5048; baseline 0.001 -16"><span class='ocrx_word' id='word_1_735' title='bbox 2018 4980 2085 5032; x_wconf 88' lang='lat' dir='ltr'>ut</span> <span class='ocrx_word' id='word_1_736' title='bbox 2117 4992 2221 5032; x_wconf 90' lang='lat' dir='ltr'>nec</span> <span class='ocrx_word' id='word_1_737' title='bbox 2252 4982 2384 5032; x_wconf 90' lang='lat' dir='ltr'>ante</span> <span class='ocrx_word' id='word_1_738' title='bbox 2413 4975 2556 5032; x_wconf 88' lang='lat' dir='ltr'>alios</span> <span class='ocrx_word' id='word_1_739' title='bbox 2587 4968 2937 5044; x_wconf 84' lang='lat' dir='ltr'>ambitiosis,</span> <span class='ocrx_word' id='word_1_740' title='bbox 2958 4975 3059 5031; x_wconf 88' lang='lat' dir='ltr'>sed</span> <span class='ocrx_word' id='word_1_741' title='bbox 3092 4991 3196 5031; x_wconf 88' lang='lat' dir='ltr'>nec</span> <span class='ocrx_word' id='word_1_742' title='bbox 3226 4975 3549 5048; x_wconf 92' lang='lat' dir='ltr'>plurimum</span> <span class='ocrx_word' id='word_1_743' title='bbox 3580 4979 3677 5034; x_wconf 84' lang='lat' dir='ltr'>ab-</span> 
     </span>
    </p>
   </div>
   <div class='ocr_carea' id='block_1_110' title="bbox 2010 5063 3673 5139">
    <p class='ocr_par' dir='ltr' id='par_1_110' title="bbox 2010 5063 3673 5139">
     <span class='ocr_line' id='line_1_111' title="bbox 2010 5063 3673 5139; baseline -0.001 -17"><span class='ocrx_word' id='word_1_744' title='bbox 2010 5064 2186 5138; x_wconf 91' lang='lat' dir='ltr'>jectis</span> <span class='ocrx_word' id='word_1_745' title='bbox 2241 5065 2506 5135; x_wconf 88' lang='lat' dir='ltr'>indutus,</span> <span class='ocrx_word' id='word_1_746' title='bbox 2557 5064 2738 5121; x_wconf 89' lang='lat' dir='ltr'>totius</span> <span class='ocrx_word' id='word_1_747' title='bbox 2788 5063 3221 5137; x_wconf 86' lang='lat' dir='ltr'>superstitionis</span> <span class='ocrx_word' id='word_1_748' title='bbox 3272 5065 3517 5139; x_wconf 80' lang='lat' dir='ltr'>typhum</span> <span class='ocrx_word' id='word_1_749' title='bbox 3548 5083 3583 5123; x_wconf 89' lang='lat' dir='ltr'>a</span> <span class='ocrx_word' id='word_1_750' title='bbox 3612 5082 3673 5125; x_wconf 91' lang='lat' dir='ltr'>se</span> 
     </span>
    </p>
   </div>
   <div class='ocr_carea' id='block_1_111' title="bbox 2020 5154 3673 5231">
    <p class='ocr_par' dir='ltr' id='par_1_111' title="bbox 2020 5154 3673 5231">
     <span class='ocr_line' id='line_1_112' title="bbox 2020 5154 3673 5231; baseline 0.001 -22"><span class='ocrx_word' id='word_1_751' title='bbox 2020 5158 2355 5210; x_wconf 89' lang='lat' dir='ltr'>constanter</span> <span class='ocrx_word' id='word_1_752' title='bbox 2385 5154 2685 5231; x_wconf 79' lang='lat' dir='ltr'>abjiceret,</span> <span class='ocrx_word' id='word_1_753' title='bbox 2703 5154 2888 5209; x_wconf 90' lang='lat' dir='ltr'>satius</span> <span class='ocrx_word' id='word_1_754' title='bbox 2911 5154 3130 5209; x_wconf 90' lang='lat' dir='ltr'>ducens</span> <span class='ocrx_word' id='word_1_755' title='bbox 3152 5155 3405 5227; x_wconf 85' lang='lat' dir='ltr'>potentis</span> <span class='ocrx_word' id='word_1_756' title='bbox 3430 5155 3673 5229; x_wconf 90' lang='lat' dir='ltr'>imperio</span> 
     </span>
    </p>
   </div>
   <div class='ocr_carea' id='block_1_112' title="bbox 2020 5241 3673 5319">
    <p class='ocr_par' dir='ltr' id='par_1_112' title="bbox 2020 5241 3673 5319">
     <span class='ocr_line' id='line_1_113' title="bbox 2020 5241 3673 5319; baseline 0.001 -20"><span class='ocrx_word' id='word_1_757' title='bbox 2020 5244 2223 5312; x_wconf 89' lang='lat' dir='ltr'>animi,</span> <span class='ocrx_word' id='word_1_758' title='bbox 2249 5259 2426 5319; x_wconf 90' lang='lat' dir='ltr'>quam</span> <span class='ocrx_word' id='word_1_759' title='bbox 2450 5243 2760 5316; x_wconf 90' lang='lat' dir='ltr'>asperitate</span> <span class='ocrx_word' id='word_1_760' title='bbox 2781 5241 2954 5297; x_wconf 90' lang='lat' dir='ltr'>cilicii</span> <span class='ocrx_word' id='word_1_761' title='bbox 2987 5243 3244 5315; x_wconf 84' lang='lat' dir='ltr'>corporis</span> <span class='ocrx_word' id='word_1_762' title='bbox 3276 5245 3537 5300; x_wconf 88' lang='lat' dir='ltr'>membra</span> <span class='ocrx_word' id='word_1_763' title='bbox 3569 5244 3673 5300; x_wconf 86' lang='lat' dir='ltr'>do—</span> 
     </span>
    </p>
   </div>
   <div class='ocr_carea' id='block_1_113' title="bbox 2020 5330 3670 5415">
    <p class='ocr_par' dir='ltr' id='par_1_113' title="bbox 2020 5330 3670 5415">
     <span class='ocr_line' id='line_1_114' title="bbox 2020 5330 3670 5415; baseline 0.001 -28"><span class='ocrx_word' id='word_1_764' title='bbox 2020 5332 2188 5401; x_wconf 90' lang='lat' dir='ltr'>mari,</span> <span class='ocrx_word' id='word_1_765' title='bbox 2223 5332 2438 5405; x_wconf 89' lang='lat' dir='ltr'>quibus</span> <span class='ocrx_word' id='word_1_766' title='bbox 2469 5348 2770 5409; x_wconf 87' lang='lat' dir='ltr'>nunquam</span> <span class='ocrx_word' id='word_1_767' title='bbox 2803 5330 3121 5401; x_wconf 89' lang='lat' dir='ltr'>lavacrum,</span> <span class='ocrx_word' id='word_1_768' title='bbox 3155 5349 3285 5390; x_wconf 90' lang='lat' dir='ltr'>raro</span> <span class='ocrx_word' id='word_1_769' title='bbox 3318 5332 3491 5397; x_wconf 84' lang='lat' dir='ltr'>molle</span> <span class='ocrx_word' id='word_1_770' title='bbox 3521 5349 3670 5415; x_wconf 71' lang='lat' dir='ltr'>prae-</span> 
     </span>
    </p>
   </div>
   <div class='ocr_carea' id='block_1_114' title="bbox 2021 5420 3670 5497">
    <p class='ocr_par' dir='ltr' id='par_1_114' title="bbox 2021 5420 3670 5497">
     <span class='ocr_line' id='line_1_115' title="bbox 2021 5420 3670 5497; baseline 0.001 -20"><span class='ocrx_word' id='word_1_771' title='bbox 2021 5420 2194 5478; x_wconf 91' lang='lat' dir='ltr'>bebat</span> <span class='ocrx_word' id='word_1_772' title='bbox 2214 5424 2487 5478; x_wconf 87' lang='lat' dir='ltr'>stratum.</span> <span class='ocrx_word' id='word_1_773' title='bbox 2514 5421 2580 5477; x_wconf 86' lang='lat' dir='ltr'>Et</span> <span class='ocrx_word' id='word_1_774' title='bbox 2601 5421 2754 5495; x_wconf 88' lang='lat' dir='ltr'>quod</span> <span class='ocrx_word' id='word_1_775' title='bbox 2779 5420 2904 5478; x_wconf 90' lang='lat' dir='ltr'>sine</span> <span class='ocrx_word' id='word_1_776' title='bbox 2933 5420 3207 5497; x_wconf 81' lang='lat' dir='ltr'>lacrymis</span> <span class='ocrx_word' id='word_1_777' title='bbox 3234 5420 3532 5480; x_wconf 87' lang='lat' dir='ltr'>reminisci</span> <span class='ocrx_word' id='word_1_778' title='bbox 3555 5437 3670 5479; x_wconf 88' lang='lat' dir='ltr'>non</span> 
     </span>
    </p>
   </div>
   <div class='ocr_carea' id='block_1_115' title="bbox 3844 5230 3873 5263">
    <p class='ocr_par' dir='ltr' id='par_1_115' title="bbox 3844 5230 3873 5263">
     <span class='ocr_line' id='line_1_116' title="bbox 3844 5230 3873 5263; baseline 0 0"><span class='ocrx_word' id='word_1_779' title='bbox 3844 5230 3873 5263; x_wconf 68' lang='grc' dir='ltr'>ὓ</span> 
     </span>
    </p>
   </div>
  </div>
