4036 6160
415 368 537 436 739

1497 364 1829 431 VASONIS
1875 364 2338 430 LEODIENSIS
2383 361 2764 428 EPISCOPI.

3642 375 3740 437 140

416 525 755 580 possumus,
776 503 1037 562 solemne
1057 502 1338 576 quiddam
1360 501 1418 558 in
1443 501 1865 558 consuetudine
1895 500 2072 556 habe-
2101 501 2155 568 Α
2186 499 2424 556 animus
2467 502 2657 554 vester
2685 513 2861 570 super
2887 496 3051 554 electi
3081 497 3195 553 vita
3221 501 3275 554 et
3301 499 3536 558 moribus
3558 519 3741 564 movea-

417 597 516 651 bat
547 600 834 652 secretum
867 609 880 647 :
915 593 1078 649 adest
1104 591 1317 648 veritas
1367 591 1585 647 Christi
1637 606 1731 646 me
1780 588 1929 644 nihil
1961 589 2070 644 tin-

415 699 570 759 gere.
603 684 747 740 Cum
779 681 873 737 his
902 685 959 736 et
1000 678 1203 736 multis
1250 679 1385 736 aliis
1435 677 1882 734 difficultatibus
1911 677 2070 750 jam-

406 773 533 846 jam
566 789 679 845 prae
729 768 893 826 senio
946 785 1240 841 exsangue
1290 772 1578 840 premeret
1627 783 1860 840 corpus,
1893 767 2071 824 certis

414 860 619 918 diebus
641 859 961 916 durissima
990 857 1099 914 sibi
1117 857 1366 929 jubebat
1385 857 1624 912 verbera
1648 855 1852 929 afﬂigi,
1871 859 2068 911 coacto

411 947 716 1010 correctori
747 964 855 1003 suo
886 947 947 1002 in
973 947 1146 1002 verbo
1178 945 1410 1002 Domini
1442 943 1778 1001 terribiliter
1807 943 2067 1011 edicens,

409 1041 477 1092 ut
507 1053 623 1092 non
655 1039 936 1109 parceret,
969 1039 1027 1090 et
1074 1039 1362 1092 secretum
1410 1032 1648 1106 vulgare
1693 1049 1808 1088 non
1840 1049 2066 1104 praesu-

409 1130 614 1182 meret.
639 1125 801 1191 Quod
823 1123 919 1180 ille
940 1140 1322 1196 suppressum
1341 1123 1442 1178 diu
1465 1123 1644 1178 etiam
1673 1125 1807 1194 post
1835 1121 2064 1176 obitum

408 1215 537 1286 ejus
567 1213 777 1280 tenuit,
809 1214 907 1269 sed
943 1211 1354 1285 indignissimo
1381 1209 1712 1267 sanctitatis
1742 1210 1870 1280 ejus
1900 1225 2065 1264 servo

405 1305 552 1359 tanti
579 1303 794 1378 pignus
825 1301 1088 1358 thesauri
1118 1301 1370 1356 revelare
1401 1317 1516 1356 non
1549 1298 1779 1372 refugit.
1809 1298 1871 1354 In
1901 1302 2064 1354 tanta

407 1381 693 1449 virtutum
743 1391 1056 1450 efficientia
1102 1391 1375 1447 studebat
1423 1405 1673 1461 semper,
1707 1387 1816 1444 etsi
1862 1386 1922 1442 in
1954 1385 2064 1442 hac

407 1485 571 1554 parte
599 1497 972 1553 nequaquam
997 1479 1054 1534 in
1079 1477 1321 1544 se,alias
1350 1482 1546 1534 tamen
1579 1476 1795 1548 ubique
1825 1492 2062 1532 auream

410 1575 606 1625 tenere
640 1568 1118 1624 mediocritatem.
1166 1567 1234 1620 Et
1274 1582 1405 1622 vere
1437 1564 1794 1638 przecipuum
1844 1563 2061 1619 discre-

410 1657 588 1714 tionis
609 1655 938 1730 speculum,
959 1657 1180 1728 regiam
1199 1655 1356 1710 viam
1375 1655 1528 1712 inter
1545 1653 1752 1710 laevum
1769 1654 2065 1710 dextrum-

410 1763 524 1818 que
569 1745 762 1802 media
810 1745 935 1800 vitae
968 1762 1087 1800 suae
1118 1743 1352 1800 lucerna
1385 1743 1875 1816 praemonstrabat
1905 1743 2062 1799 ince-

409 1835 683 1890 dendam.

406 1941 541 1998 CAP.
575 1941 666 1996 XI.
699 1940 874 2011 Quod,
914 1940 1166 2011 defuncto
1196 1938 1560 2011 chinhardo,
1597 1939 1892 2011 imperator
1923 1937 2061 1992 Con-

619 2010 785 2068 radus
815 2010 986 2068 illum
1004 2014 1313 2084 episcopatu
1353 2010 1554 2066 donare
1591 2010 1844 2065 voluerit.

479 2102 643 2157 Hunc
661 2103 934 2156 defuncto
959 2100 1328 2173 Reginhardo
1353 2099 1624 2171 episcopo
1647 2098 1901 2153 maxima
1925 2114 2060 2170 pars

408 2190 664 2248 ﬁliorum
691 2189 961 2254 Ecclesia:
983 2189 1092 2244 sibi
1116 2188 1456 2261 episcopum
1481 2187 1602 2242 fieri
1639 2186 2055 2260 peroptabant:

407 2295 660 2352 quorum
695 2278 792 2334 ille
847 2278 1197 2333 sententiam
1251 2283 1314 2332 ut
1343 2293 1376 2331 a
1407 2294 1468 2331 se
1498 2274 1840 2348 longissime
1870 2291 2056 2330 remo-

405 2373 583 2435 veret,
618 2367 873 2422 multum
906 2367 1307 2438 redarguendo
1356 2382 1478 2435 eos,
1508 2363 1608 2436 qui
1661 2363 1772 2420 sibi
1818 2363 2058 2435 majoris

405 2455 660 2512 ecclesiae
683 2454 992 2528 praeposito
1017 2453 1264 2528 eligendi
1290 2452 1556 2526 praesulis
1579 2452 1897 2524 primatum
1920 2469 2060 2524 pra:-

407 2545 745 2618 ripuissent,
768 2543 1117 2599 Nithardum
1146 2543 1451 2598 custodem
1481 2541 1540 2596 in
1573 2541 1912 2612 episcopum
1943 2539 2055 2596 ele-

405 2634 510 2707 git,
527 2650 762 2690 omnem
793 2631 1012 2688 clerum
1046 2635 1102 2687 et
1123 2629 1403 2704 populum
1429 2629 1489 2685 in
1513 2628 1863 2686 sententiam
1887 2645 2056 2684 suam

403 2724 597 2779 venire
629 2721 836 2796 coegit.
869 2722 1025 2777 Adeo
1055 2721 1342 2792 primatus
1380 2719 1470 2774 sui
1503 2717 1905 2774 auctoritatem
1941 2734 2054 2773 non

402 2813 460 2868 in
491 2829 554 2868 se
585 2811 964 2885 praferendo,
995 2811 1096 2866 sed
1127 2809 1187 2865 in
1232 2808 1466 2881 juniore
1497 2807 1608 2864 sibi
1641 2807 2053 2881 praeponendo,

402 2901 628 2958 fortiter
657 2900 948 2956 vindicare
977 2897 1226 2967 studuit,
1258 2915 1402 2954 usus
1434 2897 1778 2954 auctoritate
1809 2899 2056 2970 potesta-

399 2991 476 3073 tis
507 2991 577 3046 ad
610 2989 980 3046 retinendum
1016 2987 1366 3044 humilitatis
1408 2986 1796 3060 propositum,
1831 3002 1945 3042 non
1979 2985 2052 3040 ad

399 3079 798 3153 arripiendum
860 3077 1244 3134 sublimitatis
1293 3075 1484 3133 locum
1517 3076 1654 3148 (20).
1701 3076 1817 3132 Nec
1865 3091 2050 3141 mora,

397 3185 530 3226 cum
559 3169 741 3226 electo
771 3171 825 3224 et
849 3169 1010 3241 virga
1039 3165 1354 3240 episcopali
1391 3166 1798 3238 imperatorem
1831 3163 2052 3220 Conra-

2178 592 2278 644 tur
2307 587 2604 661 scrupulo,
2661 587 2807 643 mihi
2854 591 3044 642 totum
3098 585 3420 660 imputetur,
3449 590 3503 646 in
3543 608 3621 648 me
3657 595 3742 652 hoc

2180 677 2698 733 animadvertatur.
2734 697 2762 725 ››
2795 675 3115 749 Superatus
3163 675 3257 732 vix
3300 677 3514 734 tandem
3542 680 3743 752 impera~

2179 770 2293 838 tor,
2321 769 2441 821 tam
2475 764 2782 838 splendida
2811 763 3122 822 eluctantis
3151 781 3214 821 se
3240 765 3310 821 ab
3345 765 3640 841 episcopatu
3659 771 3745 828 Va-

2179 855 2343 912 sonis
2374 855 2693 921 nimietate,
2725 853 2812 910 uti
2842 854 3164 926 petebatur,
3195 853 3462 912 Nithardo
3504 857 3748 932 episcopa-

2178 944 2306 999 tum
2339 945 2622 1000 concedit.
2656 947 2809 1000 Vaso
2841 947 3036 1000 autem
3066 942 3278 1000 timens
3306 943 3538 1001 exterius
3561 945 3750 1005 honori-

2179 1033 2290 1087 bus
2324 1033 2618 1105 proﬁcere,
2637 1049 2709 1090 ne
2733 1031 2982 1089 interius
3003 1032 3264 1089 moribus
3291 1029 3513 1106 incipiat
3537 1033 3752 1103 deﬁcere,

2177 1120 2228 1177 ei
2261 1124 2432 1193 cujus
2461 1122 2742 1195 magister
2793 1122 2980 1177 fuerat
3027 1120 3310 1193 patienter
3345 1138 3408 1178 ac
3434 1121 3652 1198 benigne
3675 1141 3754 1198 ga-

2176 1209 2338 1266 visus
2366 1214 2456 1266 est
2479 1211 2722 1266 subesse
2745 1227 2760 1266 :
2787 1210 2988 1283 sicque
3009 1227 3076 1267 ea
3097 1227 3224 1282 quae
3247 1214 3393 1266 retro
3417 1215 3542 1266 sunt
3562 1211 3756 1277 oblitus,

2175 1303 2233 1356 et
2263 1299 2322 1354 in
2353 1300 2645 1356 anteriora
2674 1301 2963 1363 extentus,
2995 1315 3098 1371 per
3125 1298 3550 1371 quatuordecim
3579 1316 3759 1373 prepo-

2176 1388 2374 1444 siturm
2404 1406 2589 1446 annos
2619 1389 2692 1445 ad
2722 1387 2990 1444 hravium
3030 1403 3295 1462 supernae
3341 1387 3630 1444 vocationis
3655 1405 3757 1462 pro-

2175 1477 2556 1551 sequebatur.

2273 1568 2408 1623 ΟΑΡ.
2439 1567 2562 1622 XII.
2594 1567 2852 1638 Qualiter
2880 1567 2940 1623 in
2969 1569 3278 1640 episcopum
3304 1567 3489 1622 electus
3522 1569 3683 1639 fuerit.

2244 1656 2410 1712 Hunc
2443 1655 2618 1711 talem
2649 1673 2715 1712 ac
2745 1660 2976 1712 tantum
3006 1655 3287 1712 athletam
3337 1672 3502 1712 suum
3529 1655 3761 1711 Dominus

2173 1743 2398 1801 diutius
2429 1744 2618 1800 noluit
2641 1761 2770 1800 esse
2797 1743 3088 1800 occultum
3112 1763 3124 1814 ;
3149 1745 3252 1800 sed
3277 1761 3445 1818 quem
3469 1744 3605 1800 infra
3622 1745 3762 1800 unius

2175 1834 2416 1890 claustri
2475 1838 2644 1906 septa
2690 1833 2926 1900 dederat
2975 1849 3105 1890 esse
3151 1833 3487 1907 perfectum,
3533 1833 3678 1906 quasi
3718 1832 3764 1888 in

2170 1923 2511 1979 certaminis
2541 1939 2816 1996 campum
2864 1927 3172 1980 strenuum
3197 1922 3380 1996 jussit
3409 1921 3618 1996 prodire
3643 1921 3766 1978 mili-

2169 2016 2308 2079 tem,
2334 2016 2400 2067 ut
2430 2013 2490 2067 in
2523 2015 2782 2085 tempore
2811 2012 3128 2069 iracundia
3149 2029 3272 2068 sua)
3291 2011 3563 2068 laboranti
3593 2008 3766 2084 populo

2171 2099 2331 2156 fleret
2393 2101 2804 2165 reconciliatio,
2851 2105 2908 2157 et
2953 2100 3090 2158 belli
3141 2101 3434 2175 famisque
3477 2103 3768 2174 tempestate

2171 2189 2524 2262 periclitanti
2557 2190 2755 2263 patriae
2787 2192 2933 2248 foret
2964 2190 3245 2246 remedio.

2243 2279 2515 2334 Oblatum
2531 2280 2656 2350 jam
2678 2280 2982 2352 antea-sibi
3006 2279 3388 2352 praesulatum
3419 2281 3768 2344 recusaverat;

2169 2367 2544 2436 Nithardum,
2578 2373 2645 2424 ut
2699 2369 2920 2425 dictum
2970 2373 3079 2437 est,
3131 2369 3249 2426 sibi
3301 2367 3770 2442 praetulerat:quo

2169 2457 2468 2526 defuncto,
2499 2459 2637 2514 item
2667 2475 2702 2513 a
2729 2457 2882 2514 clero
2930 2463 2988 2514 et
3039 2458 3260 2532 populo
3310 2458 3381 2515 ad
3423 2456 3768 2531 episcopatum

2170 2545 2510 2622 reposcitur.
2547 2546 2649 2602 llle
2679 2563 2710 2602 e
2740 2551 2945 2603 contra
2973 2546 3127 2602 credi
3167 2563 3291 2604 non
3339 2550 3524 2620 potest
3563 2546 3768 2616 quantas

2168 2651 2364 2692 moras
2395 2653 2513 2692 suae
2557 2635 2822 2693 electioni
2875 2635 3184 2704 innectere,
3219 2640 3439 2710 quanto
3486 2634 3674 2690 annisu
3713 2645 3768 2686 ne

2166 2723 2330 2780 ﬁeret
2360 2724 2653 2781 studuerit
2685 2723 2955 2780 insistere
2980 2743 2994 2792 ;
3021 2722 3365 2782 electionem
3410 2722 3523 2796 regi
3553 2718 3767 2794 displici-

2165 2818 2380 2880 turam,
2404 2829 2612 2886 parum
2637 2811 2827 2870 valere
2857 2829 3036 2886 super
3063 2813 3172 2868 hoc
3197 2813 3452 2887 negotio,
3475 2809 3644 2884 magis
3667 2808 3769 2880 ejus

2163 2903 2624 2974 exspectandum
2653 2918 2782 2958 esse
2812 2902 3014 2958 dicens
3055 2901 3391 2958 arbitrium.
3423 2899 3624 2956 Taliter
3647 2896 3769 2952 reni-

2161 2989 2339 3047 tentis
2392 2995 2449 3046 et
2478 2991 2814 3049 excusantis
2845 2989 3134 3047 sententia
3161 3007 3283 3046 non
3316 2989 3560 3056 auditur,
3590 2985 3768 3042 invitus

2161 3097 2196 3135 a
2226 3079 2454 3136 cunctis
2475 3079 2832 3136 unanimiter
2852 3079 3106 3154 eligitur,
3129 3079 3510 3136 Ratishonam
3532 3075 3766 3137 mittitur,

2160 3168 2257 3224 ubi
2291 3169 2434 3225 forte
2465 3168 2747 3225 llenricus
2778 3173 2918 3224 tunc
2949 3185 3068 3230 rex.
3103 3172 3309 3241 postea
3338 3167 3649 3240 imperator,
3677 3163 3766 3216 Bo-

396 3259 538 3314 dum
570 3259 734 3325 adiit,
767 3257 865 3330 qui
898 3262 1033 3312 tunc
1084 3257 1230 3312 forte
1278 3254 1338 3310 in
1392 3253 1558 3310 Italia
1588 3253 1924 3321 hiemabat;
1960 3267 2048 3306 re-
2080 3248 2122 3315 C
2163 3257 2419 3313 bemiam
2461 3274 2595 3314 cum
2639 3258 2893 3314 exercitu
2941 3275 3335 3332 aggressurus
3375 3258 3581 3316 aderat.
3624 3252 3768 3324 Virga

397 3353 674 3420 pcrtoque
725 3344 1076 3402 Nonantulis
1124 3343 1361 3416 oppido,
1412 3342 1750 3415 petitionem
1782 3339 2049 3396 Ecclesiae

396 3440 607 3492 nostra:
638 3435 794 3490 idem
826 3434 950 3506 ipse
980 3438 1181 3490 auctor
1208 3438 1265 3488 et
1284 3432 1510 3504 legatus
1532 3430 1780 3486 fideliter
1809 3430 2046 3503 profert.

394 3524 744 3580 Praesentato
776 3521 978 3591 electo,
1003 3521 1158 3576 hunc
1183 3521 1254 3576 ad
1287 3520 1394 3574 hoc
1426 3536 1575 3576 onus
1607 3517 2048 3590 suscipiendum

393 3612 671 3669 idoneum
704 3626 854 3676 esse,
891 3609 1066 3682 idque
1097 3608 1454 3664 unanimiter
1481 3625 1516 3664 a
1545 3607 1700 3663 clero
1745 3611 1802 3662 et
1832 3605 2048 3678 populo

393 3701 677 3775 postulari
737 3703 1049 3755 asseverat.
1113 3698 1434 3770 Imperator
1481 3701 1726 3752 autem:
1772 3718 1800 3745 «
1860 3695 2046 3760 Hunc,

395 3807 571 3864 quem
625 3789 797 3856 mihi,
844 3788 1056 3860 inquit,
1091 3786 1330 3855 offertis,
1365 3801 1740 3857 nequaquam
1773 3800 2044 3856 agnosco,

393 3880 495 3936 sed
529 3879 691 3934 vobis
723 3875 868 3933 mihi
899 3876 1056 3932 haud
1105 3875 1304 3948 ignoto
1337 3875 1493 3930 hunc
1523 3873 1806 3930 honorem
1838 3871 2046 3929 lubens

393 3969 584 4042 cupio.
634 3991 660 4018 ››
718 3966 817 4022 Ille
864 3983 895 4022 e
943 3965 1234 4022 contrario
1289 3964 1480 4020 modis
1533 3962 1809 4020 omnibus
1862 3965 1927 4018 ut
1984 3979 2047 4018 se

392 4057 726 4133 posthabito
785 4057 1159 4129 episcopatus
1205 4053 1265 4109 in
1321 4053 1568 4109 electum
1617 4054 2050 4124 retorqueretur

392 4148 805 4215 annitebatur;
855 4143 1024 4201 illum
1093 4143 1445 4216 digniorem,
1506 4140 1675 4198 illum
1740 4139 2044 4213 aptiorem,

395 4241 593 4311 utpote
615 4237 914 4310 juvenem,
947 4234 1157 4307 agilem
1205 4238 1263 4289 et
1291 4236 1629 4305 promptum
1662 4228 2046 4286 exsecutioni-

391 4327 505 4383 bus
537 4323 858 4398 imperialis
887 4322 1103 4380 servitii
1127 4339 1140 4390 ;
1169 4321 1282 4377 sibi
1315 4320 1544 4394 frigido,
1568 4319 1714 4376 senii
1741 4317 2047 4392 gravedine

393 4415 672 4482 confecto,
698 4414 944 4486 jamque
975 4411 1289 4475 silicernio,
1322 4409 1596 4480 deinceps
1645 4407 1840 4480 potius
1889 4407 2047 4480 cogi-

391 4503 640 4560 tandum
697 4503 767 4557 de
823 4499 1074 4556 tumulo.
1133 4501 1397 4570 Cumque
1455 4497 1772 4569 imperator
1827 4512 2046 4566 nequa-

2156 3347 2505 3418 episcopalis
2535 3363 2672 3403 cum
2721 3346 2988 3403 Ecclesiae
3019 3351 3230 3403 nostrae
3263 3346 3470 3402 litteris
3500 3345 3764 3418 prasente-

2157 3439 2290 3504 tur;
2323 3452 2416 3492 res
2463 3436 2690 3508 agenda
2735 3435 2794 3491 in
2843 3436 3186 3493 crastinum.
3216 3435 3528 3492 differtur:
3575 3434 3768 3506 postera

2158 3524 2250 3580 die
2281 3542 2314 3580 a
2344 3540 2478 3597 rege
2509 3541 2643 3581 eum
2675 3525 2968 3598 episcopis
2996 3530 3052 3581 et
3081 3516 3328 3596 reliquis
3359 3522 3557 3598 palatii.
3587 3517 3765 3594 princi-

2157 3614 2332 3685 pibus
2381 3613 2726 3670 consulitur.
2759 3615 2875 3670 Nec
2905 3614 3140 3670 defuere
3172 3613 3540 3670 adulantium
3569 3611 3766 3682 lingua,

2158 3704 2256 3775 qui
2290 3703 2633 3760 electionem
2667 3703 2794 3758 sine
2825 3703 2984 3775 regio
3015 3703 3206 3759 favore
3240 3703 3453 3760 factam
3489 3699 3767 3757 asserercnt

2155 3808 2387 3848 cassam
2418 3792 2571 3861 fore;
2607 3809 2674 3848 ex
2702 3789 3022 3865 capellanis
3053 3791 3252 3865 potius
3283 3791 3610 3864 episcopum
3638 3799 3772 3842 cons-

2155 3881 2514 3948 tituendum,
2545 3881 2834 3936 Vasonem
2883 3897 3188 3954 nunquam
3223 3881 3288 3936 in
3341 3885 3500 3936 curte
3531 3875 3670 3949 regia
3693 3873 3770 3928 de-

2155 3971 2424 4042 sudasse,
2470 3975 2535 4026 ut
2579 3970 2758 4026 talem
2809 3973 3242 4042 promereretur
3297 3969 3572 4027 honorem
3603 3984 3615 4022 :
3645 3958 3771 4036 quod

2153 4075 2289 4116 vero
2321 4060 2484 4117 nefas
2523 4059 2602 4116 sit
2628 4058 2809 4116 alium
2843 4057 3190 4132 episcopari,
3222 4059 3344 4115 nisi
3396 4071 3562 4131 quem
3591 4048 3772 4110 consti-

2156 4149 2293 4204 terit
2341 4149 2402 4204 in
2448 4153 2610 4205 curte
2659 4147 2820 4221 regia
2864 4147 3133 4222 evagari;
3169 4163 3236 4202 ac
3271 4165 3387 4204 non
3419 4145 3602 4220 potius
3627 4139 3773 4198 talem

2155 4236 2288 4311 eligi
2338 4241 2620 4310 oportere,
2655 4237 2756 4309 qui
2805 4236 3157 4293 informatus
3203 4236 3571 4310 subjectione
3611 4229 3776 4288 claus-

2155 4327 2324 4384 tralis
2355 4325 2717 4393 obedientize,
2749 4342 2867 4382 non
2895 4329 3014 4382 tam
3047 4341 3303 4398 praeesse
3334 4341 3510 4398 quam
3538 4318 3776 4396 prodesse

2155 4416 2447 4480 didicerit.
2471 4418 2595 4483 Qua
2623 4419 2914 4472 sententia
2938 4413 3314 4471 adulatorum
3343 4413 3508 4474 facile
3539 4409 3776 4467 inductus

2145 4505 2434 4577 juvenilis
2493 4506 2648 4578 regis
2705 4505 2962 4572 animus,
3015 4503 3210 4560 nescio
3271 4520 3448 4578 quem
3496 4499 3774 4556 barbarum

393 4609 570 4666 quam
602 4589 951 4647 sententiam
987 4593 1214 4643 mutare
1241 4586 1427 4654 vellet,
1460 4601 1715 4657 θυωίῐυθ
1752 4584 1824 4642 ad
1858 4584 2046 4682 Bqui-
2079 4617 2124 4682 Β
2155 4595 2477 4651 cervicibus
2507 4594 2726 4650 nostris
2753 4593 3120 4666 praeparabat
3165 4591 3492 4666 imponam,
3523 4604 3645 4646 cum
3673 4584 3777 4639 ins—

391 4680 672 4755 piendum
705 4679 1108 4752 episcopatum
1140 4676 1512 4732 vehementer
1541 4677 1774 4747 urgeret
1805 4690 1818 4729 :
1854 4697 1880 4724 (ι
1914 4673 2048 4729 Par-

391 4775 500 4838 cat,
524 4769 746 4842 inquit,
797 4768 1076 4837 majestas
1123 4769 1336 4830 vestra,
1369 4764 1550 4835 hujus
1581 4761 1858 4835 decrepiti
1889 4763 2048 4818 senis

391 4864 610 4932 parcat,
643 4859 906 4924 obsecro,
941 4856 1111 4911 fama:
1159 4855 1216 4910 in
1264 4853 1320 4908 id
1371 4852 1556 4908 aetatis
1605 4853 1900 4925 productae
1945 4850 2046 4906 Dei

390 4949 578 5020 gratia
623 4949 848 5021 absque
897 4943 1152 5018 perfidia:
1197 4947 1354 4999 nota.
1401 4941 1460 4998 Si
1509 4941 1685 4997 unius
1733 4939 2049 5012 cujuslibet

389 5035 646 5092 hominis
673 5035 1024 5110 legationem
1056 5031 1472 5105 suscepissem,
1505 5031 1598 5086 cui
1632 5029 1875 5104 posthac
1902 5028 2050 5085 foret

391 5123 508 5178 tida
539 5134 739 5180 nostra
784 5124 949 5192 fides,
999 5123 1048 5179 si
1100 5121 1252 5177 hanc
1303 5120 1372 5176 ad
1421 5119 1796 5175 commodum
1847 5133 2046 5174 meum

391 5211 838 5284 retorquerem?
883 5213 1110 5278 Quanto
1169 5210 1359 5284 magis
1416 5209 1465 5266 si
1520 5207 1724 5264 matris
1781 5206 2047 5264 Ecclesia:

391 5317 577 5356 unum
627 5299 907 5373 p0pulum
959 5300 1238 5373 petitione
1268 5304 1326 5355 et
1355 5297 1633 5354 electione
1671 5313 1780 5353 sua
1812 5295 2049 5352 frauda-

389 5405 525 5446 vero
544 5388 573 5445 τ
595 5387 760 5444 Juste
813 5387 969 5444 enim
1003 5388 1226 5443 fraudis
1256 5393 1312 5444 et
1341 5387 1594 5460 perﬁdiae
1624 5385 1962 5452 accusabor,
1995 5385 2047 5441 si

391 5481 594 5536 contra
624 5492 996 5534 communem
1029 5479 1356 5532 nostratum
1389 5491 1742 5533 consensum
1775 5473 1927 5530 hanc
1959 5473 2046 5530 in-

391 5568 610 5644 dignus
667 5564 1010 5640 dignitatem
1069 5580 1516 5639 praesumpsere.
1576 5566 1649 5620 At
1718 5581 1791 5621 ne
1847 5563 2046 5638 aliquo

2156 4683 2407 4756 pirante,
2441 4687 2505 4738 ut
2529 4683 2844 4744 credimus.
2864 4683 3009 4749 Deo,
3036 4697 3104 4738 ex
3135 4681 3300 4738 omni
3332 4679 3432 4737 illo
3462 4670 3780 4736 consiliario-

2157 4789 2288 4828 rum
2349 4777 2519 4839 cmtu,
2578 4771 2685 4828 soli
2764 4771 3158 4829 Herimannus
3227 4768 3690 4844 archiepiscopus
3733 4762 3780 4814 ει

2157 4861 2353 4916 Bruno
2383 4860 2892 4933 Wirzeburgensis
2937 4857 3248 4934 episcopus
3289 4864 3414 4916 tam
3451 4851 3634 4914 inutili
3659 4865 3776 4906 sen-

2154 4950 2351 5006 tentias
2381 4950 2594 5006 saniori
2629 4949 2873 5006 consilio
2903 4949 3030 5010 ausi
3061 4953 3200 5006 sunt
3227 4950 3483 5006 obviare.
3505 4945 3612 5002 Nec
3639 4937 3778 5014 prius

2156 5038 2416 5096 veritatis
2461 5042 2781 5096 assertores
2811 5039 3031 5111 Deique
3062 5041 3467 5110 cooperatores
3493 5030 3774 5092 absistunt,

2155 5128 2340 5185 donec
2367 5128 2464 5184 vix
2494 5128 2734 5185 tandem
2779 5127 2948 5201 regiae
2981 5127 3278 5200 majestati
3306 5125 3636 5200 petitionem
3662 5131 3778 5174 nos-

2155 5221 2308 5273 tram
2367 5216 2698 5284 conciliant,
2731 5221 2786 5272 et
2832 5233 3140 5290 procerum
3189 5217 3421 5272 animos
3469 5213 3524 5268 in
3571 5211 3776 5267 senten-

2156 5306 2300 5362 tiam
2332 5323 2500 5362 suam
2531 5306 2851 5378 trajiciunt.
2901 5305 3016 5362 Sed
3065 5310 3264 5362 manet
3290 5304 3483 5361 adhuc
3512 5297 3775 5372 sapientes

2158 5395 2506 5452 architectos
2553 5393 2720 5451 labor
2764 5394 2937 5468 longe
2976 5395 3316 5467 operosior:
3351 5407 3486 5449 nam
3535 5405 3596 5446 ac
3635 5383 3681 5441 si
3717 5379 3778 5468 de

2155 5484 2590 5541 immanissimo
2658 5466 2894 5540 monte_
2931 5466 3266 5541 columnam
3317 5484 3596 5539 conentur
3644 5466 3778 5530 exci-

2156 5573 2314 5644 dere,
2336 5573 2495 5633 haud
2523 5572 2691 5632 aliter
2719 5572 2856 5635 boni
2884 5572 3138 5634 artifices
3168 5571 3351 5630 nostri
3378 5567 3646 5628 omnibus
3673 5573 3776 5618 mo-

462 5658 578 5740 (20)
609 5657 749 5730 Quis
779 5659 1108 5733 sequuntur
1135 5653 1518 5732 praetermisit
1543 5652 1784 5716 omnino
1814 5653 2198 5726 abbreviator.
