4036 6160
209 291 302 353 7H

1804 278 2009 345 Vl'l‘A.

3496 286 3615 348 ’142

206 426 281 484 dis
304 419 590 479 insictunt
624 414 932 473 elaborare
958 412 1133 470 utvir
1154 413 1262 471 iste
1287 412 1344 469 in
1363 413 1675 473 virtutibus
1699 421 1854 473 totus
1885 424 1931 486 Α
1967 421 2095 472 sent
2124 415 2415 488 prrefcrrc,
2439 414 2708 485 laudare;
2734 414 2992 473 utiliores
3022 418 3209 492 gratia
3241 425 3295 476 et
3326 420 3495 478 donis
3511 421 3614 477 ho-

204 522 336 573 teres
367 514 549 583 atque
579 506 881 564 rotundus
913 504 1249 561 consentiat
1278 503 1387 562 sibi
1437 505 1659 578 imponi
1707 523 1857 562 onus

204 600 457 663 ecclesias.
483 599 719 655 Perstat
750 594 853 652 diu
875 593 1186 650 immobile
1217 593 1448 667 pietatis
1477 594 1620 651 illud
1652 601 1857 669 pectus

203 694 253 751 in
278 688 577 766 proposito
608 683 1005 751 humilitatis;
1040 683 1200 756 quod
1227 684 1504 756 profecto,
1539 689 1604 741 ut
1625 685 1705 742 ait
1722 686 1856 741 bea-

202 777 637 854 tusGregorius,
654 773 894 849 pietatis
916 775 1127 846 pectus
1150 789 1266 828 non
1287 777 1458 841 esset,
1476 772 1524 829 si
1546 774 1655 831 hoc
1670 774 1858 847 pietas

202 890 297 929 non
325 868 588 925 vicisset.
616 862 992 922 Intellexerat
1023 858 1184 917 enim
1215 860 1264 916 si
1296 862 1699 937 episcopatum
1738 880 1855 919 non

202 958 483 1033 reciperet,
510 955 783 1028 ejusdem
815 951 1070 1026 potitum
1109 951 1231 1007 fore
1260 953 1576 1024 quemdam
1607 956 1771 1009 aetate
1802 956 1859 1007 et

201 1048 450 1106 moribus
473 1042 887 1118 juvenem,qui
922 1040 1174 1097 forsitan
1208 1040 1497 1097 Dominici
1528 1042 1724 1116 gregis
1751 1041 1855 1098 sti-

203 1155 335 1212 pem,
373 1152 506 1208 quze
536 1134 598 1189 in
645 1132 881 1189 laudem
913 1130 1042 1197 Dei,
1076 1146 1140 1186 se
1185 1129 1353 1197 duce,
1388 1131 1854 1199 fructificaverat,

204 1226 521 1298 dissiparet,
558 1222 606 1279 si
641 1222 713 1277 ad
737 1218 1072 1295 pontiﬁcale
1102 1217 1338 1275 culmen
1370 1220 1659 1293 aspiraret
1694 1220 1858 1276 Unde

205 1314 435 1386 contigit
465 1316 532 1368 ut
560 1312 703 1367 dum
737 1308 1121 1367 sublimitatis
1152 1307 1347 1364 locum
1381 1314 1578 1366 mente
1608 1311 1857 1383 fugeret,

197 1405 351 1476 jussu
386 1419 459 1459 ac
510 1402 748 1474 precatu
798 1398 1147 1473 pontiﬁcum
1199 1396 1573 1467 sollicitatus,
1609 1416 1678 1454 ea
1725 1415 1858 1453 vero

203 1509 364 1566 quam
400 1490 525 1546 dixi
555 1488 904 1545 necessitate
934 1486 1314 1559 potissimum
1347 1487 1858 1554 coactus,tandcm

204 1586 387 1656 pastor
401 1577 677 1636 Ecclesia:
716 1575 839 1632 fieri
882 1575 1301 1648 acquiesceret.
1322 1576 1417 1631 Sic
1439 1574 1525 1631 sic
1548 1575 1733 1632 intrat
1761 1592 1864 1647 per

207 1670 411 1727 ostium
446 1669 506 1723 in
540 1665 708 1733 ovile,
733 1682 839 1720 nec
870 1664 1137 1719 ascendit
1165 1663 1404 1720 aliunde
1437 1665 1633 1720 factus
1665 1668 1865 1738 pastor

206 1760 420 1825 ovium;
469 1754 692 1828 quique
724 1751 1320 1824 irreprehensibiliter
1364 1753 1632 1822 intravit,
1664 1752 1864 1826 procul

206 1848 370 1904 dubio
403 1839 1009 1917 irreprehensibiliter
1035 1841 1193 1896 vixit.
1227 1841 1290 1896 In
1323 1842 1530 1898 sedem
1584 1842 1867 1916 episcopii

209 1936 523 2002 reducitur,
558 1931 894 1996 honoriﬁce,
933 1933 997 1986 ut
1043 1929 1304 2000 decebat,
1341 1930 1678 2004 suscipitur
1708 1948 1721 1987 :
1757 1932 1869 2002 (2t)

212 2026 296 2082 ubi
325 2041 467 2083 vero
500 2022 574 2078 ad
606 2019 942 2077 cathedram
965 2019 1195 2075 venitur
1214 2024 1387 2091 atque
1407 2018 1470 2075 in
1494 2037 1568 2075 ea
1589 2019 1872 2077 solemni-

210 2121 285 2171 ter
310 2114 565 2181 locatur,
600 2109 711 2166 nisi
744 2125 1002 2182 praesens
1032 2107 1331 2176 vidissem,
1351 2106 1519 2164 nullo
1554 2110 1731 2167 modo
1757 2125 1875 2164 cre-

213 2205 397 2260 derem
441 2218 580 2257 cum
615 2203 832 2273 quanto
873 2197 1096 2271 gemitu
1139 2196 1394 2269 eruperit
1441 2197 1503 2252 in
1555 2198 1872 2273 lacrymas,

213 2311 350 2367 quas
370 2290 534 2348 haud
571 2305 741 2346 secus
766 2303 833 2343 ac
856 2303 1004 2360 puer
1024 2285 1324 2358 septennis
1348 2285 1459 2342 sub
1491 2288 1764 2361 magistri
1794 2288 1873 2343 fe-

217 2382 334 2439 rula
352 2382 526 2438 edere
549 2378 873 2435 videbatur.
890 2371 1081 2431 Mirati
1103 2378 1459 2431 suntomnes
1482 2378 1585 2448 qui
1606 2379 1872 2445 aderant,

216 2471 506 2545 quomodo
537 2469 811 2532 ferreum,
844 2469 909 2521 ut
937 2464 1245 2538 putabant,
1278 2464 1405 2535 ejus
1435 2465 1545 2520 viri
1579 2471 1785 2539 pectus
1814 2466 1876 2521 in

216 2565 401 2616 tantas
430 2561 638 2633 posset
681 2555 867 2613 scindi
916 2553 1244 2626 ‘lacrymas;
1270 2556 1327 2608 et
1375 2557 1713 2611 anteactam
1744 2556 1876 2628 ejus

215 2651 383 2706 vitam
434 2649 800 2720 ignorantes,
836 2643 972 2699 inde
1014 2640 1298 2697 veraciter
1339 2641 1592 2714 probant
1622 2643 1878 2717 pastoris

216 2739 299 2795 sui
326 2736 596 2793 animum
629 2735 701 2790 de
728 2731 1092 2797 sublimitate
1118 2730 1404 2802 ejusmodi
1439 2748 1555 2787 non
1595 2733 1874 2805 gaudere,

216 2829 311 2884 sed
343 2824 652 2883 salutifero
684 2822 883 2880 dolore
912 2818 1195 2893 torqueri.

218 2935 346 2991 CAP.
364 2933 514 2990 XIII.
539 2930 714 3005 Quod
734 2931 1038 3005 episcopus
1059 2927 1253 3003 factus
1270 2928 1604 3005 pigilanler
1616 2934 1880 2986 sanctam

645 2999 987 3073 religionem
1017 2999 1456 3073 eisequeba’tur.

285 3092 645 3168 Aliquandiu
664 3094 959 3165 protracta
977 3087 1327 3163 episcopalis
1340 3089 1700 3152 consecratio
1719 3106 1883 3162 expe-

1965 512 2218 575 nestare,
2250 507 2538 564 tardiores
2565 507 2891 580 increpare,
2912 509 3219 583 corrigere,
3246 511 3618 583 superiorum

1966 594 2230 669 exemplo
2262 611 2573 669 provocare
2609 614 2621 651 :
2656 612 2860 652 omnes
2897 602 3190 669 postremo
3238 615 3300 654 se
3347 598 3621 655 meliores

1967 685 2205 758 Deoque
2229 684 2584 757 acceptiores
2618 684 2740 740 ﬁeri
2771 686 3030 757 optabat,
3057 685 3257 742 dicens
3289 704 3423 743 cum
3448 689 3621 745 beato

1967 774 2163 847 Moyse
2197 791 2213 830 ε
2241 775 2380 846 Quis
2408 774 2565 831 mihi
2588 762 2687 830 det
2719 779 2780 830 ut
2813 777 3003 831 omnis
3030 776 3274 847 populus
3294 778 3467 832 Deum
3487 794 3623 850 pro-

1960 867 2157 935 phetet
2175 867 2198 919 ?

2034 951 2149 1008 Nec
2179 952 2332 1008 inter
2363 952 2482 1008 haec
2513 954 2982 1024 praetereundum
3013 954 3280 1012 existimo
3305 956 3376 1012 de
3405 956 3627 1031 vigilia-

1967 1059 2120 1109 rum,
2151 1041 2581 1097 matutinorum
2631 1044 2689 1097 et
2740 1043 3101 1115 completorii
3147 1044 3375 1117 officiis,
3407 1047 3626 1119 quibus

1967 1129 2334 1187 celebrandis
2368 1128 2627 1202 quotidie
2657 1130 2714 1185 in
2741 1130 2917 1187 choro
2939 1149 3072 1188 cum
3097 1134 3322 1190 caeteris
3343 1136 3626 1193 fratribus

1967 1235 2139 1275 nemo
2166 1218 2330 1292 prius
2351 1218 2448 1275 illo
2473 1220 3013 1287 occurrebat,nemo
3036 1223 3301 1278 devotius
3324 1225 3623 1293 intererat,

1968 1324 2140 1365 nemo
2172 1308 2359 1365 serior
2388 1307 2756 1378 abscedebat.
2792 1308 3067 1383 Reliquas
3098 1312 3209 1367 dici
3246 1313 3420 1370 horas
3448 1313 3508 1369 in
3538 1332 3627 1371 ec-

1969 1396 2317 1453 clesiasticis
2349 1398 2710 1470 expendcbat
2740 1399 3148 1472 negotiis,licet
3170 1401 3225 1456 in
3253 1405 3633 1479 quadragesi-

1971 1486 2110 1542 mali
2144 1491 2408 1559 tempore
2437 1487 2524 1542 vel
2549 1504 2581 1542 a
2601 1486 2889 1555 choro,vel
2914 1489 2986 1544 ab
3009 1488 3203 1564 aliquo
3229 1491 3474 1548 fratrum
3498 1510 3629 1550 con-

1971 1580 2169 1641 ventu,
2193 1574 2356 1630 nullo
2388 1576 2561 1630 modo
2594 1592 2656 1631 se
2684 1593 2960 1634 excusare
2992 1578 3255 1635 voluerit.
3289 1581 3412 1644 Quo
3451 1583 3629 1638 etiam

1970 1668 2232 1736 tempore
2252 1668 2543 1720 secretum
2562 1664 2814 1719 cubiculi
2842 1666 3074 1738 penitus
3097 1670 3304 1740 praeter
3323 1670 3630 1727 ecclesiam

1976 1752 2303 1825 ignorabat,
2325 1768 2498 1807 saxeo
2532 1753 2701 1808 sedili
2734 1771 2837 1825 pro
2868 1754 3033 1824 lecto,
3060 1758 3308 1814 mattula
3336 1764 3506 1816 utens
3528 1777 3632 1832 pro

1978 1840 2364 1908 lectisternio;
2389 1858 2522 1896 cum
2548 1842 2617 1896 ad
2651 1841 2854 1897 horam
2891 1844 3218 1901 refectionis
3241 1863 3390 1919 pane
3420 1866 3632 1905 avena-

1979 1929 2064 1985 rio
2099 1930 2347 2000 fabaque
2378 1930 2604 1985 modice
2632 1936 2986 2003 praegustata
3007 1933 3249 1990 senilem
3279 1942 3635 1994 sustentaret

1980 2017 2468 2089 imbecillitatem,
2499 2019 2561 2073 in
2594 2025 2733 2091 potu
2767 2037 3008 2077 sumens
3060 2024 3387 2092 cervisiam,
3420 2027 3635 2099 saepius

1983 2123 2199 2179 aquam
2231 2124 2460 2179 puram.
2486 2109 2598 2179 ('22)
2632 2109 2693 2164 1n
2725 2114 2886 2165 tanto
2915 2112 3281 2168 abstinentiae
3312 2115 3637 2189 rigore,nec

1985 2195 2162 2250 facies
2195 2194 2458 2267 angelica
2488 2198 2673 2252 macie
2701 2203 2789 2254 est
2817 2200 3211 2272 contecta,nec
3242 2205 3430 2276 gratia
3461 2222 3638 2262 roseae

1987 2283 2424 2355 conspersionis
2463 2290 2553 2341 est
2591 2286 2877 2343 immuta:
2905 2289 3049 2345 adeo
3080 2291 3270 2347 virum
3321 2293 3639 2351 desiderio-

1987 2371 2463 2441 rum,Danielem
2521 2374 2790 2432 videlicet
2834 2383 3122 2446 nostrum,
3156 2398 3331 2453 quem
3372 2383 3642 2440 voluntas

1989 2461 2225 2534 propria
2247 2459 2437 2517 instar
2466 2465 2657 2521 crucis
2687 2464 2899 2521 Christi
2920 2467 3438 2542 afﬂigebat,divina
3458 2474 3644 2546 pietas

1990 2552 2220 2621 interna
2246 2549 2558 2610 dulcedine
2590 2554 2858 2611 satiabat.

1988 2642 2121 2696 CAP.
2146 2638 2289 2693 XIV.
2319 2640 2499 2708 Quam
2536 2643 2742 2715 largus
2765 2644 2951 2716 fuerit
2978 2654 3238 2720 tempore
3280 2650 3643 2707 sterilitatis.

2061 2728 2173 2800 (23)
2206 2727 2400 2784 Pauca
2430 2732 2687 2787 referens
2718 2732 2888 2805 plura
2915 2740 3207 2807 praetereo,
3241 2755 3492 2811 quorum
3538 2740 3642 2796 ali-

1990 2834 2110 2890 qua
2140 2816 2442 2875 brevitatis
2478 2820 2676 2876 studio
2710 2838 2800 2877 me
2847 2829 3075 2880 constat
3105 2826 3419 2900 negligere,
3449 2829 3646 2902 aliqua

1990 2923 2117 2980 qua:
2149 2922 2183 2960 a
2213 2922 2305 2961 me
2334 2909 2703 2977 nesciuntur,
2723 2927 2958 2969 necesse
2989 2918 3078 2969 est
3107 2915 3354 2973 reticeri.
3387 2919 3525 2990 quia
3554 2936 3646 2975 se-

1990 2994 2135 3052 mini
2155 3011 2500 3052 concessum
2522 3000 2946 3070 esse,arbitror,
2971 3020 3175 3060 omnes
3195 3004 3451 3062 hominis
3474 3007 3644 3064 istius

1994 3099 2166 3140 nosse
2194 3082 2688 3144 virtutes.Statim
2723 3090 2911 3167 primo
2938 3091 3310 3165 episcopatus
3344 3096 3436 3151 sui
3468 3115 3643 3165 anno,

224 3185 364 3241 titur
396 3160 474 3240 ab
508 3160 947 3254 archiepiscopo
978 3160 1050 3235 de
1080 3160 1447 3250 expeditione
1491 3194 1742 3247 reverso,
1777 3160 1882 3251 pro
1913 3160 1957 3228 C
1995 3172 2153 3230 omni
2190 3176 2353 3245 peste
2385 3176 2681 3233 crudelior
2712 3160 2896 3236 fames
2926 3160 3212 3252 incubuit,
3247 3201 3373 3256 quae
3406 3203 3505 3242 sex
3531 3160 3648 3243 tere

224 3291 337 3348 qua
366 3290 425 3329 re
454 3271 547 3327 vir
577 3269 678 3327 Dei
724 3267 1145 3326 comitantibus
1194 3265 1556 3322 diversorum
1607 3268 1883 3323 ordinum

226 3362 445 3419 clericis
477 3364 745 3417 sanctam
768 3357 913 3415 adiit
933 3355 1263 3424 Coloniam;
1289 3360 1627 3412 sanctorum
1653 3354 1882 3423 limina,

228 3467 476 3524 quorum
511 3465 797 3506 numerus
829 3446 975 3503 nulli
1005 3449 1216 3519 praeter
1266 3445 1509 3501 Romam
1563 3444 1690 3501 loco
1722 3461 1887 3517 aeque

229 3545 317 3596 est
343 3555 682 3605 concessus,
718 3537 831 3611 piis
889 3534 1088 3609 pulsat
1130 3533 1422 3607 precibus.
1458 3534 1589 3591 Post
1622 3535 1887 3590 triduum

230 3645 392 3685 sacro
408 3629 727 3685 chrismate
750 3627 807 3681 in
832 3625 1171 3698 episcopum
1192 3623 1625 3696 perungitur,et
1646 3640 1715 3678 ex
1736 3624 1888 3679 bono

232 3717 352 3773 ﬁlio
395 3718 453 3772 in
504 3733 791 3789 sponsum
839 3714 1011 3770 matri
1061 3730 1180 3769 suae
1231 3712 1572 3768 Leodicensi
1621 3712 1889 3768 Ecclesia:

232 3807 634 3863 confirmatur.

310 3896 451 3951 Fum
479 3913 613 3953 vero
645 3893 931 3968 explicare
964 3910 1079 3949 non
1126 3909 1369 3966 possum
1409 3909 1587 3965 quam
1636 3892 1889 3948 arduum

236 3985 566 4041 sanctitatis
597 3989 879 4053 montem,
911 3981 1417 4056 evangelizaturus
1445 3980 1603 4049 Sion,
1637 3981 1893 4053 arripere

237 4074 565 4143 studuerit;
600 4077 826 4146 quanta
855 4072 1132 4129 servitute
1162 4087 1374 4143 corpus
1405 4069 1634 4142 spiritui
1680 4070 1895 4126 servire

239 4163 512 4235 coegerit,
546 4164 666 4219 imo
697 4168 917 4235 quanto
949 4161 1162 4217 annisu
1192 4164 1353 4217 totus
1402 4160 1460 4215 in
1510 4158 1605 4215 Dei
1659 4158 1894 4215 laudem

244 4252 572 4309 excreverit.

333 4341 589 4413 Abjectus
618 4357 816 4398 secum
851 4339 911 4396 in
943 4338 1129 4396 oculis
1177 4339 1299 4406 Dei,
1330 4338 1484 4393 inter
1534 4335 1790 4393 humiles
1838 4339 1897 4392 et

245 4428 540 4501 subjectos
570 4447 633 4487 se
663 4429 1005 4503 episcopum
1029 4446 1157 4485 esse
1183 4427 1506 4495 nesciebat;
1524 4424 1902 4495 scholas,sin-

1994 3261 2290 3319 continuis
2322 3265 2497 3321 annis
2513 3266 2711 3323 Galliae
2734 3272 2790 3324 et
2816 3270 3138 3326 Germaniae
3158 3273 3441 3346 populum
3462 3276 3650 3333 nosci-

1993 3356 2093 3408 tur
2123 3353 2688 3426 oppressisse,cujus
2719 3357 2870 3413 foeda
2891 3358 3079 3416 ubivis
3097 3360 3185 3417 fas
3207 3367 3295 3418 est
3317 3363 3509 3421 adhuc
3533 3381 3651 3421 cer-

1997 3456 2135 3496 nere
2146 3438 2408 3513 vestigia.
2426 3443 2758 3518 Eademque
2774 3452 3120 3520 tempestate
3139 3453 3448 3522 prudentia
3469 3454 3652 3510 nostri

1998 3527 2214 3601 Joseph
2251 3530 2512 3603 undique
2546 3534 2835 3591 frumenta
2868 3544 3215 3607 coemere,et
3244 3542 3387 3599 tutis
3414 3544 3650 3616 apothe-

1999 3619 2085 3675 cis
2102 3619 2414 3675 recondere
2436 3623 2678 3678 curabat
2697 3642 2709 3692 ;
2728 3641 2842 3680 non
2861 3627 3016 3697 quod
3040 3627 3172 3685 inde
3193 3634 3423 3688 terrena
3444 3634 3651 3691 sectari

1998 3707 2164 3764 lucra
2176 3712 2587 3780 quaereret,sed
2601 3717 2668 3768 ut
2683 3714 2864 3786 gratis
2877 3716 2946 3770 ad
2968 3733 3035 3772 su
3047 3718 3231 3774 tﬁcien
3240 3720 3379 3776 tiam
3396 3739 3501 3778 suo
3515 3728 3655 3780 tem—

2000 3812 2139 3869 pore
2155 3799 2440 3854 esurienti
2458 3800 2690 3857 familiae
2711 3804 2942 3859 Domini
2961 3806 3122 3861 cibos
3148 3808 3340 3865 fidelis
3356 3811 3654 3884 dispensa-

2001 3891 2091 3943 tor
2110 3886 2489 3943 distribueret
2508 3905 2520 3944 :
2537 3895 2745 3961 praeter
2765 3892 3059 3964 stipendia
3078 3912 3402 3969 pauperum
3438 3902 3653 3973 quibus

2003 3974 2262 4048 quotidie
2296 3975 2445 4032 libra
2479 3978 2855 4035 denariorum
2883 3984 3485 4055 expendebatur,cum
3524 3988 3653 4044 aliis

2003 4065 2146 4120 adeo
2165 4065 2526 4138 multis,quae
2542 4084 2885 4125 enumerare
2899 4087 3012 4126 non
3027 4071 3656 4142 sufﬁcio,verecundio-

2002 4152 2167 4209 ribus
2197 4171 2313 4226 prae
2336 4155 2559 4226 pudore
2580 4173 2613 4211 a
2634 4157 3008 4215 mendicitate
3028 4160 3657 4237 abstinentibus,prout

2004 4240 2255 4314 quisque
2274 4242 2558 4310 erat,aliis
2580 4244 2923 4314 denos,aliis
2945 4247 3198 4317 vicenos,
3217 4249 3348 4307 aliis
3378 4253 3654 4322 tricenos,

2004 4330 2138 4387 aliis
2154 4333 2633 4404 sexagenos,aliis
2655 4338 2931 4391 centenos
2944 4353 3187 4394 annonae
3209 4340 3434 4396 medios
3456 4358 3658 4415 peroc-

2006 4419 2196 4476 cultos
2227 4419 2406 4493 hujus
2427 4422 2508 4478 rei
2542 4422 2749 4495 opifice
2777 4424 3075 4483 destinare
3103 4430 3365 4485 curabat.
3415 4430 3525 4487 Sed
3552 4448 3657 4489 nec

248 4517 518 4593 gulorum
549 4518 908 4593 explorando
939 4516 1606 4590 studia,frequentabat;
1631 4514 1900 4588 quaestio-
1930 4531 1977 4596 Ι)
2010 4510 2400 4582 ingenuorum
2434 4527 2556 4567 rem
2590 4513 2874 4585 privatam
2905 4514 3015 4570 hac
3044 4516 3171 4573 dira
3190 4519 3536 4577 necessitate
3565 4538 3659 4577 ex-

252 4622 362 4663 nes
390 4608 780 4682 proponendo,
813 4606 1233 4663 rationabiliter
1262 4604 1415 4660 vinci
1445 4621 1623 4677 quam
1668 4603 1900 4660 vincere

254 4694 527 4765 malebat;
560 4713 743 4770 seque
768 4696 827 4751 in
861 4695 969 4752 hoc
1000 4695 1169 4768 quasi
1199 4693 1384 4750 otium
1419 4711 1453 4750 a
1482 4693 1715 4749 turbine
1734 4710 1902 4747 cura-

256 4801 388 4839 rum
418 4787 736 4851 conferens,
768 4784 1079 4859 gaudebat,
1114 4788 1179 4839 ut
1206 4783 1331 4856 ipse
1362 4782 1904 4847 fatebatur,scsein-

257 4874 476 4931 venisse
518 4874 913 4948 refrigerium.
946 4873 1015 4928 Et
1061 4889 1196 4929 cum
1244 4871 1450 4928 divinae
1496 4871 1643 4945 legis
1693 4886 1905 4926 arcana

264 4962 585 5021 excellentis
608 4962 831 5037 ingenii
858 4961 1239 5036 praerogativa
1263 4964 1460 5018 nosset
1479 4959 1700 5029 rimari,
1716 4960 1786 5015 de
1805 4964 1905 5015 Do-

267 5052 401 5121 nati,
429 5053 513 5111 vel
545 5052 832 5110 Prisciani
866 5051 1086 5126 regulis
1117 5049 1412 5107 scholares
1439 5048 1905 5106 adolescentulos

275 5154 379 5194 non
405 5142 830 5217 dedignabatur
856 5140 1244 5213 interrogare;
1266 5156 1414 5212 quos
1436 5144 1493 5196 et
1523 5139 1781 5196 vicissim
1813 5141 1908 5196 de-

276 5227 649 5289 siderabiliter
678 5230 951 5305 cupiebat
981 5229 1203 5300 audire,
1236 5245 1334 5286 eos
1361 5229 1462 5302 qui
1495 5234 1648 5286 recte
1690 5228 1907 5286 sensis-

356 5376 443 5460 21)
474 5375 792 5460 Sequentia
829 5374 1009 5446 hujus
1060 5371 1267 5445 capitis
1309 5371 1683 5445 praetermisit
1728 5372 1905 5429 etiam

280 5442 647 5504 abbreviator.
908 5442 928 5446 '
1130 5442 1149 5445 "
1310 5442 1332 5445 -
1355 5514 1367 5527 ι
1461 5515 1471 5526 ⁸
1791 5514 1802 5527 ⁸

280 5519 603 5647 “8223ng
636 5520 964 5593 sequuntur
990 5515 1215 5591 (Egidio
1236 5515 1502 5573 attribuit
1521 5514 1908 5590 Chapeavma,

280 5600 370 5645 κα
401 5600 566 5649 male.

2009 4603 2282 4656 tenuatas
2312 4599 2646 4657 excellentis
2674 4602 2782 4657 viri
2816 4601 2979 4676 larga
3008 4607 3285 4677 praeteriit
3307 4609 3659 4665 muniﬁcen-

2010 4689 2111 4758 tia,
2141 4706 2259 4762 qua
2284 4689 2583 4746 annitente
2612 4695 2668 4746 et
2717 4708 3090 4765 summopere
3125 4695 3388 4766 juvante,
3416 4713 3521 4768 pro
3549 4697 3660 4753 ali-

2010 4777 2225 4833 mentis
2257 4778 2462 4850 ampla:
2493 4779 2703 4835 domus
2729 4798 2939 4836 aurum
2967 4783 3257 4853 sponsale,
3280 4787 3487 4849 vestes,
3522 4802 3661 4857 pue-

2012 4866 2110 4923 dia
2141 4866 2463 4923 distrahere
2497 4885 2645 4941 opus
2675 4886 2792 4925 non
2846 4870 2974 4926 fuit.
3010 4870 3123 4942 (24)
3154 4870 3302 4934 Quid
3354 4872 3546 4929 dicam
3587 4874 3659 4929 de

2010 4955 2562 5030 congregationibus
2595 4958 2960 5027 clericorum,
2978 4959 3421 5028 monachorum,
3444 4966 3501 5018 et
3529 4980 3662 5019 san-

2011 5044 2460 5117 ctimonialium,
2479 5063 2616 5120 erga
2648 5064 2899 5119 quarum
2933 5047 3308 5106 necessitates
3339 5054 3502 5108 tanta
3523 5051 3660 5108 boni

2015 5135 2265 5208 pastoris
2294 5134 2572 5208 vigilabat
2601 5135 2939 5204 solertia,ut
2969 5154 3097 5209 qua":
3126 5154 3242 5209 prae
3273 5139 3561 5197 anxietate
3583 5141 3662 5196 fa-

2017 5223 2130 5281 mis
2160 5225 2231 5281 de
2260 5228 2478 5281 statuto
2509 5226 2663 5280 victu
2693 5220 2981 5296 deessent,
3016 5227 3086 5283 de
3117 5243 3225 5284 suo
3269 5228 3662 5287 libentissime

2089 5367 2450 5447 (23)Des_u_pt
2498 5368 2564 5447 in,
2613 5368 2786 5425 editis
2842 5370 3069 5427 ansulis
3119 5370 3367 5430 inclusa.
3420 5371 3665 5447 Reliqua

2018 5438 2273 5495 multum
2295 5440 2591 5497 differunt.

2019 5510 2365 5641 ra(%ﬁ)erc
2409 5513 2546 5585 fere,
2581 5517 2646 5572 ut
2695 5514 2880 5572 multa
2928 5514 3061 5587 alia,
3106 5515 3166 5576 in
3211 5515 3385 5576 editis
3438 5515 3664 5579 deside-

2087 5600 2123 5639 n
2223 5622 2238 5641 .

2087 5600 2188 5641 ntu
2197 5600 2238 5642 Γ.
