4036 6172
453 285 488 342 7
507 282 576 342 l3
1543 269 1872 340 VASONIS
1915 273 2374 340 LEODIENSIS
2416 277 2794 342 EPISGOPI.
3659 293 3752 374 744(

457 430 608 485 supp
634 408 894 466 'ditaret?
915 405 1306 464 Nihilominus
1328 407 1406 480 pii
1432 408 1616 465 Putris
1638 407 1928 466 industria
1949 409 2096 464 ruri-
2125 419 2178 485 Α
2212 413 2636 482 provenientcs,
2672 410 2891 468 multos
2923 411 3178 467 militum
3213 414 3507 470 nostrorum
3533 417 3579 472 in
3599 422 3757 479 adver-
3813 483 3822 488 ,

455 501 716 557 colurum
747 499 1095 556 laboriosam
1129 497 1366 571 respicit
1393 497 1679 570 inopiam;
1703 499 1774 554 ad
1793 501 1962 572 cujus
1983 515 2103 556 ma-
2210 515 2337 556 sam
2370 505 2595 577 partem
2626 505 2974 574 rapuerunt;
3014 499 3230 560 frustra
3273 501 3542 568 arbitratus
3579 506 3693 578 fore,
3716 513 3755 583 si

453 591 574 646 lum
609 589 1076 662 temperandum,
1109 590 1228 643 toto
1255 587 1364 643 hoc
1391 586 1564 644 famis
1593 591 1852 661 tempore
1873 587 2100 646 unicui-
2209 605 2273 645 se
2303 589 2434 646 novi
2466 589 2672 663 ﬂagitii
2701 587 3018 664 complices
3051 605 3180 648 esse
3210 590 3546 667 contingeret,
3563 611 3646 668 per
3667 599 3758 662 vim

453 695 568 754 que
601 678 992 734 mansionario
1024 692 1130 749 per
1167 676 1434 750 singulas
1482 675 1880 733 hebdomadas
1929 677 2100 733 binos
2208 679 2497 748 beneﬁcii,
2532 679 2649 737 imo
2680 679 2861 738 totius
2892 679 3262 754 episcopatus
3289 696 3382 754 pro
3410 673 3552 740 libita
3589 685 3756 759 potitu-

451 767 574 824 dari
609 766 912 823 constituit
941 765 1229 834 denarios,
1256 781 1328 822 nc
1357 783 1474 838 pra:
1523 765 1779 822 instante
1827 767 2101 840 angustia
2208 783 2326 823 ros.
2359 768 2470 824 Sed
2503 785 2637 825 cum
2671 785 2762 825 res
2794 767 2912 824 illis
2940 766 3002 824 in
3046 767 3389 829 contrarium
3435 772 3656 842 cesserit,
3680 792 3761 836 nos

448 857 622 913 boves
653 857 917 922 vendere,
941 858 1045 910 aut
1073 855 1144 910 de
1165 858 1368 909 caetero
1398 858 1614 910 terram
1641 853 1895 910 nativam
1917 855 2096 911 relin-
2207 873 2443 929 quoque
2471 856 2925 932 propugnatoris
2955 857 3142 914 nostri
3165 857 3494 915 industriam
3513 878 3763 935 prosequa-

449 962 623 1018 quere
672 949 1039 1020 cogerentur,
1074 943 1276 1016 sicque
1325 960 1718 1000 aerumnosam
1769 943 1949 1000 vitam
1996 949 2098 1000 aut
2206 961 2360 1001 mur.
2385 946 2594 1006 Urbem
2627 964 2732 1022 pro
2761 951 3022 1020 tempore
3051 952 3108 1003 et
3135 946 3260 1007 loco
3281 947 3660 1022 munitam,per
3675 957 3766 1010 sla-

446 1035 832 1110 mendicando
866 1035 1098 1104 ducere,
1133 1036 1236 1088 aut
1265 1036 1513 1089 mortem
1545 1033 1702 1088 omni
1745 1033 1938 1106 gladio
1983 1051 2094 1090 sze-
2204 1037 2363 1091 tutos
2393 1035 2453 1091 in
2484 1052 2615 1092 arce
2639 1035 2843 1110 vigiles
2891 1040 2947 1092 et
2992 1035 3247 1094 claustra
3293 1041 3563 1109 portarum
3594 1039 3768 1113 jugiter

441 1126 660 1184 viorem
692 1142 826 1181 cum
855 1123 1016 1180 omni
1045 1123 1220 1179 domo
1251 1121 1668 1178 miserabiliter
1685 1120 2001 1178 incurrere.
2203 1127 2416 1195 serata,
2437 1129 2612 1182 noctu
2636 1125 2849 1198 dieque
2867 1125 2942 1182 ab
2971 1125 3213 1183 incursu
3233 1124 3478 1186 hostium
3496 1131 3655 1194 tutam
3675 1130 3770 1190 red-

441 1217 574 1270 CAP.
597 1213 713 1269 XV.
737 1215 813 1269 De
844 1214 980 1268 bello
999 1219 1052 1269 et
1072 1211 1338 1268 charitate
1363 1210 1802 1268 Virdunensibus
1822 1213 2089 1284 impensa.
2202 1209 2368 1280 didit,
2401 1217 2457 1268 et
2484 1215 2691 1271 domos
2719 1219 2842 1271 tam
2863 1213 3207 1272 clericorum
3237 1231 3406 1289 quam
3434 1213 3679 1274 laicorum
3703 1235 3770 1276 ar

515 1303 661 1360 Huic
691 1301 1009 1358 calamitati
1041 1299 1289 1356 accessit
1317 1299 1430 1356 alia
1459 1300 1642 1372 pestis
1672 1315 1835 1374 aeque
1885 1299 2090 1356 intole-
2202 1301 2316 1358 mis
2346 1303 2586 1360 refertas
2617 1321 2766 1371 esse,
2790 1304 2943 1360 cives
2975 1320 3396 1378 nonnunquam
3423 1305 3478 1362 in
3498 1305 3656 1362 armis
3672 1323 3772 1376 esse

443 1391 894 1461 rabilis,bellurn
912 1389 1180 1446 videlicet
1209 1389 1364 1462 quod
1395 1388 1744 1444 Godefridus
1762 1388 2089 1446 maximein
2199 1391 2493 1465 praecepit.
2529 1394 2776 1466 Ipseque
2803 1393 3120 1452 continuus
3145 1392 3409 1450 assidens
3436 1391 3688 1470 episcopis
3710 1395 3773 1452 ni-

439 1481 866 1542 Virdunensem
901 1485 956 1535 et
985 1481 1096 1550 (25)
1127 1481 1387 1534 nostram
1437 1477 1696 1535 exercuit
1741 1477 2086 1547 Ecclesiam;
2199 1477 2398 1551 hilque
2445 1481 2517 1537 de
2565 1479 2746 1538 solitae
2793 1479 3094 1556 religionis
3141 1480 3436 1556 negligens
3479 1499 3656 1554 penso,
3695 1501 3774 1556 per

442 1586 697 1644 quarum
725 1567 1135 1638 Virdunensis,
1169 1567 1309 1622 dum
1340 1567 1535 1639 praeda
1563 1571 1620 1622 et
1658 1567 1926 1624 incendio
1954 1584 2112 1623 vas-'
2196 1583 2408 1641 gnaros
2437 1569 2659 1626 indices
2688 1571 2950 1628 hostium
2981 1571 3450 1630 machinamenta
3465 1569 3771 1646 explorabat;

441 1663 604 1717 tante
634 1659 837 1718 urbem
869 1662 926 1713 et
957 1657 1197 1712 domum
1229 1661 1441 1711 sanctae
1473 1655 1573 1710 Dei
1603 1655 1911 1712 Genitrieis
1951 1673 2086 1712 eum
2196 1661 2398 1720 contra
2427 1675 2556 1733 quae
2587 1660 2786 1718 omnia
2813 1677 2990 1734 seque
3021 1677 3279 1734 suosque
3309 1663 3466 1718 scuto
3509 1660 3774 1734 prudentie:

441 1749 600 1806 omni
633 1765 739 1804 suo
769 1752 977 1804 ornatu
1009 1746 1244 1820 penitus
1271 1761 1471 1800 eversa
1491 1743 1715 1812 fuisset,
1738 1743 1834 1800 ille
1863 1744 1924 1802 in
1955 1745 2086 1800 lon-
2116 1791 2164 1856 B
2194 1747 2498 1821 satagebat
2551 1754 2872 1824 protegere.
2909 1751 2994 1807 Ita
3040 1749 3322 1808 nimirum
3376 1765 3525 1806 more
3571 1749 3703 1822 Argi,
3735 1748 3776 1806 si

448 1839 494 1856 κ·
556 1855 561 1856 ,
640 1855 649 1856 κ
735 1837 900 1856 _,31,A_
942 1836 1183 1856 -η---2Λ-..
1209 1834 1443 1856 --μ--Δμ
1467 1833 1629 1856 --.Λ-2..
1658 1851 1847 1856 -----..-
1883 1834 2059 1856 -1-1--3ι
2195 1835 2395 1856 ιη-ιηιν-
2452 1837 2523 1856 0,,
2593 1841 2662 1856 ,,n
2728 1855 2735 1856 ,
2829 1840 2871 1856 ιν
3116 1844 3126 1856 ι
3200 1855 3225 1856 ,,
3334 1855 3343 1856 κ
3377 1837 3459 1856 νὶοη
3496 1837 3755 1856 οη-θ--ξιμ-

438 1839 658 1912 ginquo
682 1836 1185 1910 positus,graviter
1205 1834 1447 1908 egregiae
1467 1833 1632 1890 urbis
1653 1851 1854 1890 casum
1877 1834 2083 1902 doluit,
2116 1833 2164 1864 "
2195 1835 2402 1892 fabulae
2449 1837 2536 1894 fas
2581 1841 2672 1895 est
2717 1840 2969 1908 credere,
3003 1844 3241 1896 centum
3287 1837 3465 1896 oculis
3493 1837 3776 1911 insignitus,

437 1931 493 1990 et
520 1925 655 1988 licet
684 1927 744 1983 in
775 1925 987 1982 similis
1013 1923 1252 1996 periculi
1288 1928 1442 1978 metu
1477 1922 1704 1995 positus
1730 1927 1902 1992 esset,
1936 1921 2083 1978 hila-
2193 1924 2348 1982 mala
2372 1927 2658 1987 exteriora
2685 1929 2986 1986 coercebat
3015 1932 3081 1984 ut
3107 1929 3266 1986 bona
3285 1927 3546 1984 interiora
3563 1944 3662 1984 non
3682 1943 3777 1982 mo-

435 2017 516 2074 ris
546 2022 737 2073 tamen
773 2014 1182 2082 dator-,dirutze
1213 2012 1342 2067 urbi
1375 2028 1488 2066 non
1521 2011 1753 2066 distulit
1781 2028 1909 2068 csse
1929 2010 2082 2067 leva-
2191 2013 2266 2069 do
2288 2031 2404 2070 non
2425 2015 2943 2086 minueret,verum
2969 2018 3212 2090 insuper
3232 2014 3780 2092 augmentaret;hona

435 2106 603 2175 mini,
629 2121 945 2178 suppresso
975 2120 1082 2158 suo
1114 2102 1350 2157 nomine
1379 2101 1658 2156 mandata
1707 2101 1947 2157 mittens
1991 2101 2080 2156 in-
2191 2102 2263 2160 de
2291 2103 2384 2160 die
2411 2103 2470 2160 in
2503 2107 2662 2168 diem
2691 2105 3156 2164 desiderabiliter
3183 2109 3482 2180 appetens,
3509 2103 3648 2160 mala
3675 2119 3779 2168 vero

433 2199 520 2251 ter
551 2194 672 2250 haec
701 2194 872 2249 verba
905 2211 918 2248 :
951 2215 978 2240 ‹‹
1013 2192 1226 2246 Sancta
1271 2189 1454 2245 Maria
1497 2190 1864 2246 Leodicensis
1903 2189 2084 2246 mittit
2189 2191 2460 2249 ﬁdelibus
2492 2193 2728 2264 Christi,
2752 2196 2968 2270 quibus
2998 2193 3256 2252 maxime
3300 2195 3549 2262 timebat,
3579 2191 3780 2266 diligen-

431 2281 862 2356 quinquaginta
890 2281 1072 2336 libras
1100 2279 1476 2334 denariorum
1507 2283 1718 2334 sanctae
1742 2279 1932 2334 Mariae
1948 2279 2080 2334 Vir-
2187 2279 2416 2337 tissime
2449 2299 2780 2355 praecavens
2805 2302 2818 2340 :
2852 2283 2912 2340 in
2945 2301 3060 2358 quo
3091 2285 3240 2352 solo,
3265 2288 3332 2342 ut
3359 2284 3588 2340 ﬁdenter
3605 2281 3781 2349 dicam,

431 2373 680 2428 dunensi
719 2390 733 2426 :
767 2370 1142 2426 medietatem
1170 2367 1467 2424 canonicis
1499 2367 2080 2436 fratribus,medieta—
2187 2369 2422 2427 animus
2449 2371 2673 2431 divisus
2705 2374 2777 2430 ad
2807 2373 2999 2448 plura,
3027 2391 3144 2430 non
3187 2373 3504 2448 apparebat
3535 2371 3698 2430 minor
3721 2369 3782 2432 ad

431 2466 549 2518 tem
581 2477 712 2517 vero
743 2461 813 2516 ad
845 2459 1268 2532 reparationem
1300 2457 1575 2514 ecclesiae.
1611 2480 1638 2507 »
1673 2459 1788 2514 Hoc
1817 2458 2074 2532 primum
2186 2459 2437 2534 singula,
2471 2461 2697 2535 integer
2724 2465 2780 2518 et
2825 2467 3032 2536 potens
3081 2463 3306 2532 omnia,
3339 2461 3640 2520 secundum
3667 2461 3782 2532 Αροο

431 2551 708 2608 omnibus
733 2549 902 2606 bonis
934 2548 1060 2604 suis
1093 2547 1394 2621 exspoliati
1425 2547 1534 2602 loci
1577 2546 1738 2602 illius
1785 2547 2072 2620 canonici,
2183 2549 2423 2618 stolum,
2452 2550 2554 2623 qui
2583 2549 2750 2610 illum
2781 2551 3165 2610 confortabat.
3196 2555 3463 2625 Cumque
3507 2551 3573 2624 ab
3613 2547 3780 2605 amicis

427 2645 602 2697 tantae
621 2639 808 2710 cladis
824 2655 894 2695 ex
914 2637 1108 2694 divino
1125 2653 1366 2694 munere
1383 2653 1691 2710 suscepere
1713 2635 2069 2706 remedium;
2181 2638 2360 2695 etiam
2389 2639 2448 2695 in
2497 2639 2817 2714 longinquo
2869 2625 3078 2715 positis
3123 2645 3464 2699 moneretur
3489 2657 3584 2713 per
3608 2637 3781 2710 cpisto-

426 2735 590 2798 et,ne
618 2732 780 2786 tanto
811 2727 1070 2802 largitori
1102 2730 1299 2783 essent
1323 2725 1558 2798 ingrati,
1579 2725 1845 2798 publicas
1865 2725 2073 2782 oratio-
2181 2727 2286 2800 las,
2321 2733 2387 2784 ut
2413 2729 2614 2786 relicto
2642 2729 2854 2787 Leodio
2883 2731 2944 2786 in
2987 2730 3196 2786 Hoium
3254 2747 3319 2788 se
3365 2728 3649 2794 conferret,
3674 2741 3779 2780 cas-

425 2836 530 2876 nes
561 2823 616 2876 et
642 2817 852 2874 viventi
883 2821 940 2872 et
963 2816 1238 2873 defuncto
1285 2815 1343 2870 in
1389 2818 1733 2887 perpetuum
1771 2815 2066 2872 devovere.
2178 2815 2384 2874 tellum
2434 2817 2553 2874 situ
2619 2816 2730 2874 loci
2795 2817 3271 2877 munitissimum
3321 2837 3334 2875 :
3377 2815 3554 2885 Absit,
3605 2812 3781 2887 inquit.

425 2909 555 2965 Haec
603 2909 819 2980 itaque,
854 2923 1028 2980 quam
1080 2905 1357 2972 diximus,
1407 2903 1694 2960 bellorum
1751 2907 2070 2978 tempestas
2177 2910 2244 2962 ut
2298 2923 2535 2981 gregem
2588 2905 2820 2965 Domini
2880 2907 3110 2980 fugiens
3169 2907 3464 2975 deseram,
3513 2907 3566 2960 et
3621 2901 3781 2958 locum

421 2999 726 3066 residuum
756 2996 930 3062 famis
958 3011 1332 3063 consumens,
1366 2997 1420 3050 et
1451 2993 1658 3050 divites
1687 3010 1821 3049 cum
1849 3009 2065 3066 paupe-
2174 2994 2430 3068 aliquem
2490 2997 2548 3051 in
2600 2999 2762 3056 tanta
2818 3013 3014 3053 rerum
3067 2995 3247 3054 turba
3305 2997 3432 3054 sine
3469 2994 3567 3051 'eis
3622 2995 3779 3048 tutum

419 3089 585 3145 ribus
615 3105 733 3144 una
762 3085 1090 3143 calamitate
1118 3083 1452 3152 conﬁciens,
1475 3099 1850 3140 communem
1879 3083 2064 3138 totius
2172 3101 2301 3140 esse
2347 3085 2677 3152 credamus,
2707 3102 2776 3141 ex
2833 3085 3048 3158 quibus
3105 3103 3246 3145 cum
3299 3088 3622 3144 sanctorum
3655 3077 3778 3155 apud

417 3177 618 3252 patria;
649 3177 878 3233 ruinam
912 3176 1284 3232 minabatur:
1309 3177 1366 3228 et
1395 3177 1587 3229 rueret
1631 3169 1831 3245 procul
1861 3171 2064 3240 dubio,
2095 3159 2138 3226 C
2174 3173 2360 3230 Deum
2392 3174 2714 3248 patrocinio
2742 3175 2959 3248 pendet
3001 3191 3194 3244 omne,
3231 3175 3286 3232 si
3333 3173 3476 3250 quid
3513 3165 3780 3232 commodi,

419 3271 630 3334 rueret,
648 3267 1067 3339 inquam,tunc
1096 3262 1378 3336 temporis
1410 3261 1630 3335 inclyta
1665 3259 2060 3334 Lotharingia,
2173 3263 2222 3318 si
2280 3264 2422 3336 quid
2475 3264 2716 3322 honoris
2771 3263 2999 3320 videtur
3052 3264 3226 3322 nobis
3276 3264 3482 3322 adesse
3526 3259 3658 3320 bello
3702 3259 3783 3312 aut

418 3363 520 3414 aut
547 3352 988 3428 irrecuperabili
1019 3351 1242 3408 excidio
1273 3367 1286 3408 :
1312 3351 1530 3424 quippe
1563 3367 1690 3422 quae
1721 3349 1848 3416 sine
1869 3349 2066 3406 defen-
2170 3352 2600 3426 tranquillitate
2633 3371 2646 3410 :
2681 3369 2830 3427 quos
2874 3353 2925 3410 si
2976 3351 3296 3426 reliquero,
3329 3350 3597 3412 audacior
3629 3342 3783 3404 hostis

417 3462 546 3502 sore
575 3448 748 3509 esset,
763 3442 1055 3514 aut,quod
1089 3441 1257 3513 pejus
1285 3440 1460 3508 est,in
1483 3456 1678 3514 regem
1699 3437 2062 3496 infidelitatis
2169 3441 2442 3508 invadere
2473 3443 2740 3512 tentabit,
2773 3447 2828 3500 et
2860 3459 2976 3502 non
3003 3442 3132 3503 sine
3163 3459 3388 3518 magno
3419 3441 3678 3498 dedecore
3701 3449 3782 3490 no-

413 3531 822 3607 perjurio,nisi
852 3530 1134 3587 Dominus
1161 3546 1337 3586 suum
1369 3529 1546 3586 Josue
1566 3529 1637 3586 ad
1669 3529 2060 3586 resistendum
2169 3535 2290 3587 stro
2322 3529 2628 3589 insultabit
2656 3531 2888 3605 effugio.
2922 3530 3026 3588 Hic
3056 3531 3258 3605 potius
3285 3531 3481 3605 quoad
3508 3524 3685 3586 licebit
3714 3525 3785 3579 est

413 3623 684 3680 hostibus
715 3619 981 3676 Ecclesia
1012 3619 1384 3686 confortaret,
1417 3622 1475 3674 et
1522 3635 1556 3672 a
1604 3618 1774 3675 bonis
1813 3618 2060 3690 justitiaa
2167 3619 2648 3688 vivendum,istis
2677 3621 3046 3678 moriendum
3078 3637 3093 3676 :
3127 3619 3355 3693 quibus
3379 3635 3515 3676 cum
3541 3612 3782 3682 bonist-

414 3717 610 3786 partes
639 3714 840 3767 contra
861 3709 1134 3766 factiosos
1155 3707 1550 3764 defendendas
1565 3723 1693 3763 esse
1711 3705 2057 3763 insinuaret.
2169 3708 2408 3765 cundati
2439 3725 2669 3778 sumus,
2685 3725 2821 3765 cum
2849 3709 2936 3766 eis
2966 3713 3024 3766 et
3051 3709 3339 3783 periculis
3369 3704 3781 3781 subjacebimus.

413 3818 545 3874 CAP.
571 3816 710 3874 XVI.
734 3815 905 3888 Quod
917 3813 1074 3874 belli
1091 3820 1485 3888 tempestatem
1510 3812 1772 3870 maxima
1797 3828 1874 3868 ea;
1889 3821 2061 3882 parte
2169 3797 2458 3888 Nimirum
2491 3797 2792 3873 ι’θιῑεὶοιιίε
2813 3803 2878 3888 κει
2905 3798 3211 3856 θῖιατίῐειῖίε
3235 3803 3448 3856 οαῐθηθ
3493 3790 3784 3888 εξεδδίίίξῖῗ

1108 3876 1354 3948 sedavit.
1889 3876 1902 3882 ⁷
2166 3887 2490 3956 devinctus,
2522 3905 2638 3944 non
2695 3887 2864 3946 facile
2912 3889 2984 3945 ab
3023 3904 3226 3945 eorum
3276 3885 3586 3963 praesentia
3623 3876 3783 3940 divelli

479 3981 611 4038 Jam
641 3975 1056 4034 immanissimi
1091 3975 1392 4048 praedones
1423 3991 1514 4032 res
1545 3973 1800 4032 ecclesiae
1830 3975 2058 4030 invase-
2167 3981 2413 4049 poterat.

410 4074 570 4138 rant;
603 4067 800 4126 omnia
834 4071 1128 4142 praeterea,
1162 4082 1290 4138 quae
1330 4067 1462 4122 ante
1510 4079 1734 4122 memor
1763 4065 2058 4138 pontificis
2236 4068 2368 4124 CAP.
2397 4066 2566 4124 XVII.
2601 4067 2762 4136 Quod
2787 4065 3040 4124 castella
3072 4067 3431 4140 praedonum
3461 4061 3728 4122 ererlcril.

408 4157 718 4232 prudentia
741 4156 804 4212 in
834 4157 1038 4212 urbem
1067 4158 1451 4220 contraxerat,
1471 4158 1866 4224 vastaverant;
1899 4156 2057 4229 quis-
2236 4155 2429 4229 Fregit
2449 4160 2644 4213 autem
2664 4155 3037 4213 laudabiliter
3057 4157 3423 4229 quandoque
3445 4155 3598 4210 hunc
3616 4162 3789 4222 propo-

408 4264 522 4322 que
553 4246 769 4321 praedia
802 4244 1056 4302 ecclesiae
1089 4261 1216 4316 quae
1249 4243 1360 4300 sibi
1392 4247 1756 4316 usurpasset,
1775 4248 1970 4302 tenere
1992 4249 2057 4302 ut
2164 4243 2261 4302 siti
2293 4243 2543 4318 rigorem
2575 4243 3038 4318 pietas,miseria
3065 4245 3316 4318 inOpum
3347 4248 3407 4301 et
3435 4241 3646 4318 gemitu
3669 4250 3785 4309 Ραιι·

407 4337 644 4410 propria
668 4335 1039 4408 disponebat,
1062 4351 1195 4390 cum
1230 4349 1360 4389 ecce
1385 4331 1629 4388 bellator
1656 4333 1867 4390 Christi
1899 4335 2057 4391 inex-
2161 4349 2367 4405 perum
2399 4331 2664 4400 excitata,
2679 4336 2737 4390 et
2764 4349 2799 4388 a
2827 4332 3022 4406 quiete
3050 4331 3222 4390 solita
3257 4350 3403 4390 eum
3433 4341 3723 4400 exsurgere
3742 4326 3791 4379 et

404 4423 741 4499 pugnabilis
769 4429 825 4480 et
845 4423 1275 4496 imperterritus
1303 4420 1742 4494 loricajustitiaa
1762 4422 2054 4494 induitur,
2163 4423 2222 4478 in
2250 4421 2534 4479 auxilium
2565 4439 2768 4479 eorum
2785 4422 3072 4496 compulit
3086 4419 3678 4497 properare,suadens
3699 4415 3788 4496 hoc

403 4513 599 4588 gladio
629 4511 920 4586 spirituali
949 4511 1292 4586 accingitur,
1320 4510 1531 4582 przevia
1559 4527 1729 4568 cruce
1758 4511 1970 4568 Christi
1991 4513 2052 4570 in
2085 4533 2130 4597 ι)
2161 4527 2333 4584 opere
2361 4511 2509 4570 nihil
2540 4528 2669 4569 esse
2698 4509 3108 4581 beatius,nihil
3129 4511 3248 4568 Deo
3272 4501 3790 4585 acceptius,sielie-

403 4601 680 4658 omnibus
739 4599 1009 4673 periculis
1054 4616 1158 4670 pro
1204 4597 1408 4654 lancea
1434 4598 1638 4665 utitur,
1672 4598 1872 4656 dicens
1914 4617 2051 4656 cum
2159 4603 2348 4658 ratam
2365 4600 2944 4675 praedonumrabiem
2967 4601 3038 4657 ab
3055 4597 3788 4674 innocentisvulgiopprcs-

401 4691 570 4748 beato
602 4689 850 4746 Martino
883 4705 896 4744 :
937 4689 1047 4758 Ego
1069 4689 1226 4758 signa
1263 4689 1461 4753 crucis,
1494 4704 1605 4744 non
1651 4688 1838 4761 clypeo
1868 4697 2046 4762 prote-
2156 4693 2322 4746 stone
2348 4693 2762 4762 compesceret.
2795 4691 3054 4758 Quorum
3085 4705 3305 4762 magna
3338 4707 3480 4764 pars
3502 4689 3562 4745 in
3589 4679 3790 4761 paludi-

398 4787 538 4848 clus,
571 4789 668 4838 aut
693 4781 872 4852 galea,
906 4779 1148 4835 hostium
1171 4793 1366 4834 cuneos
1393 4779 1685 4849 penetrabo
1711 4795 1955 4836 securus.
2155 4778 2413 4850 bus,sive
2429 4775 3790 4854 rupibusﬁrmissimasibireceptaculacommu-

470 4869 859 4929 Succenditur
886 4885 1023 4942 ergo
1053 4866 1323 4942 egregius
1351 4865 1462 4922 iste
1484 4866 1786 4925 aemulator
1815 4869 2046 4942 pietatis
2155 4869 2448 4938 niverant;
2483 4865 2698 4940 quibus
2727 4867 2858 4925 freti
2891 4867 3082 4926 aliena
3111 4881 3216 4942 per
3242 4867 3568 4928 circuitum
3599 4859 3791 4939 prsidia

399 4964 456 5014 et
497 4959 764 5034 justitiae,
797 4977 864 5016 eo
923 4957 1204 5024 nimirum
1263 4955 1406 5024 zelo,
1450 4973 1566 5028 quo
1613 4957 1924 5015 Mathatias
1966 4959 2046 5018 ,ob
2155 4955 2836 5030 usurpaverant,incolas
2857 4958 3230 5032 possessione
3256 4951 3788 5032 privatosintolem-

399 5047 827 5105 aemulationem
844 5053 1098 5122 paterna:
1122 5045 1269 5120 legis
1289 5046 2044 5119 praevaricantemJudzeum
2153 5045 2257 5102 bili
2291 5045 2558 5103 servituti
2589 5045 2952 5102 addixerant.
2986 5049 3051 5102 In
3083 5045 3191 5102 hac
3219 5063 3363 5105 vero
3413 5043 3553 5104 belli
3591 5046 3788 5112 tempe-

397 5133 456 5189 in
490 5135 635 5208 ipsis
669 5137 787 5194 aris
815 5139 1163 5196 obtruncare
1194 5153 1311 5193 non
1342 5135 1664 5206 exhorruit,
1694 5139 1750 5193 et
1781 5154 1896 5194 non
1927 5135 2040 5194 alio
2150 5138 2298 5191 state
2325 5137 2544 5208 quanto
2575 5133 2840 5208 liberius,
2867 5138 3031 5192 tanto
3062 5134 3240 5192 latius
3281 5134 3347 5191 in
3381 5149 3618 5192 omnem
3654 5127 3788 5185 circa

395 5224 569 5280 modo
601 5225 968 5282 cessantibus
994 5226 1252 5300 undique
1282 5225 1500 5284 ducum
1533 5229 1590 5281 et
1619 5225 1900 5284 comitum
1943 5243 2040 5282 ar-
2150 5223 2449 5298 rogionem
2463 5223 2753 5284 vastitatis
2767 5223 3476 5284 mucronedesreviebant.
3503 5220 3629 5279 Haec
3651 5229 3792 5276 neni-

393 5311 530 5381 mis,
561 5311 684 5370 sola
713 5329 815 5386 spe
843 5314 1044 5386 gratia:
1073 5315 1452 5386 adjutus,sibi
1484 5319 1542 5370 et
1569 5313 1834 5370 fidelitati
1854 5315 2042 5372 Eccle-
2149 5331 2220 5388 pe
2250 5311 2531 5386 oppidula
2557 5311 2761 5369 multis
2783 5315 2917 5370 ante
2937 5311 3296 5385 saeculis,sed
3326 5315 3472 5368 tunc
3489 5307 3786 5384 plurimum

391 5401 491 5460 sise
520 5418 741 5478 paucos
770 5401 1052 5458 satellites
1091 5407 1454 5460 sacramento
1483 5403 1809 5460 conﬁrmat.
1860 5403 2038 5460 Primi
2149 5403 2454 5470 damnosa,
2512 5400 2776 5459 decernit
2827 5401 3040 5459 vindex
3087 5401 3208 5470 Dei,
3259 5400 3316 5456 si
3375 5398 3587 5475 possit,
3625 5395 3786 5452 humo

387 5491 547 5552 enim
575 5490 863 5548 bellorum
887 5507 1207 5548 succensus
1237 5496 1295 5549 et
1321 5493 1394 5550 ad
1425 5491 1722 5551 modicum
1765 5509 2040 5570 prospere
2148 5507 2448 5568 coaequare
2478 5496 2534 5550 et
2563 5491 2636 5550 ab
2654 5491 2746 5550 his
2762 5491 3086 5554 latrociniis
3103 5492 3412 5570 fatigatam
3434 5489 3537 5547 diu
3559 5485 3784 5564 patriam
3835 5554 3848 5562 _

457 5582 572 5662 (25)
602 5580 981 5644 Abbreviator
1010 5578 1211 5640 omisit
1237 5588 1290 5640 et
1314 5587 1574 5642 nostram.
