4036 6160
180 290 279 356 745

1773 293 1981 355 VITA.

3373 268 3416 370 ’,
3463 298 3580 357 746

175 430 413 487 liberare.
448 427 650 499 Atque
675 441 744 481 eo
776 422 991 497 spiritu
1023 423 1577 499 inflammatus,quo
1596 426 1821 483 Amale-
1850 426 1905 495 Α
1936 426 2308 486 creberrimis
2328 429 2682 486 causabatur
2708 426 2981 500 suspiriis
3006 426 3298 494 canitiem,
3323 427 3582 489 sentiens

173 522 318 576 citem
341 520 507 590 Agag
538 534 574 572 a
607 513 908 581 Samuele,
942 514 1017 570 ab
1045 514 1173 569 Elia
1206 514 1480 573 Thesbite
1504 516 1818 591 prophetas

169 607 284 666 Baal
313 609 548 664 constat
578 620 712 662 esse
746 606 1058 669 mactatos,
1088 620 1221 661 raro
1254 607 1481 661 tantum
1507 609 1818 663 contentus

169 697 346 766 milite,
376 696 556 752 modo
589 694 725 761 hoc,
761 693 939 750 modo
970 691 1122 748 illud
1154 698 1413 751 castrum
1460 695 1817 753 fortissimus

164 789 312 844 heros
354 788 560 843 noster
589 785 827 857 cingere
860 782 1054 857 pergit
1099 784 1427 841 obsidione.
1469 788 1540 841 At
1571 785 1816 843 interius

165 874 483 944 latrunculi,
498 874 668 931 vallis
686 879 743 930 et
759 873 1085 947 paludibus
1110 875 1330 930 temere
1350 875 1574 945 confisi,
1592 878 1812 939 metum

166 966 327 1039 primo
355 963 742 1037 dissimulare
763 961 856 1021 sui
877 962 1149 1036 periculi,
1172 966 1812 1035 contemnere,nostros

163 1054 367 1128 probris
398 1053 712 1123 lacessere,
745 1070 844 1110 eos
876 1055 1145 1109 amentes
1184 1068 1405 1121 vocare,
1434 1053 1535 1127 qui
1568 1055 1810 1111 domum

164 1145 270 1218 ipsa
288 1149 504 1200 natura
525 1144 821 1199 firmatam
853 1141 1155 1199 venissent
1179 1140 1549 1215 impugnare.
1567 1144 1839 1200 Econtra'

164 1232 341 1300 nostri,
366 1230 620 1287 monitis
644 1234 763 1287 tam
785 1229 1052 1304 praclari
1077 1230 1249 1286 ducis
1269 1230 1509 1287 animati
1520 1231 1812 1299 ,certatim

162 1322 357 1378 instant
388 1317 684 1377 vimineas
714 1323 905 1376 crates
928 1324 1143 1385 texere,
1168 1319 1359 1376 fasces
1382 1321 1638 1393 quisque
1658 1337 1812 1378 com-

162 1416 385 1483 portare,
440 1425 549 1482 per
590 1409 751 1464 invia
800 1407 1093 1464 machinis
1144 1423 1361 1463 novum
1415 1409 1526 1465 iter
1571 1409 1805 1467 facere:

159 1500 330 1572 sicque
361 1514 494 1555 rem
528 1494 1057 1554 naturadifiicilem
1090 1496 1149 1552 in
1172 1496 1329 1552 brevi
1353 1497 1568 1554 devicit
1589 1497 1807 1554 laboris

159 1588 487 1661 improbitas
518 1602 654 1642 eum
686 1585 1012 1654 industria;
1044 1585 1108 1639 fit
1139 1584 1332 1641 solum
1363 1585 1540 1659 palus
1572 1586 1734 1643 ranis
1750 1588 1807 1643 et

160 1678 397 1751 piscibus
425 1674 758 1741 notissima,
774 1678 942 1747 parat
966 1673 1257 1731 exitialem
1290 1674 1649 1732 latrunculis
1681 1693 1805 1732 ma-

159 1764 813 1867 chinam,quib‘us'tutas
838 1763 1128 1867 hactenus
1160 1762 1491 1867 praebuerat
1518 1763 1800 1867 latebras.
1842 1801 1889 1867 Β

159 1856 268 1921 Quae
298 1854 399 1910 ubi
438 1870 506 1909 eo
540 1851 650 1908 loci
682 1850 930 1925 appulsa
958 1853 1047 1907 est
1076 1851 1227 1907 unde
1253 1851 1429 1908 certis
1456 1852 1681 1910 ictibus
1709 1851 1812 1908 illa

158 1944 435 2000 latronum
467 1941 751 2015 spelunca
780 1944 979 2014 posset
1008 1939 1188 2008 feriri,
1223 1939 1349 1997 dies
1374 1945 1557 2014 atque
1610 1945 1810 1998 noctes

159 2026 615 2087 sine‘interstitio
648 2030 808 2101 caque
839 2028 1115 2084 adversas
1135 2027 1578 2096 babuere,dum
1603 2046 1809 2087 succe-

156 2121 331 2176 dentes
363 2118 481 2176 sibi
514 2116 774 2174 vicissim
807 2117 879 2173 ad
909 2116 1172 2173 laborem
1204 2117 1808 2186 nostri,creberrimis

157 2226 409 2267 saxorum
444 2207 665 2265 nimbis
696 2208 844 2264 atria
871 2207 1106 2277 domus,
1141 2222 1346 2263 omnes
1378 2224 1630 2279 prorsus
1653 2209 1804 2265 inte-

153 2300 317 2354 stinas
348 2297 617 2355 hostium
650 2296 908 2354 latebras
933 2312 1217 2369 quassare
1243 2314 1355 2352 non
1380 2301 1641 2355 cessant.
1675 2303 1805 2372 Ipse

154 2388 445 2462 episcopus
504 2402 764 2460 praesens
819 2386 1157 2459 vigiliarum
1192 2388 1249 2441 et
1277 2385 1623 2458 psalxnodia:
1670 2394 1803 2445 vota

152 2476 521 2552 omnipotenti
552 2476 669 2533 Deo
708 2492 842 2532 cum
874 2473 976 2531 tali
1022 2490 1195 2547 opere
1226 2472 1615 2546 persolvebat.
1649 2477 1799 2547 Quid

154 2566 345 2639 plura?
372 2565 693 2623 Godefrido
724 2564 944 2620 frustra
987 2565 1208 2620 nitente
1240 2563 1310 2619 ad
1343 2564 1630 2622 auxilium
1671 2567 1798 2623 suis

154 2655 347 2725 venire,
380 2652 615 2711 obsessi
646 2653 717 2709 de
738 2653 856 2709 vita
884 2656 942 2709 et
972 2650 1256 2707 membris
1286 2654 1686 2724 paciscuntur,
1702 2673 1797 2712 ca-

154 2744 372 2800 stellum
390 2743 667 2800 funditus
692 2746 929 2816 captum
947 2743 1225 2798 evertitur
1247 2758 1261 2797 :
1286 2740 1419 2797 inde
1436 2742 1598 2800 aliud
1622 2750 1797 2818 atque

155 2832 294 2890 aliud
327 2831 645 2889 castellum
678 2832 901 2904 absque
946 2830 1356 2887 retractatione
1386 2831 1566 2888 simili
1599 2839 1795 2908 strage

155 2923 463 2979 coniicitur.
488 2921 605 2977 Sed
628 2937 814 2993 neque
832 2919 940 2975 hoc
962 2917 1256 2975 silendum
1279 2922 1439 2992 puto,
1465 2922 1621 2993 quod
1646 2921 1797 2980 inter

155 3010 532 3067 obsidendum
554 3027 708 3083 saepe
725 3008 1001 3077 millenis,
1026 3023 1177 3080 saape
1199 3007 1486 3081 pluribus,
1502 3028 1634 3067 raro
1656 3031 1796 3085 pau-

153 3099 411 3170 cioribus,
444 3098 693 3170 antiquo
747 3098 1147 3154 Romanorum
1202 3113 1362 3155 more
1419 3101 1793 3173 quotidianus

1926 533 2058 573 cum
2089 519 2258 575 beato
2302 518 2410 576 Job
2458 517 2604 574 nihil
2655 517 2817 574 aliud
2861 533 3038 589 quam
3084 518 3439 574 tentationmn
3466 532 3583 597 esse

1925 609 2093 665 vitam
2119 608 2361 664 hominis
2389 623 2555 681 super
2584 615 2806 664 terram.
2843 606 3005 663 Unde
3053 610 3110 663 et
3152 604 3439 663 familiare
3467 602 3579 663 ba-

1921 696 2096 753 bebat
2141 694 2391 771 psallere
2440 714 2575 754 cum
2619 697 2788 754 beato
2834 694 3056 751 David:
3093 694 3317 764 Quando
3356 696 3577 753 veniam

1924 792 1975 842 et
2001 788 2273 859 apparebo
2304 794 2429 843 ante
2467 788 2667 859 [aciem
2714 785 2814 842 Dei
2858 785 2970 841 mei
2988 788 3011 841 Ρ
3040 788 3097 842 et
3125 782 3271 841 illud
3310 784 3570 841 Dec-toris

1919 876 2185 948 gentium
2219 892 2231 931 :
2267 876 2439 949 Cupio
2468 873 2702 932 dissolvi
2727 878 2781 931 et
2806 890 2930 931 cum
2960 873 3172 930 Christo
3198 889 3331 930 esse.

1991 964 2105 1021 Nec
2136 969 2227 1022 est
2257 964 2649 1021 dubitandum
2680 962 2731 1019 si
2760 963 2811 1020 is
2845 962 3183 1019 Neronianae
3217 962 3571 1036 persecutio-

1920 1052 2012 1111 nis
2038 1070 2141 1111 seu
2176 1054 2435 1110 Deciana:
2482 1057 2747 1126 tempora
2790 1055 2998 1108 nactus
3048 1052 3217 1121 foret,
3242 1052 3384 1125 quin
3418 1050 3570 1108 ultro

1923 1159 1988 1199 se
2014 1146 2453 1216 persecutorum
2485 1141 2768 1216 praetoriis
2800 1141 3089 1214 ingereret
3117 1144 3175 1198 et
3199 1141 3573 1201 damnandus

1922 1235 2141 1288 astaret
2163 1232 2486 1305 judicando
2520 1229 2849 1298 sublimior,
2856 1230 3066 1304 jugulo
3098 1229 3379 1287 cervicem
3409 1230 3575 1287 daret

1921 1320 2179 1379 feriendo
2205 1321 2410 1378 fortior
2442 1338 2455 1378 :
2486 1320 2586 1393 qui
2617 1321 2759 1377 dum
2792 1319 3114 1378 ambiretur
3144 1310 3466 1376 auxiliariis
3487 1328 3574 1376 ar.

1916 1414 2213 1467 matorum
2260 1410 2528 1477 catervis,
2561 1408 2748 1465 solam
2779 1423 3011 1464 crucem
3045 1396 3262 1466 Christi
3297 1407 3572 1464 manibus

1916 1499 2238 1571 proferens,
2264 1498 2527 1556 medium
2550 1515 2677 1555 sese
2698 1497 2940 1555 armatis
2962 1496 3234 1554 hostibus
3256 1496 3495 1567 inferre,
3517 1490 3575 1552 et

1916 1587 1967 1642 si
2001 1587 2268 1644 voluntas
2297 1587 2399 1645 Dei
2430 1588 2579 1643 foret
2619 1586 2815 1646 taliter
2864 1589 3051 1643 morte
3091 1585 3439 1642 occumbere
3470 1596 3573 1658 pa-

1916 1680 2081 1732 ratus
2101 1676 2231 1743 fuit,
2253 1675 2473 1731 imitari
2495 1675 2838 1732 desiderans
2869 1690 3005 1737 eum
3035 1672 3137 1746 qui
3170 1673 3346 1730 dixit:
3374 1677 3574 1730 Pastor

1918 1766 2088 1821 bonus
2134 1766 2383 1822 animam
2430 1782 2591 1821 suam
2633 1766 2790 1837 ponit
2830 1781 2930 1836 pro
2977 1765 3166 1820 ovibus
3209 1765 3342 1820 suis.
3384 1764 3575 1820 Tanta

1920 1853 2376 1927 propugnatoris
2419 1852 2603 1909 nostri
2630 1852 2844 1909 virtute
2892 1842 3165 1909 exterrita
3209 1850 3571 1909 adversario-

1920 1959 2050 1998 rum
2078 1941 2359 2015 paulatim
2388 1942 2599 1998 det‘ecit
2627 1941 2886 2010 insania;
2906 1939 3029 2014 qui,
3062 1940 3213 1997 sicut
3242 1940 3357 2014 ipsi
3376 1936 3571 1997 adhuc

1920 2031 2119 2087 testari
2145 2030 2356 2101 solent,
2390 2031 2620 2103 quoties
2653 2029 2905 2088 eti‘eratis
2930 2026 3149 2087 animis
3171 2029 3234 2086 in
3264 2045 3373 2087 nos
3402 2042 3571 2105 gras-

1917 2123 2208 2185 sarentur,
2242 2119 2447 2176 statim
2479 2120 2552 2176 ad
2584 2120 2790 2176 urbem
2827 2123 2893 2176 ut
2938 2122 3179 2192 possent
3223 2121 3486 2176 nostram
3517 2110 3575 2175 et

1917 2213 2257 2265 sanctorum
2290 2208 2546 2265 oratoria
2581 2208 2916 2282 conspicere
2944 2220 3113 2266 mens
3142 2206 3263 2265 illis
3293 2207 3574 2267 divinitus

1916 2298 2279 2364 mutabatur,
2305 2301 2369 2352 ut
2390 2313 2507 2354 non
2535 2298 2709 2355 modo
2732 2297 2953 2354 malum
2976 2310 3093 2354 non
3112 2294 3348 2367 inferre,
3370 2300 3574 2354 verum

1914 2387 2093 2444 etiam
2126 2402 2229 2459 pro
2260 2386 2586 2444 reverentia
2624 2386 2736 2461 ipsi
2780 2384 2903 2444 loco
2953 2388 3081 2461 pias
3123 2386 3462 2461 impendere
3488 2386 3571 2443 la-

1915 2490 2144 2549 crymas
2196 2474 2424 2531 liberet.
2474 2476 2635 2533 Unde
2700 2474 2947 2550 contigit
2995 2479 3061 2533 ut
3107 2476 3208 2549 qui
3276 2492 3412 2533 cum
3471 2492 3572 2551 pe-

1911 2564 2095 2621 riculo
2154 2563 2493 2621 animarum
2549 2566 2758 2623 alienis
2824 2560 3168 2623 invadendis
3238 2565 3566 2635 inhiabant,

1911 2653 2003 2710 vix
2045 2652 2207 2710 salva
2248 2652 2347 2708 sui.
2402 2652 2825 2724 incolumitate,
2872 2655 3108 2711 tandem
3166 2655 3421 2711 contenti
3475 2671 3565 2711 es-

1908 2746 2039 2798 sent
2077 2741 2315 2813 propria
2359 2743 2630 2812 retinere,
2682 2743 2854 2799 modo
2908 2748 3169 2817 cogente,
3230 2744 3402 2801 modo
3459 2742 3563 2799 ob-

1904 2834 2170 2888 secrante
2201 2830 2521 2889 venerabili
2552 2832 2717 2888 Patre
2747 2831 3020 2902 Wazone,
3045 2833 3340 2906 postremo
3371 2833 3560 2890 omni-

1906 2921 2018 2976 bus
2044 2917 2236 2974 modis
2282 2922 2348 2974 ut
2392 2920 2804 2993 resipiscerent
2843 2920 3117 2977 instante.
3151 2920 3245 2977 Sic
3276 2918 3557 2978 nimirum

1904 3005 2328 3080 omnipotentis
2355 3009 2457 3064 Dei
2492 3010 2680 3082 pietas
2709 3008 2974 3066 Ecclesiae
3003 3026 3123 3066 suae
3154 3010 3371 3079 navim,
3404 3011 3564 3083 ejus-

1905 3097 2065 3154 modi
2113 3098 2571 3169 tempestatibus
2613 3100 2897 3169 vexatam,
2939 3108 3043 3172 per
3085 3094 3383 3156 efﬁcacem
3424 3115 3566 3173 pru-

154 3193 409 3261 sumptus
458 3187 757 3261 praebebat
804 3186 1074 3254 armatis,
1119 3186 1383 3259 gregario
1434 3172 1610 3244 militi
1642 3189 1792 3246 inte-
1824 3172 1867 3241 C
1907 3186 2099 3243 dentis
2130 3183 2390 3243 naucleri
2423 3186 2778 3245 industriam
2811 3184 3270 3246 misericorditer
3292 3172 3567 3263 dignatus

155 3278 254 3333 rim
283 3277 611 3334 concedens
643 3292 820 3331 usum
852 3274 1302 3331 mactandarum
1330 3276 1801 3350 pecudum,abs-

155 3382 256 3436 que
274 3367 355 3423 eis
376 3382 511 3438 quae
532 3364 763 3437 agrario
783 3362 943 3436 operi
967 3368 1167 3419 essent
1190 3364 1559 3433 necessariae;
1583 3364 1803 3439 ipsum-

157 3472 259 3526 que
283 3457 567 3513 damnum
600 3453 727 3526 ipse
758 3452 1013 3527 singulis
1046 3468 1453 3526 possessorum
1477 3471 1546 3510 ex
1574 3455 1803 3530 integro

159 3544 477 3618 supplebat,
525 3542 758 3599 nullum
809 3541 1114 3613 injustitim
1161 3540 1353 3598 locum
1403 3560 1530 3600 esse
1577 3545 1805 3617 patiens

161 3633 331 3688 etiam
361 3633 418 3688 in
450 3637 619 3689 tanta
648 3648 845 3688 rerum
876 3629 1246 3687 difficultate.
1276 3634 1400 3698 Qua
1430 3648 1499 3686 ex
1529 3648 1590 3687 re
1620 3630 1808 3706 liquet

164 3738 333 3792 quam
357 3725 529 3778 tenax
573 3721 725 3794 mqui
755 3724 814 3776 et
853 3718 993 3776 recti
1027 3717 1175 3775 alias
1207 3719 1399 3788 fuerit,
1434 3720 1806 3793 quandoqui-

165 3808 292 3864 dem
323 3825 386 3866 eo
414 3814 679 3882 tempore
710 3825 825 3881 quo
858 3807 1110 3863 maxime
1142 3808 1465 3880 captaudus
1495 3812 1620 3864 erat
1650 3810 1811 3865 favor

162 3897 380 3970 populi,
403 3904 466 3955 ut
488 3900 555 3955 tit
576 3899 640 3954 in
659 3897 762 3954 tali
786 3898 1039 3970 negotio,
1066 3896 1152 3953 vel
1174 3914 1409 3954 summa
1440 3898 1810 3955 necessitudo

163 3986 413 4059 rigidum
443 3989 721 4044 Catonem
753 3985 1049 4060 ajustitia
1079 3984 1349 4043 divellere
1381 3988 1727 4059 nequiverit.

160 4095 294 4150 CAP.
341 4095 524 4152 XVIII.
568 4100 647 4152 De
713 4095 985 4152 divisione
1039 4096 1349 4164 gratiarum
1410 4095 1539 4150 huic
1596 4095 1814 4152 homini

873 4167 1092 4222 collata.

226 4254 397 4310 Libet
443 4256 501 4312 in
552 4256 662 4313 hoc
713 4255 952 4312 homine
998 4254 1232 4311 divitias
1282 4254 1488 4311 divina:
1533 4254 1813 4314 bonitatis

158 4341 394 4411 intueri,
412 4347 465 4401 et
485 4345 543 4401 in
567 4344 745 4402 unius
768 4345 962 4402 cordis
994 4344 1301 4401 latitudine
1331 4344 1655 4402 divisiones
1671 4362 1811 4418 gra-

158 4431 380 4487 tiarum
407 4434 680 4492 admirari
705 4451 719 4504 ;
755 4451 902 4507 quas
929 4434 1072 4490 adeo
1099 4434 1353 4490 discreta
1377 4433 1709 4492 studiorum
1734 4434 1812 4488 vi-

161 4520 497 4579 cissitudine
530 4524 830 4580 nitebatur
866 4522 1301 4590 administrare,
1331 4527 1395 4578 ut
1422 4540 1557 4579 cum
1590 4523 1689 4579 uni
1724 4524 1809 4579 in-
1841 4547 1888 4612 D

161 4610 363 4666 tentus
385 4617 532 4670 esset
561 4610 820 4686 negotio,
842 4612 972 4668 aliis
1003 4611 1322 4668 identidem
1355 4611 1662 4680 obnoxius,
1694 4613 1810 4669 nisi

164 4697 425 4766 sciretur,
460 4702 618 4759 nullo
654 4701 828 4758 modo
860 4702 1211 4758 crederetur.

234 4785 378 4842 Nam
419 4790 463 4845 si
509 4792 853 4865 episcOpum
893 4790 1158 4863 respicio,
1192 4790 1392 4846 videor
1428 4791 1571 4846 mihi
1618 4792 1809 4848 videre

164 4890 231 4928 su
240 4892 280 4947 p
288 4891 467 4947 parem
483 4880 759 4954 Gregorio
776 4897 790 4950 ;
807 4880 857 4936 si
878 4877 1155 4936 militaria
1176 4884 1468 4953 agentem,
1492 4898 1606 4937 non
1629 4880 1706 4937 im
1714 4899 1807 4955 pa-

169 4978 297 5018 rem
322 4982 437 5025 esse
463 4968 827 5043 contemplor
856 4968 1207 5026 Machabzeo.
1232 4968 1398 5025 Hunc
1435 4969 1492 5026 in
1520 4970 1809 5043 sapientia

165 5051 539 5130 Salomonem,
578 5058 637 5115 in
668 5058 1021 5133 disputando
1053 5058 1273 5132 accipio
1294 5059 1685 5134 Augustinum
1705 5061 1805 5129 -,in

168 5142 350 5200 cordis
368 5145 716 5222 humilitate,
740 5147 1102 5206 continentia
1123 5152 1180 5204 et
1200 5148 1531 5222 vigiliarum
1556 5150 1807 5207 assidui-

169 5232 305 5297 tate,
319 5251 526 5310 pauper
544 5238 759 5311 spiritu
781 5237 1103 5311 quemlibet
1123 5242 1462 5293 sanctorum
1489 5238 1804 5296 anochore-

174 5319 358 5379 tarum
386 5327 1059 5385 referebat.Necessitate
1086 5326 1273 5400 magis
1305 5344 1483 5399 quam
1512 5328 1806 5386 voluntate

173 5405 456 5484 iungebat
476 5433 543 5474 ea
565 5434 693 5491 quae
715 5421 854 5474 sunt
875 5414 1092 5484 sazculi,
1109 5421 1173 5472 ut
1194 5416 1431 5472 omnino
1454 5422 1677 5476 caveret
1693 5419 1809 5475 dis-

174 5494 379 5567 plicare
406 5506 679 5565 Creatori.

250 5585 351 5655 Suo
371 5593 589 5669 judicio
634 5595 904 5654 inutilem
937 5599 993 5653 et
1023 5594 1253 5654 dierum
1294 5595 1529 5656 malitiae
1574 5597 1809 5680 plenam

493 5723 763 5792 ΡΑινιιω..
810 5722 1039 5792 CXLII.

1910 3280 2000 3332 est
2042 3275 2114 3331 ad
2161 3278 2396 3347 tempus
2450 3276 2746 3334 liberare:
2782 3276 2919 3335 licet
2963 3278 3023 3334 in
3074 3281 3240 3336 tanta
3276 3277 3567 3353 “factione,

1911 3381 2029 3420 non
2051 3367 2248 3419 tamen
2274 3368 2337 3419 ut
2358 3365 2525 3436 prius
2552 3367 2893 3437 metuenda,
2914 3366 3135 3424 bellum
3157 3370 3361 3426 contra
3388 3364 3573 3443 impe-

1914 3458 2171 3510 ratorem
2206 3451 2336 3521 fuit,
2362 3455 2536 3511 bonis
2563 3454 2703 3513 viris
2735 3456 3156 3514 deferentibus.

2093 3544 2228 3596 CAP.
2262 3541 2403 3598 XIX.
2442 3544 2507 3601 Ut
2546 3545 2867 3617 imperatori
2894 3550 3172 3619 suspectus
3197 3549 3389 3620 fuerit.

1989 3635 2055 3687 In
2088 3646 2226 3703 quo,
2260 3646 2326 3687 eo
2360 3633 2516 3705 quod
2567 3633 2884 3708 aliquando
2929 3636 3265 3695 dementius
3312 3636 3373 3697 in
3423 3638 3581 3694 viros

1918 3719 2188 3777 Ecclesia:
2228 3724 2441 3777 nostra:
2472 3722 2798 3781 insanitum
2830 3725 3023 3798 fuerit,
3055 3726 3229 3784 bonis
3260 3716 3398 3784 viris
3425 3726 3580 3784 defe-

1919 3808 2206 3877 rentibus,
2236 3808 2325 3865 vir
2364 3809 2463 3866 Dei
2506 3813 2662 3884 apud
2701 3812 3116 3886 imperatorem
3150 3815 3281 3873 falsi
3313 3814 3579 3872 criminis

1921 3902 2012 3955 est
2041 3901 2352 3954 accusatus
2377 3899 2554 3971 quod,
2578 3901 2715 3957 data
2743 3902 2857 3958 fide
2886 3903 3217 3973 Godefrido,
3242 3909 3447 3961 contra
3466 3902 3577 3960 ini-

1922 3988 2272 4060 peratoriam
2321 3989 2691 4060 majestatcm
2742 3991 3024 4063 regnique
3060 3992 3309 4049 salutem
3340 3998 3575 4065 pactum

1921 4077 2143 4143 fecerit,
2170 4080 2246 4143 et,
2281 4077 2437 4148 quod
2484 4077 2556 4133 de
2605 4080 2768 4135 tanto
2814 4078 2949 4135 viro
2984 4077 3146 4136 nefas
3189 4084 3279 4137 est
3323 4079 3572 4153 opinari,

1922 4165 2112 4221 eidem
2137 4163 2554 4221 confidentiam
2582 4166 2806 4223 dederit
2831 4166 3232 4241 belligerandi.
3602 4166 3605 4169 ’

1991 4253 2121 4309 Haec
2154 4270 2331 4325 quam
2374 4254 2591 4310 fuerint
2621 4271 2655 4310 a
2683 4255 2925 4312 veritate
2960 4256 3152 4314 aliena
3181 4255 3437 4313 clamant
3461 4255 3576 4314 alia

1919 4343 2072 4399 facta
2112 4343 2243 4413 ejus
2285 4342 2684 4401 venerabilia:
2738 4344 2839 4401 sed
2901 4345 3040 4418 quia
3084 4343 3321 4402 difficile
3370 4350 3459 4403 est
3509 4351 3575 4411 ut

1920 4431 2136 4486 mentis
2167 4430 2394 4500 oculus,
2427 4430 2565 4487 hinc
2614 4431 2800 4505 gloria
2847 4432 2904 4490 et
2950 4433 3191 4505 divitiis,
3219 4433 3357 4491 hinc
3399 4435 3575 4492 variis

1921 4520 2332 4592 dispensandae
2383 4522 2714 4595 reipublicae
2755 4523 2935 4592 curis,
2970 4516 3108 4580 hinc
3139 4522 3300 4581 mille
3330 4523 3576 4581 adulan-

1921 4610 2074 4666 tium
2103 4607 2325 4682 linguis
2356 4610 2415 4665 in
2447 4610 2678 4668 diversa
2700 4615 2992 4684 raptatus,
3019 4611 3336 4686 aliquando
3365 4629 3400 4671 a
3427 4612 3575 4670 veri-

1923 4697 2059 4755 tatis
2089 4697 2218 4755 luce
2250 4716 2366 4755 non
2395 4699 2680 4769 caacutiat,
2716 4712 3067 4775 persuasum
3108 4704 3198 4758 est
3238 4701 3575 4775 imperatori

1922 4805 1955 4844 a
1984 4786 2381 4843 deferentibus
2416 4791 2479 4843 ut
2508 4788 2565 4843 in
2597 4788 2691 4844 his
2719 4804 2845 4861 quas
2874 4802 3006 4846 vere
3035 4789 3286 4846 ﬁdeliter
3313 4792 3574 4862 gesserat

1919 4878 2176 4933 domnus
2203 4875 2401 4945 Wazo,
2432 4893 2548 4932 non
2575 4877 2910 4934 communis
2940 4877 3231 4934 commodi
3261 4893 3363 4934 seu
3385 4877 3570 4951 impe-

1918 4965 2145 5023 ratoria:
2192 4963 2491 5023 ﬁdelitatis
2538 4966 2747 5038 gratia,
2783 4966 2883 5022 sed
2933 4982 3002 5022 ex
3040 4965 3427 5023 contentionis
3454 4982 3569 5023 usu

1918 5054 2165 5129 prepriaa
2213 5053 2542 5111 inscrvierit
2584 5055 2946 5127 arrogantia.
2977 5055 3236 5112 Accessit
3273 5055 3345 5113 ad
3371 5056 3569 5130 suspi-

1915 5145 2141 5201 cionem
2168 5144 2351 5200 libera
2371 5145 2693 5202 sacerdotis
2725 5145 3063 5218 auctoritas,
3094 5162 3242 5219 quae,
3259 5146 3436 5205 totius
3457 5147 3566 5204 due

1918 5232 2196 5307 plicitatis
2226 5250 2444 5303 exsors,
2470 5251 2504 5291 a
2522 5234 2781 5292 veritatis
2802 5235 3039 5293 tramite
3069 5252 3257 5310 neque
3276 5236 3348 5293 ad
3371 5237 3567 5294 dexte-

1917 5340 2042 5380 ram
2071 5337 2259 5395 neque
2294 5323 2365 5378 ad
2394 5323 2698 5381 sinistram
2730 5323 3022 5382 declinare
3045 5329 3285 5384 noverat
3309 5344 3323 5396 ;
3347 5324 3570 5399 quique

1916 5429 2020 5486 pro
2044 5412 2284 5469 veritate
2311 5413 2534 5485 agendo
2574 5413 2980 5486 cujuscunque
3008 5413 3239 5473 facilius
3269 5412 3572 5473 incurrere

1918 5519 2034 5560 non
2065 5499 2378 5574 trepidavit
2425 5501 2732 5572 offensam,
2763 5519 2943 5577 quam
2990 5504 3170 5563 tacita
3201 5503 3439 5565 veritate
3470 5519 3574 5579 po-

1918 5592 2095 5655 tentis
2128 5590 2327 5672 gratiae
2363 5592 2647 5655 assentari
2679 5593 2945 5654 voluerit.
2981 5592 3142 5656 Unde
3174 5606 3358 5654 unum
3391 5590 3573 5656 rech

3173 5725 3255 5813 ει
