4036 6160
533 241 650 303 ’147
723 299 726 302 .

1611 239 1710 302 VA
1723 241 1946 304 SONIS
1989 240 2450 304 LEODIENSIS
2496 241 2875 304 EPlSCOPI.

3713 258 3809 331 748

521 373 692 448 quod
725 371 988 446 parvitati
1023 376 1230 428 nostrae
1262 387 1366 446 per
1395 372 1706 437 diaconum
1751 376 1902 448 ejus,
1934 377 2035 448 qui
2070 375 2176 431 hoc
2210 381 2260 446 Α
2294 375 2576 430 mutabile
2608 375 2824 429 animal
2861 374 3309 447 ibmina,utipsa
3328 381 3406 432 est
3431 379 3565 436 mille
3585 383 3807 444 fraudium

532 463 688 520 idem
713 463 784 518 ab
810 479 910 519 ore
940 461 1128 536 ipsius
1156 460 1458 532 didicerat,
1491 463 1735 537 contigit
1763 465 2182 523 innotuisse.ln

536 569 654 627 quo
693 552 957 609 arbitrati
1005 555 1145 608 sunt
1191 551 1433 624 quidam
1475 552 1890 626 imperatorem
1941 554 2024 612 illi
2067 573 2182 612 non

533 643 849 699 minimum
871 639 1370 710 succensuisse,eo
1383 643 1539 716 quod
1553 643 1952 702 discutiendae
1965 645 2186 718 episco-

533 748 743 806 porum
773 747 952 806 super
971 729 1382 790 ecclesiasticis
1403 732 1712 790 ordinibus
1733 751 1942 791 causas
1974 753 2186 810 nequa-

534 836 710 893 quam
732 819 1050 894 illi,utpote
1068 818 1238 894 laico,
1261 820 1363 877 sed
1387 837 1621 878 summo
1645 822 1902 896 pontiﬁci
1927 824 2188 897 assigna-

531 909 695 966 verit.

671 1015 809 1074 Car.
841 1016 960 1073 XX.
993 1017 1144 1090 Quid
1169 1017 1231 1073 in
1257 1020 1692 1093 cattsa‘episcopi
1720 1021 2048 1077 Ravennatis

1163 1091 1397 1146 senserit
1428 1091 1560 1163 (26).

603 1176 852 1245 Quidam
869 1177 1206 1252 spectabilis
1226 1193 1436 1252 genere
1458 1178 1822 1236 Coloniensis
1843 1181 2182 1250 canonicus,

533 1267 810 1340 Wigerus
857 1265 1116 1335 nomine,
1168 1265 1734 1340 archiepiscopatum
1787 1271 2183 1326 Ravennatem

532 1355 606 1412 ab
664 1354 794 1429 ipso
851 1355 1202 1428 imperatore
1255 1355 1525 1412 Heinrico
1587 1362 1936 1432 acceperat:
1994 1361 2182 1432 isque,

533 1449 852 1516 antequam
872 1444 1185 1518 episcopus
1211 1444 1600 1516 ordinaretur,
1625 1447 1862 1504 biennio
1884 1449 2190 1522 presbyter

535 1537 790 1602 tantum,
825 1550 958 1589 cum
989 1532 1302 1591 dalmatica
1329 1537 1388 1592 et
1416 1536 1699 1593 sandaliis
1740 1537 2056 1594 missarum
2092 1555 2183 1596 so-

481 1658 486 1663 ο
537 1621 758 1679 lemnia
781 1621 1190 1680 celebraverat.
1205 1623 1370 1680 Unde
1392 1643 1496 1698 pro
1527 1625 1730 1682 multis
1759 1625 2090 1684 inconsulte
2113 1629 2184 1684 ab

538 1711 668 1785 ipso
696 1711 914 1769 ibidem
945 1712 1150 1786 gestis,
1179 1717 1236 1769 et
1263 1729 1368 1786 pro
1399 1713 1505 1770 hac
1532 1714 1785 1772 maxime
1817 1716 1984 1789 quasi
2012 1721 2189 1774 teme-

537 1800 708 1857 ritate
739 1804 1050 1858 accusatus
1079 1801 1151 1858 ad
1181 1801 1465 1876 palatium
1509 1808 1800 1872 evocatur,
1833 1805 1906 1861 ab
1935 1806 2186 1879 impera-

534 1893 660 1946 tore
683 1890 840 1964 quod
861 1891 1149 1963 ejusmodi
1179 1893 1697 1966 praesumptionem
1731 1894 2036 1951 admiserit
2055 1911 2184 1969 gra-

537 1979 681 2036 viter
711 1978 1108 2037 insimulatur.
1131 1979 1394 2054 Cumque
1416 1982 1473 2038 id
1498 1999 1731 2056 semper
1759 1985 1888 2056 ejus
1916 1983 2184 2041 Ecclesiae

535 2068 892 2142 presbyteris
929 2085 1000 2126 ex
1046 2073 1382 2127 sanctorum
1433 2071 1668 2128 Patrum
1725 2073 2069 2129 auctoritate
2110 2074 2186 2128 li-

534 2156 727 2215 cuisse
757 2159 1176 2232 respondisset,
1210 2176 1388 2234 super
1415 2159 1508 2216 bis
1549 2162 1842 2234 judicium
1883 2162 2184 2237 episcopo-

535 2264 667 2304 rum
699 2245 1055 2320 exquirit’ur:
1081 2249 1572 2322 respondentibus
1599 2251 1954 2324 quibusdam
1989 2253 2060 2307 ad
2093 2269 2188 2308 vo-

533 2335 822 2394 luntatem
835 2336 1592 2411 imperatoris,quibusdam
1603 2355 1736 2396 vero
1751 2339 2184 2411 haesitantibus,

533 2425 766 2483 venitur
793 2426 864 2480 ad
894 2425 1212 2487 Wazonem
1235 2426 1718 2500 episcopum.lllo
1741 2428 1994 2484 multum
2021 2447 2188 2487 excu-

538 2519 726 2584 sante,
759 2514 1024 2572 Italicum
1065 2514 1403 2589 episcopum
1449 2532 1824 2590 nequaquam
1857 2535 1892 2574 a
1915 2534 1978 2573 se
2006 2519 2185 2576 Cisal-

536 2604 675 2679 pino
719 2603 930 2662 debere
969 2603 1247 2676 judicari,
1278 2605 1597 2678 imperator
1644 2606 1855 2662 iterum
1887 2611 1954 2664 ut
1982 2609 2185 2666 admo-

536 2693 698 2750 nitus
751 2709 853 2766 per
907 2693 1300 2750 obedientiam
1373 2711 1552 2768 super
1614 2695 1723 2751 hoc
1776 2696 1926 2752 facto
1975 2698 2186 2770 judicii

537 2782 889 2839 sententiam
915 2781 1107 2838 edicat
1135 2783 1508 2840 vehementer
1535 2784 1777 2841 insistit.
1810 2789 1894 2843 Ita
1923 2791 2182 2857 coactus,

536 2870 774 2926 tandem
817 2869 958 2942 quid
1007 2886 1187 2944 super
1240 2870 1334 2926 his
1366 2872 1607 2928 sentiret
1636 2873 1885 2946 aperuit.
1917 2875 2182 2946 Summo,

533 2957 828 3032 inquiens,
855 2958 1116 3032 pontiﬁci
1147 2960 1562 3031 obedientiam,
1595 2961 1758 3019 vobis
1789 2967 1983 3020 autem
2007 2965 2180 3022 debe-

532 3064 666 3106 mus
689 3047 1059 3118 ﬁdelitatem;
1083 3048 1246 3106 vobis
1274 3049 1344 3106 de
1373 3049 1771 3121 saecularibus,
1791 3051 1876 3108 illi
1894 3053 2179 3111 rationem

2291 465 2743 523 commentatrix
2767 465 3212 533 versutissima),
3229 470 3284 520 ut
3299 469 3444 538 quasi
3469 471 3693 528 maritum
3711 476 3774 529 s‘c
3789 495 3813 531 τι

2293 553 2549 628 perjurio
2579 553 2844 623 solveret,
2879 553 3132 626 seipsam
3164 554 3406 626 ejusdem
3433 560 3594 614 mariti
3625 562 3698 616 sui
3723 581 3816 635 pro-

2293 643 2514 700 ditione
2563 643 2842 716 polluere,
2883 641 3100 716 Deique
3155 645 3447 701 sacerdotis
3488 650 3814 708 conscientiam

2292 733 2474 804 hujus
2501 731 2738 789 sceleris
2769 732 3080 788 consensui
3109 731 3390 805 implicare
3427 739 3505 790 est
3529 737 3816 808 machinata;

2294 822 2584 878 mandans
2611 820 2696 877 illi
2727 838 2832 894 per
2860 821 3138 886 nuntium
3167 826 3230 878 ut
3271 838 3394 878 eum
3422 824 3627 879 armatis
3655 829 3818 892 veniat.

2295 910 2488 966 locum
2521 915 2578 966 et
2606 915 2862 982 tempus,
2892 909 2992 966 ubi
3016 913 3074 966 et
3098 911 3324 982 quando
3349 911 3594 967 maritum
3616 915 3765 986 capiat
3777 924 3822 972 ut

2295 1000 2633 1072 imperatori
2656 1001 2869 1068 tradat,
2895 999 3218 1056 denuntiat.
3240 999 3333 1055 Ille
3353 1004 3525 1056 autem
3551 1000 3676 1057 ultra
3691 1020 3820 1074 quam

2296 1088 2451 1144 credi
2483 1093 2674 1162 potest
2711 1089 2892 1160 huius
2922 1089 3233 1145 novitatem
3266 1089 3512 1145 facinoris
3539 1089 3823 1148 abhorrens:

2294 1177 2409 1232 Nec
2434 1177 2606 1246 fama,
2623 1176 2834 1250 inquit,
2857 1194 2961 1233 nec
2981 1177 3226 1232 lectione
3245 1181 3572 1250 compertum
3592 1179 3824 1246 habemus,

2296 1282 2534 1322 uxorem
2567 1265 3015 1338 aliquando,aut
3045 1283 3111 1322 ex
3137 1265 3386 1331 veritate,
3433 1271 3524 1321 aut
3565 1283 3622 1321 ex
3647 1267 3828 1322 simula-

2297 1354 2452 1411 tione
2486 1354 2762 1410 maritnm
2795 1353 3035 1428 impune
3064 1355 3368 1410 tradidisse
3398 1373 3410 1410 :
3437 1356 3574 1428 quod
3601 1355 3724 1410 enim
3745 1360 3828 1410 tam

2296 1446 2493 1516 aperte
2525 1442 2864 1500 abhorreret
2888 1444 2958 1498 ab
2989 1443 3248 1498 humana
3276 1443 3596 1512 conditione,
3618 1443 3833 1516 pernicio-

2295 1549 2428 1589 sum
2461 1536 2548 1588 est
2573 1533 2986 1605 quoquomodo
3016 1532 3251 1606 ﬁngere.
3279 1536 3362 1587 Ita
3385 1531 3631 1587 nimirum
3652 1532 3722 1586 vir
3744 1532 3832 1597 Dei,

2296 1622 2488 1695 specie
2519 1621 2752 1678 virtutis
2783 1620 3083 1694 palliatam
3117 1619 3330 1694 lynceis
3360 1620 3642 1696 prudentiae
3671 1619 3836 1692 perspi-

2296 1711 2455 1768 ciens
2467 1711 2651 1767 oculis
2665 1710 2983 1784 nequitiam
2995 1753 3008 1778 ,
3022 1711 3182 1766 virus
3196 1709 3506 1766 lethiferum
3520 1709 3650 1782 quod
3665 1707 3837 1780 perusi-

2297 1805 2482 1856 tatum
2511 1801 2734 1859 fraudis
2756 1818 2873 1857 sum
2895 1799 3198 1856 vasculum
3225 1799 3405 1856 hostis
3431 1798 3643 1854 humani
3669 1797 3838 1869 generis

2297 1889 2608 1964 propinare
2638 1890 2902 1963 parabat,
2936 1889 3154 1946 mellito
3197 1888 3407 1945 affatim
3456 1887 3710 1960 sapientia
3747 1902 3842 1940 con-

2295 1977 2561 2034 dimento
2591 1995 2688 2034 ore
2728 1981 3062 2034 constanter
3092 1977 3330 2051 respuit.
3360 1975 3623 2032 Nimirum
3645 1973 3838 2047 pugilem

2295 2084 2468 2124 suum
2495 2066 2780 2124 Dominus
2799 2067 2998 2124 hostes
3019 2071 3268 2134 mutare,
3283 2071 3338 2122 et
3358 2083 3452 2139 per
3470 2067 3628 2121 duros
3645 2063 3842 2120 certami-

2297 2173 2441 2212 num
2473 2155 2702 2218 labores
2729 2155 2898 2212 virile
2927 2157 3270 2230 pugnatoris
3301 2157 3472 2211 robur
3502 2151 3841 2226 spectatoribus

2295 2263 2584 2319 exponere
2635 2245 2840 2315 voluit,
2873 2247 3014 2302 dum
3063 2245 3448 2302 multiformes
3495 2242 3689 2314 antiqui
3730 2239 3843 2295 illius

2295 2335 2582 2407 serpentis
2605 2335 2780 2390 facies
2797 2338 2958 2391 tanto
2990 2334 3197 2390 durius
3228 2333 3486 2391 calcaneo
3513 2333 3626 2403 ejus
3645 2326 3843 2385 insidiari

2297 2423 2584 2496 permisit,
2619 2427 2838 2496 quanto
2884 2424 3008 2496 ipse
3055 2423 3428 2497 impotentior
3452 2421 3700 2478 hactenus
3722 2421 3847 2488 caput

2295 2512 2632 2568 damnabile
2652 2511 2831 2586 hujus
2851 2511 3148 2570 bellatoris
3169 2529 3240 2568 ex
3255 2511 3444 2569 divino
3463 2507 3846 2580 auxiliopedibus

2296 2602 2659 2658 subdiderat.

2293 2714 2428 2767 CAP.
2461 2709 2626 2766 XXII.
2663 2709 2810 2778 Quod
2839 2711 3166 2795 sollicitatus
3191 2711 3266 2795 sit
3297 2727 3396 2784 per
3433 2710 3628 2765 litteras
3668 2705 3847 2776 impera-

2920 2790 3027 2838 tori
3053 2790 3321 2838 resistere.

2365 2869 2495 2925 Alio
2527 2871 2729 2926 itidem
2762 2873 3175 2944 temporecum
3202 2872 3355 2927 fama
3376 2873 3523 2926 esset
3541 2858 3848 2924 oll'ensumilli

2292 2976 2420 3016 esse
2451 2959 3132 3034 imperatorem,perlatze
3158 2965 3299 3017 sunt
3329 2959 3520 3014 litterae
3549 2955 3613 3012 ad
3632 2955 3849 3009 domuum

2291 3049 2609 3106 Wazonem
2636 3049 2997 3122 episcopum,
3033 3052 3190 3106 unde
3240 3055 3341 3106 aut
3368 3067 3401 3105 a
3432 3064 3540 3121 quo
3567 3039 3850 3100 transmissae

530 3137 772 3194 reddere
803 3137 1086 3196 debemus
1117 3138 1188 3194 de
1217 3138 1312 3194 his
1342 3155 1470 3211 quae
1515 3140 1586 3195 ad
1620 3140 1882 3198 divinum
1915 3142 2174 3200 ofﬁcium
2207 3127 2250 3194 C
2288 3155 2496 3210 parum
2515 3142 2604 3194 est
2625 3138 2795 3195 nobis
2825 3140 3148 3212 cognitum,
3171 3139 3387 3212 quibus
3421 3123 3847 3192 inemutvcrbaad

527 3225 774 3283 attinere
793 3226 1066 3282 videntur
1089 3244 1102 3295 ;
1137 3227 1384 3299 ideoque
1406 3217 1538 3284 mai
1557 3230 1864 3297 sententia,
1889 3232 2174 3305 quidquid

527 3315 638 3371 iste
679 3317 888 3370 contra
939 3313 1401 3372 ecclesiasticum
1451 3317 1715 3375 ordinem
1765 3319 2085 3391 admiserit,
2118 3321 2175 3377 id

527 3402 823 3459 discutere
877 3403 1193 3475 pronuntio
1245 3403 1547 3476 apostolici
1615 3409 2020 3466 tantummodo
2086 3411 2175 3466 in-

527 3496 748 3548 teresse
781 3507 795 3546 :
828 3489 877 3546 si
909 3491 1052 3563 quid
1084 3495 1280 3548 autem
1334 3491 1392 3547 in
1443 3493 1822 3552 saecularibus
1863 3513 1990 3569 quae
2023 3516 2057 3554 a
2085 3517 2179 3554 vo-

529 3579 622 3635 bis
675 3577 762 3635 illi
809 3579 1031 3636 credita
1091 3582 1230 3636 sunt
1281 3579 1640 3655 negligenter
1693 3584 1813 3640 sive
1865 3585 2177 3643 inﬁdeliter

529 3667 734 3741 gessit,
766 3666 969 3742 procul
997 3668 1176 3724 dubio
1206 3670 1278 3725 ad
1307 3675 1498 3727 vestra
1532 3672 1708 3728 refert
1753 3671 1998 3747 exigere.
2033 3677 2176 3732 Con-

527 3757 919 3836 sentientibus
948 3757 1087 3814 huic
1116 3759 1417 3814 sententiae
1456 3761 1677 3816 caeteris
1706 3761 2016 3836 episcopis,
2049 3765 2178 3821 nul-

524 3847 643 3906 lius
679 3835 908 3920 judicio
953 3864 1020 3904 eo
1065 3848 1158 3904 die
1206 3849 1607 3923 episcopatum
1656 3835 2026 3923 perdidisset,
2060 3854 2173 3911 nisi

522 3937 648 4011 ipse
680 3936 832 3994 ultro
863 3937 1202 4011 imperatori
1249 3938 1517 3996 redderet
1565 3929 1845 3997 baculum
1899 3959 2034 4000 cum
2068 3960 2172 3999 an-

520 4026 684 4084 nulo.

513 4133 649 4192 Car.
698 4133 846 4191 XXI.
892 4133 1146 4204 Qualiter
1198 4151 1230 4190 α
1278 4135 1552 4191 comiu'ssa
1606 4138 1809 4193 montis
1858 4137 2171 4196 Castrorum

1115 4210 1350 4262 tentatus
1379 4209 1571 4279 fuerit.

584 4293 712 4351 Duo
733 4297 1014 4368 praeterea
1045 4311 1158 4350 non
1182 4294 1288 4352 abs
1318 4311 1378 4350 re
1403 4296 1654 4354 arbitror
1681 4314 1811 4353 esse
1841 4299 2164 4369 referenda,

515 4382 576 4440 in
597 4383 818 4457 quibus
835 4383 1204 4441 dissimiliter
1214 4384 1450 4456 justitia
1478 4383 1584 4441 viri
1609 4386 1706 4442 Dei
1741 4388 2047 4446 manifeste
2077 4395 2166 4446 est

512 4471 961 4563 probata.__l.‘iam
993 4473 1053 4529 in
1085 4472 1266 4530 altero
1293 4473 1553 4546 quidem,
1590 4474 1760 4548 quasi
1785 4493 1888 4550 pro
1919 4478 2165 4551 impera-
2195 4497 2244 4563 D

513 4563 639 4618 tore
669 4561 918 4618 ﬁdeliter
945 4567 1206 4632 acturus,
1235 4569 1438 4620 contra
1484 4563 1669 4620 Deum
1717 4569 1774 4620 el:
1823 4567 2164 4640 religionem

513 4649 911 4708 Christianam
941 4654 1005 4707 ut
1055 4651 1368 4708 inﬁdeliter
1423 4657 1620 4726 ageret
1656 4657 1744 4710 est
1775 4659 2071 4728 tentatus;
2104 4659 2162 4714 in

509 4739 692 4798 altero
723 4743 942 4810 autem,
965 4740 1103 4798 licet
1123 4739 1494 4812 aliquantum
1526 4741 1714 4798 laesus
1731 4745 1804 4799 ab
1834 4743 1962 4818 ipso
1983 4746 2163 4820 impe-

508 4834 721 4898 ratore,
745 4829 825 4887 sei
832 4847 1006 4904 psum
1030 4834 1226 4886 tamen
1251 4846 1356 4903 pro
1386 4830 1582 4904 ipsius
1607 4831 1886 4889 ﬁdelitate
1912 4833 2163 4891 libenter

503 4919 843 4993 impendere
873 4925 1083 4993 praesto
1115 4936 1244 4976 esse
1268 4925 1358 4976 est
1386 4920 1688 4993 probatus.
1719 4923 1978 4988 Quodam
2013 4929 2160 4981 tem-

502 5025 640 5080 pore
670 5009 1083 5078 Herimannus,
1119 5009 1338 5066 mentis
1397 5008 1498 5082 qui
1559 5010 1776 5066 dicitur
1818 5013 2155 5070 Castrorum

500 5094 666 5154 locus
713 5115 908 5155 comes
955 5103 1014 5155 et
1061 5097 1342 5165 marchio,
1376 5102 1613 5170 pactum
1675 5115 1809 5156 enm
1869 5101 2154 5159 Balduino

500 5185 844 5244 Flandrensi
860 5187 1247 5259 jurejurando
1265 5187 1616 5256 ﬁrmaverat,
1638 5205 1772 5246 cum
1801 5207 1945 5246 uxor
1969 5189 2152 5264 illius,

500 5275 691 5348 magis
752 5291 822 5331 ex
873 5275 1180 5332 muliebris
1254 5275 1638 5334 instabilitate
1707 5279 1909 5345 animi,
1973 5297 2150 5352 quam

490 5362 793 5433 justarum
817 5363 1074 5438 partium
1095 5366 1270 5421 ducta
1295 5366 1485 5422 favore
1519 5366 1762 5439 (varium
1795 5369 1951 5424 enim
1979 5375 2068 5427 est
2097 5375 2153 5426 et

570 5469 860 5548 (26).}[ide
911 5470 1113 5548 Ughel.
1165 5476 1303 5531 tom.
1352 5473 1421 5541 II,
1471 5489 1606 5548 pag.
1657 5474 1784 5545 359,
1818 5479 1875 5532 et
1913 5475 2149 5536 Petrum

495 5539 662 5600 Da'm.
695 5539 796 5600 lib.
823 5559 902 5614 vr,
928 5539 1017 5618 ep.
1049 5546 1103 5602 2.

2285 3225 2720 3284 sollicitandum
2747 3227 3178 3300 persuasibilia,
3214 3233 3278 3284 ut
3306 3227 3418 3283 tria
3445 3224 3615 3280 millia
3638 3221 3852 3294 pugnato-

2287 3333 2415 3371 rum
2450 3317 2560 3389 (27)
2595 3317 2652 3372 in
2688 3315 3120 3374 munitionibus
3179 3317 3417 3374 urbium
3473 3319 3526 3370 et
3576 3309 3847 3384 oppidorum

2285 3423 2528 3462 suorum
2554 3405 2813 3479 recipiat,
2839 3405 2936 3478 qui
2960 3406 3360 3480 belligerando
3382 3405 3564 3461 illatas
3587 3399 3681 3456 sibi
3707 3396 3764 3451 ab
3780 3393 3851 3447 im-

2285 3499 2548 3568 peratore
2601 3493 2903 3552 molestias
2958 3495 3126 3552 facile
3170 3496 3545 3550 vindicarent.
3578 3488 3663 3545 Ille
3688 3488 3847 3544 autem.

2287 3584 2370 3640 uti
2387 3585 2654 3656 jucunda
2676 3601 3099 3657 nonnunquam
3125 3585 3300 3642 seriis
3319 3585 3488 3640 rebus
3505 3574 3851 3636 soleballaxare

2284 3672 2700 3740 diludia,inter
2717 3672 3169 3746 colloquendum
3203 3691 3339 3730 eum
3375 3669 3852 3755 quibusdamneccs-

2285 3762 2458 3818 seriis
2480 3762 2605 3818 suis
2626 3761 2803 3835 hujus
2827 3763 2907 3818 rei
2932 3763 3296 3818 mentionem
3314 3756 3738 3830 habuit,sibique
3750 3752 3851 3845 satis

2283 3868 2537 3925 congrue
2555 3851 2889 3907 facultatem
2903 3851 3293 3926 belligerandi
3311 3837 3851 3926 suppeterejucundis-

2281 3940 2429 3996 sime
2459 3940 2842 4014 aggarriendo
2863 3939 3289 4013 ingeminabat.
3307 3942 3562 4011 Cumque
3583 3933 3655 3990 illi
3671 3925 3853 4003 quilibet

2279 4045 2349 4084 ex
2377 4027 2471 4085 his
2499 4028 2853 4102 quibuscum
2885 4028 3170 4085 secretius
3201 4025 3563 4085 confabulari
3605 4020 3786 4078 solebat
3805 4027 3854 4065 ex

2279 4135 2426 4174 ausu
2443 4116 2856 4173 familiaritatis
2870 4117 3475 4190 suggessisset,canos
3487 4115 3606 4186 ejus
3624 4109 3683 4165 ad
3702 4105 3746 4161 id
3759 4105 3852 4158 aeta-

2277 4207 2403 4263 tisa
2423 4206 2631 4280 primis
2661 4206 3062 4264 adolescentia:
3098 4209 3278 4263 annis
3309 4207 3436 4263 sine
3465 4199 3678 4278 querela
3703 4191 3856 4280 pel‘dll‘

2275 4299 2402 4352 ctos
2426 4277 2736 4368 nunquam
2769 4297 2838 4350 ad
2865 4295 2972 4351 hoc
3003 4295 3232 4352 devolvi
3264 4277 3546 4370 oportere,
3575 4294 3634 4345 ut
3651 4289 3754 4360 jam
3775 4277 3854 4370 sub

2275 4385 2471 4458 ipsum
2503 4385 2630 4440 vitae
2652 4384 2968 4440 terminum
2992 4383 3216 4442 talibus
3239 4368 3503 4442 animum
3527 4377 3777 4452 applicare
3789 4368 3856 4421 ἀθ-

2273 4474 2405 4530 beat
2435 4473 2696 4530 consiliis
2729 4491 2743 4530 :
2782 4495 2808 4526 «ι
2833 4474 3016 4530 Nemo
3063 4474 3236 4540 mihi,
3271 4475 3485 4548 inquit,
3531 4466 3674 4526 aliud
3721 4470 3853 4552 qua!!!

2276 4564 2431 4637 quod
2458 4565 2672 4620 suades
2699 4562 2892 4618 animo
2919 4581 3045 4620 esse
3078 4563 3563 4634 credat;domino
3587 4553 3856 4637 imperem“

2272 4635 2596 4710 secundum
2629 4652 2778 4708 scire
2807 4657 2866 4709 ot
2896 4669 3067 4726 posse
3109 4669 3315 4709 meum
3369 4667 3536 4708 nemo
3565 4658 3649 4702 me
3676 4635 3854 4737 ﬁdelem

2271 4759 2418 4811 esse,
2454 4743 2985 4816 quomodocunque
3008 4742 3080 4798 ab
3111 4759 3179 4799 eo
3213 4747 3455 4808 tracter,
3488 4730 3856 4816 difﬁdat.Cuju§

2269 4832 2446 4888 etiam
2479 4831 2528 4886 si
2577 4847 2644 4887 eo
2690 4815 3105 4904 usqueanimi
3157 4837 3360 4888 motus
3409 4815 3855 4910 processissent

2269 4921 2536 4977 dextrum
2569 4923 2698 4993 ejus
2731 4921 2906 4992 jussu
2958 4920 3196 4978 oculum
3247 4921 3599 4982 amisissem,
3629 4898 3855 4986 qllid‘lmd

2266 5011 2504 5068 sinistro
2537 5010 2837 5084 providere
2867 5027 3098 5083 possem
3135 5011 3206 5067 ad
3243 5013 3375 5084 ejus
3405 5015 3594 5065 tamen
3631 5003 3855 5056 honorem

2264 5104 2320 5156 et
2337 5099 2678 5156 ﬁdelitatem
2707 5099 2999 5156 reﬂectere
3026 5117 3139 5155 non
3174 5100 3582 5156 desisterem.»
3613 5092 3728 5181 0953
3753 5093 3854 5181 εξιῐη

2262 5188 2344 5244 ita
2360 5187 2684 5254 sint,sileat
2713 5204 2847 5243 cum
2869 5187 3090 5245 Judaeis
3111 5187 3191 5245 Ch
3203 5187 3350 5244 risto
3373 5179 3760 5258 derogantibus
3778 5179 3856 5224 im-

2261 5279 2445 5352 proha
2479 5277 2724 5333 Wazoni
2769 5277 3202 5334 detrahentium
3254 5277 3478 5351 lingua,
3511 5270 3854 5356 mirenturque

2261 5385 2396 5425 cum
2429 5367 2599 5424 bonis
2629 5366 2926 5422 neminem
2961 5368 3146 5423 nostri
3179 5366 3468 5440 temporis
3491 5363 3792 5438 episcopum
3810 5361 3852 5399 ιιι

2331 5477 2446 5548 (27)
2477 5473 2628 5531 Editi
2653 5476 2997 5532 armatorum
3024 5482 3240 5532 caelum.
