4036 6172
528 298 651 380 ΞΜ

1618 291 1956 354 VASONIS
1999 289 2462 351 LEODIENSIS
2508 291 2888 356 EPISCOPI.

3728 308 3820 370 752

539 447 647 510 per
668 431 894 501 litteras
923 423 1441 483 fatebatur.Aiebat
1469 425 1626 482 enim
1659 424 1719 481 in
1751 425 2004 498 quadam
2025 428 2191 497 parte
2219 426 2273 493 Α
2304 445 2332 474 ‹‹
2361 422 2600 482 homine
2639 426 2927 500 scriptum
2974 443 3104 484 esse
3151 427 3379 490 credant
3406 446 3418 484 :
3447 435 3549 490 Non
3586 436 3759 504 accitus,
3782 447 3822 496 et

545 517 812 580 dimcesis
842 533 962 576 sua;
983 514 1272 588 quosdam
1294 514 1546 572 rusticos
1573 515 1830 586 esse,qui
1854 528 2189 586 perversum

539 607 1002 672 Manichaeorum
1049 605 1266 678 dogma
1309 607 1622 674 sectantes,
1657 603 1870 660 furtiva
1919 603 2032 661 sibi
2079 603 2194 660 fre-

541 699 902 774 quentarent
956 693 1378 760 conventicula,
1418 693 1615 751 nescio
1663 711 1794 766 quae
1842 694 2095 750 obscena
2141 696 2199 749 et

551 786 714 849 dictu
737 783 933 860 turpia
960 783 1218 858 quadam
1261 799 1372 840 sua
1401 781 1775 841 solemnitate
1805 783 2116 840 actitantes
2141 787 2199 838 et

555 893 658 952 per
685 873 1030 948 sacrilegam
1061 890 1348 930 manuum
1377 872 1814 946 impositionem
1855 872 1980 928 dari
2013 871 2198 946 Spiri-

554 970 682 1040 tum
709 967 984 1024 sanctum
1004 962 1384 1030 mentientes,
1399 979 1574 1035 quem
1605 962 1677 1018 ad
1707 963 2086 1020 astruendam
2111 979 2200 1018 er-

557 1035 676 1116 rori
703 1071 812 1115 suo
839 1054 1040 1122 ﬁdem,
1065 1069 1182 1110 non
1213 1051 1358 1110 alias
1389 1069 1424 1108 a
1452 1051 1568 1108 Deo
1617 1050 1868 1108 missum
1915 1068 2093 1124 quam
2142 1051 2201 1106 in

556 1142 946 1204 haeresiarcha
971 1158 1082 1200 suo
1111 1140 1288 1212 Mani,
1321 1140 1491 1214 quasi
1525 1139 1672 1196 nihil
1705 1139 1865 1198 aliud
1897 1141 1975 1196 sit
2005 1141 2204 1198 Manes

557 1217 676 1308 nisi
731 1231 990 1308 Spiritus
1045 1233 1307 1300 sanctus,
1347 1229 1666 1288 falsissime
1724 1229 2205 1303 dogmatizarent,

555 1304 884 1386 incidentes
912 1315 973 1376 in
1005 1319 1168 1377 illam
1200 1319 1630 1392 blasphemiam
1656 1335 1836 1392 quam
1859 1319 2031 1390 juxta
2051 1319 2210 1376 Veri-

560 1411 704 1477 tatis
733 1426 934 1476 vocem
961 1413 1020 1467 et
1047 1409 1144 1466 hic
1173 1413 1234 1466 et
1261 1407 1321 1464 in
1351 1408 1548 1464 futuro
1591 1407 1955 1480 impossibile
2001 1412 2092 1465 est
2119 1425 2208 1466 re-

550 1499 739 1568 mitti.
763 1499 835 1554 Hi
865 1497 1032 1566 tales,
1063 1501 1132 1555 ut
1159 1497 1697 1572 dieebat,cogebant
1717 1513 1864 1570 quos
1887 1501 2128 1569 possent
2149 1498 2207 1554 in

564 1605 736 1662 suam
792 1587 1108 1661 concedere
1165 1587 1424 1654 turbam,
1484 1587 1723 1660 nuptias
1779 1587 2209 1656 abominantes,

561 1693 736 1735 esum
766 1674 1028 1748 carnium
1060 1692 1178 1734 non
1207 1676 1382 1733 modo
1423 1676 1771 1744 devitantes,
1806 1675 1908 1734 sed
1938 1681 1997 1733 et
2025 1678 2211 1749 quod-

565 1761 800 1842 cunque
825 1765 1046 1837 animal
1077 1765 1339 1822 occidere
1368 1765 1680 1837 profanum
1728 1765 2023 1834 dicentes;
2053 1770 2212 1822 tute-

565 1856 688 1928 lam
717 1853 898 1912 errori
928 1871 1035 1912 uo
1066 1870 1368 1912 assumere
1397 1859 1818 1926 praesumentes
1859 1855 2214 1912 sententiam

568 1942 800 2005 Domini
824 1942 885 2014 in
913 1942 1090 2012 veteri
1119 1941 1245 2015 lege
1269 1943 1528 2000 occidere
1558 1943 1943 2016 prohibentis.
1977 1943 2038 2000 Si
2067 1962 2215 2016 quos

567 2048 702 2094 vero
732 2030 944 2105 idiotas
971 2035 1028 2088 et
1052 2031 1400 2092 infacundus
1428 2033 1609 2105 hujus
1655 2033 1870 2092 erroris
1917 2035 2216 2110 metatori-

569 2120 682 2180 bus
703 2121 950 2195 adjungi
977 2120 1568 2194 contingeret,statim
1594 2122 2010 2180 eruditissimis
2039 2125 2216 2180 etiam

551 2207 877 2273 ,catholicis
901 2208 1274 2280 facundiores
1302 2210 1428 2266 fieri
1461 2213 1854 2281 asseverabat,
1887 2211 1969 2268 ita
1999 2218 2064 2269 ut
2091 2213 2217 2270 sin-

573 2313 705 2372 cera
729 2313 873 2354 sane
891 2297 1248 2371 sapientium
1273 2297 1608 2372 eloquentia
1629 2317 1775 2372 pene
1795 2317 1998 2358 eorum
2019 2301 2220 2374 loqua-

573 2387 745 2446 citate
775 2385 1042 2461 superari
1069 2403 1241 2460 posse
1269 2387 1582 2444 videretur.
1612 2389 1850 2446 Addidit
1877 2390 2052 2447 etiam
2086 2391 2220 2464 plus

551 2477 646 2536 .de
663 2474 1008 2548 quotidiana
1019 2477 1389 2549 perversione
1405 2493 1533 2533 sese
1555 2477 1803 2536 aliorum
1825 2479 2019 2536 dolere
2041 2497 2219 2552 quam

575 2565 648 2621 de
701 2565 966 2639 ipsorum
1019 2564 1366 2638 perditione.
1395 2566 1542 2632 Quid
1594 2567 1666 2624 de
1714 2567 1934 2626 talibus
1992 2572 2224 2641 prmstet

574 2653 870 2730 agendum
890 2653 1100 2711 anxius
1119 2653 1333 2726 praesul
1354 2661 1576 2712 eertum
1599 2656 1896 2729 sapientia
1927 2656 2224 2714 consuluit

573 2743 978 2816 secretarium,
1005 2760 1082 2800 an
1112 2746 1354 2800 terrenae
1384 2745 1691 2818 potestatis
1720 2745 1914 2819 gladio
1946 2747 2006 2802 in
2026 2764 2126 2804 eos
2147 2747 2226 2804 sit

576 2831 1181 2906 animadvertendum,
1215 2849 1435 2898 necne;
1463 2833 1692 2890 modico
1750 2836 2058 2901 termento,
2109 2835 2224 2893 nisi

577 2919 1060 2990 exterminentur,
1083 2925 1267 2978 totam
1297 2938 1557 2982 massam
1580 2939 1752 2996 posse
1773 2924 2106 2998 corrumpi;
2129 2926 2224 2982 cui

579 3009 826 3066 antistes
857 3013 1054 3068 noster
1081 3009 1234 3067 inter
1263 3010 1591 3068 rescribens
1621 3011 1702 3068 ait
1733 3031 1746 3068 :

579 3119 712 3176 ΩΑΡ.
745 3115 908 3174 XXV.
940 3117 1249 3190 Responsio.
1303 3117 1437 3192 Ejus
1495 3133 1622 3192 qua?
1675 3135 1841 3192 super
1892 3120 1992 3178 hoc
2045 3121 2228 3180 sedeat

1181 3191 1450 3246 sententia
1483 3191 1618 3261 (29).

649 3300 678 3329 «
711 3277 793 3335 De
811 3277 1029 3350 quibus
1045 3277 1593 3350 scripsistis,eorum
1613 3279 1848 3352 quidem
1873 3281 2222 3340 manifestus

576 3389 604 3418 «
636 3371 728 3423 est
754 3367 1268 3440 error,antiquitus
1297 3383 1334 3422 a
1363 3367 1582 3424 sanctis
1609 3368 1880 3426 Patribus
1906 3370 2221 3428 ventilatus

551 3477 600 3520 ,ι
637 3459 695 3511 et
721 3453 1209 3514 luculentissimis
1255 3472 1458 3512 eorum
1505 3459 1814 3514 sententiis
1863 3459 2216 3518 confutatus.

573 3566 603 3594 ‹‹
633 3542 781 3600 Nam
812 3547 880 3600 ut
907 3543 1254 3602 omittamus
1281 3543 1713 3616 insanissimas,
1746 3548 1962 3620 quibus
1989 3550 2060 3605 de
2091 3550 2218 3622 Spi-

555 3654 606 3697 Δ‹‹
636 3631 756 3688 ritu
788 3635 990 3688 sancto
1039 3631 1154 3688 sibi
1203 3633 1586 3702 mentiuntur,
1620 3635 2038 3708 blasphemiae,
2071 3639 2220 3694 acci-

576 3741 606 3780 ς(
635 3719 760 3795 piat
787 3719 1020 3780 dilectio
1049 3722 1507 3794 vestra,quantis
1537 3741 1599 3780 se
1619 3724 2219 3798 inopportunitatibus

573 3831 602 3860 «
635 3825 833 3866 rerum
850 3825 979 3866 sese
994 3809 1107 3883 ipsi
1128 3809 1429 3883 implicare
1450 3813 1904 3880 studeant,male
1925 3815 2218 3874 intellecto

574 3920 602 3948 ‹‹
635 3897 867 3956 Domini
898 3902 1184 3972 praecepto
1216 3915 1333 3972 quo
1363 3899 1422 3955 in
1457 3901 1632 3957 veteri
1681 3901 1806 3974 lege
1854 3903 2067 3960 dicitur
2101 3923 2112 3962 :
2143 3907 2220 3963 Ne

573 4009 602 4038 «
635 3986 883 4054 occidas;
911 3986 971 4044 in
1003 4003 1140 4064 quo,
1165 3987 1278 4045 nisi
1323 3987 1509 4046 solam
1557 3990 1818 4048 hominis
1865 3993 2217 4051 occisionem

571 4097 600 4126 α
635 4075 992 4153 prohibitam
1021 4093 1152 4133 esse
1181 4076 1592 4146 intellexerint,
1625 4080 1807 4136 simili
1847 4083 2020 4146 modo
2049 4099 2216 4140 esum

571 4187 599 4214 ‹‹
632 4180 836 4242 eorum
869 4163 1086 4238 quibus
1116 4181 1180 4222 se
1225 4164 1383 4222 licite
1430 4167 1584 4224 vesci
1631 4168 1986 4238 existimant,
2019 4171 2218 4244 qualia

573 4274 596 4306 ι
631 4256 771 4310 sunt
799 4253 1495 4327 frumentum,legumina
1525 4260 1581 4312 et
1609 4256 1954 4328 vinum,sibi
1983 4260 2219 4318 videant

569 4364 598 4394 «
630 4341 1025 4412 interdictum,
1059 4359 1185 4415 quae
1217 4346 1282 4399 ut
1309 4349 1508 4401 essent
1531 4361 1600 4401 ex
1643 4347 1881 4404 creditis
1927 4353 2096 4406 terra:
2126 4367 2215 4407 se-

575 4451 598 4481 «
631 4429 893 4488 minibus
919 4449 1029 4488 sua
1057 4431 1284 4488 vivendi
1325 4433 1518 4506 specie
1557 4435 1918 4506 coaluerunt,
1952 4443 2011 4494 et
2037 4439 2151 4495 nisi
2182 4457 2218 4496 a

2302 534 2330 567 «
2363 513 2671 572 nobiscum
2731 517 3180 574 maetandarum
3235 519 3498 590 pecudum
3538 523 3675 595 copia
3710 523 3824 584 licite

2307 623 2331 652 «ι
2365 607 2642 674 utantur;
2661 608 2763 661 aut
2783 605 2834 662 si
2859 605 3011 662 hanc
3031 605 3144 662 sibi
3175 607 3367 680 negari
3393 611 3828 681 contenderint,nos

2306 713 2333 740 ‹‹
2370 708 2605 764 quoque
2636 711 2705 750 ex
2734 695 2866 766 ipsa
2891 695 3104 752 erroris
3133 695 3237 752 sui
3257 698 3829 776 sententia,panis,legu-

2307 803 2335 830 «
2370 781 2602 838 minum
2633 787 2696 839 et
2709 789 3050 840 eaeterorum
3073 784 3405 858 hujusmodi
3421 787 3497 844 eis
3516 790 3835 848 usuminﬁcia-

2310 891 2338 920 «
2373 869 2601 940 bimur;
2622 872 2901 944 quoniam
2919 890 2987 929 ea
3003 873 3116 931 nisi
3137 891 3245 931 suo
3267 875 3428 932 modo
3455 877 3833 950 interﬁcerentur,

2313 981 2341 1008 ‹‹
2370 957 2530 1014 nullo
2561 961 2734 1018 modo
2764 962 3043 1020 humanis
3073 963 3283 1020 usibus
3311 967 3733 1038 aptarenturilzse
3745 968 3837 1027 licet

2313 1065 2342 1094 «
2375 1044 2704 1104 Christiana
2732 1049 3044 1106 abhorreat
3073 1049 3296 1124 religio,
3325 1057 3380 1108 et
3406 1069 3526 1109 cum
3553 1054 3734 1111 Ariana
3755 1056 3838 1112 ha-

2313 1156 2341 1183 «
2377 1151 2572 1192 reseos
2603 1137 2842 1194 damnet
2871 1139 3196 1214 sacrilegio,
3222 1146 3411 1199 tamen
3439 1143 3637 1200 imitata
3657 1146 3841 1202 Salvato-

2314 1245 2343 1273 ‹‹
2375 1239 2501 1280 rem
2530 1242 2729 1298 suum,
2761 1227 2864 1300 qui
2893 1228 3058 1285 mitis
3087 1235 3146 1287 et
3169 1229 3406 1290 humilis
3432 1233 3584 1290 corde
3607 1250 3703 1292 non
3737 1235 3844 1292 venit

2315 1333 2342 1362 ‹‹
2375 1311 2628 1370 clamare
2658 1331 2852 1389 neque
2876 1319 3246 1388 contendere,
3271 1319 3370 1376 sed
3398 1321 3574 1394 potius
3595 1322 3845 1395 opprobria,

2316 1423 2343 1453 ‹‹
2375 1407 2572 1475 sputa,
2595 1403 3117 1478 alapas,postremo
3143 1408 3333 1465 crueis
3361 1414 3586 1466 mortem
3611 1412 3847 1484 subireju-

2317 1514 2344 1541 ‹‹
2378 1490 2549 1548 betur
2577 1493 2812 1551 interim
2834 1495 2980 1552 tales
3001 1497 3430 1569 quodammodo
3453 1497 3852 1574 tolerare,quia,ut

2319 1601 2350 1629 ‹‹
2381 1581 2464 1636 ait
2493 1581 2698 1639 beatus
2747 1583 3061 1658 Gregorius
3096 1602 3110 1642 :
3141 1585 3511 1659 Nequaquam
3553 1588 3851 1646 innocentiam

2321 1692 2348 1719 (ιι
2383 1669 2638 1728 obtinuit
2664 1671 2808 1728 Abel
2838 1689 3011 1746 quem
3033 1674 3172 1731 Cain
3195 1674 3417 1732 malitia
3436 1691 3542 1732 non
3561 1677 3854 1748 exercuit,nec

2321 1781 2350 1809 ‹‹
2383 1776 2494 1814 uva
2524 1760 2638 1817 nisi
2667 1760 2928 1819 calcibus
2955 1768 3092 1820 tusa
3119 1763 3180 1820 in
3208 1764 3329 1821 vini
3377 1782 3619 1840 saporem
3654 1766 3856 1840 liquatur.

2324 1871 2350 1899 ‹‹
2381 1848 2456 1904 Ut
2485 1853 2683 1906 autem
2712 1850 2772 1906 in
2799 1856 3076 1925 promptu
3098 1853 3175 1910 sit
3195 1853 3338 1926 quid
3363 1855 3430 1911 de
3448 1854 3642 1912 talibus
3656 1855 3762 1912 velit
3776 1855 3857 1911 ﬁeri

2325 1961 2353 1988 α
2388 1937 2720 1996 misericors
2749 1945 2806 1996 et
2837 1939 3146 2000 miserator
3183 1945 3482 2011 Dominus,
3511 1945 3602 2016 qui
3641 1951 3860 2018 peccantes

2325 2049 2352 2076 α
2388 2044 2503 2084 non
2535 2029 2734 2084 statim
2756 2029 3008 2101 judicat,
3041 2033 3144 2088 sed
3175 2033 3252 2090 ad
3281 2033 3648 2106 paenitentiam
3685 2033 3861 2108 aquani-
3946 2029 3947 2100 ξ

2327 2137 2354 2165 ‹‹
2389 2115 2564 2172 miter
2589 2123 2905 2189 exspectat,
2940 2119 3255 2178 audiamus
3285 2122 3422 2194 quid
3453 2122 3507 2178 in
3529 2123 3860 2197 Evangeliosuo
3946 2133 3947 2197 ξ

2328 2227 2356 2254 ‹‹
2389 2207 2730 2277 exponendo
2760 2207 3099 2280 parabolam
3133 2209 3316 2268 tritici
3343 2217 3400 2269 et
3424 2211 3732 2270 zizaniorum
3764 2211 3860 2283 agri,

2330 2315 2358 2343 ‹‹
2386 2293 2730 2366 discipulos,
2762 2296 2880 2352 imo
2904 2297 2965 2354 in
2995 2297 3115 2355 illis
3145 2316 3255 2356 nos
3287 2301 3552 2374 dignatus
3585 2307 3662 2358 est
3683 2303 3861 2358 docere:

2330 2403 2358 2430 ‹‹
2389 2379 2982 2458 Homo,inquiens,qui
2997 2389 3295 2446 seminavit
3321 2390 3513 2446 bonum
3536 2406 3691 2446 semen
3714 2391 3760 2445 in
3779 2405 3864 2460 agn

2331 2492 2359 2519 ‹‹
2390 2487 2509 2536 suo,
2540 2475 2618 2527 est
2647 2473 2820 2528 Filius
2849 2473 3349 2534 hominis.Bonum
3378 2495 3584 2548 semen,
3609 2478 3761 2536 hiﬁlii
3775 2481 3867 2533 sunt
3945 2473 3947 2548 ᾗ

2331 2581 2359 2610 ‹‹
2394 2558 2592 2632 regni;
2627 2577 2765 2634 ager
2794 2568 3014 2634 autem,
3047 2564 3144 2620 hic
3175 2567 3436 2624 mundus
3462 2585 3474 2624 :
3505 2569 3728 2624 Inimicus
3748 2567 3868 2631 horno,

2335 2669 2364 2698 ‹‹
2393 2649 2492 2721 qui
2516 2653 2976 2720 superseminavit
3018 2655 3271 2724 zizania,
3312 2665 3392 2713 est
3431 2656 3670 2714 diabolus.
3709 2655 3871 2712 limis

2337 2758 2360 2786 α
2393 2741 2596 2806 autem,
2627 2739 2689 2794 hi
2715 2740 2828 2810 ﬁlii
2853 2749 2982 2797 sunt
3009 2758 3290 2815 nequam;
3313 2747 3496 2802 messis
3521 2750 3680 2802 cum
3697 2759 3871 2800 mua-

2339 2845 2362 2874 ε
2395 2827 2562 2883 matio
2589 2829 2786 2886 saeculi
2811 2834 2892 2885 est
2906 2849 2930 2896 ;
2955 2847 3214 2889 messores
3253 2850 3380 2891 vero
3424 2835 3596 2906 angeli
3632 2842 3748 2891 sunt
3773 2830 3872 2896 Quid

2336 2936 2366 2965 «
2396 2919 2592 2972 autem
2623 2933 2728 2989 per
2756 2934 2952 2974 servos
2986 2919 3176 2992 primo
3208 2925 3546 2997 apparentia
3569 2921 3751 2980 zizania
3771 2918 3875 2977 velli

2337 3025 2366 3055 κ
2393 3020 2523 3060 care
2550 3005 2827 3074 volentes,
2861 3007 2976 3064 nisi
3008 3009 3458 3082 predicatorum
3486 3014 3615 3070 ordo
3653 3007 3874 3085 signatur?

2341 3113 2364 3142 ι
2397 3093 2506 3163 Qui
2535 3094 2679 3150 dum
2708 3095 2894 3152 bonos
2925 3113 2960 3153 a
2989 3097 3162 3156 malis
3190 3117 3460 3160 seorsum
3484 3119 3602 3160 esse
3622 3101 3672 3158 in
3695 3095 3874 3156 Ecclesia
3946 3093 3947 3163 1

2252 3173 2296 3241 C
2339 3203 2367 3231 «
2397 3181 2752 3264 desiderant,
2785 3185 2954 3256 quasi
2986 3185 3058 3243 de
3086 3187 3246 3246 bona
3293 3189 3471 3248 tritici
3515 3193 3686 3264 segete
3722 3183 3874 3243 zizania

2330 3294 2358 3321 «
2392 3261 2684 3328 eradicare
2715 3279 3004 3345 quaerunt.
3033 3277 3147 3334 Sed
3185 3280 3304 3336 sub
3353 3296 3558 3354 magna
3578 3261 3872 3335 discretionis
3946 3337 3947 3340 η

2330 3383 2358 3411 ‹‹
2391 3376 2639 3418 censura
2667 3363 3090 3434 paterfamilias
3127 3365 3228 3424 ille
3279 3385 3470 3442 prona.
3505 3384 3682 3426 eorum
3718 3365 3872 3422 meet
3946 3361 3947 3414 ξ

2329 3472 2356 3501 ‹‹
2391 3449 2624 3520 studia;
2648 3451 3226 3526 Nolite,inquiens,ne
3246 3460 3390 3528 forte
3414 3459 3696 3530 colligentes
3717 3451 3869 3510 simu

2331 3559 2358 3588 ‹‹
2388 3539 2676 3596 eradicetis
2701 3542 2872 3597 simul
2899 3551 2952 3599 et
2975 3545 3248 3601 triticum.
3283 3548 3462 3605 Sinite
3485 3556 3690 3618 utraque
3710 3553 3871 3600 σκιαῖς

2331 3649 2358 3678 α
2390 3643 2554 3700 usque
2581 3628 2654 3685 ad
2679 3646 2914 3686 messem
2930 3650 2955 3696 ;
2975 3639 3029 3689 et
3058 3635 3118 3688 in
3147 3643 3392 3708 tempore
3414 3638 3594 3693 messis
3617 3635 3761 3689 diem
3783 3643 3872 3683 m-

2327 3740 2354 3768 ‹‹
2385 3719 2602 3774 scribas
2625 3736 2644 3774 :
2666 3718 2918 3790 Colligite
2943 3723 3190 3792 primum
3220 3727 3450 3782 zizania
3475 3733 3524 3782 et
3549 3725 3799 3794 alligatam
3813 3729 3873 3785 Ρη

2334 3827 2355 3856 α
2385 3807 2676 3878 fasciculus
2698 3807 2768 3864 ad
2795 3811 3245 3876 comburendum.
3279 3817 3524 3871 triticum
3545 3823 3700 3870 autem
3720 3820 3873 3876 εοπεῖη·

2328 3919 2354 3946 ‹‹
2388 3905 2510 3967 gate
2541 3898 2602 3952 in
2629 3898 2887 3954 hatreum
2914 3899 3278 3964 meum.Quid
3302 3902 3394 3958 his
3414 3895 3874 3970 verbis,nisipatieu-

2328 4008 2356 4035 ‹‹
2391 3985 2532 4040 tiam
2563 4002 2732 4042 suam
2763 3986 3046 4044 Dominus
3074 3991 3336 4048 ostendit
3363 4007 3536 4064 quam
3561 3988 3872 4064 prtedicatores

2329 4094 2358 4124 «
2391 4090 2530 4130 suos
2558 4090 2696 4147 erga
2725 4080 2985 4132 errantes
3015 4077 3317 4150 proximos
3346 4081 3608 4138 exhibere
3634 4066 3875 4134 desiderat?

2333 4181 2354 4211 α
2387 4162 2635 4218 Maxime
2665 4179 2800 4218 cum
2833 4163 2891 4219 hi
2923 4166 3026 4237 qui
3055 4165 3232 4224 hodie
3261 4170 3487 4226 zizania
3516 4171 3642 4225 sunt
3681 4155 3878 4238 possibili)

2326 4274 2352 4302 ‹‹
2388 4251 2466 4306 sit
2492 4269 2622 4312 eras
2648 4253 2901 4309 converti
2928 4259 2987 4310 et
3015 4271 3146 4311 esse
3173 4257 3461 4314 triticum.
3486 4258 3566 4314 Ad
3595 4256 3768 4312 horum
3790 4260 3877 4320 pro'

2330 4362 2357 4390 α
2389 4340 2536 4396 feeto
2567 4357 2866 4398 servorum
2896 4359 3000 4400 vos
3018 4343 3312 4416 pertinere
3339 4341 3825 4412 numerum,ardens
3839 4334 3879 4388 in

2325 4451 2353 4480 ‹‹
2387 4433 2616 4501 pectore
2633 4433 2820 4486 vestro
2841 4447 2942 4504 pro
2959 4433 3274 4491 animabus
3288 4434 3570 4493 diabolica
3589 4429 3758 4489 fraude
3771 4426 3881 4481 deco-

571 4541 602 4571 ιι
629 4519 892 4576 viridatis
920 4537 1039 4576 sua:
1067 4521 1187 4578 vita
1215 4521 1520 4579 interfecta
1548 4523 1826 4582 humanis
1856 4527 2064 4584 usibus
2093 4545 2212 4585 ser-

2323 4541 2352 4568 ‹‹
2384 4518 2502 4590 ptis
2527 4517 2852 4591 spiritualis
2883 4519 2991 4576 zeli
3023 4521 3212 4578 fervor
3242 4523 3602 4610 indicat,quo
3629 4537 3691 4577 ne
3714 4507 3880 4574 αωιιὶί

573 4629 596 4658 α
628 4606 750 4664 vire
778 4607 1185 4682 nequiverunt.
1219 4609 1632 4669 Praetermissis
1661 4613 2030 4672 saecularium
2068 4617 2212 4673 scri-

569 4719 598 4748 «
625 4697 764 4774 ptis,
789 4695 971 4770 hujus
1017 4697 1100 4754 rei
1148 4698 1316 4755 testis
1361 4704 1452 4756 est
1507 4701 1845 4762 Psalmista'
1875 4705 2076 4762 dicens
2105 4723 2117 4763 :
2151 4709 2218 4763 Et

567 4811 596 4839 ‹‹
627 4786 824 4844 occidit
852 4787 912 4842 in
941 4787 1216 4857 grandine
1262 4789 1452 4845 vineas
1499 4806 1717 4858 comm;
1747 4792 2004 4865 itemque
2034 4797 2214 4866 Apos-

567 4900 596 4931 ‹‹
629 4875 788 4934 tolus
821 4893 834 4933 :
865 4877 1140 4950 Insipiens
1171 4885 1248 4946 tu,
1278 4879 1420 4952 quod
1447 4882 1688 4936 seminus
1730 4899 1843 4938 non.
1884 4885 2214 4955 viviﬁcatur,

567 4991 595 5018 ι(
627 4968 744 5023 nisi
765 4968 928 5040 prius
971 4969 1264 5025 moriatur.
1300 4970 1434 5041 Ipsa
1481 4986 1716 5042 quoque
1761 4971 1990 5028 Veritas
2025 4989 2038 5028 :
2071 4973 2212 5042 Nisi,

567 5077 594 5107 «
629 5055 843 5126 inquit,
871 5073 1112 5126 granum
1146 5060 1420 5130 frumenti
1463 5057 1661 5114 cadens
1713 5061 1772 5115 in
1821 5068 2023 5117 terram
2068 5079 2212 5119 mar-

567 5161 595 5190 «
629 5147 782 5197 tuum
810 5143 1003 5212 fuerit,
1033 5145 1215 5217 ipsum
1240 5145 1421 5201 solum
1449 5155 1652 5202 manet.
1687 5147 1888 5204 Restat
1936 5148 2116 5222 igitur
2149 5154 2215 5206 ut

567 5249 596 5280 α
628 5230 957 5309 necessario
986 5232 1279 5290 fateantur
1307 5233 1520 5292 vixisse
1549 5252 1677 5307 qua:
1713 5237 2114 5296 accidentibus
2145 5257 2214 5296 ex

567 5317 826 5376 «causis
882 5326 1110 5381 constat
1165 5339 1338 5395 posse
1396 5324 1756 5382 mortiﬁcari.
1784 5325 2022 5400 Eligant
2075 5344 2211 5401 ergo

566 5429 595 5460 «
629 5406 786 5480 quod
815 5405 1125 5480 voluerint,
1159 5416 1261 5468 aut
1289 5430 1449 5470 more
1493 5413 1917 5472 catholicorum
1965 5417 2038 5476 de
2085 5417 2210 5474 solo

2331 4625 2358 4660 α
2387 4607 2526 4663 boni
2551 4624 2783 4663 corrum
2789 4625 2900 4680 pan
2909 4610 3046 4682 tur,j
3057 4609 3232 4667 udicii
3255 4612 3487 4669 sarculo
3507 4609 3757 4668 triticeam
3772 4612 3882 4671 διέθεθ’

2327 4719 2356 4746 ‹‹
2386 4701 2505 4751 tem
2534 4695 2776 4752 zizaniis
2796 4713 3047 4770 purgare
3067 4700 3522 4771 quaeritis.Quod
3538 4704 3708 4756 tamen
3725 4701 3882 4750 πεπο-

2329 4807 2358 4836 ‹‹
2389 4785 2481 4841 bis
2511 4785 2924 4852 immature,ne
2955 4792 3088 4844 ante
3117 4793 3356 4863 tempus
3387 4790 3512 4847 ﬁeri
3531 4777 3880 4851 debeat,di\'in8

2325 4897 2354 4925 ‹‹
2390 4875 2586 4947 potius
2598 4876 3090 4934 estobediendum
3103 4880 3430 4950 sententiae,
3445 4866 3883 4949 nedumjustitiam

2325 4987 2352 5016 «
2387 4965 2448 5020 in
2479 4963 2792 5038 puniendis
2822 4965 3365 5038 praevaricatoribus
3396 4985 3501 5026 nos
3523 4976 3753 5024 exemere
3769 4957 3884 5054 ρυξεο

2333 5078 2359 5110 α
2387 5071 2618 5124 mus,ex
2632 5053 2930 5128 impietate
2947 5055 3140 5130 specie
3158 5055 3484 5115 severitatis
3498 5054 3668 5113 velata
3677 5050 3724 5107 ei
3737 5050 3885 5122 preju-

2324 5167 2352 5198 ς(
2381 5143 2598 5200 dicium
2615 5143 3029 5218 faciamus,qui
3045 5163 3161 5202 non
3182 5145 3306 5204 vult
3325 5151 3567 5204 mortem
3590 5142 3883 5216 peccator“In

2325 5258 2351 5286 ι(
2381 5250 2486 5290 nec
2515 5232 2748 5290 laetatur
2775 5233 2835 5289 in
2867 5233 3189 5307 perditione
3215 5229 3698 5298 morientium,sed
3718 5240 3800 5300 per
3814 5233 3885 5292 P“

2329 5344 2351 5374 α
2383 5322 2648 5380 tientiam
2665 5321 3245 5396 etlonganimitatem
3261 5341 3433 5381 suam
3454 5321 3604 5380 novit
3623 5317 3885 5408 peceatores

2324 5436 2352 5465 ‹‹
2385 5414 2457 5470 ad
2489 5411 2889 5484 pmnitentiam
2931 5413 3226 5471 reducere.
3254 5412 3454 5470 Cesset
3497 5425 3625 5482 ergo
3659 5399 3885 5479 judicium

633 5513 747 5586 (29)
775 5513 1022 5602 Maxime
1052 5515 1246 5598 diti‘ert
1284 5518 1392 5579 hoc
1422 5527 1599 5600 caput
1628 5523 1700 5581 ab
1727 5523 1920 5597 editis,
1946 5524 2006 5584 in
2032 5525 2246 5602 quibus
2277 5528 2486 5602 praeter
2513 5519 2745 5584 initium
2779 5519 2956 5599 hujus
2985 5520 3246 5600 responsi
3293 5518 3440 5580 nihil
3484 5518 3596 5600 fere
3638 5511 3700 5572 de
3734 5505 3887 5566 aucto-

563 5587 648 5673 ris
677 5585 870 5650 verbis
903 5585 1183 5670 reperias.
