4036 6172
123 342 240 406 753

1727 339 1939 402 VITA.

3425 340 3553 407 ’ΐδό

125 498 161 528 «τ
185 470 467 550 pulveris,
489 471 695 531 auditu
716 472 1007 532 sententia
1030 474 1533 543 condemnatoris;
1559 489 1663 531 nec
1684 489 1781 530 eos
1811 474 1867 539 Α
1896 476 2429 547 damnatis,malui‘t
2456 476 2959 536 excellentissima;
2980 475 3215 535 virtutis
3234 471 3354 534 sua)
3374 472 3551 533 defri-

124 587 155 616 ‹‹
186 580 525 639 quaeramus
555 580 658 636 per
686 562 981 621 saecularis
1013 565 1283 639 potentia:
1330 564 1595 640 gladium
1639 563 1779 621 huic

125 679 155 706 α
183 654 321 711 vita!
350 653 717 719 subtrahere,
750 654 966 727 quibus
990 655 1115 711 vult
1146 655 1301 711 idem
1330 658 1561 712 Creator
1589 659 1647 711 et
1677 656 1781 710 Re-

124 769 152 795 «
180 745 457 817 demptor
483 748 655 811 Deus,
678 744 831 800 sicut
856 745 1033 813 novit,
1049 762 1283 817 parcere
1307 763 1320 800 :
1346 750 1411 800 ut
1432 745 1781 817 resipiscant

124 855 153 883 ‹‹
185 850 222 889 a
250 832 466 889 diaboli
483 832 712 906 laqueis
727 833 945 905 quibus
966 835 1174 908 captivi
1202 838 1475 890 tenentur
1497 836 1569 889 ad
1591 834 1779 907 ipsius

124 946 153 973 «
182 923 574 979 voluntatem.
610 921 723 989 Sic,
752 922 836 977 sic
866 922 1148 979 nimirum
1180 922 1326 979 tales
1358 923 1577 978 ultima:
1618 922 1779 978 illius

1889 570 2154 623 mentum
2186 568 2484 626 incurrere
2516 584 2695 642 quam
2716 566 3034 641 eripiendis
3059 567 3235 623 etiam
3257 565 3545 627 haereticis

1889 674 2006 713 non
2037 658 2508 715 consulere.Haec
2537 658 2811 725 dicimus,
2836 673 2952 712 non
2979 656 3119 729 quia
3145 672 3403 713 errorem
3425 655 3542 712 hie-

1888 746 2198 803 reticorum
2218 746 2389 803 tutari
2410 745 2686 815 velimus;
2703 747 2803 803 sed
2817 746 2956 818 quia
2966 745 3078 802 hoc
3097 745 3158 801 in
3175 742 3391 801 divinis
3405 743 3542 818 legi-

1888 835 2000 891 bus
2022 853 2317 909 nusquam
2336 836 2628 893 sancitum
2644 853 2758 892 non
2771 836 3097 909 approbare
3116 834 3537 890 monstremus.

1889 940 2022 997 CAP.
2056 942 2271 998 XXVII.
2306 944 2382 998 De
2408 943 2702 1014 apostolico
2730 940 2980 1014 eligendo
3010 940 3141 1014 quid
3157 940 3271 996 sibi
3286 939 3541 996 videatur

123 1037 152 1062 «
188 1010 639 1085 patrisfamilias
689 1011 869 1067 messi
901 1029 936 1067 a
964 1012 1133 1069 nobis
1183 1012 1450 1068 convenit
1497 1013 1779 1068 reservari

126 1126 151 1151 ‹‹
188 1100 477 1174 qpidquid
506 1116 795 1157 mrssores
825 1117 967 1156 suos
999 1101 1185 1158 facere
1206 1102 1437 1174 jubeat,
1461 1102 1613 1157 sicut
1631 1105 1689 1159 et
1709 1102 1781 1157 de

127 1214 154 1239 α
188 1189 636 1263 nobismetipsis
665 1206 801 1245 cum
836 1189 1043 1246 timore
1073 1196 1129 1246 et
1153 1195 1404 1247 tremore
1433 1195 1660 1264 oportet
1679 1208 1781 1247 ex-

131 1303 151 1330 σ
186 1277 481 1352 spectari;
505 1278 874 1351 quia-horum
895 1278 1359 1353 quoslibet,quos
1378 1264 1579 1336 mundi
1605 1280 1782 1351 hujus

126 1393 153 1419 κ
186 1384 331 1441 ager
358 1366 582 1423 zizania
624 1367 818 1436 habet,
853 1369 1066 1424 messis
1096 1368 1200 1425 illa
1227 1370 1470 1426 forsitan
1521 1369 1782 1425 triticum

128 1482 153 1508 α
190 1457 560 1525 inveniet;et
588 1474 736 1529 quos
767 1458 828 1515 in
856 1458 952 1513 via
985 1459 1212 1514 Domini
1244 1460 1606 1516 adversarios
1627 1476 1783 1514 nunc

129 1572 153 1597 α
189 1548 506 1614 habemus,
538 1545 817 1620 possibile
846 1547 1231 1620 omnipotenti
1279 1548 1396 1605 Deo
1443 1552 1533 1605 est
1580 1549 1638 1604 in
1684 1548 1786 1605 illa
1892 1554 1951 1606 et
1972 1549 2031 1605 in
2064 1549 2278 1606 talibus
2312 1550 2565 1606 maxime
2595 1553 2886 1605 scrutator
2907 1540 3546 1619 studiosissimus,vlgi-

132 1658 157 1685 κ
184 1634 409 1692 οωὶθεῐί
431 1635 621 1709 patria
644 1636 814 1692 nobis
837 1636 1015 1693 etiam
1040 1637 1227 1694 facere
1243 1638 1594 1710 superiores.
1620 1638 1785 1694 Certe
1894 1638 2084 1695 lanter
2113 1656 2248 1694 cum
2293 1639 2426 1695 aliis
2457 1655 2593 1695 cum
2637 1639 2855 1710 quibus
2884 1635 3109 1693 laboris
3135 1635 3317 1707 hujus
3347 1636 3559 1707 partes

129 1749 155 1776 α
188 1725 449 1796 legimus
477 1724 718 1781 Saulum
752 1726 941 1798 magis
968 1726 1244 1782 omnibus
1276 1728 1604 1782 smvieutem
1634 1727 1784 1782 beati
1894 1726 2410 1801 expendcrat,hinc
2429 1730 2597 1799 gesta
2613 1726 2958 1799 pontificum
2982 1720 3545 1791 Romanorum,hinc

131 1839 158 1865 κ
188 1814 475 1887 Stephani
508 1814 951 1913 protomartyris
974 1813 1399 1887 lapidatoribus
1420 1815 1783 1884 interfuisse;
1817 1847 1871 1913 Β
1894 1818 2233 1874 eorumdem
2264 1816 2515 1881 decreta,
2542 1815 2676 1871 hinc
2707 1814 3073 1871 authenticos
3091 1825 3366 1879 canones,
3380 1810 3545 1884 capi--

134 1928 159 1954 α
189 1908 449 1976 etquem
481 1903 574 1959 hic
596 1902 801 1959 habuit
829 1908 1284 1977 persecutorem,
1318 1908 1516 1977 utpote
1566 1909 1789 1977 martyr
1818 1899 1864 1913 "
1896 1906 2081 1962 tulare
2108 1920 2408 1961 recensere
2437 1903 2727 1961 sollicitus
2748 1903 2877 1959 fuit.
2911 1903 2974 1959 In
3005 1901 3221 1975 quibus
3238 1899 3546 1973 diligenter

135 2016 161 2042 ο(
193 1992 552 2066 apostolum,
587 1992 705 2048 illic
736 2010 798 2049 se
827 1994 1044 2066 gaudet
1071 1993 1285 2049 habere
1330 1994 1603 2066 priorem.
1634 1994 1787 2049 Inte-
1897 1995 2172 2053 revolutis
2204 1994 2347 2049 nihil
2372 1993 2532 2050 aliud
2557 2010 2737 2066 quam
2756 2007 3058 2049 summum
3088 1988 3547 2063 pontiﬁcem,cu-

139 2105 167 2132 α
196 2083 308 2138 rim
341 2080 737 2138 nihilominus
766 2082 1107 2139 meminisse
1154 2082 1437 2139 debemus
1486 2085 1640 2155 quod
1681 2099 1788 2139 nos
1891 2086 2227 2156 juscunque
2247 2081 2372 2138 vita:
2406 2082 2599 2149 fuerit,
2634 2098 2867 2139 summo
2897 2080 3116 2137 honore
3163 2077 3386 2146 haberi,
3410 2091 3555 2133 eum-

138 2197 167 2222 κ
200 2170 301 2245 qui
322 2170 584 2243 episcopi
605 2169 858 2227 dicimur
878 2170 1139 2244 gladium
1163 2172 1219 2226 in
1243 2172 1789 2244 ordinatione,quod
1900 2191 1934 2229 a
1964 2173 2198 2228 nemine
2229 2187 2491 2244 unquam
2506 2171 2758 2242 judicari
2787 2168 3196 2244 oportere,imo
3224 2164 3551 2223 nulllusin-

142 2285 167 2311 σε
199 2267 291 2318 est
318 2259 940 2332 saecularis-potentia,
976 2278 1091 2316 non
1122 2261 1446 2333 accipimus
1482 2278 1495 2315 :
1544 2260 1793 2333 ideoque
1900 2261 2130 2318 ferioris
2158 2261 2377 2334 gradus
2408 2258 2841 2316 accusationem
2873 2258 3155 2315 adversus
3190 2251 3552 2327 superiorem

141 2375 168 2400 «
198 2367 315 2407 non
339 2350 415 2406 ad
442 2349 1048 2418 mortificandum,sed
1071 2332 1266 2423 potius
1284 2350 1355 2405 ad
1377 2332 1791 2406 viviﬁcandum
1902 2349 2079 2421 recipi
2110 2332 2320 2406 debere
2368 2348 2627 2404 invenire
2676 2346 2894 2420 potuit;
2926 2350 2985 2402 et
3026 2343 3307 2417 quoniam
3351 2332 3577 2399 condi?

143 2464 170 2489 ε(
198 2444 439 2495 auctore
486 2438 605 2495 Deo
635 2438 997 2512 inungimur.
1030 2440 1130 2495 Est
1182 2443 1375 2495 tamen
1430 2438 1590 2495 aliud
1635 2439 1794 2511 quod
1902 2443 2063 2495 ctum
2092 2442 2216 2494 erat
2245 2437 2394 2494 hanc
2425 2437 2769 2493 electionem
2802 2433 3119 2508 apostolici
3149 2430 3445 2507 pontiﬁcis
3490 2428 3551 2485 in

145 2554 173 2579 τι
198 2529 448 2586 sollicite
477 2529 550 2585 de
581 2529 878 2602 praedictis
915 2530 1210 2603 agendum
1257 2533 1347 2585 est
1375 2528 1793 2594 schismaticis,
1901 2526 2101 2583 Natale
2132 2525 2430 2583 Uominieo
2462 2527 2742 2591 futuram,
2773 2518 3204 2582 audacissimus
3231 2516 3553 2594 portaveri-

150 2642 177 2669 α
207 2618 367 2692 quod
393 2622 452 2674 et
482 2635 585 2673 vos
617 2633 989 2691 nequaquam
1022 2618 1325 2691 ignoratis,
1362 2623 1425 2674 ut
1455 2618 1563 2689 ipsi
1594 2617 1796 2690 eisque
1904 2615 2041 2672 tatis
2066 2619 2322 2672 assertor
2354 2612 2750 2686 responsalem
2783 2629 2960 2669 suum
2989 2610 3091 2668 illo
3122 2606 3472 2675 transmisit,
3494 2609 3557 2673 et

150 2731 178 2757 «
210 2705 1450 2764 communicantescatholicacommunione
1476 2708 1793 2780 priveutur,
1906 2706 2136 2778 ingrato
2186 2703 2526 2776 imperatori
2569 2702 2723 2758 inter
2766 2700 2883 2757 alia
2927 2699 3287 2757 conﬁdenter
3339 2692 3555 2751 deferri

153 2821 179 2845 κ
207 2796 551 2868 ueterisque
580 2796 857 2852 omnibus
888 2796 1120 2869 publice
1145 2797 1566 2853 denuntientur
1598 2800 1684 2868 ut,
1716 2813 1800 2852 se-
1899 2793 2082 2866 jussit
2113 2793 2489 2849 mandamina
2513 2809 2642 2864 quae
2672 2791 2833 2847 fuere
2862 2786 3217 2861 huju'smodi‘
3236 2785 3347 2859 (31)
3371 2783 3553 2839 :«Re-

154 2912 180 2937 «
210 2886 473 2943 cundum
523 2886 924 2958 propheticam
972 2884 1454 2953 admonitionem,
1478 2889 1683 2941 exeant
1730 2885 1800 2940 de
1909 2905 1937 2931 ‹‹
1970 2882 2205 2955 cogitet,
2234 2882 2447 2953 inquit,
2482 2878 2767 2936 serenitas
2795 2884 2986 2935 vestra
3036 2892 3108 2933 ne
3148 2876 3295 2932 forte
3335 2871 3557 2929 summi

156 3000 179 3023 α
211 2975 404 3031 medio
433 2991 639 3031 eorum
670 2979 727 3030 et
755 2974 1296 3030 immundissimam
1330 2991 1531 3030 eorum
1580 2977 1799 3029 sectam
1912 2994 1940 3022 «
1972 2968 2262 3043 pontiﬁcis
2301 2970 2468 3026 sedes
2515 2968 2763 3040 depositi
2811 2985 2847 3023 a
2890 2965 3107 3039 quibus
3154 2980 3271 3020 non
3301 2960 3561 3035 oportuit

2388 1012 2709 1086 imperatori
2738 1012 3038 1085 respondet.

1960 1106 2118 1158 Inter
2145 1102 2266 1159 haec
2288 1104 2361 1159 ad
2394 1107 2650 1159 mentem
2680 1101 2832 1158 redit
2860 1102 3015 1175 quod
3054 1117 3188 1157 cum
3232 1115 3385 1173 papa
3413 1099 3540 1157 Cle-

1891 1207 2059 1247 mens
2084 1209 2153 1247 ex
2182 1192 2452 1265 episcopo
2484 1191 2947 1263 Bavenbergensi
2969 1190 3028 1246 in
3060 1186 3553 1263 apostolioa’sede‘

1892 1279 2246 1337 sublimatus
2293 1282 2364 1337 de
2411 1281 2521 1337 hac
2562 1281 2683 1337 vita
2712 1276 3102 1345 discessisset,
3131 1278 3452 1351 imperator
3471 1276 3557 1335 de'

1892 1371 2268 1443 subrogando
2296 1369 2356 1426 in
2377 1369 2571 1426 locum
2596 1369 2754 1426 illius
2777 1369 2893 1425 alio
2915 1366 3228 1425 consilium
3251 1363 3559 1441 ejusquts'o‘

1893 1477 2018 1517 rere
2040 1460 2306 1517 animum
2323 1459 2571 1516 induxit.
2589 1458 2692 1517 Ille
2707 1461 2998 1527 autem,ut
3016 1460 3141 1515 erat
3160 1457 3219 1513 in
3242 1455 3540 1524 omnibus,

156 3088 180 3113 α
214 3080 286 3119 ne
314 3061 641 3137 tetigerint;
675 3063 955 3136 quoniam
978 3064 1075 3136 qui
1109 3062 1363 3137 tetigerit
1393 3064 1581 3136 picem
1614 3062 1803 3134 inqui-

157 3177 183 3201 σι
214 3152 457 3208 nabitur
480 3153 554 3207 ab
584 3169 672 3208 ea.
709 3176 737 3201 ››
769 3152 899 3208 Haec
928 3155 1226 3225 tantopere
1271 3152 1359 3208 vir
1406 3152 1505 3207 Dei
1540 3150 1801 3223 exemplo

1913 3083 1939 3110 »
1974 3059 2084 3132 ipsi
2136 3057 2418 3113 divinitus
2466 3057 2544 3112 sit
2591 3058 2912 3121 reservata;
2944 3068 3082 3110 cum
3128 3051 3181 3108 is
3219 3066 3397 3124 quem
3436 3046 3561 3104 vice

1921 3170 1942 3199 ι
1978 3150 2105 3219 ejus
2136 3148 2392 3203 ordinari
2415 3145 2704 3217 jussistis,
2737 3143 3045 3201 defunctus
3077 3140 3327 3199 cessisse
3366 3137 3565 3195 videa-

156 3241 307 3298 beati
351 3239 589 3297 Martini
638 3242 913 3297 studebat
957 3213 1269 3309 inculcare,
1326 3245 1391 3297 ut
1446 3213 1802 3313 praecipitem
1836 3213 1880 3281 (ἶ
1916 3262 1943 3290 ‹‹
1974 3213 2069 3294 tur
2098 3236 2285 3293 eidem
2316 3213 2507 3291 adhuc
2536 3232 2856 3306 superstiti.
2881 3224 3565 3302 Quocirca,quandoqui-

160 3331 650 3405 Francigenarum
702 3330 924 3387 rabiem
973 3331 1157 3386 caedes
1204 3329 1480 3386 anhelare
1517 3329 1809 3386 solitama

162 3419 498 3475 crudelitate
528 3418 963 3492 quodammodo
993 3420 1327 3475 refrenaret.
1351 3419 1627 3475 Audierat
1649 3418 1806 3474 enim

164 3525 256 3564 eos
288 3508 411 3564 solo
443 3507 662 3581 pallore
693 3511 893 3564 notare
916 3508 1238 3577 hereticos,
1270 3508 1440 3580 quasi
1493 3524 1641 3579 quos
1685 3505 1809 3579 pal-

165 3596 276 3653 lere
305 3601 618 3665 constaret,
653 3597 955 3654 hzereticos
986 3614 1115 3654 esse
1143 3602 1367 3652 certum
1400 3602 1584 3664 esset;
1611 3596 1811 3667 sicque

171 3702 267 3758 per
292 3704 546 3743 errorem
592 3685 889 3758 simulque
939 3687 1194 3746 furorem
1243 3703 1466 3754 eorum,
1502 3685 1812 3758 plerosque

170 3792 293 3832 vere
320 3775 744 3833 catholicorum
776 3774 958 3832 fuisse
987 3774 1300 3848 aliquando
1335 3775 1738 3847 interemptos.

236 3884 366 3939 CAP.
398 3882 590 3940 XXVI.
619 3883 695 3939 De
745 3883 1422 4027 hzrgticiismpeqmuluam
1477 3882 1814 3952 iouerficicn-

904 3972 951 4009 ιδ
1106 3997 1118 4010 .

904 3972 951 4009 ιδ
982 3972 1118 4010 (JUl.

240 4043 383 4099 Cum
404 4043 528 4101 haec
547 4043 630 4099 ita
650 4060 711 4100 se
732 4042 1267 4115 habeant,cumque
1285 4046 1403 4098 tam
1425 4046 1622 4115 aperte
1646 4040 1818 4097 ratio-

178 4148 245 4188 ne
265 4126 596 4205 evangelica
614 4132 917 4189 sanctione
932 4131 1183 4188 subnixa
1194 4131 1275 4187 nil
1290 4148 1450 4203 aeque
1463 4130 1821 4186 rationabili-

179 4224 262 4276 ter
276 4221 399 4278 vale
410 4225 461 4277 λι
480 4220 798 4277 contradici
815 4240 829 4290 ;
844 4221 1079 4277 videant
1100 4221 1316 4293 quibus
1335 4218 1819 4291 vacat,quomodo

184 4309 766 4383 irreprehensibiliter
785 4314 985 4366 actum
1003 4308 1081 4365 sit
1098 4310 1253 4381 quod
1271 4326 1405 4364 cum
1421 4306 1670 4364 Goslarii
1697 4307 1823 4379 qui-

185 4399 309 4455 dam
330 4397 674 4471 hujusmodi
687 4398 903 4454 erroris
919 4401 1234 4454 sectatores
1245 4395 1796 4469 essentdeprehensi
1807 4436 1821 4463 ,

189 4494 307 4558 post
324 4489 573 4544 multam
603 4486 1039 4560 superstitionis
1070 4503 1188 4541 sua:
1219 4486 1668 4554 discussionem,
1694 4485 1825 4556 jus-

1917 3352 1943 3379 ‹‹
1979 3328 2112 3383 dem
2143 3330 2403 3381 nostram
2431 3340 2610 3396 super
2632 3323 2726 3379 his
2758 3320 3020 3394 ﬂagitare
3063 3316 3281 3393 placuit
3328 3317 3569 3372 senten-

1918 3440 1945 3467 ‹‹
1983 3416 2145 3483 tiam,
2175 3414 2405 3470 desinat
2458 3410 2793 3467 sublimitas
2822 3412 3015 3465 vestra
3043 3406 3301 3479 aliquem
3348 3403 3410 3459 in
3441 3403 3571 3475 ejus

1926 3527 1952 3559 α
1982 3505 2175 3560 locum
2193 3503 2293 3575 qui
2315 3503 2614 3573 superstes
2636 3503 2723 3556 est
2739 3497 2885 3555 velle
2904 3496 3283 3562 substituere;
3302 3491 3444 3566 quia
3462 3506 3569 3547 nec

1924 3618 1946 3645 α
1982 3594 2210 3650 divinas
2242 3608 2347 3648 nec
2377 3590 2669 3645 humanas
2701 3588 2859 3661 leges
2889 3591 3117 3643 certum
3143 3586 3233 3641 est
3251 3580 3569 3640 concedere

1924 3705 1952 3734 ‹‹
1984 3682 2113 3750 hoc,
2159 3678 2616 3752 astipulant'bus
2662 3676 3272 3748 ubique-sanctorum
3326 3670 3571 3726 Patrum

1922 3796 1949 3823 ‹‹
1981 3776 2098 3827 tam
2131 3768 2303 3825 dictis
2332 3785 2508 3841 quam
2548 3764 2803 3838 scriptis,
2832 3778 3136 3821 summum
3166 3758 3504 3818 Pontiﬁcem
3534 3773 3572 3814 α

1924 3884 1951 3911 ‹‹
1987 3858 2221 3916 nemine
2254 3857 2367 3914 nisi
2397 3874 2431 3911 a
2459 3856 2583 3912 solo
2618 3861 2728 3911 Deo
2759 3852 3072 3926 dijudicari
3102 3851 3331 3907 debere.
3365 3848 3572 3904 Testor

1925 3974 1953 4002 «
1989 3949 2321 4013 Dominum,
2362 3950 2420 4002 et
2450 3945 2605 4017 quod
2636 3960 2741 4017 ego
2770 3942 3053 4013 indignus
3101 3938 3375 3996 sacerdos
3408 3934 3579 3992 vobis

1927 4063 1954 4091 ‹‹
1981 4037 2174 4110 juravi
2207 4037 2659 4094 sacramentum,
2693 4046 2872 4103 super
2899 4030 3008 4084 hoc
3034 4027 3266 4101 negotio
3290 4022 3439 4080 nihil
3469 4024 3579 4110 hac

1932 4151 1960 4181 ‹‹
1990 4109 2285 4184 Sententia
2312 4123 2526 4187 verius,
2562 4120 2709 4176 nihil
2741 4116 3119 4192 prmstantius
3149 4133 3184 4171 a
3213 4130 3307 4169 me
3352 4109 3581 4184 excogi-

1933 4242 1961 4270 «
1995 4217 2103 4272 tari
2135 4213 2222 4269 vel
2255 4212 2493 4267 inveniri
2530 4227 2756 4283 posse.»
2772 4208 3133 4263 Adventante
3154 4206 3351 4260 autem
3368 4214 3589 4256 memo-

1933 4310 2057 4362 rato
2089 4300 2412 4374 responsali
2442 4298 2726 4356 antistitis
2759 4295 2943 4352 nostri
2974 4294 3047 4350 ad
3079 4295 3305 4348 curtem
3338 4288 3583 4362 regiam,

1933 4390 2393 4467 Poppo-[qui]et
2449 4389 2643 4443 Bruno
2704 4378 3468 4467 Brixionensisepiscopus
3524 4376 3585 4431 in

1938 4466 2241 4541 summum
2273 4477 2636 4552 pontificium
2661 4477 2789 4547 jam
2837 4472 3065 4546 pridem
3112 4470 3330 4526 electus
3374 4466 3586 4533 fuerat,

188 4553 413 4652 tamque
436 4595 543 4650 pro
569 4553 891 4650 pertinacia
909 4575 1123 4630 erroris
1138 4553 1824 4642 excommunication'em,
1862 4585 1906 4649 Ι)
1940 4572 2040 4646 qui
2071 4574 2277 4643 postea
2302 4584 2335 4622 a
2358 4566 2636 4621 Romanis
2668 4564 2954 4620 Damasus
2983 4563 3073 4616 est
3101 4556 3429 4652 appellatus
3461 4570 3475 4609 :
3494 4553 3587 4652 in-

192 4668 499 4743 suspendio
514 4667 757 4739 insuper
767 4666 888 4723 sint
901 4664 1247 4735 addicti.Cuj
1260 4681 1327 4720 us
1343 4663 1728 4720 discussionis
1740 4680 1827 4718 or-

194 4756 377 4815 dinem
398 4774 535 4813 cum
557 4755 867 4828 diligenter
888 4754 1467 4821 sciscitaremur,non
1498 4752 1673 4808 aliam
1695 4769 1829 4807 con-

197 4844 577 4903 demnationis
597 4861 800 4901 eorum
840 4859 1078 4900 causam
1114 4858 1463 4915 cognoscere
1504 4842 1827 4913 potuimus,

1936 4644 2128 4720 certus
2150 4658 2244 4713 ille
2271 4656 2411 4729 quid
2430 4657 2805 4719 faceret,nam
2833 4668 2925 4707 res
2947 4651 3243 4706 transacta
3265 4644 3587 4715 erat,cuius

1937 4748 2321 4808 ιταιιΐυταιιὼυ
2352 4762 2530 4801 causa
2559 4742 2839 4798 mandata
2858 4740 2931 4796 ad
2962 4739 3373 4812 imperatorem
3394 4746 3589 4789 susce-

1942 4845 2135 4915 perat;
2163 4836 2412 4892 accessit
2440 4839 2657 4897 tamen,
2689 4835 2747 4887 et
2774 4830 2909 4897 alia,
2940 4844 3120 4901 quam
3151 4826 3359 4915 facete,
3386 4824 3454 4877 ut
3485 4835 3588 4875 no-

199 4951 361 5006 quam
382 4936 526 5008 quia
543 4934 785 4991 cuilibet
803 4912 1213 5005 episcoporum
1238 4931 1472 5003 jubenti
1508 4912 1575 4986 ut
1606 4930 1831 5003 pullum
1940 4912 2119 4996 verat,
2156 4921 2490 4998 imperatori
2522 4921 2753 4994 praefert
2782 4915 3182 5008 mandamina.
3202 4912 3594 5008 Postqueom~

201 4997 514 5083 deciderent
572 4997 972 5079 inobedientes
1000 4997 1388 5077 exstiterant.
1413 5020 1577 5086 Vere,
1606 4997 1836 5074 fatebor
1945 5020 2043 5074 nia
2076 5035 2089 5073 :
2125 5039 2152 5065 «
2184 4997 2409 5079 Adhuc,
2446 5010 2655 5083 inquit,
2689 5025 2874 5065 unum
2905 5006 3174 5077 superest
3220 4997 3380 5074 quod
3427 4997 3597 5054 dom-

202 5116 481 5184 enim,nec
509 5111 1037 5178 silebo,Wazonem
1070 5109 1414 5177 nostrum,si
1437 5109 1556 5165 haec
1574 5112 1839 5180 tempora
1947 5125 2059 5165 nus
2090 5102 2332 5161 mandat
2358 5101 2687 5175 episcOpus,
2722 5095 2880 5169 quod
2929 5092 3071 5166 quia
3116 5107 3211 5187 res
3240 5091 3332 5187 est
3376 5088 3596 5187 exacta,

202 5206 549 5279 contigisset,
573 5201 715 5258 bllic
754 5198 1056 5257 εϐηιεῐιιίω
1105 5215 1415 5256 assensum
1464 5214 1838 5271 nequaquam
1946 5196 2111 5254 vobis
2142 5208 2427 5265 exponere
2456 5206 2572 5245 non
2602 5192 2691 5244 est
2723 5187 3011 5279 in‘causa.
3048 5183 3229 5279 »βαρ
3250 5176 3600 5279 ille‘audito,

205 5289 864 5365 praebiturum,exemplo
885 5289 1037 5346 beati
1054 5287 1416 5361 Martini,qui
1442 5292 1507 5343 ut
1529 5286 1842 5343 intercede-

1954 5291 2017 5343 ut
2043 5288 2132 5341 est
2162 5281 2431 5338 curiosus
2461 5278 2664 5335 audire
2687 5274 2890 5340 multa,
2905 5277 2962 5329 et
2982 5269 3304 5329 sententias
3346 5267 3606 5323 diverso-

202 5362 271 5442 tet
304 5402 413 5459 pro
443 5362 1167 5447 Priscillianistis,maximi
1201 5367 1574 5451 imperatoris
1598 5376 1845 5448 turpiter
1954 5392 2083 5430 rum
2115 5371 2405 5443 colligere,
2433 5387 2467 5424 a
2496 5367 2684 5439 legato
2717 5362 2969 5459 multum
2999 5362 3314 5459 excusante
3334 5372 3455 5459 rem
3477 5370 3608 5429 pro-

202 5473 562 5533 ldulantium
600 5471 973 5529 sacerdotum
1024 5466 1268 5525 consilio
1315 5466 1611 5539 depravati
1655 5465 1843 5521 edicto

258 5580 380 5653 (30)
410 5581 712 5707 Ιηιᾝω
733 5578 843 5635 hoc
874 5581 1051 5650 caput
1079 5576 1140 5632 in
1172 5574 1343 5632 editis
1373 5573 1761 5631 desideratur.

260 5654 382 5707 (31)
416 5654 544 5707 Haec
640 5650 837 5707 azonis
861 5649 1165 5707 resnonsio
1196 5646 1435 5705 omnino
1466 5646 1757 5707 discrepat

260 5654 382 5725 (31)
416 5654 544 5709 Haec

1956 5463 2196 5537 peusius
2226 5459 2448 5516 insistit
2478 5461 2838 5528 extorquere.
2873 5449 3249 5525 Responsalis
3289 5450 3487 5505 autem
3536 5459 3607 5499 ex

640 5650 837 5709 azonis
861 5642 1165 5723 res‘ponsio
1196 5646 1435 5705 omnino
1466 5646 1757 5718 discrepat
1778 5645 1850 5700 ab
1890 5642 2082 5700 editis.
