4036 6160
505 333 627 394 755

1583 329 1916 394 VASONIS
1959 328 2419 393 LEODIENSIS
2448 330 2843 430 [EPISCOPL

3709 341 3805 404 156

511 461 802 524 industria
824 480 1020 522 moras
1051 461 1354 532 redimere,
1369 465 1428 520 et
1457 464 1626 538 quasi
1655 464 1792 522 inde
1813 463 2156 522 diverticula
2181 464 2240 532 Α
2264 464 2360 521 vix
2388 464 2628 523 demum
2672 463 2882 522 insano
2935 462 3160 538 fragore
3204 463 3619 540 obstrepentium
3646 486 3658 524 :
3684 493 3706 521 ‹‹
3729 472 3809 532 vel

511 557 868 629 quaerere;et
888 554 1062 611 tacite
1078 553 1514 626 quodammodo
1535 554 1834 612 hominem
1857 557 2155 629 potentem
2267 572 2424 613 nunc
2453 560 2672 622 tamen,
2688 555 2900 628 inquit,
2916 555 3192 626 majestas
3217 559 3399 612 vestra
3421 556 3550 612 mihi
3583 559 3810 635 decrepito

513 644 677 738 prius
705 643 928 700 ambire
957 642 1254 738 nitebatur
1300 646 1384 712 ut,
1410 641 1568 738 sicut
1595 644 1742 738 bene
1771 649 2028 738 noverat,
2063 663 2157 738 rei

2267 649 2325 701 et
2353 643 2634 701 imbecilli
2663 661 2894 701 sessum
2927 642 3198 716 dignetur
3226 645 3518 701 concedere
3545 662 3556 701 :
3587 664 3698 703 nam
3733 651 3812 708 etsi

511 731 644 790 rum
701 731 1134 805 anticipatione,
1168 731 1219 788 si
1271 749 1388 806 qua
1437 733 1690 791 subinde
1727 733 1788 790 in
1817 734 1990 792 corde
2020 735 2160 791 oriri
2266 733 2468 802 Wazo,
2503 732 2666 806 rugis
2695 732 2994 788 confectus
3025 735 3083 787 et
3112 731 3290 799 senio,
3313 731 3568 806 indignus
3592 735 3816 796 esthono-

511 824 730 896 posset,
753 821 1047 895 frangeret
1073 820 1464 878 iracundiam.
1490 822 1634 890 Quid
1669 823 1875 896 plura?
1903 823 2162 897 Spondet

513 927 611 967 rex
641 909 930 984 quidquid
963 909 1021 966 id
1054 909 1203 968 foret
1233 929 1295 968 se
1317 928 1690 985 nequaquam
1713 929 2159 980 succensurum,

513 1015 748 1057 omnem
779 998 1023 1074 proinde
1068 1000 1354 1058 offensam
1404 1003 1682 1059 adversus
1731 1001 2165 1074 quantumlibet

513 1103 722 1162 aspera
742 1089 1122 1146 mandantem
1151 1090 1559 1148 remissurum.
1591 1092 1914 1161 Postremo,
1939 1091 1990 1148 si
2007 1091 2164 1164 quod

512 1177 839 1252 periculum
854 1178 1052 1251 gratiae
1074 1178 1362 1236 mittentis
1381 1179 1637 1254 episcopi
1659 1181 1780 1237 fore
1801 1180 1884 1237 illi
1905 1180 2058 1238 conti
2066 1198 2163 1252 ge-

512 1267 608 1335 rit,
637 1283 706 1324 eo
736 1268 892 1340 quod
923 1268 1218 1325 reticenda
1264 1269 1602 1341 prodiderit,
1634 1287 1762 1327 sese
1807 1269 2164 1326 omnimodis

513 1355 905 1414 obviaturum.
936 1357 1197 1414 Tandem
1249 1375 1490 1415 securus
1521 1357 1764 1416 nuntius
1806 1375 1934 1431 quas
1955 1359 2165 1432 jussus

514 1444 705 1502 fuerat
733 1445 1073 1518 exsequitur
1097 1445 1496 1516 mandamina,
1530 1465 1656 1520 quae
1691 1452 1976 1522 quantum
2006 1465 2162 1518 vera,

514 1531 740 1618 homini
787 1531 1148 1590 voluntatem
1189 1534 1360 1606 juxta
1397 1535 1717 1608 potentiam
1760 1554 1930 1594 suam
1971 1537 2164 1595 metiri

516 1621 832 1690 affectanti,
865 1623 983 1680 fere
1010 1625 1244 1680 tantum
1271 1629 1470 1682 essent
1499 1625 1721 1695 odiosa,
1753 1627 1804 1684 si
1853 1626 2164 1702 praelibatae

516 1709 803 1784 pactionis
827 1713 1250 1786 praeoccupatio
1279 1713 1621 1772 obstitisset.

2271 821 2608 890 rari,tamen
2621 822 2984 878 sacerdotem
3006 825 3063 877 et
3083 822 3244 877 sacro
3260 820 3555 878 chrismate
3580 823 3816 883 inuectum

2270 911 2512 968 dedecet
2543 911 2694 967 inter
2723 909 3038 984 populares
3082 913 3202 965 tam
3250 907 3536 966 inhoneste
3578 909 3774 985 fatigari.
3799 938 3819 964 ι)

2273 1001 2594 1072 Imperator
2622 1004 2844 1067 autem,
2865 1002 3064 1072 utpote
3090 997 3188 1072 qui
3219 999 3493 1070 ejusmodi
3521 998 3670 1056 homo
3693 1007 3820 1072 esset,

2273 1091 2376 1164 qui
2409 1089 2522 1147 sibi
2551 1106 2730 1163 super
2759 1087 3066 1162 episcopos
3088 1089 3426 1161 potestatem
3453 1087 3612 1144 nimis
3635 1089 3824 1146 carnali-

2272 1184 2382 1248 ter,
2415 1197 2487 1236 ne
2515 1178 2706 1235 dicam
2739 1177 3070 1246 ambitiose,
3095 1181 3372 1250 quareret
3398 1192 3650 1248 usurpare
3672 1195 3684 1234 :
3704 1179 3826 1252 «Ego

2271 1285 2428 1335 vero,
2456 1267 2667 1340 inquit,
2683 1265 2956 1324 similiter
2983 1282 3148 1322 sacro
3179 1263 3466 1332 oleo,data
3487 1263 3615 1320 mihi
3633 1282 3724 1338 pre:
3748 1283 3828 1322 ce-

2271 1358 2415 1414 teris
2446 1355 2774 1430 imperandi
2807 1358 3110 1428 potestate,
3145 1371 3279 1412 sum
3307 1356 3618 1428 perunctus.
3646 1376 3670 1403 »
3695 1354 3829 1418 Quem

2273 1450 2514 1504 econtra
2559 1445 2806 1502 antistes
2854 1444 3116 1501 veritatis
3161 1443 3285 1500 zelo
3307 1442 3638 1516 justitiaaque
3669 1443 3834 1500 fervore

2273 1536 2650 1594 vehementer
2679 1551 2964 1592 accensus
2986 1532 3206 1590 talibus
3225 1531 3468 1590 breviter
3504 1530 3833 1588 instruendum

2274 1645 2405 1686 ecse
2425 1628 2657 1685 censuit
2679 1643 2692 1682 :
2721 1648 2749 1678 α
2762 1623 3210 1698 Alia,inquiens,
3226 1627 3316 1680 est
3335 1626 3390 1680 et
3407 1621 3564 1695 longe
3582 1639 3614 1678 a
3633 1624 3836 1679 sacerdo-

2273 1708 2378 1775 tali
2403 1717 2679 1774 differens
2697 1721 2890 1774 vestra
2907 1715 3030 1772 haec
3053 1730 3232 1788 quam
3252 1711 3506 1770 asseritis
3525 1711 3719 1780 unctio;
3738 1711 3838 1784 quia

515 1819 644 1874 CAP.
675 1816 916 1875 XXVIII.
950 1818 1305 1907 lusimulatus
1333 1822 1401 1878 ab
1429 1825 1753 1907 imperatore
1781 1826 1915 1898 quid
1955 1827 2164 1898 fecerit,
2195 1841 2245 1907 Β
2275 1823 2386 1907 Ρξδιξ
2398 1823 2528 1907 Eam
2554 1823 2656 1907 YOS
2689 1806 2759 1862 ad
2787 1803 3287 1907 ωοξίίθεθηάιιων
3308 1819 3413 1907 “(is
3441 1805 3650 1907 αυοῐοιςθ
3669 1799 3761 1907 P90
3783 1801 3836 1907 id

1053 1891 1251 1964 quidve
1278 1891 1633 1967 responderit.

585 1977 714 2035 Alio
735 1979 990 2052 quodam
1003 1983 1264 2054 tempore
1283 1982 1426 2040 dum
1443 1983 1700 2042 edictum
1722 1986 1930 2043 fuisset
1951 1989 2170 2061 utgens

517 2067 856 2138 Fresonam,
889 2086 1016 2142 quas
1046 2069 1194 2128 duce
1222 2071 1578 2131 Theoderico
1609 2073 1949 2148 imperatori
1995 2093 2170 2150 repu-

517 2156 968 2230 gnabat,navali
998 2157 1262 2232 undique
1280 2159 1434 2217 bello
1464 2166 1778 2234 peteretur,
1810 2163 2020 2234 ille,uti
2047 2169 2172 2222 erat

516 2247 760 2318 paterno
796 2245 1028 2314 affectu,
1064 2247 1280 2306 timens
1309 2249 1532 2308 militiae
1571 2251 1801 2309 nullum
1850 2271 1881 2311 e
1924 2255 2171 2312 navibus

520 2333 826 2407 praliandi
857 2351 1034 2392 usum
1065 2341 1367 2409 assecuta,
1399 2339 1579 2397 simul
1610 2359 1682 2398 ne
1711 2348 1947 2415 paratas
1966 2343 2078 2400 sibi
2098 2344 2172 2400 ab

521 2422 794 2481 hostibus
824 2421 1108 2482 incideret
1127 2424 1396 2494 insidias,
1428 2431 1756 2503 praesertim
1778 2449 1912 2488 cum
1939 2433 2011 2490 ad
2033 2448 2172 2490 con-

521 2511 748 2569 dictum
779 2514 1173 2588 congregandi
1202 2517 1489 2574 exercitus
1517 2517 1712 2577 locum
1761 2538 1864 2594 per
1900 2522 2172 2591 ducenta,

529 2605 632 2658 aut
659 2618 728 2658 eo
757 2601 1013 2676 amplius
1043 2602 1318 2663 milliaria
1347 2606 1542 2666 triduo
1567 2609 1680 2681 (32)
1711 2611 1903 2668 eundo
1924 2611 2178 2686 accepis-

529 2693 619 2747 set
660 2691 1030 2762 mandatum,
1077 2695 1558 2755 concurrentibus
1603 2701 1690 2755 tot
1738 2698 2174 2757 rationabilium

526 2795 842 2836 causarum
853 2780 1304 2840 difficultatibus
1316 2801 1388 2841 ne
1400 2803 1698 2860 quoquam
1711 2789 2176 2858 discederet,non

527 2867 728 2926 ﬁdeles
757 2869 1026 2928 Ecclesia
1055 2871 1276 2930 frustra
1302 2881 1552 2946 vexaret,
1585 2877 1898 2935 consilium
1945 2879 2172 2936 habuit.

527 2956 654 3013 Itur
681 2974 818 3032 ergo
846 2959 905 3016 in
939 2960 1274 3019 Fresoniam
1297 2968 1354 3018 et
1371 2962 1596 3020 reditur
1615 2966 1689 3022 ab
1710 2967 1965 3023 exercitu
2001 2984 2174 3023 nava-

523 3045 684 3103 libus
711 3048 894 3106 armis
921 3047 1232 3121 instructa,
1265 3069 1398 3110 eum
1439 3071 1554 3110 non
1609 3054 1797 3112 multa
1825 3060 1958 3130 post
1998 3055 2177 3113 collo-

525 3135 734 3210 quium
750 3136 1028 3208 habetur;
1049 3140 1121 3196 ad
1153 3141 1308 3213 quod
1339 3143 1597 3215 pontifex
1617 3148 1816 3202 noster
1833 3145 2174 3214 accersitus,

524 3226 1012 3300 transgressionis
1035 3212 1389 3302 imperatorii
1403 3231 1575 3288 edicti
1589 3232 1954 3308 aliorumque
1965 3241 2068 3292 aut
2081 3253 2176 3291 ne-
2206 3212 2250 3280 Ο

525 3313 814 3388 gligenter
822 3320 924 3372 aut
935 3316 1248 3375 inﬁdeliter
1259 3325 1555 3392 gestorum
1575 3321 1826 3395 graviter
1838 3325 2174 3395 arcessitur,

527 3401 944 3460 accusantibus
965 3404 1046 3477 inj
1057 3409 1186 3462 uate
1211 3407 1358 3480 ipsis
1379 3408 1480 3482 qui
1497 3411 1763 3482 ejusdem
1780 3430 2178 3486 saepenumero

503 3490 838 3564 .magnifice
861 3493 950 3548 usi
972 3493 1204 3551 fuerant
1223 3496 1538 3555 beneﬁciis.
1554 3503 1814 3574 Cumque
1831 3503 1904 3559 ad
1945 3504 2180 3578 singula

529 3595 657 3652 quas
670 3577 1528 3651 objiciebanturrationabiliter
1537 3605 1667 3645 sese
1678 3606 1926 3663 purgare
1937 3577 2180 3665 paratus

527 3672 702 3735 esset,
727 3667 777 3724 si
807 3670 1308 3746 excusandiccpia
1345 3675 1601 3746 daretur,
1616 3679 2012 3738 succlamante
2043 3682 2179 3738 hinc

526 3755 700 3830 regis:
731 3757 916 3830 partis
945 3759 1312 3818 adulatorum
1333 3763 1742 3832 fremitu,hine
1771 3769 2178 3843 episcoporum

529 3845 774 3903 consilia
799 3846 1201 3906 exhibentium
1233 3851 1580 3911 adhortante
1609 3856 1906 3923 cmtu,soli
1926 3857 1986 3914 in
2017 3864 2178 3917 tanto

525 3933 762 3992 turbine
789 3935 1171 4009 deprehenso,
1205 3939 1429 3999 diutius
1467 3943 1642 4000 reniti
1672 3943 2043 4018 imperatoris
2081 3966 2177 4005 vo-

525 4022 742 4080 luntati
759 4038 1132 4098 nequaquam
1150 4031 1479 4088 constantia
1500 4031 2179 4110 fuit.Tandemque,quia

528 4113 783 4185 potentis
813 4113 994 4172 animi
1024 4115 1348 4192 indignatio
1379 4137 1493 4176 non
1530 4121 1700 4182 aliter
1727 4124 1855 4181 visa
1887 4131 1977 4182 est
2005 4143 2179 4199 posse

527 4199 718 4270 leniri,
742 4203 814 4258 ad
835 4204 1012 4275 pedes
1032 4206 1163 4278 ejus
1184 4207 1402 4266 invitus
1435 4211 1728 4284 acquievit
1759 4213 2071 4283 incurvari,
2098 4222 2179 4273 at-

528 4307 642 4363 que
661 4308 766 4364 pro
795 4291 985 4366 culpis
1015 4295 1374 4355 redimendis
1403 4317 1530 4372 qua:
1557 4317 1671 4358 non
1693 4308 1861 4360 erant
1891 4308 2178 4363 trecentas

529 4378 786 4452 argentis
814 4380 997 4440 libras
1026 4389 1265 4442 coactus
1283 4392 1373 4444 est
1403 4390 1717 4447 revadiare.
1742 4394 1904 4460 Quod
1938 4395 2176 4467 quidem

529 4467 690 4524 omni
721 4467 944 4542 reliquo
964 4472 1092 4529 vita:
1112 4477 1372 4548 tempore
1393 4494 1528 4534 eum
1559 4480 1831 4552 paenituit
1853 4482 2094 4552 fecisse;
2122 4490 2180 4541 et

2276 1895 2691 1953 viviﬁcandum
2735 1895 2924 1951 ornati
2983 1910 3192 1950 sumus
3226 1891 3415 1948 :unde
3465 1894 3718 1962 quantum
3754 1889 3838 1944 vita

2280 1989 2466 2042 morte
2497 1985 2882 2058 praestantior,
2916 1987 3145 2040 tantum
3195 1984 3395 2040 nostra
3420 1984 3598 2038 vestra
3633 1979 3839 2034 unctione

2279 2075 2407 2134 sine
2457 2075 2636 2132 dubio
2682 2070 3213 2130 est/excellentior.
3249 2092 3279 2120 ››
3311 2068 3540 2127 Talibus
3575 2067 3838 2124 ﬂuctuantis

2279 2165 2487 2222 mundi
2498 2165 2760 2236 jactatus
2789 2159 3080 2235 procellis,
3105 2158 3332 2233 peritus
3352 2161 3525 2215 nauta
3539 2155 3705 2213 navim
3718 2172 3840 2212 suam

2280 2254 2478 2312 odoris
2507 2252 2786 2309 virtutum
2817 2251 3010 2325 pomis
3040 2249 3315 2306 refertam
3345 2248 3416 2304 ad
3445 2244 3731 2302 innocentis
3751 2243 3841 2298 vita

2280 2348 2339 2401 et
2367 2340 2733 2400 conscientias
2764 2340 2930 2398 bonae
2981 2338 3206 2396 reﬂexit
3252 2339 3510 2411 portum;
3541 2339 3593 2392 et
3631 2333 3764 2390 fortis
3802 2333 3841 2386 in

2281 2431 2543 2488 adversis
2557 2427 2920 2502 humilisque
2940 2428 2999 2485 in
3021 2427 3322 2502 prosperis
3351 2425 3497 2482 sicut
3527 2421 3703 2480 mundi
3727 2421 3841 2477 leno-

2283 2519 2454 2576 ciniis
2482 2519 2743 2592 nequivit
2766 2517 3079 2592 frangi,sic
3110 2533 3221 2573 nec
3249 2513 3558 2572 terroribus
3573 2510 3728 2568 valuit
3744 2526 3842 2566 eon-

2283 2609 2425 2676 cuti,
2459 2609 2659 2666 dicens
2689 2625 2824 2665 cum
2845 2607 3161 2665 Psalmista
3187 2623 3202 2662 :
3236 2606 3492 2663 Dominus
3522 2602 3647 2659 mihi
3681 2599 3846 2670 adiutor

2282 2707 2379 2767 est,
2406 2715 2518 2756 non
2541 2699 2736 2755 timebo
2759 2697 2894 2771 quid
2918 2699 3092 2776 faciat
3121 2695 3271 2752 mihi
3293 2695 3464 2752 homo.

2285 2807 2498 2862 CAPUT.
2541 2805 2727 2863 XXIX.
2785 2809 2932 2877 Quos
2987 2804 3284 2888 ethquqles
3341 2799 3712 2874 praebendam:
3753 2811 3846 2850 m-

2979 2883 3246 2932 stituerz't.

2358 2966 2529 3023 Redit
2558 2967 2736 3039 igitur
2763 2965 2982 3022 calcato
3009 2965 3216 3020 mundi
3247 2963 3478 3020 turbine
3523 2961 3588 3017 ad
3615 2957 3686 3014 tui
3712 2951 3848 3019 ovilia,

2286 3058 2458 3113 beata
2487 3055 2587 3112 Dei
2631 3054 2911 3126 Genitrix,
2935 3059 2993 3110 et
3038 3053 3319 3127 martyris
3368 3047 3640 3109 Lamberti
3681 3043 3846 3106 caulas,

2288 3147 2564 3203 omnibus
2589 3145 2822 3219 palatiis
2856 3160 3057 3217 regum
3090 3143 3406 3216 gratiores;
3436 3144 3492 3197 et
3517 3141 3688 3212 pastor
3711 3134 3848 3188 bonus

2289 3237 2362 3292 ad
2393 3239 2611 3292 aeterna
2639 3251 2860 3308 pascua
2886 3250 3022 3290 oves
3057 3233 3392 3290 Dominicas
3427 3245 3585 3304 agere
3610 3220 3848 3308 contende-

2288 3324 2598 3396 bat,atque
2630 3307 2688 3380 in
2721 3324 2902 3396 hujus
2933 3323 3168 3379 interim
3190 3321 3320 3378 vitae
3341 3320 3432 3377 via
3461 3314 3644 3409 multis
3659 3307 3847 3409 difficul-

2287 3419 2475 3470 tatum
2507 3413 2922 3486 asperitatibus
2952 3412 3200 3480 consita,
3228 3414 3352 3468 tota
3390 3405 3561 3464 animi
3605 3404 3849 3486 intentione

2288 3503 2349 3558 in
2381 3503 2467 3559 eis
2501 3483 2657 3576 quod
2709 3501 3074 3558 confractum
3111 3501 3324 3566 fuerat,
3356 3495 3629 3568 alligabat,
3656 3495 3703 3546 et
3738 3483 3848 3558 quod
3962 3483 3963 3534 ἓ

2287 3591 2592 3648 inﬁrmum
2623 3589 3108 3657 consolidabat,et
3125 3589 3281 3662 quod
3314 3586 3608 3644 lirmumct
3627 3581 3848 3636 fortecus-
3961 3595 3963 3662 ἐ

2286 3681 2844 3753 todiebatjudieans
2875 3695 2938 3736 se
2967 3695 3084 3735 non
3115 3678 3359 3747 sibi,sed
3391 3675 3686 3731 illistotum
3703 3663 3850 3753 esseet

2286 3770 2496 3825 vivere.
2521 3769 2792 3825 Vidimus
2811 3767 3015 3841 viginti
3037 3768 3301 3840 quinque
3321 3760 3641 3839 pi'azbendas
3657 3755 3716 3812 ab
3739 3755 3850 3809 eoin

2289 3876 2406 3915 uno
2434 3857 2528 3914 die
2556 3859 2744 3926 datas,
2759 3874 3012 3930 quarum
3043 3855 3384 3929 quindecim
3431 3847 3762 3908 deservitores
3784 3854 3850 3894 ca-

2290 3949 2532 4005 nonicos
2561 3947 2622 4003 in
2651 3947 2898 4003 ecclesia
2943 3945 3441 4004 victoriosissimae
3482 3935 3681 4004 Crucis,
3707 3931 3850 3987 decem

2288 4037 2350 4092 in
2374 4036 2780 4094 Bartholomzei
2803 4035 3052 4108 apostoli
3083 4033 3336 4090 ecclesia
3361 4049 3432 4098 ex,
3457 4027 3615 4086 bonis
3631 4016 3853 4108 majoris!
3962 4035 3963 4052 ι

2289 4130 2454 4200 parte
2483 4144 2518 4182 a
2548 4143 2676 4182 sese
2723 4107 3032 4196 acquisitis
3062 4121 3390 4211 constituit,
3408 4119 3514 4188 (33)
3543 4110 3678 4211 nihil.
3703 4107 3854 4211 ab

2289 4232 2557 4288 quaerens
2587 4215 2700 4272 nisi
2733 4215 2946 4286 probos
2969 4229 3161 4268 mores
3175 4216 3237 4268 et
3261 4209 3561 4294 utilitatem
3580 4202 3752 4294 divine:

2287 4277 2522 4372 vitatis;
2546 4277 2879 4358 simulbum
2901 4299 3382 4358 interminatione
3411 4283 3754 4380 anathematis
3769 4277 3854 4380 edi-

2289 4409 2428 4450 eens
2450 4409 2521 4448 ne
2539 4391 2672 4466 quis
2696 4391 3066 4465 praepositus,
3086 4386 3175 4445 vel
3205 4388 3467 4444 decanus
3487 4369 3671 4466 praeter
3687 4373 3782 4466 haec
3797 4363 3855 4420 al“

2288 4481 2472 4538 terius
2495 4464 2962 4538 emolumentum
2979 4477 3126 4535 lucri
3147 4475 3380 4552 exigere
3396 4464 3858 4531 δυάδι-θωπικωᾶ

527 4555 664 4612 licet
685 4557 1002 4631 imperator
1018 4569 1219 4634 postea
1238 4563 1502 4636 placatus
1530 4569 1728 4626 omnia
1757 4569 1842 4626 illi
1881 4588 2015 4628 eum
2047 4590 2178 4646 gra-
2207 4584 2256 4651 D
2289 4571 2336 4626 si
2370 4571 2606 4644 quando
2626 4569 2840 4643 aliquis
2869 4570 2929 4624 in
2959 4568 3155 4624 locum
3186 4565 3390 4623 fratris
3420 4553 3653 4651 defuncli
3693 4557 3856 4651 quasi"

529 4644 608 4700 tia
637 4645 960 4720 donaverit,
992 4666 1226 4724 semper
1240 4635 1439 4710 tamen
1470 4655 1740 4723 dolendo,
1764 4635 2082 4717 identidem
2116 4662 2174 4717 in
2207 4635 2253 4651 υ
2287 4635 2854 4732 νοῒέιιὺδῐὶῐιιὶ,ἀυία
2880 4657 3189 4714 nobiscum
3219 4671 3317 4711 res
3343 4645 3776 4710 stabiliendorum
3789 4635 3859 4686 sti-

527 4751 590 4791 se
621 4735 1006 4809 redarguebat
1026 4739 1268 4798 curtalis
1287 4742 1470 4816 culpa:
1501 4745 1894 4818 suspicionem
1913 4754 2179 4806 constan-

526 4823 756 4882 tissime
775 4824 954 4882 etiam
987 4844 1176 4902 usque
1205 4830 1278 4886 ad
1309 4833 1657 4905 sanguinem
1690 4852 1806 4891 non
1846 4837 2173 4894 removerit.

525 4912 636 4969 Sed
669 4912 804 4971 licet
829 4915 1238 4990 episcoporum
1268 4919 1528 4982 consiliis
1558 4921 2044 4995 obtemperansin
2066 4925 2176 4982 hac

527 5006 688 5072 parte
717 5005 1151 5075 quodammodo
1182 5009 1593 5066 succubuisset
1633 5011 1945 5081 videretur,
1979 5019 2174 5071 tamen

525 5090 872 5148 sacerdotali
891 5097 1234 5154 auctoritate
1257 5097 1382 5170 ipso
1405 5098 1498 5154 die
1509 5108 1564 5154 ot
1585 5099 1642 5154 in
1665 5100 1866 5156 eodem
1889 5109 2174 5160 conventu

528 5177 837 5236 curialium
867 5181 1060 5240 dictus
1086 5189 1174 5242 est
1202 5185 1312 5243 hoc
1341 5187 1514 5243 modo
1535 5193 1736 5244 contra
1765 5187 2175 5262 imperatorem

529 5281 674 5322 usus
706 5265 907 5326 fuisse.
932 5271 1194 5345 Namque
1219 5275 1360 5331 dum
1385 5275 1447 5331 in
1479 5282 1644 5333 tanta
1673 5295 1928 5351 namque
1949 5281 2178 5338 diutina

527 5351 948 5426 disceptatione
974 5359 1057 5415 illi
1093 5366 1210 5417 tam
1243 5366 1511 5437 podagra:
1545 5365 1748 5422 morbo
1795 5385 1972 5440 quam
2013 5370 2175 5428 senio

527 5446 766 5512 gravato
789 5443 950 5503 nulla
975 5447 1047 5503 ad
1074 5450 1397 5508 sedendum
1421 5454 1585 5527 copia
1604 5454 2176 5529 fuisset,quicsccnte

600 5549 712 5632 (32]
741 5549 867 5632 Hcce
901 5555 1080 5632 tacuit
1127 5555 1494 5616 abhreviator
1549 5579 1676 5632 qua:
1729 5567 1922 5618 tamen
1963 5565 2174 5622 referre

527 5619 1052 5697 debuisset,utpote
1072 5645 1202 5700 quae
1224 5634 1492 5689 sanctum
1517 5619 1794 5690 eicusent
1815 5619 2172 5708 pontiﬁcem.

2284 4748 2635 4821 pendiorum
2658 4747 2894 4820 respicit
2914 4747 2988 4803 ad
3004 4735 3732 4826 episcopum,oil‘erebanluf
3747 4732 3858 4826 8811⁸

2285 4837 2358 4893 ab
2385 4837 2501 4894 illis
2532 4837 2634 4910 qui
2663 4841 2934 4908 parentes
2962 4839 3065 4891 aut
3095 4833 3249 4890 ﬁlios
3285 4827 3586 4890 canonicos
3611 4821 3719 4910 ﬁeri
3749 4823 3858 4882 (ιυθ

2286 4927 2511 4993 rebant,
2541 4904 2644 4983 aut
2663 4904 2954 4982 fertiliam
2983 4939 3261 4997 agrorum
3295 4904 3757 5007 fundi,aut-m.ulta

2284 5022 2518 5070 merulae
2544 5014 2800 5088 pecunias
2822 5011 3310 5078 summa.Quibus
3327 4985 3860 5094 clementissil'lflsff‘

2283 5108 2373 5160 ter
2401 5104 2485 5159 ait
2517 5121 2530 5160 :
2561 5129 2588 5155 ‹‹
2615 5103 2836 5172 Nolite;
2861 5101 3127 5160 Ecclesiae
3157 5101 3255 5156 cui
3279 5099 3402 5156 haec
3432 5088 3858 5184 offerre-enitimini:

2287 5193 2453 5248 fundi
2475 5197 2530 5248 et
2559 5171 2941 5265 pecuniarum
2972 5197 3062 5248 est
3091 5190 3355 5256 abunde;
3381 5187 3578 5242 fratres
3603 5172 3678 5274 illi
3709 5171 3858 5274 Willis

2285 5281 2606 5354 quaerimus
2637 5280 2810 5338 utiles
2841 5287 2899 5338 et
2919 5281 3344 5353 morigeratos;
3372 5274 3536 5345 cujus
3563 5266 3653 5354 (Iul
3680 5275 3732 5354 ξε
3769 5266 3857 5354 scr:

2282 5348 2421 5426 vitio
2471 5370 2530 5425 in
2584 5375 2864 5443 perpetuo
2913 5348 3156 5436 dederit,
3190 5381 3426 5423 necesse
3477 5374 3585 5416 non
3630 5348 3858 5443 habe-“llis

2285 5459 2438 5531 quod
2467 5465 2555 5515 est
2584 5435 2778 5528 vilius,
2815 5455 3405 5532 temporalescilicet,
3430 5449 3499 5505 ab
3526 5462 3587 5502 eo
3628 5435 3854 5509 expetere-

2357 5568 2467 5638 (33)
2498 5566 2632 5630 Qua?
2665 5571 2998 5639 sequuntur
3027 5563 3085 5620 in
3116 5562 3288 5619 editis
3317 5551 3709 5615 desiderantur.

3961 3631 3963 3720 ι
