4036 6172
192 364 288 426 757
1744 357 1783 420 Ὗ

1894 358 1951 419 ι.
2448 350 2469 361 “
3429 348 3551 417 ’158

190 498 312 567 Quid
336 493 519 554 enim?
540 491 814 567 Nunquid
846 492 985 550 dare
1005 490 1221 567 aliquis
1234 490 1424 550 valeat
1450 490 1643 566 seipso
1661 490 1790 550 cha—
1818 492 1870 561 Α
1904 510 2033 550 rum
2068 510 2133 550 ac
2163 496 2500 549 cmterorum
2532 508 2636 566 pro
2657 486 2885 549 Christo
2910 484 3553 566 laborumirreprehen-

189 591 326 647 rius?
353 584 545 657 Injurii
575 600 711 657 ergo
744 601 872 639 mea
904 584 1195 640 sententia
1235 582 1477 650 erimus,
1512 582 1560 639 si
1610 582 1683 639 ab
1725 600 1790 639 eo

190 679 272 752 qui
301 677 542 747 seipsum
573 674 693 739 dat,
723 674 878 745 quod
909 673 1018 729 sibi
1046 678 1133 729 est
1163 674 1557 746 praestantius,
1582 673 1792 745 impor-

188 776 303 824 tune
329 764 629 834 abjectiora
654 781 1006 835 quaeramus.
1042 762 1232 819 Liceat
1259 768 1455 818 tamen
1501 761 1664 834 prius
1694 780 1788 818 ex-

187 856 334 930 periri
362 855 407 910 si
436 851 646 925 quibus
677 852 891 908 studiis
916 871 1117 908 eorum
1141 851 1681 908 cxercitatufueriut
1699 869 1791 907 ne-

185 945 315 1019 galla
342 962 359 998 :
388 960 506 1014 qua:
539 941 609 1007 si,
646 946 709 996 ut
755 941 1006 1013 expedit,
1040 940 1229 996 valere
1277 939 1624 1011 constiterit,
1661 958 1789 1012 quae

185 1039 429 1107 petuntur
454 1030 707 1104 gratuito
738 1031 876 1085 dare
909 1030 1092 1102 parati
1115 1030 1416 1086 sumus.Et
1448 1047 1517 1085 ne
1547 1029 1791 1085 difficul-

183 1128 332 1178 tatem
364 1119 437 1176 rei
458 1118 877 1191 interposuisse
900 1119 1453 1187 videamur,litteras
1475 1119 1573 1191 qui
1599 1119 1671 1174 ad
1685 1135 1791 1174 nos

182 1211 416 1267 accedere
444 1209 780 1264 desiderant
806 1208 1194 1265 all‘erant.Hoc
1218 1213 1444 1264 tantum
1467 1209 1539 1263 ab
1560 1207 1645 1264 eis
1663 1225 1789 1262 mu-

182 1318 273 1357 nus
292 1304 347 1355 ut
364 1299 434 1353 sit
451 1297 695 1353 materia
715 1298 1164 1353 examinatiouis
1190 1297 1580 1370 exposcimus.
1610 1320 1635 1345 ››
1659 1296 1789 1351 Haec

182 1388 339 1444 fidelis
368 1386 697 1459 preemissor
724 1387 963 1443 diversae
994 1387 1204 1452 aetatis,
1230 1393 1288 1442 et
1316 1385 1604 1460 ingenuis,
1637 1390 1694 1440 et
1722 1402 1790 1440 ex

179 1476 366 1533 familia
394 1475 660 1531 Ecclesiae
688 1476 1008 1548 progenitis
1040 1473 1677 1541 exbibebat,nonnullis
1708 1474 1789 1529 in-

179 1584 326 1639 super
351 1564 564 1621 additis
597 1571 804 1636 praeter
834 1565 1126 1637 stipendia
1170 1564 1506 1633 beneflciis;
1542 1582 1673 1619 cum
1717 1580 1790 1619 ne

180 1656 451 1727 puerorum
466 1654 706 1725 quidem
724 1654 922 1710 minus
936 1653 1363 1726 iutelligibilem
1379 1658 1788 1724 aulatem,qu08

178 1744 365 1798 videret
400 1742 616 1799 indolis
646 1760 796 1810 esse,
826 1747 884 1798 et
927 1760 1029 1815 pro
1078 1747 1248 1813 captu
1303 1760 1408 1798 suo
1457 1741 1667 1797 sciolos
1716 1741 1787 1796 ab

177 1832 263 1888 hac
286 1832 562 1904 largitatis
588 1849 708 1887 sua:
732 1833 918 1903 janua
940 1830 1525 1888 excluserit.Talibus
1557 1829 1788 1903 pietatis

174 1939 267 1976 suae
292 1920 586 1977 beneficiis
616 1921 687 1976 ad
720 1938 977 1976 amorem
1012 1921 1192 1976 studii
1234 1919 1552 1976 multorum
1604 1919 1785 1974 animi

171 2010 553 2076 accenduntur,
592 2013 650 2064 et
678 2008 992 2069 nonnullos
1023 2009 1122 2081 qui
1156 2009 1468 2065 mobilitati
1518 2009 1782 2065 animum

168 2098 427 2154 dedissent
454 2098 720 2155 vidimus
750 2105 818 2154 ad
856 2098 1053 2154 studia
1082 2115 1412 2166 conversos,
1445 2100 1635 2171 obque
1670 2099 1784 2154 im-

168 2187 469 2259 probitatem
500 2187 729 2244 laboris
755 2205 889 2243 cum
921 2187 1294 2260 perfectionis
1323 2188 1510 2261 gratia
1560 2206 1593 2243 a
1623 2191 1783 2244 tanto

166 2275 399 2349 lawore
427 2276 780 2332 canonicam
812 2275 1077 2332 Ecclesize
1110 2276 1325 2349 stipem
1355 2280 1673 2332 assecutos.

164 2382 273 2437 Car.
301 2383 448 2439 XXX.
482 2385 569 2439 De
597 2383 889 2454 impendiis
936 2385 1003 2438 ab
1050 2399 1111 2438 eo
1157 2383 1227 2438 ad
1264 2384 1507 2455 aediﬁcia
1534 2384 1697 2451 datis,
1732 2390 1784 2440 et

622 2457 754 2513 vitm
787 2456 905 2526 ejus
939 2457 1290 2527 perfectione.

221 2544 334 2599 Jam
360 2561 490 2600 vero
521 2543 576 2601 si
610 2545 707 2600 cui
734 2562 802 2600 ex
835 2544 987 2599 clero
1019 2549 1120 2600 aut
1148 2544 1324 2600 etiam
1349 2562 1417 2599 ex
1445 2542 1610 2598 laicis
1645 2543 1781 2599 mdi-

170 2631 275 2688 ficia
298 2638 509 2689 struere
539 2633 781 2689 animus
798 2632 1182 2699 esset,bilaris
1208 2632 1781 2704 datorlargissimam

170 2735 479 2795 gravemque
509 2740 627 2778 aere
656 2723 1005 2796 porrigendo
1044 2739 1286 2778 manum
1336 2722 1407 2777 ad
1457 2721 1514 2777 id
1565 2721 1782 2778 laboris

170 2826 269 2867 sese
296 2811 512 2869 volebat
541 2811 780 2868 admitti
833 2815 1285 2884 cooperatorem.
1320 2811 1481 2877 Quod
1529 2828 1635 2883 ego
1679 2812 1780 2867 bo-

170 2916 283 2955 num
330 2904 453 2973 ejls
512 2901 727 2957 multis
794 2906 927 2957 ante
992 2905 1048 2957 et
1110 2906 1242 2972 post
1304 2899 1641 2972 impensum
1703 2900 1784 2955 in-

168 2988 313 3061 digno
362 2991 501 3046 mihi
562 2995 626 3045 et
686 3008 801 3045 non
851 2988 1115 3056 merenti,
1176 3005 1310 3043 cum
1359 2988 1782 3061 benignissime

166 3081 265 3132 tum
292 3078 616 3151 largissime
650 3078 971 3135 exhibitum
1008 3078 1063 3132 in
1097 3077 1275 3134 simili
1317 3094 1488 3150 opere
1520 3095 1652 3134 sum
1685 3097 1779 3135 ex-

167 3171 347 3235 pertus,
373 3168 671 3239 accipiens
702 3185 737 3222 a
768 3172 890 3222 tam
922 3167 1200 3222 munifico
1246 3165 1522 3239 largitore
1556 3184 1774 3224 munus

1903 582 2135 640 sibilem
2167 600 2361 639 coram
2395 582 2512 639 Deo
2533 586 2589 640 et
2609 580 2949 639 hominibus
2965 579 3235 639 exhibere
3251 581 3545 653 studebat;

1902 672 2131 729 nullum
2162 690 2266 728 nec
2297 673 2543 739 sibi,nec
2573 671 2704 728 aliis
2735 670 3124 727 familiaribus
3157 676 3381 728 secreta
3408 690 3551 747 pra:-

1900 763 2102 819 scntiie
2133 781 2250 820 suae
2297 761 2761 835 frequentatibus
2808 778 3055 817 vacuum
3104 760 3177 816 ab
3225 778 3397 834 opere
3444 761 3548 819 Dei

1899 856 2134 925 tempus
2164 870 2291 909 esse
2323 852 2572 926 patiens,
2604 868 2720 925 quo
2752 868 2867 906 non
2898 854 3000 906 aut
3031 849 3544 924 psalleret,oraret,

1899 946 2002 998 aut
2032 942 2266 1015 legeret,
2298 947 2400 998 aut
2447 942 2518 997 de
2569 940 2768 1013 aliqua
2817 940 3065 997 utilitate
3112 939 3417 1008 conferret,
3446 944 3549 997 aut

1899 1037 2055 1088 certe
2084 1032 2155 1088 de
2184 1049 2360 1088 sacrae
2392 1032 2703 1104 Scriptura:
2732 1029 3156 1103 questionibus
3186 1029 3543 1103 disputaret:

1898 1122 1957 1178 in
1984 1122 2200 1194 quibus
2232 1120 2622 1178 dissolvendis
2652 1137 2830 1193 quam
2861 1118 3071 1187 alacer,
3105 1136 3281 1192 quam
3319 1119 3543 1189 efficax,

1898 1228 2075 1282 quam
2107 1215 2415 1283 promptus
2445 1214 2653 1266 eratet
2682 1206 2905 1266 facilis!
2938 1210 3237 1267 Postremo
3282 1209 3341 1264 in
3385 1208 3547 1265 omni

1898 1299 2365 1356 confabulatione
2395 1300 2543 1371 ejus,
2577 1299 2627 1355 si
2663 1299 2897 1371 quando
2930 1298 3103 1355 etiam
3138 1316 3173 1355 a
3199 1298 3363 1355 seria
3390 1302 3548 1355 esset

1898 1389 1979 1445 rei
2014 1389 2203 1461 rigore
2232 1387 2731 1461 laxata,quantam
2763 1388 3546 1461 dignitatem,quantamque

1889 1478 2323 1549 jucunditatem
2357 1478 2547 1534 inesse
2578 1476 2801 1550 liquido
2830 1480 2955 1532 erat
2983 1476 3291 1549 respicere!
3324 1476 3426 1550 qui
3454 1477 3549 1533 vix

1898 1584 2029 1624 raro
2060 1573 2161 1623 aut
2192 1585 2494 1639 nunquam
2525 1567 2673 1632 cibo,
2706 1558 2793 1622 vel
2831 1582 3059 1632 somno,
3093 1564 3205 1621 nisi
3255 1571 3544 1638 quantum

1899 1664 2118 1712 naturae
2140 1657 2457 1713 necessitas
2478 1654 3180 1729 cogeret,indulserit.Sed
3198 1654 3332 1727 quis
3349 1656 3548 1712 omnia

1898 1747 2055 1802 dicta
2084 1746 2329 1817 ejus,vel
2361 1746 2512 1802 facta
2543 1750 2871 1801 memoratu
2902 1743 3193 1816 digna,vel
3218 1744 3548 1801 eruditissi-

1899 1855 2033 1894 mus
2063 1836 2213 1910 stylo
2244 1834 2947 1907 comprehenderet‘Mdeo
2969 1833 3195 1891 meritis
3208 1833 3547 1905 ejusomnia

1897 1927 2184 1983 minorata
2213 1929 2371 1994 sunt,
2400 1942 2528 1997 quae
2558 1925 2630 1979 de
2655 1928 2818 1980 tanto
2852 1922 2973 1979 viro
3005 1920 3257 1993 elinguis
3287 1922 3544 1994 pravitas

1894 2019 2095 2073 nostra
2124 2014 2216 2071 vix
2251 2015 2471 2071 sufficit
2498 2012 2806 2085 explicare.
2841 2012 2953 2068 Sed
3003 2015 3061 2068 et
3106 2009 3221 2066 alia
3268 2027 3396 2082 qua:
3427 2011 3543 2066 diei

1893 2109 2133 2179 possent
2184 2105 2255 2160 de
2302 2104 2420 2159 vita
2471 2100 2764 2175 pontificis
2796 2099 2981 2156 nostri
3014 2099 3302 2173 insignia;
3335 2116 3460 2173 quae
3492 2099 3542 2155 si

1892 2212 2233 2251 enumerare
2259 2192 2506 2249 velimus
2520 2209 2620 2264 per
2638 2188 3015 2264 singula,non
3026 2190 3151 2261 jam
3165 2187 3543 2257 breviarium,

1893 2288 1957 2338 ut
1986 2282 2229 2355 polliciti
2263 2298 2493 2347 sumus,
2527 2281 2627 2337 sed
2681 2278 2981 2352 proposito
3011 2278 3295 2340 maiorem
3326 2276 3544 2334 codicis

1891 2372 2252 2428 incurrimus
2282 2370 2701 2443 quantitatem;
2735 2385 2801 2424 ac
2833 2367 2882 2424 si
2906 2367 3007 2440 qui
3037 2365 3544 2440 stagnantislacus

1892 2479 2070 2535 parva
2099 2460 2275 2517 lintre
2304 2460 2556 2515 nimium
2597 2474 2839 2514 securus
2888 2455 3077 2530 pergit
3119 2455 3367 2525 sulcare,
3399 2456 3543 2512 dum

1891 2550 2095 2618 nescit,
2128 2549 2333 2606 vicinis
2359 2548 2609 2621 aequoris
2643 2546 2975 2603 metuendis
3015 2545 3361 2602 absorbetur
3389 2545 3542 2602 aesti-

1891 2640 2023 2705 bus,
2056 2644 2113 2695 et
2136 2658 2170 2695 a
2201 2638 2410 2694 mediis
2442 2635 2719 2711 periculis
2750 2638 2885 2708 post
2923 2634 3164 2691 dorsum
3198 2633 3543 2706 respiciens,

1890 2745 2019 2784 sero
2047 2726 2441 2784 reminiscitur
2469 2742 2684 2796 magna
2706 2723 2898 2797 parvis
2929 2724 3152 2779 tentare
3169 2720 3543 2778 adminiculis

1889 2820 2121 2890 quantae
2154 2816 2328 2872 fuerit
2358 2812 2841 2871 temeritatis.Sed
2868 2814 3105 2885 praestat
3135 2809 3542 2879 interim,dum

1890 2923 1981 2962 res
2008 2906 2065 2960 in
2098 2903 2523 2976 tranquillitate
2554 2901 2792 2971 sunt,ad
2809 2899 3023 2957 littoris
3046 2899 3214 2956 sinus
3243 2898 3405 2956 clavo
3426 2900 3544 2956 fra-

1888 2994 2065 3067 gilem
2096 2993 2358 3049 lembum
2391 2992 2706 3058 reﬂectere,
2740 3006 2812 3045 ne
2856 2988 2905 3045 si
2937 2989 3093 3062 quod
3125 2988 3276 3045 vires
3307 2989 3546 3044 excedat

1886 3083 2327 3151 tentavcrimus,
2361 3098 2475 3136 non
2510 3085 2628 3135 tam
2662 3095 2902 3134 cursum
2934 3078 3232 3151 agere,sed
3265 3076 3543 3134 ﬂuctibus

1890 3171 2303 3228 miserabiliter
2332 3170 2498 3226 obrui
2532 3169 2852 3224 videamur.

163 3260 264 3310 octo
284 3256 554 3312 librarum
589 3273 730 3311 cum
763 3256 894 3311 aiiis
925 3255 1128 3311 multis
1158 3256 1229 3310 ad
1262 3255 1380 3311 haec
1414 3255 1777 3323 necessariis;
1810 3240 1853 3308 C
1891 3261 2025 3316 CAP.
2062 3260 2246 3315 XXXI.
2283 3264 2360 3315 De
2392 3259 2711 3314 imminente
2738 3257 2978 3328 corporis
3017 3254 3135 3327 ejus
3163 3254 3542 3311 dissolutione.

165 3358 270 3398 cum
300 3362 402 3400 non
435 3345 628 3401 multo
643 3350 776 3416 post
796 3344 875 3399 nil
895 3344 1396 3417 spcranti,quippc
1414 3344 1514 3416 qui
1530 3345 1778 3400 nimium

164 3435 604 3502 promeruissem,
645 3432 1031 3489 mediocritati
1078 3451 1218 3489 meae
1260 3450 1585 3506 congruum
1635 3434 1780 3491 satis

166 3520 364 3592 insuper
386 3524 601 3596 adjecit
634 3522 1006 3578 beneficium.
1045 3522 1255 3578 Parum
1304 3527 1394 3577 est
1440 3523 1595 3594 quod
1628 3522 1780 3591 dico,

167 3610 352 3680 majora
379 3611 743 3667 memorabo.
774 3611 1053 3667 Miserum
1103 3628 1216 3677 me,
1246 3609 1337 3666 vix
1376 3610 1541 3666 fateri
1571 3612 1777 3679 audeo,

166 3713 272 3753 cum
295 3717 379 3756 me
410 3699 899 3773 indignissimum
931 3705 987 3755 et
1015 3699 1356 3755 confusione
1386 3698 1625 3772 plenum
1659 3700 1783 3757 dul-

165 3784 361 3845 cissimo
408 3789 506 3846 illo
556 3806 671 3846 suo
720 3788 1051 3845 excellentis
1104 3787 1358 3844 scientiae
1402 3794 1459 3844 et
1500 3788 1781 3861 elegantis

166 3874 347 3948 ingenii
398 3879 519 3937 sale
549 3879 791 3936 condito
834 3879 1176 3952 dignaretur
1204 3878 1483 3951 alquuio,
1517 3896 1783 3935 nonnun-

164 3980 306 4035 quam
326 3968 669 4040 psalmodiis
686 3973 743 4023 et
758 3968 1040 4024 orationis
1057 3985 1171 4023 non
1190 3967 1512 4040 repellebar
1528 3974 1779 4037 secreto;

166 4051 271 4110 licet
295 4058 502 4129 saepius
528 4061 758 4131 quanto
788 4055 1066 4122 solitarie,
1095 4060 1255 4112 tanto
1304 4057 1505 4115 devote
1530 4062 1696 4113 nocte
1725 4062 1783 4113 et

165 4159 302 4202 mane
343 4146 448 4203 soli
479 4148 602 4204 Deo
654 4146 714 4201 in
745 4145 1107 4202 orationibus
1136 4162 1338 4201 vacare
1365 4146 1574 4202 solitus
1604 4152 1778 4202 esset.

164 4229 400 4292 Pmterea
428 4237 611 4293 certis
646 4236 703 4291 in
734 4234 1104 4291 hebdomade
1134 4233 1313 4299 feriis,
1337 4232 1422 4291 vel
1455 4240 1607 4290 certe
1623 4236 1781 4305 jeju-

162 4319 355 4379 niorum
403 4328 676 4399 tempore
733 4341 803 4380 ex
856 4324 1280 4380 consuetudine
1333 4322 1579 4379 solemni
1620 4324 1783 4379 nulla

164 4424 384 4482 unquam
414 4414 637 4471 hiemis
684 4418 1032 4485 tempestate
1081 4413 1429 4479 retardatus,
1458 4412 1782 4484 patrocinia

164 4499 306 4567 pedes
334 4504 529 4560 nudus
562 4507 907 4560 sanctorum
941 4501 1256 4568 circuibat;
1291 4519 1425 4556 cum
1456 4502 1609 4556 inter
1637 4518 1779 4556 euu-

1962 3349 2401 3422 [Prmtermissis
2431 3348 2545 3419 (34)
2574 3345 2773 3418 igitur,
2795 3349 2861 3400 ut
2889 3343 3111 3400 dictum
3143 3347 3251 3411 est,
3272 3342 3544 3415 pluribus

1888 3442 2010 3493 tam
2059 3436 2232 3494 dictis
2279 3454 2457 3509 quam
2506 3435 2675 3490 factis
2723 3433 2991 3506 ejusdem
3040 3431 3388 3489 venerabilis
3434 3430 3542 3488 viri

1890 3527 2210 3583 admodum
2242 3528 2565 3580 memoratu
2596 3521 2812 3594 dignis,
2836 3521 3087 3599 termino
3119 3518 3332 3577 chartae
3362 3520 3541 3577 ﬁnem

1889 3615 2016 3671 vitae
2049 3616 2177 3686 ejus
2207 3614 2494 3687 explicare
2523 3613 3011 3682 studeamus,qua
3044 3614 3230 3666 morte
3258 3608 3434 3666 homo
3448 3609 3541 3665 hic

1890 3704 1992 3761 Dei
2021 3709 2251 3761 terrena
2296 3702 2591 3775 linquens,
2626 3700 2882 3756 ccelestia
2931 3703 3265 3772 penetrans,
3300 3697 3543 3755 feliciter

1890 3793 2091 3862 exivit;
2118 3798 2174 3849 et
2204 3808 2440 3865 gregem
2473 3790 2703 3847 Domini
2749 3786 3042 3845 insolubili
3075 3805 3318 3845 maerore
3343 3788 3540 3845 confe-

1890 3887 2049 3938 ctum
2082 3879 2535 3939 suavissimasui
2565 3877 3149 3952 prmsentiaegregius
3167 3877 3571 3955 pastordesoa

1889 3971 2233 4035 lavit.0uem
2261 3970 2498 4041 quidem
2526 3968 2985 4040 omnipotentem
3009 3966 3194 4022 Deum
3225 3967 3298 4022 ab
3328 3982 3394 4021 eo
3416 3982 3542 4038 pre-

1890 4062 2058 4117 cibus
2088 4063 2388 4116 cxoratum
2427 4074 2575 4124 ese,
2612 4072 2781 4112 nemo
2832 4055 2933 4127 qui
2981 4053 3159 4109 vitam
3207 4054 3336 4124 ejus
3382 4054 3544 4110 novit

1888 4149 2170 4221 ambigat,
2202 4165 2336 4203 cum
2369 4146 2478 4201 hoc
2522 4151 2579 4201 et
2609 4147 2942 4217 frequentes
2971 4143 3027 4199 in
3060 4142 3320 4199 oratione
3372 4146 3544 4198 testa-

1890 4242 2094 4293 rentur
2124 4236 2475 4308 laeryma3,et
2505 4234 2629 4306 ipse
2662 4230 2963 4295 communi
2981 4247 3406 4302 nonnunquam
3427 4230 3544 4287 ser-

1891 4343 2062 4381 mone
2110 4342 2243 4381 cum
2299 4324 2390 4379 his
2439 4322 2540 4394 qui
2589 4321 2702 4378 sibi
2752 4319 3101 4377 familiarius
3145 4318 3539 4390 adhaerebant,

1890 4431 2076 4470 annos
2106 4432 2245 4471 suos
2274 4431 2339 4468 ac
2370 4413 2417 4468 si
2437 4408 2909 4468 dierummalitiaa
2923 4408 3129 4482 plenos
3152 4406 3228 4464 sit
3242 4412 3540 4475 causatus,

1889 4505 2064 4559 etiam
2094 4508 2327 4573 tempus
2359 4519 2487 4556 esse
2517 4518 2633 4572 quo
2665 4498 2954 4555 infelicem
2984 4501 3218 4553 exueret
3240 4494 3541 4553 hominem

164 4585 277 4643 dum
305 4607 529 4663 semper
560 4591 933 4663 eleemosyna
952 4590 1155 4661 ejusin
1174 4607 1354 4645 manu
1372 4607 1571 4646 secum
1590 4590 1783 4646 deam-
1812 4609 1859 4674 D
1892 4593 1966 4647 sit
1998 4592 2641 4665 protestatus].Sextum
2673 4591 2744 4644 ab
2772 4585 3140 4643 ordinatione
3169 4602 3279 4642 sua
3308 4584 3367 4641 in
3398 4585 3546 4659 regi-

165 4673 382 4736 bulantis
412 4682 755 4747 desudaret,
787 4680 969 4735 donec
1002 4682 1327 4735 occurreret
1357 4678 1450 4734 cui
1495 4696 1564 4735 ea
1606 4678 1780 4734 etiam

166 4768 407 4823 nescienti
454 4778 744 4858 tanqupm
797 4769 1027 4824 Christo
1084 4767 1567 4824 committeretur.
1619 4768 1782 4824 Refe-

166 4854 339 4913 clionis
368 4876 496 4915 vero
516 4854 1037 4930 horaquaecunque
1062 4861 1441 4929 parataerant
1458 4856 1780 4929 pulmenta,

166 4957 215 4995 ac
240 4945 279 4999 si
307 4950 632 5018 epulaturo,
667 4946 845 5002 nullis
877 4946 1185 5003 reservatis
1208 4946 1308 5017 qui
1339 4945 1427 5001 vel
1454 4964 1488 5001 a
1516 4963 1599 5012 se,
1632 4946 1719 5001 vol
1750 4966 1785 5003 a

166 5028 313 5088 simul
341 5036 853 5092 discumbentibus
884 5053 949 5092 eo
981 5035 1073 5091 die
1104 5035 1327 5091 comedi
1376 5041 1661 5107 poterant,
1695 5036 1781 5092 vel

166 5124 612 5192 exquisitissimis
655 5126 822 5193 cibis,
871 5125 1071 5181 omnia
1114 5141 1436 5197 pauperum
1488 5126 1783 5182 alimentis

166 5202 601 5269 insumebantur.
629 5213 838 5285 Sicque
868 5230 1081 5269 manus
1112 5212 1616 5285 eleemosyuarum
1647 5232 1783 5272 cum

162 5292 335 5363 jejunii
365 5304 553 5357 votiva
602 5302 981 5373 castigatione
1014 5301 1317 5358 charitatis
1370 5303 1501 5373 igne
1550 5320 1784 5358 concre-

170 5390 297 5439 mata
323 5390 391 5444 ad
422 5390 599 5446 ccelos
631 5392 958 5447 orationum
994 5390 1222 5445 levabat
1265 5395 1545 5446 aromata.
1580 5392 1784 5456 Quoti-

171 5471 371 5533 dianam
398 5497 538 5535 sane
584 5479 1085 5536 conversationem
1137 5497 1308 5535 suam
1358 5482 1788 5551 perseverantia

171 5563 216 5613 et
241 5565 861 5641 temperamentojugis
886 5568 1537 5645 abstineptizgpoteutia
1568 5568 1787 5641 vigilia-

232 5653 327 5724 (3t)
358 5656 527 5713 Uncis
558 5658 785 5715 inclusa
815 5659 874 5715 in
904 5658 1076 5714 editis
1109 5650 1225 5713 rion
1256 5646 1612 5731 compaacnt.

1895 4682 2052 4737 mine
2077 4681 2448 4752 episcopatus
2480 4677 2688 4750 agebat
2715 4693 2959 4743 annum,
2984 4680 3061 4743 et,
3084 4679 3147 4731 ut
3174 4673 3400 4730 dictum
3429 4678 3540 4742 est,

1892 4770 2081 4826 ﬁdelis
2095 4768 2311 4825 summi
2330 4765 2769 4840 patrisfamilias
2788 4765 3159 4837 dispensatpr
3180 4780 3289 4819 sua
3306 4761 3544 4834 quibus-

1892 4877 2007 4931 que
2039 4857 2569 4925 rcddebat,servata
2599 4851 3119 4927 diligentissimein
3133 4850 3542 4908 omnibusdis-

1892 4947 2140 5020 ciplina;
2173 4964 2309 5001 cum
2362 4944 2809 5017 superveniente
2857 4940 3253 5015 apostolorum
3302 4938 3455 4995 Petri
3487 4942 3545 4995 et

1894 5036 2055 5093 Pauli
2089 5034 2479 5107 solemnitate,
2486 5033 2791 5105 jucundus
2821 5031 3084 5103 ipsorum
3114 5027 3379 5084 interfuit
3399 5026 3539 5100 vigi-

1892 5125 2331 5197 liis,missisque
2358 5122 2535 5196 priori
2564 5126 2625 5178 et
2654 5125 2885 5194 postera
2914 5120 3007 5175 die
3037 5116 3376 5175 solemniter
3391 5116 3544 5173 cele-

1893 5215 2078 5271 bratis
2108 5214 2166 5268 in
2201 5211 2570 5283 singulorum
2603 5208 2882 5276 ecclesiis,
2918 5208 2978 5263 in
3022 5206 3258 5263 illorum
3306 5205 3543 5263 servitio

1895 5302 2192 5375 religionis
2245 5302 2420 5354 finem
2469 5299 2782 5371 accipiens,
2814 5314 2916 5369 per
2963 5313 3109 5370 quos
3156 5295 3329 5351 beata
3359 5299 3546 5351 mater

1894 5391 2151 5448 Ecclesia
2182 5388 2479 5461 religionis
2511 5386 2767 5460 sumpsit
2795 5386 3119 5454 exordium,
3154 5385 3226 5441 ad
3276 5400 3542 5441 mensam

1897 5480 2125 5537 rediens
2156 5478 2307 5534 inter
2336 5477 2744 5550 prandendum
2785 5476 2977 5549 primo
3025 5479 3300 5543 tremore,
3331 5473 3542 5530 deinde

1896 5568 2053 5642 gravi
2087 5573 2274 5623 tactus
2304 5572 2389 5622 est
2421 5564 2763 5631 calore.Quo
2793 5565 3015 5622 caeteris
3048 5564 3266 5621 sensim
3297 5562 3542 5619 artubus

3956 6008 3957 6059 ι

3946 6066 3958 6136 l
