4036 6160
491 285 626 366 159.

1565 281 1898 344 VASONIS
1940 279 2404 344 LEODIENSIS
2447 277 2829 342 EPISCOPI.
3723 289 3819 353 τω

496 416 870 491 subrepente,
892 411 1029 472 licet
1055 416 1192 477 ante
1220 416 1446 472 remota
1476 430 1589 472 non
1609 418 1878 488 surgeret
1903 413 2140 483 fercula,
2169 415 2226 490 Α
2254 417 2381 470 tum
2413 413 2624 480 fuerat,
2657 411 2820 468 nullo
2852 410 3058 469 mortis
3087 415 3243 470 metu
3271 415 3505 488 mutare,
3532 415 3635 476 imo
3659 417 3822 478 incon.

498 507 620 586 toto
649 521 889 578 corpore
919 507 1079 562 tanto
1109 503 1410 562 confectus
1451 507 1540 561 est
1588 503 1787 562 dolore
1836 508 1902 560 ut
1946 509 2156 576 praeter
2260 493 3822 575 vulsumessepostobitumsuumvolebbt,etinﬂexibilem

501 595 738 654 solitum
770 595 1047 668 proxima:
1078 594 1268 650 noctis
1298 595 1530 650 abesset
1553 592 1908 667 vigiliis.Sed
1941 593 2152 650 iterum

503 683 822 758 resumptis
869 682 1111 749 viribus,
1157 682 1313 740 sicut
1358 699 1611 756 semper,
1663 688 1729 740 ut
1777 684 1969 751 credo,
2004 683 2158 740 ultra

504 790 706 838 omnes
721 769 1000 832 mortales
1011 770 1340 828 infirmitati
1361 789 1646 844 corporeae
1661 772 1887 829 solebat
1909 773 2157 830 relucta-

504 863 575 932 ri,
589 859 1038 936 sequentisdiei,
1059 861 1168 918 hoc
1181 865 1270 917 est
1281 861 1541 929 Sabbati,
1559 861 1772 934 vigiliis
1783 861 2159 918 etmatutinis

506 950 724 1030 adfuit;
757 966 866 1013 nec
897 967 966 1007 ex
993 965 1059 1011 eo
1091 950 1347 1023 amplius
1377 950 1553 1006 choro
1583 954 1641 1007 et
1669 951 1880 1007 dilecto
1911 951 2156 1006 fratrum

507 1040 816 1098 conventui
847 1039 1133 1097 interesse
1153 1035 1934 1108 valens,nihilominusintra
1949 1041 2161 1096 domus

508 1145 625 1190 suae
651 1127 1438 1203 penetraliainvietissimum
1455 1127 1794 1202 psalmodiae
1813 1133 1871 1186 et
1893 1129 2162 1188 lectionis

509 1222 648 1275 nota
677 1217 989 1277 dulcedine
1019 1217 1800 1290 reficiebatspiritum,quem
1819 1221 2164 1292 corpusculo

509 1307 772 1364 febribus
811 1306 1103 1363 fatiscenti
1154 1306 1564 1380 potentissime
1608 1305 2040 1380 imperitantem
2091 1311 2162 1366 ad

509 1399 775 1472 optatum
810 1395 912 1452 diu
944 1395 1371 1468 praemuniebat
1399 1396 1657 1452 exitum:
1682 1395 1829 1452 nihil
1861 1397 2019 1454 aliud
2050 1396 2163 1456 nisi

510 1485 802 1541 defectum
850 1484 1068 1548 sentire
1121 1500 1183 1540 se
1232 1483 1291 1539 in
1340 1487 1462 1541 toto
1507 1500 1746 1558 corpore
1783 1489 2162 1558 protestatus.

513 1573 601 1636 Ita
628 1573 1068 1646 ingravescente
1099 1573 1358 1646 amplius
1389 1573 1840 1648 morbo,spiritu
1875 1579 2168 1644 tamen,ut

511 1661 789 1730 diximus,
819 1665 980 1720 totus
1024 1663 1302 1720 robustus
1345 1666 1403 1720 et
1449 1663 1694 1737 integer,
1726 1681 1760 1721 a
1808 1665 2060 1722 Sabbato
2091 1668 2162 1723 ad

514 1756 784 1826 quartam
801 1753 1122 1826 productus
1134 1755 1224 1810 est
1237 1752 1438 1809 teriam
1451 1751 1508 1807 in
1525 1770 1640 1826 qua
1657 1753 2051 1826 apostolorum
2065 1774 2162 1813 ce-

511 1843 814 1900 lebrantur
825 1841 1244 1915 octavaa.Cujus
1255 1843 1288 1898 d
1298 1842 1368 1898 iei
1383 1859 1616 1900 summo
1629 1860 1800 1901 mane
1804 1845 2164 1917 jnbetaccer-

513 1931 614 1991 siri
629 1931 1036 2005 presbyterum
1063 1931 1164 2004 qui
1188 1932 1730 2005 ergaecclesiastica
1741 1934 2004 2008 pervigili
2023 1953 2090 1992 cu
2101 1954 2162 1992 ra

512 2021 738 2080 solebat
760 2021 1162 2090 excubare;cui
1196 2038 1332 2078 cum
1363 2038 1490 2078 sese
1520 2023 1593 2079 ab
1615 2023 1862 2082 invicem
1894 2042 2164 2099 separan-

511 2112 617 2168 dos
643 2127 773 2169 esse
804 2109 1158 2184 praediceret,
1174 2127 1301 2171 eam
1335 2128 1512 2184 quam
1546 2111 1800 2168 inﬁrmis
1829 2113 2037 2171 beatus
2063 2116 2161 2173 Ja-

513 2197 1025 2274 cobusapostolus
1043 2199 1218 2270 jubet
1255 2199 1379 2255 fieri
1421 2200 1756 2257 unctionem
1806 2218 1869 2260 se
1915 2203 2164 2261 libenter

511 2287 656 2345 velle
685 2286 947 2361 accipere
977 2287 1307 2360 adjecit;ca
1333 2306 1459 2362 quae
1488 2289 1627 2346 huic
1652 2291 1810 2364 operi
1841 2292 2031 2349 forent
2060 2309 2160 2350 ne-

514 2375 768 2434 cessaria
797 2377 1040 2436 mandat
1065 2377 1256 2448 parari
1278 2395 1291 2447 ;
1317 2377 1556 2435 abbates
1573 2382 1626 2436 et
1643 2381 2012 2453 presbyteros
2029 2400 2160 2440 cum

511 2464 814 2524 nonnullis
839 2465 1043 2526 ordine
1072 2464 1448 2522 inferioribus
1497 2467 1722 2525 clericis
1769 2469 1828 2525 in
1879 2470 2159 2543 capellam

511 2571 640 2630 quae
669 2553 940 2612 cubiculo
973 2553 1250 2628 contigua
1269 2559 1359 2612 est
1378 2556 1552 2628 jubet
1575 2557 1954 2630 recipi,utbis
1967 2577 2162 2620 coram

515 2645 588 2702 de
619 2643 798 2702 rebus
826 2641 1094 2700 Ecclesiae
1127 2643 1480 2717 disponeret,
1514 2646 1942 2704 confessionem
1993 2666 2160 2707 suam

515 2733 636 2793 Deo
667 2731 784 2790 illis
803 2730 1054 2792 testibus
1076 2731 1597 2806 oil‘erret,ipsisque
1613 2736 1918 2794 orantibus
1938 2741 1994 2793 et
2015 2739 2166 2812 psal-

515 2821 795 2891 lentibus,
829 2837 1056 2878 sacram
1088 2821 1425 2880 unctionem
1475 2823 1819 2897 susciperet.
1855 2825 1984 2900 Ipse
2031 2847 2165 2886 cum

517 2911 750 2970 duobus
778 2912 1008 2968 tantum
1039 2908 1220 2981 hujus
1249 2911 1455 2966 secreti
1487 2911 2071 2982 arbitris,memorato
2091 2920 2170 2976 vi-

517 2998 726 3060 delicet
737 2999 1074 3073 presbytero
1097 3003 1156 3055 et
1185 2999 1568 3071 subdiacono,
1591 3001 1726 3058 item
1754 3004 1886 3076 ejus
1908 3021 2167 3064 camera-

515 3088 856 3158 rio,remota
865 3087 1026 3144 omni
1037 3086 1331 3160 voluptate
1341 3089 1660 3163 carnis,qui
1667 3108 1779 3165 ppe
1792 3109 1918 3166 quae
1932 3095 2003 3151 ad
2021 3113 2169 3154 mor-

2264 591 2545 665 propositi
2579 590 2933 664 rigiditatem
2967 591 3188 648 fortiter
3216 608 3398 664 usque
3423 593 3488 648 ad
3517 599 3726 652 mortem
3753 615 3824 656 re-

2263 679 2740 749 tinuit;conscius
2773 679 2980 752 utique
3002 681 3135 747 sibi,
3154 681 3292 754 quia
3320 681 3465 737 bona
3492 683 3651 739 animi
3675 685 3828 743 inten-

2265 769 2424 826 tione
2453 768 2652 824 omnia
2698 769 2935 837 fecerat,
2966 769 3108 826 nihil
3141 771 3212 826 de
3259 769 3351 826 bis
3384 771 3538 842 justo
3577 773 3738 829 Judici
3775 777 3828 832 ad

2267 875 2444 932 quem
2480 859 2797 914 festinabat
2827 857 3154 932 displicere,
3181 858 3309 932 ipso
3355 859 3458 916 hcc
3499 859 3554 916 in
3590 863 3832 936 Evangelia

2269 965 2376 1004 suo
2407 947 2832 1004 attestante:Si
2860 947 3432 1022 oculus,inquit,mus
3459 951 3668 1022 simplex
3687 955 3834 1023 fuerit,

2267 1045 2439 1094 totum
2463 1053 2657 1109 corpus
2685 1045 2846 1094 tuum
2894 1037 3139 1094 lucidum
3177 1039 3282 1095 erit
3303 1059 3323 1106 ;
3362 1040 3414 1095 si
3449 1051 3618 1096 au'cm
3655 1057 3838 1115 nequam

2270 1129 2444 1199 fuerit
2501 1129 2667 1184 etiam
2714 1143 2908 1200 corpus
2959 1135 3114 1184 tuum
3172 1130 3506 1184 tenebrosum
3544 1131 3685 1186 erit:
3724 1132 3836 1187 oculi

2273 1215 2512 1273 nomine
2559 1217 2950 1282 intentionem;
2981 1233 3212 1290 corpus,
3257 1225 3524 1289 sequentes
3566 1217 3838 1290 signiﬁcans
3953 1235 3955 1288 ς

2271 1307 2547 1373 actiones;
2579 1306 2679 1378 qui
2712 1305 2865 1362 sicut
2893 1305 3059 1362 oculo
3089 1301 3412 1364 incedentis
3440 1311 3692 1379 reguntur
3715 1309 3842 1364 vesti-
3953 1307 3955 1320 '

2273 1395 2391 1469 gia,
2423 1394 2508 1450 sic
2535 1394 2816 1452 nimirum
2851 1395 3061 1469 praevia
3088 1395 3430 1463 intentione,
3462 1396 3510 1452 si
3537 1396 3673 1452 bona
3708 1401 3778 1453 est
3799 1399 3841 1452 in
3953 1447 3955 1462 ,

2273 1484 2518 1554 bonum,
2551 1483 2599 1540 si
2630 1483 2788 1540 mala
2813 1483 2983 1541 estin
3008 1483 3844 1560 malum,qualiacunqueagentis

2274 1576 2606 1646 sequuntur
2635 1589 2832 1646 opera.

2415 1661 2552 1718 CAP.
2585 1662 2798 1720 XXXII.
2819 1663 2898 1719 De
2919 1665 3254 1736 confessione
3281 1663 3400 1736 ejus
3421 1671 3472 1720 et
3499 1663 3739 1720 unctione.

2346 1751 2662 1825 Dispositis
2690 1751 2872 1825 igitur
2909 1751 3227 1826 prudenter
3275 1753 3564 1820 omnibus,
3587 1753 3742 1810 abbas
3778 1752 3847 1809 Ol-

2272 1839 2472 1897 bertus
2502 1842 2574 1898 ab
2601 1842 2748 1915 ipsis
2779 1842 3039 1916 pueritia:
3070 1842 3244 1899 annis
3275 1841 3847 1916 coaevusctcolleganec

2271 1948 2387 1986 non
2438 1931 2851 1988 consecrelalis
2898 1931 2980 1988 illi
3029 1932 3238 1988 divinae
3287 1931 3434 2007 legis
3480 1932 3770 1998 meditator,
3793 1932 3846 1986 ad

2271 2021 2497 2095 agenda
2525 2021 2679 2077 circa
2708 2039 2842 2077 eum
2873 2020 2996 2078 hinc
3025 2021 3372 2078 Christiana:
3415 2021 3690 2095 religionis
3715 2020 3844 2079 mini-

2271 2109 2449 2166 steria
2496 2114 2655 2166 veste
2704 2110 3046 2168 sacerdotali
3099 2111 3390 2179 induitur,
3423 2111 3648 2184 cupiens
3684 2113 3732 2167 et
3753 2109 3844 2182 ipse

2270 2199 2430 2254 eunti
2463 2200 2535 2255 ad
2561 2198 2862 2256 Christum
2913 2217 3040 2257 sese
3071 2201 3288 2257 addere
3334 2200 3613 2268 comitem,
3642 2213 3782 2273 quem
3804 2197 3846 2252 in

2270 2288 2364 2344 via
2389 2287 2491 2345 Dei
2538 2289 2802 2344 unanimi
2852 2289 3159 2347 dilectione
3203 2289 3417 2346 habuit
3461 2293 3768 2346 consortem.
3797 2290 3849 2342 At

2273 2376 2374 2432 ubi
2399 2375 2703 2450 psallendo
2735 2381 2792 2434 et
2821 2379 3041 2436 orando
3073 2395 3138 2435 eo
3167 2383 3412 2440 ventum
3442 2383 3544 2446 est,
3575 2377 3665 2434 ubi
3701 2375 3848 2432 oleum

2271 2463 2496 2538 imponi
2525 2464 2760 2522 infirmo
2791 2467 3064 2540 praecepit
3083 2468 3612 2536 ordo,totusmente
3627 2470 3678 2523 et
3691 2464 3849 2538 spiritu

2273 2553 2522 2623 vividus,
2556 2553 2693 2611 licet
2721 2573 2896 2613 carne
2938 2559 3354 2630 praemortuus,
3389 2555 3652 2630 quantulo
3691 2553 3851 2610 adnisa

2272 2641 2456 2698 valuit
2485 2660 2516 2698 e
2545 2643 2758 2700 lectulo
2789 2645 3059 2712 surrexit,
3091 2661 3291 2702 coram
3331 2645 3496 2702 altari
3542 2660 3712 2719 genua
3748 2640 3853 2706 ﬁxit,

2276 2733 2333 2788 et
2364 2734 2430 2786 ut
2459 2731 2744 2804 scriptum
2777 2735 2868 2789 cst
2899 2751 2913 2789 :
2945 2735 3130 2790 Justus
3178 2735 3241 2790 in
3291 2736 3490 2807 primis
3533 2735 3775 2790 accusator
3800 2735 3856 2785 est

2275 2823 2386 2889 sui,
2419 2837 2482 2876 se
2534 2823 2895 2894 peccatorem
2945 2839 3094 2891 esse,
3141 2839 3275 2880 sese
3323 2841 3439 2886 non
3487 2822 3665 2880 taliter
3694 2817 3857 2876 vixisse

2279 2909 2362 2966 uti
2415 2907 2632 2966 diceret
2678 2909 3019 2984 episcopum
3068 2916 3126 2968 et
3161 2928 3368 2970 verum
3415 2911 3770 2969 Christianum
3793 2909 3857 2962 est
3954 2947 3955 2960 χ

2279 2999 2604 3056 confessus.
2636 2999 2900 3072 Cumque
2929 3003 2988 3056 et
3017 3000 3088 3056 de
3119 2999 3253 3057 aliis
3287 3001 3432 3059 satis
3462 3005 3518 3057 et
3543 2999 3636 3057 diu
3661 3012 3766 3054 sese
3787 3010 3855 3050 co-

2279 3103 2404 3142 ram
2437 3087 2552 3143 Deo
2583 3092 2884 3147 accusaret
2912 3088 3212 3158 admissis,
3248 3089 3380 3147 sine
3420 3090 3625 3164 quibus
3666 3087 3857 3157 irrepre-

512 3181 632 3236 tem
665 3194 865 3250 usque.
883 3180 1039 3236 esset
1067 3177 1365 3246 afflicta,in
1381 3160 1756 3254 solam—spem
1781 3160 1962 3240 beatae
1980 3201 2166 3242 resur-
2196 3160 2242 3246 Cl
2279 3173 2589 3232 hensibilis
2621 3181 2959 3232 sanctorum
2989 3177 3126 3246 vita,
3160 3182 3266 3236 aut
3293 3179 3409 3248 vix,
3438 3160 3541 3235 aut
3563 3175 3705 3233 nullo
3727 3171 3859 3230 modo

514 3265 789 3324 rectionis
818 3265 973 3322 lavat
1001 3281 1215 3339 corpus
1259 3266 1466 3322 multis
1517 3272 1671 3326 retro
1721 3271 1891 3329 annis
1939 3271 2166 3332 lavacro

514 3353 907 3428 incognitum,
941 3351 1218 3425 cupitque
1249 3353 1611 3412 fortissimus
1655 3361 2021 3432 contemptor
2049 3362 2164 3432 sui,

518 3441 721 3500 addita
748 3440 991 3515 insuper
1019 3441 1348 3499 infirmitati
1381 3461 1742 3516 poena—mune
1773 3447 1926 3505 circa
1951 3467 2012 3506 se
2043 3451 2169 3508 fieri

519 3531 678 3604 quod
703 3531 764 3586 in
795 3529 1048 3589 sanitate
1079 3530 1334 3587 devitarc
1359 3534 1667 3590 studuerat
1695 3551 1767 3592 ne
1797 3537 1978 3595 noxia:
1997 3541 2170 3597 servi-

521 3623 611 3677 ret
635 3618 1130 3691 voluptati.Lotus
1159 3636 1295 3677 vero
1325 3619 1593 3696 albisque
1621 3625 1884 3684 vestibus
1904 3628 2166 3700 indutus,

521 3708 996 3783 exspectantibus
1027 3707 1087 3764 in
1117 3708 1392 3780 praedicto
1418 3711 1669 3770 oratorio
1699 3731 1732 3769 a
1763 3716 1999 3774 nemine
2035 3735 2166 3776 sus-

519 3800 780 3856 tentatus
811 3812 938 3854 sese
985 3796 1162 3854 infert
1211 3798 1524 3870 fratribus;
1578 3802 1746 3858 sedili
1795 3803 2040 3877 locatur,
2075 3808 2166 3864 cui

517 3885 784 3944 insidens
805 3884 1144 3963 psalmodiae
1163 3887 1250 3944 vel
1271 3885 1504 3945 lectioni
1529 3907 1734 3950 vacare
1753 3901 2132 3954 consueverat
2153 3915 2168 3954 :

520 3975 767 4034 missam
799 3975 984 4048 audit,
1008 3981 1379 4042 sacrosancto
1409 3978 1640 4036 Domini
1676 3983 1935 4056 corporis
1963 3985 2172 4044 viatico

516 4066 748 4124 felicem
773 4065 1032 4123 animam
1060 4065 1373 4140 prmmunit
1395 4069 1752 4140 jamdudum
1786 4072 2170 4145 pulsantiDo«

520 4155 678 4212 mino
709 4155 935 4230 aperire
965 4159 1251 4229 paratam.
1278 4155 1515 4214 Interim
1530 4173 1622 4214 res
1635 4160 1898 4218 Ecclesiae
1921 4165 2169 4236 perfidei

519 4261 732 4301 manus
751 4243 1423 4319 disponuntur,quarum
1445 4251 1667 4320 partem
1686 4267 1860 4307 unam
1878 4269 2173 4311 successo-

518 4333 566 4390 ri
585 4351 712 4404 suo,
737 4333 979 4391 alteram
996 4333 1354 4408 pauperibus
1371 4339 1428 4392 et
1442 4335 1558 4393 Deo
1575 4339 1964 4398 servientibus
1981 4342 2171 4402 fidelis

519 4425 762 4480 testator
791 4421 1093 4498 delegavit;
1113 4421 1258 4478 nulli
1291 4429 1536 4498 cognato
1565 4427 1653 4483 vel
1685 4428 1872 4486 amico
1899 4433 2172 4507 egregius

2275 3263 2523 3338 transigi
2568 3268 2796 3338 potest;
2841 3266 3176 3340 suggeritur
3226 3268 3304 3323 ab
3357 3269 3563 3325 abbate
3604 3263 3858 3322 memorato

2278 3370 2426 3410 ausu
2459 3353 2618 3410 illius
2648 3358 2860 3411 sanctae
2892 3372 3012 3412 sua:
3061 3355 3506 3424 familiaritatis,
3537 3355 3584 3412 si
3627 3352 3746 3428 quid
3783 3347 3860 3405 ali-

2279 3442 2516 3516 quando
2545 3443 2604 3499 in
2636 3444 3048 3517 imperatorem
3073 3445 3192 3504 sive
3220 3447 3422 3504 verbis
3450 3445 3534 3504 vel
3556 3435 3861 3502 etiamocc-ul-

2275 3531 2354 3588 tis
2384 3533 2840 3606 cogitationibus
2868 3534 3365 3608 deliquisset,Deo
3395 3532 3643 3592 confiteri
3665 3545 3761 3587 non
3781 3533 3862 3583 tar

2278 3621 2462 3689 daret,
2493 3625 2558 3677 ut
2587 3639 2828 3680 securus
2855 3624 2926 3680 ab
2957 3623 3117 3680 omni
3167 3623 3533 3685 insidiatoris
3563 3617 3862 3679 accusatione

2279 3711 2543 3767 cordium
2576 3712 2884 3768 scrutatori
2927 3713 3043 3770 Deo
3074 3713 3370 3786 intrepide
3419 3715 3718 3770 mereretur
3756 3720 3861 3780 pre-

2279 3797 2605 3855 sentari.Ad
2637 3799 2758 3856 haec
2788 3799 2886 3856 ille
2916 3801 3316 3860 confidenter:
3351 3825 3379 3853 ‹‹
3411 3803 3533 3858 Non
3561 3791 3862 3872 reprehendit

2283 3909 2314 3939 ‹‹
2345 3903 2457 3955 me,
2478 3888 2688 3960 inquit,
2705 3889 3061 3947 conscientia
3089 3907 3220 3946 mea
3251 3891 3314 3947 in
3345 3891 3504 3948 omni
3533 3890 3644 3950 vita
3669 3901 3777 3944 mea
3797 3895 3862 3936 me

2282 3998 2311 4027 «
2344 3977 2401 4032 in
2435 3975 2632 4050 aliquo
2669 3983 2872 4035 contra
2913 3979 3327 4053 imperatorem
3379 3978 3714 4054 deliquisse;
3741 3969 3863 4045 quin-

2281 4088 2312 4116 «
2346 4065 2462 4122 imo
2494 4083 2725 4140 semper
2761 4067 3041 4126 honorem
3073 4069 3200 4142 ejus
3231 4069 3430 4142 cupivi
3458 4074 3515 4128 et
3541 4065 3712 4141 cupio,
3739 4061 3864 4132 isque

2284 4176 2314 4206 ι(
2345 4155 2494 4212 utin
2525 4156 2650 4214 dies
2677 4173 2810 4215 cum
2836 4157 2934 4213 Dei
2958 4157 3249 4229 adjutorio
3263 4157 3866 4232 augmentareturquan-

2280 4266 2310 4294 «
2339 4249 2469 4300 tum
2497 4249 2698 4301 nostra
2729 4233 3864 4312 intererateiaboravimus.Czsterumquod

2281 4357 2309 4384 «
2345 4350 2453 4390 nos
2481 4333 2868 4392 libentissime
2896 4334 3186 4392 honestati
3219 4337 3354 4409 ejus
3399 4333 3778 4396 deservientes,
3803 4325 3866 4397 ip-

2283 4444 2311 4473 ‹‹
2341 4422 2467 4478 sius
2495 4423 2693 4497 gratiae
2723 4424 2930 4493 minus,
2951 4424 3173 4498 accepti
3226 4424 3481 4494 fuimus,
3511 4423 3636 4482 aliis
3661 4417 3867 4495 proiecto

519 4512 709 4580 Pater,
728 4514 967 4567 caeteros
995 4528 1200 4569 omnes
1229 4511 1287 4566 in
1319 4512 1550 4571 Christo
1574 4515 1874 4589 aequaliter
1893 4500 2164 4594 diligens,

2282 4534 2310 4563 «
2342 4511 2596 4584 peccatis
2623 4511 3008 4586 imputamus.
3039 4513 3256 4570 Verum
3292 4515 3404 4572 hoc
3448 4512 3685 4570 maxime
3725 4500 3868 4596 pani:

521 4597 850 4672 dereliquit.
881 4599 994 4672 (35)
1017 4600 1282 4672 Cumque
1327 4607 1654 4660 reverenter
1679 4623 1712 4660 a
1741 4607 2035 4680 prioribus
2065 4627 2165 4666 no-

521 4685 660 4744 stris
671 4688 1516 4762 admonereturutparentibus
1530 4693 1601 4750 de
1625 4693 1720 4750 his
1745 4711 1873 4768 quae
1887 4696 2040 4754 Deus
2053 4697 2165 4756 sibi

519 4776 797 4834 donasset
824 4775 1154 4850 largiretur,
1176 4776 1354 4852 idque
1387 4797 1680 4854 nusquam
1713 4800 1748 4839 a
1777 4801 1944 4842 sacra
1967 4791 2166 4844 aucto-

518 4865 686 4923 ritate
713 4866 958 4922 vetitum
989 4883 1120 4923 esse
1149 4869 1655 4942 suggessissentm
1684 4873 1960 4932 Parentes
1983 4893 2165 4946 meos,

516 4953 884 5029 inquit,quos
913 4956 1260 5028 superstites
1289 4957 1667 5031 relinquo,illi
1699 4965 2042 5022 commendo
2073 4965 2167 5038 cui

515 5060 609 5101 me
641 5061 875 5117 quoque
907 5062 1019 5102 non
1056 5045 1290 5116 fundos,
1325 5063 1441 5103 non
1475 5065 1694 5118 servos,
1719 5067 1832 5108 non
1858 5053 2167 5126 pecuniam

517 5149 585 5188 ex
616 5132 952 5190 haereditate
993 5134 1306 5192 habentem
1355 5141 1753 5196 antecessores
1802 5143 1983 5198 nostri
2036 5143 2166 5199 reli-

519 5237 871 5294 quere;quos
902 5227 1101 5280 utrum
1132 5225 1340 5298 degere
1372 5225 1625 5298 privatos
1639 5229 2168 5296 necne,idemDeus

521 5323 592 5366 ex
620 5309 907 5366 Dominus
933 5315 1129 5368 noster
1151 5311 1609 5388 voluerit,ipsius
1640 5317 1849 5374 melius
1882 5321 2168 5392 permitti-

523 5414 659 5454 mus
689 5399 1122 5455 misericordiae.
1156 5423 1183 5452 »
1219 5401 1498 5462 Praeterea
1527 5405 1576 5462 si
1609 5406 1747 5479 quid
1795 5407 2054 5466 severius
2079 5411 2170 5466 di-

522 5490 716 5546 ctante
748 5488 974 5546 ratione
999 5489 1058 5545 in
1089 5489 1383 5563 quoslibet
1411 5493 1483 5552 ab
1514 5493 2166 5570 ipsoincolumijudica-

2277 4623 2306 4652 ‹‹
2336 4602 2520 4658 tentia
2546 4601 2791 4676 dignum
2826 4619 2920 4658 me
2947 4603 3136 4677 egisse
3178 4603 3309 4676 ipse
3357 4599 3720 4677 reprehendo,
3749 4589 3870 4667 quod

2279 4713 2307 4742 ‹‹
2341 4690 2626 4748 immunis
2655 4692 2728 4747 ab
2756 4691 3032 4750 omnibus
3063 4693 3124 4748 in
3157 4691 3360 4766 ipsum
3387 4690 3684 4750 inﬁdeliter
3708 4681 3866 4760 gestis,

2279 4802 2307 4830 «
2341 4779 2509 4852 quasi
2541 4797 2675 4837 reus
2705 4797 2904 4838 coram
2935 4781 3212 4838 omnibus
3243 4783 3317 4838 ad
3340 4774 3870 4856 podeseJussium'

2279 4890 2307 4918 «
2341 4867 2593 4936 volutus,
2623 4871 2680 4925 et
2709 4869 3052 4943 hujusmodi
3091 4870 3505 4928 humiliatione
3533 4862 3868 4954 suspicione!!!

2279 4980 2307 5008 «
2339 4957 2472 5014 talis
2503 4956 2706 5031 culpae,
2740 4975 2868 5032 qua:
2899 4961 3014 5018 Deo
3043 4963 3190 5017 teste
3220 4960 3388 5018 nulla
3427 4963 3536 5028 est,
3561 4947 3868 5014 multitudini

2279 5068 2308 5097 (ί
2335 5047 2405 5103 de
2435 5063 2529 5104 me
2567 5048 2936 5122 ingesserim,
2969 5049 3169 5125 sicque
3215 5067 3431 5108 nomen
3477 5041 3716 5122 episcopi
3759 5039 3867 5094 n0“

2284 5159 2311 5188 α
2343 5136 2472 5192 falsi
2503 5137 2767 5194 criminis
2811 5139 3129 5197 infecerim.
3163 5140 3275 5197 Sed
3306 5141 3422 5196 heu
3448 5138 3460 5194 ι
3497 5135 3664 5210 pudet
3687 5143 3868 5224 ac-paf-

2281 5249 2306 5276 ‹‹
2343 5227 2528 5295 nitet;
2562 5227 3065 5304 succlamantibus
3111 5229 3360 5299 cunctis,
3408 5229 3578 5285 etiam
3623 5217 3865 5292 religiosis

2281 5339 2306 5366 «
2337 5316 2498 5385 viris,
2534 5317 2615 5373 uti
2651 5317 2709 5372 in
2742 5335 2832 5374 me
2870 5319 3122 5392 graviter
3167 5322 3459 5376 commoto
3504 5310 3866 5374 satisfacerem,

2280 5429 2308 5456 ‹‹
2337 5405 2498 5464 solus
2526 5405 2749 5464 diutius
2799 5407 3070 5467 reluctari
3113 5427 3229 5468 non
3275 5405 3460 5482 potui,
3493 5409 3549 5462 et
3591 5401 3776 5471 victus,
3803 5392 3868 5482 ff“

2282 5519 2310 5548 ‹‹
2342 5501 2486 5564 teor,
2507 5497 2755 5570 turpiter
2783 5499 2952 5556 cessi.
2973 5499 3134 5558 Unde
3171 5480 3316 5574 quia.
3335 5496 3541 5554 invicte
3553 5480 3866 5566 persistendo

597 5578 710 5652 (35)
741 5580 874 5646 Quae
905 5583 1235 5652 sequuntur
1252 5580 1310 5640 in
1333 5583 1492 5642 edito
1513 5585 1913 5646 abbreviatore
1925 5587 2164 5648 omnino
2195 5586 2418 5647 omissa
2443 5591 2598 5642 sunt.
