4036 6172
194 312 307 383 7.61

1802 318 2014 385 VITA.

3492 319 3627 389 τω

198 474 228 504 α
258 450 408 509 falso
437 447 713 525 imputati
744 450 1017 509 criminis
1037 452 1435 528 suspicionem
1458 471 1572 512 non
1604 455 1845 524 removi,
1876 458 1935 525 Α
1962 455 2239 530 pascebat
2266 455 2598 526 D.omino,et
2611 452 3036 531 benignissima
3049 452 3623 517 utmecelesiasticam

194 563 227 591 cr
256 540 475 615 plango
522 544 582 596 et
628 539 1000 598 vehementer
1029 541 1214 600 doleo.
1253 566 1281 593 »
1302 543 1405 600 His
1436 543 1629 609 dictis,
1663 544 1711 602 si
1735 562 1853 618 qua

198 634 403 687 contra
431 646 532 685 eos
565 630 664 702 qui
696 635 1006 702 przesentes
1025 638 1223 689 essent
1247 633 1454 690 fratres
1485 635 1849 708 deliquisset,

199 719 314 777 sibi
345 718 553 775 donari
586 719 769 791 petiit.
801 721 1014 777 Contra
1060 723 1391 781 assistentis
1439 724 1576 780 cleri
1625 725 1851 781 devotio

198 826 234 865 a
262 808 513 865 Domino
542 808 660 866 Deo
692 809 948 881 pontifici
968 829 1077 868 suo
1095 812 1322 871 veniam
1343 814 1854 888 petiit,ipsamquc

200 902 490 972 quantum
523 915 635 954 sua
661 898 943 955 intererat
969 918 1040 957 ex
1067 919 1129 957 se
1160 902 1552 959 libentissime
1582 922 1695 959 non
1728 903 1854 961 sine

200 985 406 1044 multis
451 986 730 1061 lacrymis
760 988 1067 1062 impendit,
1118 991 1393 1064 idemque
1442 993 1554 1049 sibi
1606 994 1681 1048 ab
1726 993 1853 1067 ipso

200 1076 323 1133 fieri
375 1075 721 1149 suppliciter
764 1078 1070 1151 impendit,
1118 1079 1391 1153 idemque
1440 1082 1552 1138 sibi
1603 1082 1675 1138 ab
1726 1082 1853 1156 ipso

200 1166 321 1222 ﬁeri
356 1164 703 1238 suppliciter
724 1165 1147 1240 implorat.Quo
1178 1169 1330 1226 facto
1352 1171 1691 1227 solemniter
1718 1188 1853 1228 cum

200 1253 448 1327 psalmis
479 1258 536 1311 et
585 1254 951 1315 orationibus
982 1259 1055 1313 ad
1098 1258 1155 1315 id
1202 1258 1376 1315 officii
1428 1261 1853 1333 pertinentibus

199 1344 270 1398 ab
300 1343 514 1399 abbate
545 1360 719 1416 quem
752 1364 931 1419 supra
968 1349 1444 1415 memoravimus,
1478 1366 1581 1423 per
1626 1366 1854 1406 sacram

199 1430 309 1487 olei
340 1431 681 1490 unctionem
712 1434 770 1490 in
800 1435 956 1492 viam
984 1438 1148 1510 pacis
1176 1442 1233 1494 et
1262 1438 1441 1495 beata:
1472 1438 1689 1512 quietis
1715 1438 1853 1496 diri-

199 1519 377 1595 gitur.
904 1540 914 1549 ·

198 1627 333 1685 CAP.
366 1628 616 1685 XXXIII.
662 1630 814 1700 Quod
856 1606 1321 1709 abeasIOIbertus
1370 1652 1438 1691 ne
1490 1640 1693 1709 septem
1741 1636 1857 1694 dies

621 1711 745 1774 post
772 1721 897 1759 eum
923 1707 1127 1777 faceret
1161 1710 1427 1764 exoravit.

1961 564 2096 604 rum
2129 545 2472 603 facultatum
2503 563 2679 620 quam
2710 544 3091 603 consiliorum
3132 543 3440 620 largitione
3472 563 3621 620 pru-

1961 634 2169 692 denter
2195 636 2556 710 diSpensata,
2602 635 2984 693 exterioribus
3014 650 3386 709 nequaquam
3418 636 3621 693 deerat

1962 723 2187 785 solatio.
2220 725 2407 780 Ambo
2448 724 2647 780 divina
2688 728 2745 781 et
2773 723 3035 781 humana
3063 723 3350 796 sapientia
3378 723 3629 792 imbuti,,

1963 814 2135 870 ambo
2166 814 2556 870 robutissimae
2578 814 2639 870 in
2674 812 2889 887 templo
2922 813 3022 869 Dei
3054 812 3618 885 columnm.Utcrqne

1963 900 2021 958 in
2053 907 2305 977 utroque
2347 903 2464 960 Deo
2508 902 2885 960 servientium
2931 902 3134 960 ordine
3167 902 3378 975 reginas
3416 902 3619 958 dextra

1963 993 2223 1048 divinam
2274 992 2475 1064 sponsi
2523 994 2893 1066 majestatem
2942 991 3158 1048 astanti
3209 1009 3350 1048 auro
3396 993 3615 1048 vestem

1963 1084 2177 1148 texere,
2210 1081 2518 1154 ipsamque
2541 1080 2983 1152 jucundissima
3026 1080 3376 1139 varietatum
3406 1080 3616 1139 distin-

1964 1170 2153 1227 ctione
2210 1170 2379 1243 gnari
2428 1170 2816 1240 circumdare,
2874 1170 3051 1243 idque
3103 1169 3367 1227 studiose
3422 1169 3629 1243 quoad'

1961 1260 2223 1316 viverent
2251 1260 2615 1317 decertantes
2653 1260 2915 1316 actitare.
2950 1260 3073 1316 Sub
3125 1260 3303 1316 tantis
3352 1262 3485 1316 tuta
3523 1275 3621 1314 cu-

1964 1348 2556 1422 stodibus,tantisquo
2585 1349 2947 1406 communita
2971 1348 3503 1422 propugnatoribus
3534 1346 3620 1403 in-

1964 1441 2058 1496 tra
2082 1436 2507 1497 honestissima
2552 1438 2839 1495 bonarum
2869 1438 3085 1494 artium
3116 1437 3457 1510 quiescebat
3479 1435 3619 1504 otia,

1965 1544 2072 1584 nec
2103 1527 2507 1586 clandestinae
2529 1525 2827 1585 latronum
2853 1527 3124 1598 insidias,
3154 1543 3260 1583 nec
3288 1528 3489 1600 aperte
3515 1524 3687 1604 ἰαὶ-ο

1967 1618 2359 1693 pugnantium
2390 1618 2715 1676 formidans
2746 1618 3190 1683 ineursus,tune
3217 1616 3467 1691 quidem.
3486 1613 3633 1675 felix

1969 1707 2163 1783 Legia,
2187 1709 2290 1767 sed
2322 1725 2478 1767 nunc
2510 1707 2871 1767 amissabac
2900 1706 3173 1764 felicitate
3202 1705 3393 1765 multo
3430 1701 3621 1762 infeli-

268 1788 539 1862 Singulis
568 1791 781 1848 deinde
830 1793 889 1853 in
936 1812 1046 1851 sua
1088 1797 1491 1864 redeuntibus,
1524 1797 1613 1853 vir
1642 1797 1739 1853 Dei
1771 1796 1855 1854 sic
1892 1833 1942 1900 Β
1968 1798 2107 1854 cior.

268 1881 403 1900 -..ΑΔ
435 1877 490 1900 3..
525 1877 668 1900 1--ι-
717 1881 877 1900 ῼνηι
1106 1884 1205 1900 ⁸1⁸1
1453 1884 1465 1897 ι
1508 1886 1519 1897 ο
1587 1887 1603 1900 ς
1651 1887 1673 1900 ιι
1739 1890 1748 1900 ι
1934 1898 1937 1899 ,
2045 1889 2078 1900 ιη.

201 1881 407 1934 manet
435 1877 500 1934 in
525 1877 678 1936 lecto
706 1881 1025 1951 decubans,
1062 1884 1208 1941 nihil
1251 1903 1379 1942 sese
1410 1884 1521 1944 nisi
1571 1887 1862 1943 defectum
1897 1877 1937 1900 ’³

204 1967 323 2040 pati
357 1983 652 2038 asserens,
686 1976 1065 2046 expectatque
1113 1974 1195 2031 ita
1242 1979 1307 2031 ut
1337 1992 1641 2048 nunquam
1684 1976 1743 2032 in
1771 1993 1865 2033 sa-

206 2055 392 2112 nitate
418 2056 1017 2134 hilarior,exoptatam
1049 2063 1151 2119 diu
1180 2064 1385 2120 horam
1417 2082 1534 2137 qua
1561 2069 1865 2121 vocantem

208 2144 425 2218 migret
453 2147 528 2201 ad
560 2147 900 2207 Dominum.
924 2152 1264 2227 Testatique
1294 2159 1433 2211 sunt
1462 2154 1782 2228 presbyteri
1812 2156 1869 2210 et

205 2233 497 2305 capellani
530 2237 630 2309 qui
659 2237 710 2293 ei
744 2240 1095 2298 excubantes
1125 2260 1228 2315 pro
1275 2243 1704 2318 exspectatione
1741 2242 1869 2317 glo-

210 2323 354 2380 riosi
387 2325 580 2383 exitus
620 2328 994 2397 assistebant,
1042 2331 1430 2405 psalmodiam
1478 2338 1536 2390 et
1578 2334 1868 2390 orationes

210 2412 361 2485 ipsis
391 2414 611 2487 quibus
641 2417 955 2476 incolumis
996 2421 1222 2479 solebat
1246 2422 1409 2478 horis
1451 2440 1489 2479 a
1516 2427 1869 2496 prasmortuo

206 2501 377 2558 illius
407 2520 506 2560 ore
535 2504 857 2579 palpitante
891 2508 1092 2583 lingua
1122 2511 1277 2583 szepi'
1309 2529 1338 2567 s
1358 2511 1867 2569 iterari.Nimirum

206 2596 438 2663 quanto
469 2609 579 2649 usu
611 2595 810 2653 vivens
840 2601 897 2653 et
926 2598 1238 2665 incolumis
1268 2599 1627 2673 imperitanti
1654 2599 1871 2658 servire

204 2688 598 2740 consueverat
623 2685 876 2758 spiritui,
911 2705 1044 2745 caro
1062 2689 1195 2761 jam
1212 2690 1473 2747 moriens
1485 2691 1866 2763 approbabat.

203 2774 435 2839 Quarta
464 2774 628 2843 feria,
662 2775 886 2833 scilicet
914 2776 1367 2850 apostolicamm
1389 2784 1724 2838 octavarum
1745 2780 1870 2839 dies

205 2861 535 2919 transierat
557 2880 573 2932 ;
607 2864 814 2937 quinta
842 2866 1053 2923 deinde
1074 2868 1216 2924 feria
1233 2870 1603 2942 superfuerat
1625 2887 1638 2926 :
1662 2874 1868 2927 etcum

199 2952 335 3024 jam
366 2951 560 3009 vicina
590 2954 872 3023 exitus,ut
912 2956 1249 3029 putabatur,
1283 2958 1427 3016 hora
1458 2976 1492 3015 a
1521 2975 1869 3016 concurren-

204 3042 377 3098 tibus
408 3042 788 3100 devotissimo
808 3045 880 3101 ad
898 3060 1032 3102 eum
1057 3047 1392 3104 senioribus
1413 3052 1869 3121 exspectaretur,

194 3134 396 3203 atque
425 3132 636 3189 obnixe
664 3136 731 3189 ut
759 3151 793 3189 a
820 3134 967 3191 lecto
998 3152 1060 3192 se
1102 3138 1323 3193 sineret
1371 3136 1603 3210 deponi,
1643 3142 1710 3194 ut
1739 3154 1869 3194 mo-

209 3221 513 3278 rientibus
536 3221 686 3279 solet
714 3224 836 3279 fieri
854 3204 1648 3301 Christianis,el'tlagitaretur
1678 3245 1741 3284 :«
1766 3228 1878 3284 No-
1904 3204 1948 3271 (ἶ

207 3310 334 3378 lite,
368 3310 584 3383 inquit,
615 3311 787 3369 hodie
837 3313 1052 3370 frustra
1082 3313 1334 3388 fatigari,
1367 3316 1469 3372 sed
1502 3332 1630 3372 cras
1662 3316 1875 3373 disces-

209 3416 358 3457 sure
391 3400 541 3456 mihi
571 3400 627 3456 in
664 3401 758 3458 Dei
809 3403 1045 3459 nomine
1088 3403 1393 3473 occurrite.
1443 3427 1470 3455 ››
1511 3404 1697 3469 Quam
1745 3406 1873 3477 ejus

208 3505 420 3546 vocem
454 3492 767 3562 quotquot'
789 3491 1121 3562 adfuerunt,
1150 3494 1424 3561 audiere;
1458 3495 1558 3551 sed
1609 3498 1665 3550 et
1694 3495 1875 3551 abbas

211 3582 586 3635 memoratus
597 3578 695 3651 qui
715 3566 1056 3652 pridie'eum
1076 3583 1455 3652 unxerat,hoc
1479 3583 1875 3656 praenuntiata:

210 3668 287 3723 ab
317 3683 392 3724 eo
422 3667 631 3724 mortis
660 3668 947 3725 indictum
979 3670 1074 3743 pio
1105 3672 1318 3744 exeipit
1338 3672 1560 3745 gemitu
1597 3691 1610 3730 :
1636 3695 1663 3723 «
1683 3672 1743 3729 Si
1762 3673 1876 3729 dis-

213 3758 402 3823 cedis,
433 3756 650 3829 inquit,
680 3757 1112 3832 Omnipotentis
1141 3760 1546 3821 misericordia
1564 3779 1689 3837 non
1721 3761 1881 3829 sinat,

214 3863 307 3904 me
338 3849 573 3919 septem
603 3846 729 3903 dies
778 3864 955 3921 super
998 3851 1057 3904 te
1089 3848 1147 3904 in
1195 3849 1304 3909 hoc
1336 3850 1559 3907 mundo
1601 3851 1810 3908 facere.
1847 3872 1875 3902 ι»

216 3938 354 4003 Qua;
408 3936 593 3992 verba
641 3935 962 4009 petitionis,
993 3940 1058 3993 ut
1112 3939 1376 4010 probavit
1420 3940 1502 3996 rei
1548 3940 1754 4009 exitus,
1802 3940 1875 3996 ad

217 4043 399 4083 aures
409 4025 494 4100 pii
507 4024 792 4082 auditoris
806 4026 1144 4085 ascendisse
1169 4027 1465 4085 credimus
1490 4046 1502 4085 :
1519 4046 1655 4093 nam
1678 4029 1875 4089 statim

218 4118 287 4173 ad
321 4113 754 4172 monasterium
808 4115 963 4171 beati
1006 4116 1209 4172 Jacobi
1254 4133 1579 4191 regressus,
1621 4118 1721 4175 ubi
1753 4119 1878 4192 ipse

219 4208 433 4279 prater
461 4202 646 4260 alium
675 4220 847 4276 quem
879 4205 1117 4278 gerebat
1162 4205 1601 4264 Gemblacensis
1630 4208 1897 4273 emnobii-

218 4292 808 4368 gregem,multorum
829 4293 997 4349 Pater
1009 4293 1233 4350 exstitit
1253 4296 1675 4367 monachorum
1700 4315 1714 4366 ;
1738 4299 1875 4354 sub-

220 4387 471 4459 repente
496 4380 636 4438 totis
666 4382 912 4439 artubus
934 4381 1409 4450 molestia,sentit
1427 4385 1742 4459 optabilem
1765 4385 1877 4444 sibi

220 4489 355 4529 cum
388 4470 1015 4546 pontifice,eodemque
1037 4474 1318 4533 unanimo
1336 4474 1516 4531 fratre
1538 4473 1875 4535 dissolutio.-

2044 1889 2217 1945 Scxta
2262 1887 2444 1961 igitur
2502 1888 2649 1945 feria
2692 1886 3093 1955 illucescente,
3147 1889 3350 1945 octavo
3406 1882 3633 1943 scilicet.

1974 1975 2115 2032 Idus
2138 1974 2305 2045 Julii,
2355 1975 2587 2035 beatam
2636 1978 2838 2049 pastor
2880 1978 3113 2043 noster,
3148 1977 3213 2030 ut
3260 1970 3634 2046 pradixerat,

1974 2064 2233 2127 Creatori
2262 2063 2517 2123 reddidit
2546 2064 2827 2123 animam.
2858 2064 3117 2137 Postque
3158 2062 3330 2125 illum
3376 2061 3635 2136 septima

1975 2153 2089 2220 die,
2124 2152 2277 2209 sicut
2292 2169 2328 2208 a
2348 2153 2463 2209 Deo
2481 2156 2843 2226 poposcerat,
2860 2150 3173 2209 memorati
3189 2149 3635 2211 abbatisnnima.

1973 2242 2091 2298 voti
2150 2259 2389 2319 compos
2445 2242 2787 2319 episcopum
2826 2246 2926 2299 est
2956 2244 3176 2310 secuta,
3228 2245 3304 2297 ut;
3336 2240 3633 2297 constaret

1976 2332 2273 2388 evidenter
2309 2331 2420 2387 hoc
2450 2332 2696 2404 mystico
2724 2331 2952 2387 dierum
2982 2346 3227 2386 numero
3266 2328 3339 2385 ob
3388 2326 3630 2401 azqualis

1975 2420 2105 2477 vita;
2136 2422 2413 2476 meritum
2435 2420 2494 2476 in
2527 2437 2705 2476 unam
2725 2423 2952 2477 mternte
2973 2414 3629 2489 beatitudinisrequiem

1977 2509 2087 2567 hos
2118 2513 2313 2565 tantos
2342 2513 2536 2582 patres
2567 2526 2601 2565 a
2629 2509 2834 2565 mundi
2864 2508 3045 2581 hujus
3075 2506 3348 2580 voragine
3383 2521 3514 2563 esse
3541 2520 3631 2561 re-

1977 2596 2467 2675 ceptos.Migrant
2491 2598 2690 2672 igitur,
2715 2597 2973 2672 migrant
3001 2598 3076 2653 ad
3105 2596 3417 2654 Dominum
3452 2594 3628 2650 facto-

1979 2706 2101 2745 rem
2151 2704 2329 2745 suum
2374 2687 2579 2744 felices
2604 2688 2906 2759 justorum
2937 2686 3169 2754 animae,
3205 2682 3631 2757 multiplicibus

1978 2777 2212 2851 pietatis
2242 2776 2455 2833 studiis
2500 2776 2824 2833 exercitatas
2858 2795 2871 2833 :
2902 2775 3016 2832 vivi
3066 2774 3271 2848 utique
3303 2772 3528 2847 lapides
3557 2771 3631 2828 ad

1979 2866 2231 2923 caelestis
2249 2865 2575 2923 Jerusalem
2603 2866 2915 2927 aediﬁcium
2943 2864 3299 2939 colliguntur
3326 2860 3634 2931 et,malitia

1981 2956 2414 3013 remanentium
2447 2956 2730 3030 exigente,
2764 2954 2823 3010 hi
2867 2954 2967 3027 qui
3017 2957 3215 3010 tenero
3252 2950 3416 3025 gregi
3442 2949 3631 3006 multo

1981 3044 2173 3102 adhuc
2204 3050 2464 3119 tempore
2507 3049 2774 3119 poterant
2813 3044 3110 3118 prodesse,
3138 3040 3286 3098 heu!
3322 3034 3500 3097 nimis
3522 3037 3633 3095 fes-

1980 3133 2102 3191 tine
2132 3135 2582 3192 subtrahuntur.
3304 3166 3309 3169 -
3356 3133 3364 3140 ’

2022 3269 2155 3325 Car.
2187 3268 2425 3326 XXXIV.
2457 3268 2830 3341 Quodélmgta
2867 3276 3035 3324 (amo
3071 3274 3304 3338 pastore
3331 3263 3594 3321 orbatur.

2054 3403 2356 3475 Relinquit
2383 3402 2582 3475 itaque
2611 3419 2681 3458 ex
2712 3406 2897 3461 matre
2929 3400 3110 3459 tiliam
3145 3397 3261 3459 lilio
3288 3398 3544 3463 beatam,
3567 3410 3635 3451 ac

1982 3492 2359 3566 postmodum
2381 3492 2584 3548 eodem
2615 3496 2777 3565 patre
2806 3490 2990 3547 multo
3011 3484 3634 3553 beatiorem,miseram

1982 3586 2186 3655 pastor
2216 3581 2404 3638 bonus
2426 3597 2560 3636 cum
2576 3579 2816 3654 pupillis
2834 3580 2959 3637 suis
2982 3579 3383 3653 Legiam.Qum
3403 3570 3637 3632 etiamsi

1982 3670 2209 3743 lapides
2252 3672 2491 3742 possent
2536 3667 2827 3743 lacrymas
2879 3669 3143 3736 fundere,
3185 3658 3639 3739 irrecuperabile

1984 3758 2163 3817 ablati
2178 3759 2457 3817 Wazonis
2471 3759 2755 3816 damnum
2774 3774 3148 3832 nequaquam
3162 3754 3524 3813 sufficienter
3534 3767 3635 3807 va—

1983 3847 2128 3906 leret
2155 3848 2470 3923 plangere;
2504 3847 2720 3923 quippe
2744 3848 2837 3905 cui
2869 3852 3001 3920 post
3029 3848 3215 3903 Deum
3247 3844 3355 3902 hoc
3375 3840 3639 3899 noscitur

1984 3939 2195 3996 debere
2223 3940 2289 3995 ut
2318 3936 2636 4012 singularis
2667 3936 2922 3993 nominis
2945 3933 3493 4009 praerogativainter
3513 3946 3637 3985 ma-

1975 4029 2139 4100 jores
2167 4028 2631 4100 circumquaque
2658 4026 2834 4084 urbes
2877 4024 3025 4083 sola.
3045 4025 3352 4081 vocaretur
3384 4020 3515 4075 fons
3544 4034 3638 4074 sa-

1985 4116 2234 4190 pientiae.
2267 4117 2402 4181 Quas
2447 4119 2643 4171 autem
2688 4114 2844 4188 regio
2891 4116 3014 4169 tam
3054 4112 3328 4169 abstrusa
3355 4108 3417 4164 in
3444 4104 3635 4174 terris,

1983 4204 2569 4280 quam,pervolitante
2588 4201 3043 4272 fama,Wazonis
3070 4198 3255 4273 Legite
3277 4213 3492 4255 nomen
3520 4211 3636 4252 non

1984 4292 2412 4370 penetraverit?
2446 4292 2658 4348 Parum
2710 4290 2998 4365 estquod
3056 4288 3251 4347 trifida
3307 4289 3366 4347 te
3418 4282 3651 4345 celsam,

1984 4387 2147 4441 tanto
2178 4386 2341 4457 patre
2370 4380 2529 4437 novit
2557 4378 2765 4438 Gallia.
2798 4381 2879 4437 Te
2907 4377 3117 4454 Alpina
3158 4391 3366 4452 gerens
3396 4389 3639 4446 corpora

1986 4489 2359 4547 nequaquam
2401 4472 2632 4545 ignorat
2677 4469 3007 4527 Germania.
3042 4466 3520 4541 Experimentum
3551 4478 3641 4519 ac-

220 4579 355 4619 nem
387 4558 652 4633 corporis
682 4558 1025 4631 imminere;
1056 4562 1364 4619 fastidiens
1385 4564 1511 4636 jam
1535 4565 1878 4639 confragosa
1911 4581 1954 4646 ι)
1985 4565 2265 4636 ceperunt
2328 4560 2525 4635 glorise
2593 4564 2707 4616 tute
2772 4557 3082 4627 Pannonii,
3139 4560 3196 4614 et
3252 4551 3639 4612 nihilominus

220 4651 403 4725 hujus
432 4648 566 4705 vitae
596 4648 924 4722 dispendia,
972 4668 1100 4724 quae
1147 4652 1396 4709 ulterius
1439 4652 1551 4709 sibi
1578 4653 1705 4711 sine
1728 4654 1878 4711 tanti

221 4738 579 4799 conviatoris
588 4737 793 4799 solatio
806 4744 1095 4798 restarent
1120 4740 1429 4811 calcanda;
1450 4741 1663 4801 Christi
1684 4743 1881 4816 potius

224 4830 542 4888 manifesta
569 4828 1059 4903 contemplatione
1086 4847 1221 4887 cum
1242 4829 1343 4887 illo
1368 4831 1621 4906 cupiens
1656 4832 1877 4902 satiari,

225 4921 475 4993 quicum
497 4916 738 4977 visionis
749 4919 799 4990 ej
810 4935 879 4975 us
894 4918 1266 4977 dulcedinem
1284 4921 1549 4981 nondum
1569 4938 1649 4990 re,
1661 4921 1882 4995 sedspe

227 4998 687 5085 cognitaminter
699 5008 1201 5067 eonferendumde
1212 5009 1366 5067 notis
1378 5027 1554 5069 sacrae
1568 5010 1879 5085 Scriptores

227 5095 525 5172 mysteriis
546 5097 845 5171 suspirare
883 5098 1125 5157 solebat.
1155 5099 1317 5156 Alter
1338 5100 1645 5159 nobiscum
1667 5118 1881 5159 corona

228 5185 598 5252 clericorum,
630 5185 776 5245 alter
819 5187 998 5245 decus
1040 5188 1486 5248 monachorum.
1536 5190 1695 5249 Alter
1748 5190 1886 5249 licet

232 5276 382 5334 inter
413 5277 755 5335 fluctuantis
785 5276 984 5334 saeculi
1003 5277 1290 5351 procellas
1312 5280 1542 5352 pratica:
1562 5281 1693 5337 vita:
1713 5285 1883 5340 actus

230 5366 582 5441 propensius
600 5366 883 5440 regendos
904 5367 1386 5441 suscepit,divina
1403 5372 1602 5426 tamen
1622 5374 1884 5429 contem-

224 5450 489 5529 platione
499 5456 779 5529 suspendi
796 5456 1117 5514 etvitaliter
1127 5458 1511 5516 exterioribus
1522 5460 1882 5518 mortificari:

234 5545 379 5603 alter
410 5562 543 5604 vero
572 5549 699 5605 tum
746 5546 1130 5620 professione,
1184 5554 1312 5607 tum
1342 5548 1528 5606 animi
1565 5549 1887 5609 intentione

237 5634 813 5708 mortuussaculomt
824 5636 1115 5710 duplicem
1126 5638 1381 5697 duorum
1393 5637 1632 5697 ovilium
1650 5654 1886 5715 gregem

1988 4651 2206 4710 Hiberi.
2238 4651 2354 4707 Nec
2381 4650 2523 4707 latet
2551 4654 2811 4707 extremo
2857 4648 3105 4705 diffusos
3135 4646 3275 4703 orbe
3306 4643 3634 4703 Britannos.

1989 4742 2312 4816 Aquitanos
2382 4756 2533 4796 cum-
2579 4738 2867 4809 Arvernis,
2939 4735 3087 4795 tanti
3138 4733 3396 4792 rectoris
3436 4735 3634 4791 aucto-

1988 4831 2159 4887 ritate
2187 4846 2367 4903 quam
2398 4828 2515 4886 alte
2540 4832 2719 4902 caput
2764 4826 3061 4885 extuleris.
3092 4823 3223 4882 Tibi
3272 4822 3492 4881 cedunt
3520 4836 3645 4894 pro.

1989 4917 2541 4995 pontificisvirtute
2564 4916 2945 4977 circumcirca
2992 4914 3169 4975 urbes
3214 4907 3634 4977 nobilissime;

1988 5010 2090 5069 sed
2170 5024 2277 5066 nec
2344 5006 2489 5064 olim
2564 5006 2753 5067 Roma
2811 5009 3021 5081 potens
3096 5001 3414 5075 indignum,
3475 4997 3643 5057 ducit

1988 5115 2051 5157 se
2107 5103 2213 5156 tua
2254 5095 2520 5171 superari
2577 5095 2781 5170 gloria,
2844 5111 2971 5168 quae
3024 5092 3307 5150 modorno
3352 5094 3637 5162 tempore,

1987 5205 2058 5246 ex
2081 5186 2417 5245 orthodoxis
2449 5186 2742 5243 neminem
2771 5184 2908 5241 huic
2939 5186 3041 5241 tuo
3062 5197 3272 5257 parem
3300 5178 3515 5238 habuit
3539 5194 3640 5236 su-

1990 5277 2315 5353 perstitem.
2339 5279 2413 5332 At
2439 5292 2595 5333 nunc
2626 5272 2769 5333 heu!
2796 5277 2957 5331 tanto
2989 5277 3223 5347 pastore
3252 5271 3488 5331 viduata
3516 5273 3642 5326 stas

1993 5367 2193 5442 magni
2226 5365 2481 5423 nominis
2528 5364 2759 5435 umbra,
2792 5367 2850 5421 et
2896 5362 3088 5427 adhuc
3118 5360 3327 5436 prioris
3358 5360 3529 5419 fama
3554 5363 3641 5416 te-

1993 5474 2133 5516 nore
2164 5454 2381 5514 multos
2432 5453 2615 5512 studii
2663 5458 2965 5514 amatores
2996 5454 3069 5512 ad
3107 5452 3413 5527 opinatum
3460 5446 3643 5507 disci-

1993 5549 2165 5625 plinae
2196 5546 2405 5605 invitas
2426 5545 2825 5621 gymnasium.
2847 5548 3151 5621 sperantes
3181 5559 3395 5603 secum
3414 5536 3645 5597 liberali

1996 5638 2191 5698 studio
2221 5636 2411 5697 victus
2440 5639 2500 5695 et
2523 5635 2770 5697 vestitus
2791 5635 2995 5701 solatio
3022 5634 3276 5711 gratuito
3302 5626 3642 5691 sustentari.
