4036 6160
445 343 565 408 763
1345 346 1684 412 VASONIS
1727 347 2190 414 LEODIENSIS
2233 348 2591 416 EPISCOPI
2636 349 2973 412 CHAR’PA.
3693 355 3790 418 ’164

445 483 528 540 Ea
553 480 709 539 enim
740 496 843 556 spe
886 479 1084 554 patriis
1131 479 1350 539 finibus
1394 499 1458 540 se
1495 481 1711 540 excitos
1760 486 2093 554 autumant,
2126 485 2182 552 Α
2209 482 2434 558 gremio
2490 500 2596 557 ego
2641 483 2793 540 inter
2822 500 2964 540 verte
3013 479 3394 556 philosophiae
3427 482 3625 542 tirones
3662 487 3798 546 solus

445 572 748 629 credentes
770 571 1290 628 illisreferentibus
1311 573 1412 645 qui
1436 571 1578 629 talia
1601 577 1917 646 praesentes
1943 575 2098 647 apud
2210 573 2438 629 inutilis
2466 573 2708 629 vernula
2753 571 2962 639 coalui,
3015 571 3213 646 paucis
3259 591 3324 630 es
3366 573 3702 632 admouenda
3741 596 3800 634 ne

446 679 555 718 nos
583 661 798 734 experti
833 661 1023 718 forent
1053 678 1066 718 :
1095 661 1196 734 qui
1219 661 1566 735 plerumque
1590 663 1918 720 litterarum
1939 681 2100 720 exer-
2209 662 2363 718 dona
2393 661 2625 718 Domini
2654 662 2761 731 tui,
2795 661 2844 718 si
2875 679 2993 734 qua
3021 661 3125 717 tibi
3169 667 3327 729 sunt,
3361 661 3575 734 meritis
3599 665 3701 720 tuis
3725 685 3798 722 ar-

446 751 582 808 citio
612 767 726 806 non
758 751 976 806 frustra
1001 751 1274 824 expetito,
1307 768 1440 807 cum
1467 751 1630 808 solus
1666 752 1846 809 Wazo
1895 766 2100 809 omnes
2210 768 2416 824 rogare
2450 750 2698 824 incipias
2723 769 2738 820 ;
2763 752 2859 807 sed
2914 751 3107 824 potius
3147 755 3323 808 temet
3352 751 3707 810 zestimatione
3732 756 3800 810 ia-
3873 826 3882 832 ν

446 839 700 912 recipere
729 838 941 896 solitus
971 845 1127 896 esset
1172 845 1232 896 et
1281 841 1482 897 omnia
1511 842 1908 915 suppeditare,
1941 843 2097 914 quod
2151 911 2160 917 _
2210 840 2507 896 ﬁrmitatis
2537 844 2650 895 tuae
2679 839 2943 896 omnium
2971 839 3358 897 Ecclesiarum
3409 841 3640 912 pedibus
3666 845 3803 899 subs-

445 927 608 984 fateri
642 927 822 984 rubor
851 933 942 984 est
972 933 1029 984 et
1059 945 1273 999 negare
1305 927 1766 996 fallacia,nullus
1792 947 1996 986 eorum
2027 929 2100 986 ab
2209 933 2427 998 ternas,
2461 934 2517 986 et
2546 929 2799 985 maxime
2825 928 3030 986 matris
3058 933 3170 986 tua:
3186 934 3398 985 sanctae
3429 932 3484 985 et
3510 932 3808 988 venerabilis

444 1016 720 1074 omnibus
754 1018 925 1074 nobis
953 1019 1136 1089 hujus
1188 1018 1295 1074 loci
1348 1018 1666 1091 indigentis
1711 1025 2097 1076 sustentatur.
2209 1017 2460 1075 Coloniae
2491 1036 2670 1092 quam
2706 1019 2986 1076 Dominus
3017 1025 3151 1092 post
3195 1020 3400 1075 urbem
3432 1019 3676 1086 Romam,
3704 1025 3807 1076 tum

442 1106 597 1162 Adeo
627 1105 862 1178 pietatis
907 1124 1084 1180 opera
1133 1125 1260 1180 qua:
1310 1124 1467 1164 unus
1524 1107 1925 1164 indeﬁcienter
1973 1125 2102 1181 age-
2211 1108 2442 1164 infinito
2473 1108 2684 1164 diversi
2739 1108 2967 1180 generis
3018 1114 3356 1164 sanctorum
3411 1124 3661 1175 numero,
3709 1114 3810 1164 tum

445 1195 563 1265 bat,
596 1213 802 1254 omnes
833 1196 1009 1252 simul
1035 1215 1320 1266 exercere,
1354 1197 1462 1252 etsi
1491 1195 1787 1261 volumus,
1821 1215 1934 1254 non
1969 1215 2099 1270 pos-
2199 1197 2636 1269 jucundissime
2667 1197 2946 1254 distincta
2974 1201 3186 1253 sancta:
3218 1195 3515 1270 religionis
3542 1214 3731 1252 corona
3747 1199 3811 1252 di-

446 1301 677 1342 sumus.
2207 1291 2424 1358 gnatus
2453 1291 2542 1343 est
2572 1286 2873 1359 insignire.
2907 1287 3064 1342 Hanc
3110 1290 3174 1342 tu
3203 1301 3476 1342 venerare
3503 1303 3604 1342 ceu
3646 1286 3810 1343 domi-

676 1377 811 1431 CAP.
845 1374 1052 1430 XXVV.
1088 1375 1468 1445 Aposu'aphia
1498 1375 1576 1432 ad
1606 1375 1858 1446 Legiam.
2211 1393 2371 1444 nam,
2423 1381 2489 1432 ut
2519 1381 2573 1432 te
2605 1391 2722 1431 non
2754 1374 3101 1450 dedignetur
3126 1391 3442 1448 agnoscere
3474 1374 3641 1431 filiam
3664 1393 3677 1444 ;
3703 1392 3817 1448 qua-

517 1464 636 1534 Age
665 1481 802 1533 ergo
838 1484 1010 1530 nunc,
1043 1483 1075 1520 υ
1125 1463 1316 1520 dulcis
1365 1464 1558 1536 Legia,
1609 1464 1659 1520 si
1701 1481 1819 1536 qua
1859 1469 1948 1520 est
1995 1464 2104 1521 tibi
2209 1468 2382 1521 tenus
2409 1470 2463 1520 te
2486 1481 2587 1538 pro
2617 1463 2970 1532 humilitate,
3003 1463 3164 1520 illam
3195 1481 3302 1538 pro
3335 1463 3624 1520 charitatis
3663 1481 3818 1520 remu-

393 1551 607 1608 Ocordi
638 1552 824 1624 pietas
851 1552 911 1606 in
943 1552 1130 1608 Deum
1179 1557 1282 1609 aut
1324 1553 1646 1610 honestatis
1695 1570 1862 1610 amor
1889 1553 1962 1609 ad
1994 1571 2104 1609 sae-
2211 1553 2510 1610 neratione
2539 1554 2827 1610 aethereus
2848 1552 2946 1610 ille
2976 1551 3226 1628 cla'viger
3271 1552 3518 1626 praevius
3553 1554 3818 1609 ambarum

449 1639 672 1708 culum,
705 1639 1116 1698 ardentissime
1161 1659 1380 1714 quaeso,
1435 1641 1638 1698 saltem
1681 1642 1938 1715 antiquas
1971 1641 2105 1698 reli-
2213 1643 2332 1698 dux
2361 1649 2419 1698 et
2434 1648 2738 1715 patronus,
2767 1659 2902 1698 cum
2925 1647 3311 1714 utrarumque
3332 1641 3533 1699 ovibus
3557 1641 3624 1698 ad
3643 1642 3822 1716 gaudia

449 1728 643 1801 gionis
690 1728 936 1802 vestigia
976 1729 1250 1803 amplecti
1299 1730 1632 1788 contendito
1658 1731 1830 1803 ;quia
1874 1732 1984 1788 etsi
2013 1749 2105 1788 or-
2213 1731 2446 1788 Domini
2477 1731 2568 1787 sui
2598 1731 2968 1799 intromittat,
2997 1736 3054 1788 et
3083 1731 3154 1787 ad
3177 1731 3493 1787 videndum
3521 1731 3691 1788 Deum
3717 1731 3822 1787 deo-

448 1818 588 1874 bata
617 1833 680 1873 es
710 1817 1116 1891 Patribus,pro
1147 1817 1293 1892 ipsis
1316 1823 1513 1876 tamen
1536 1819 1659 1875 nati
1681 1825 1822 1876 sunt
1850 1819 1954 1876 tibi
1976 1819 2105 1886 filii,
2142 1856 2186 1922 Β
2216 1837 2345 1876 rum
2379 1821 2439 1875 in
2471 1820 2630 1888 Sion,
2660 1820 2720 1876 in
2753 1819 3004 1877 ccclesiis
3023 1819 3354 1878 Jerusalem
3376 1819 3606 1876 sedibus
3633 1837 3825 1893 compo-

451 1923 601 1979 quos
630 1907 1002 1979 omnipotens
1026 1907 1204 1973 Deus,
1245 1907 1380 1965 licet
1423 1909 1616 1964 adhuc
1661 1913 1893 1966 teneros
1923 1913 1981 1966 et
2010 1927 2106 1965 ru-
2143 1907 2184 1922 “’
2219 1915 2338 1978 nat,
2378 1914 2692 1982 praestante
2738 1909 2866 1983 ipso
2915 1909 3032 1970 Deo
3064 1909 3187 1966 vivo
3232 1914 3291 1966 et
3340 1909 3594 1982 vero,qui
3621 1927 3755 1964 unus
3780 1909 3826 1963 in

449 1995 577 2063 des,
607 1993 872 2068 exemplo
906 1997 1193 2052 bonorum
1223 1997 1458 2054 Patrum
1477 1997 1550 2054 ad
1575 2002 1790 2053 sanctae
1808 1997 2108 2071 religionis
2217 1998 2478 2055 trinitate
2507 2003 2563 2055 et
2593 1999 2787 2057 trinus
2810 1999 2868 2054 in
2899 1999 3140 2064 unitate,
3173 1998 3340 2056 solus
3370 1998 3543 2054 habet
3570 1997 3826 2053 immorta-

449 2083 681 2142 culmen
712 2088 920 2158 potens
951 2089 1040 2142 est
1083 2085 1420 2142 informem.
1451 2086 1584 2142 Tibi
1625 2086 1806 2152 enim,
1840 2085 2106 2154 Domine,
2217 2087 2466 2156 litatem,
2496 2092 2554 2144 et
2582 2087 2771 2144 lucem
2804 2087 3029 2144 habitat
3075 2086 3564 2144 inaccessibilem.
3595 2087 3688 2143 Cui
3727 2085 3827 2158 regi

449 2172 711 2230 derelicti
740 2177 882 2230 sunt
906 2189 1215 2246 pauperes,
1249 2174 1491 2246 pupillis
1514 2180 1575 2230 tu
1597 2174 1714 2231 eris
1736 2175 2109 2247 adjutor.Sed
2219 2175 2566 2234 saeculorum
2601 2175 2942 2244 immortali,
2997 2175 3301 2246 invisibili,
3355 2175 3464 2233 soli
3508 2180 3616 2232 Deo
3657 2176 3829 2242 honor,

449 2266 540 2320 est
569 2262 726 2334 quod
782 2261 940 2318 inter
966 2261 1108 2331 haec,
1161 2279 1194 2319 ο
1233 2263 1421 2320 dulcis
1466 2263 1785 2331 nutricula,
1835 2263 1894 2320 in
1940 2265 2111 2337 cujus
2217 2263 2352 2322 laus
2381 2269 2439 2322 et
2468 2265 2654 2339 gloria
2682 2264 2742 2322 in
2770 2265 2985 2324 sacula
3008 2265 3384 2323 saeculorum.
3415 2268 3613 2323 Amen.

1386 2579 2052 2740 VASONIS
2122 2583 2939 2796 ‘EPISTOLE

967 2915 1312 2973 EPISTULA
1353 2917 1600 2974 PRIMA.
2139 2922 2183 2989 ο
2808 2918 3157 2976 EPISTOLA
3188 2919 3287 2976 ΙΙΙ.

693 3030 767 3068 AD
791 3030 1056 3070 JOANNEM
1089 3031 1468 3072 PREPOSITUM
1503 3033 1878 3072 LEODIENSEM.

2364 3017 2436 3054 AD
2467 3015 2765 3055 ROGERIUM
2797 3017 2838 3055 ῙῙ
2872 3017 3374 3056 CATALAUNENSEM
3402 3013 3717 3055 EPISCOPUM.

774 3125 940 3180 Hanc
971 3123 1140 3180 habes
1167 3138 1370 3194 supra,
1395 3139 1524 3194 cap.
1556 3123 1592 3180 3
1627 3123 1789 3181 Vim.
2697 3095 2789 3147 δεῖ
2815 3097 2978 3162 caput
3005 3091 3078 3145 25
3105 3089 3414 3159 integrum-

2808 3195 3156 3253 EPISTOLA
3191 3195 3282 3252 I‘Y.

1053 3246 1403 3306 EPISTOLA
1444 3249 1514 3305 Ῑί·
2292 3292 2365 3330 AD
2387 3292 2681 3334 HENRICUM
2700 3293 3132 3342 IMPERATOREM,
3154 3291 3542 3333 consona-mro
3562 3287 3774 3330 manus.

735 3361 808 3399 AD
839 3361 1133 3401 HENRICUM
1167 3363 1184 3400 ι
1227 3361 1576 3402 FRANCORUM
1609 3363 1826 3403 REGEM.

1671 3363 1826 3403 ίαεΜ·
2827 3365 3265 3438 Fragmentum.

837 3455 1029 3507 Exstat
1054 3451 1297 3522 ejusdem
1324 3453 1453 3508 Vitae
1481 3453 1722 3526 cap.,23.
2720 3454 3072 3510 Interseritur
3088 3453 3254 3527 capiti
3281 3456 3383 3510 27.
3411 3470 3420 3474 ·

1953 2819 2356 2837 -ψ

1477 3785 2101 3942 CHABTA
2195 3787 2398 3946 VA
2421 3789 2857 3944 SONIS

1014 4025 1171 4087 PRO
1215 4025 1636 4088 LEODIENSI
1676 4025 2050 4088 ECCLESIA
2093 4027 2586 4090 COLLEGIATA
2629 4030 2694 4090 S.
2738 4027 3330 4090 BARTHOLOMAEI

1949 4184 2145 4267 (Auno
2190 4187 2399 4269 1016.)

651 4343 842 4407 Addit
867 4344 1063 4408 decem
1088 4344 1444 4429 praebendas
1472 4345 1556 4408 ad
1580 4364 1888 4408 numerum
1916 4347 2139 4428 viginti
2161 4349 2602 4423 canonz'corum,
2633 4349 2830 4430 eisque
2858 4349 3121 4430 assignat
3149 4347 3382 4429 amplos
3412 4345 3681 4409 redditus.

1447 4506 1738 4579 [Martene
1769 4507 2020 4580 Ampliss.
2055 4507 2296 4575 ϐοηθοίη
2329 4512 2472 4564 tom.
2506 4507 2548 4576 Ι,
2583 4523 2715 4582 pag.
2747 4507 2896 4578 411.]

525 4757 590 4814 In
620 4756 858 4813 nomine
887 4751 1106 4812 sancta
1135 4758 1193 4811 et
1218 4755 1529 4813 individua:
1561 4757 2107 4816 Trinitatis.Notum
2137 4763 2185 4828 D
2213 4759 2392 4816 etiam
2423 4758 2690 4830 ejusdem
2719 4755 2869 4813 villa:
2889 4759 3135 4813 matrem
3156 4755 3622 4826 ecclesiam,cum
3646 4749 3831 4824 optim!

455 4846 534 4902 sit
560 4845 861 4911 omnibus,
894 4845 1052 4918 quod
1079 4860 1280 4900 comes
1328 4845 1678 4902 Lambertus
1721 4847 1792 4903 de
1837 4848 2110 4918 Lovanio,
2223 4853 2382 4905 cortc
2439 4852 2497 4904 ct
2523 4847 2698 4904 certis
2753 4845 2991 4902 decimae
3042 4863 3160 4902 suae
3219 4845 3522 4902 dominiis.
3574 4843 3682 4915 Ego
3722 4849 3830 4892 vero

457 4953 560 5008 pro
591 4935 782 5008 culpis
803 4935 929 4993 suis
951 4933 1683 5005 excommunicatus,dedit
1702 4935 1849 4992 mihi
1869 4936 2112 4994 Wazoni
2223 4939 2718 5012 praedecessorum
2751 4952 3016 4992 meorum
3046 4933 3294 4992 Baldrici
3315 4925 3832 5002 scilicet,Wolbodo-

456 5023 697 5099 indigno
720 5023 960 5099 praesuli
995 5041 1102 5098 pro
1134 5022 1503 5080 absolutione
1529 5041 1638 5080 sua
1669 5025 1927 5098 quinque
1957 5043 2119 5083 man-
2223 5027 2315 5084 nis
2345 5031 2402 5084 et
2431 5025 2742 5100 Raynardi,
2775 5021 2878 5098 qui
2923 5041 3237 5098 pauperem
3280 5023 3586 5082 ecclesiam
3633 5019 3686 5074 S.
3716 5016 3832 5070 Bar-

456 5131 554 5170 sos
584 5114 816 5171 ﬁscales
845 5115 1000 5188 apud
1036 5113 1246 5170 Villers
1277 5112 1336 5170 in
1367 5113 1682 5183 Hasbania,
1719 5119 1972 5187 quatuor
2001 5134 2118 5174 ser-
2222 5115 2515 5174 tholomazi
2565 5115 2690 5173 suis
2729 5118 3018 5171 auxerunt
3071 5111 3580 5185 acquisitionibus,
3629 5105 3831 5163 secutus

454 5201 619 5268 viles,
670 5206 727 5260 et.
784 5203 1060 5276 quintum
1112 5202 1628 5271 indominicatum,
1688 5203 1837 5260 liber
1893 5203 2116 5262 scilicet
2221 5205 2488 5280 vestigia,
2535 5203 2748 5262 tradidi
2775 5202 2992 5260 ibidem
3040 5201 3322 5258 allodium
3361 5217 3498 5258 cum
3543 5193 3764 5254 ecclesia
3787 5189 3832 5283 et

454 5290 2115 5367 homoliberummaliiconsuetudinibusallodium,aquis
2223 5295 2352 5369 ipso
2383 5295 2684 5361 comitatu,
2732 5309 2836 5366 per
2882 5309 3094 5349 manus
3137 5289 3441 5348 Gozelonis
3489 5284 3830 5369 comitialiul

455 5379 852 5451 silvis,pratis,
886 5380 1124 5452 pascuis
1169 5381 1509 5438 decoratum
1561 5386 1618 5439 et
1659 5383 1974 5441 consitum.
2008 5385 2116 5440 De-
2222 5368 2347 5442 erat
2374 5385 2691 5441 advocatus
2743 5382 2967 5451 altaris,
3001 5396 3176 5454 quem
3207 5379 3385 5436 etiam
3416 5379 3494 5436 ibi
3524 5393 3623 5450 pro
3652 5368 3828 5428 anima"

457 5468 544 5524 dit
571 5467 749 5523 etiam
781 5466 924 5523 mihi
959 5468 1017 5524 in
1044 5468 1251 5524 eodem
1285 5468 1410 5526 loco
1441 5471 1790 5530 comitatum
1823 5490 1956 5529 cum
1980 5491 2115 5546 pro-
2224 5492 2343 5532 suae
2374 5473 2772 5548 redemptione
2800 5472 3145 5528 advocatum
3191 5469 3486 5536 constitui,
3519 5459 3829 5548 interditam}!5

459 5557 651 5613 cinctu
683 5556 864 5612 totius
892 5555 1040 5612 villae
1072 5561 1129 5614 et
1176 5559 1658 5640 appendiciorum
1689 5563 1842 5634 ejus,
1865 5562 1925 5618 in
1957 5543 2114 5636 agris
2224 5565 2336 5622 sub
2367 5543 2738 5621 anathemate
2768 5566 2836 5618 ut
2860 5562 2918 5617 in
2935 5559 3433 5634 procinctualihus
3461 5543 3828 5640 tantummodo

457 5651 516 5704 et
536 5644 962 5720 variscapiisdn
994 5631 1254 5723 propriis
1279 5655 1336 5706 et
1383 5649 1590 5708 alienis
1638 5631 1888 5710 allodiis.
1946 5631 2116 5710 Dedit
2223 5654 2454 5728 placitis
2477 5653 2648 5710 tertio
2674 5656 2904 5725 recepto
2931 5631 3190 5719 denario,
3223 5648 3550 5706 nullatenus
3578 5642 3718 5698 ultra
3758 5631 3826 5687 Ιο-
