4036 6160
200 317 296 376 769

1632 301 1729 361 CH
1743 302 2112 365 BONICON.

3473 307 3594 371 ’ΠΟ

1395 638 2325 743 -ουοιιΑΝΝι

999 855 1370 920 ΜΘΝΑῧΗΙ
1417 854 1703 930 SANCTJ
1743 855 1996 918 PETRI
2048 858 2208 920 ἯἯ
2254 858 2747 921 SENONENSIS

1246 1050 2511 1215 CHRON-‘ICON

408 1341 583 1420 Quod
607 1341 706 1404 ille
723 1341 858 1422 jam
887 1338 1318 1420 sexagenarius
1350 1356 1483 1398 cum
1513 1335 1654 1400 aliis
1683 1336 1994 1418 opusculis
2028 1339 2154 1400 suis
2185 1340 2245 1400 ίη
2276 1359 2455 1401 mium
2492 1359 2712 1422 corpus
2740 1339 2974 1421 collegi:
2997 1361 3160 1406 anno
3187 1347 3369 1410 1045.

997 1525 1191 1600 (Apud
1226 1523 1523 1583 Duchesn.
1555 1523 1757 1597 Script.
1791 1524 1924 1580 Rer.
1960 1526 2161 1582 Franc.
2197 1528 2338 1585 tom.
2367 1526 2438 1593 ll,
2471 1543 2606 1600 pag.
2638 1528 2796 1596 636.)

1673 1711 2087 1724 α--ι--ι

265 1875 412 1928 Anno
442 1872 515 1928 ab
549 1868 946 1926 Incarnatione
989 1865 1226 1924 Domini
1257 1865 1367 1921 675
1396 1863 1542 1920 obiit
1589 1869 1834 1921 sanctus
1865 1877 1921 1944 Α
2023 1873 2198 1924 Anno
2228 1868 2336 1923 840
2367 1867 2513 1925 obiit
2539 1867 2904 1926 Hludovicus
2933 1870 3071 1926 Pius
3097 1872 3434 1945 imperator.

209 1962 385 2020 Emme
414 1957 769 2016 Senonensis
794 1956 1295 2029 archiepiscopus.
1329 1953 1435 2012 Hic
1463 1951 1840 2026 privilegium

210 2049 464 2106 libertatis
477 2066 598 2122 una
608 2060 741 2104 eum
757 2045 1209 2121 provincialibus
1222 2043 1518 2116 episc0pis
1535 2043 1842 2101 monachis

213 2140 374 2195 sancti
403 2138 555 2194 Petri
585 2137 722 2193 fecit
753 2135 1106 2208 synodaliter
1139 2132 1514 2206 temporibus
1563 2131 1843 2189 Chlotarii

216 2228 347 2302 regis
371 2231 422 2284 et
455 2223 827 2283 Baltechildaa
860 2224 1064 2280 matris
1095 2224 1248 2296 ejus.

272 2321 424 2372 Anno
448 2317 560 2372 688
587 2315 868 2387 Pippinus
900 2318 1114 2369 Auster
1166 2311 1360 2383 major
1411 2311 1625 2366 domus
1675 2309 1846 2383 regite

216 2405 591 2479 principatum
615 2405 966 2460 Francorum
991 2400 1467 2473 suscepitllujus
1482 2399 1849 2470 temporibus

215 2500 428 2551 sanctus
456 2493 821 2549 Vult‘l-annus
845 2493 1143 2549 Senonum
1175 2486 1557 2560 archiprzcsul
1591 2487 1850 2546 Fresiam

217 2584 498 2655 pradicare
531 2583 726 2655 ccepit.

273 2676 424 2728 Anno
450 2674 568 2727 712
597 2671 741 2726 obiit
790 2669 1071 2743 Pippinus
1121 2666 1359 2734 senior;
1393 2669 1450 2722 et
1492 2664 1651 2720 illius
1697 2666 1848 2738 ejus,

215 2761 301 2832 qui
338 2760 557 2816 dicitur
602 2759 842 2815 Carolus
889 2758 1213 2824 Martcllns,
1247 2755 1645 2828 principatum
1681 2771 1852 2814 usur:

215 2850 376 2920 pavit.

273 2941 426 2994 Anno
452 2939 569 2994 721
603 2936 746 2994 obiit
784 2937 938 2994 Beda
985 2937 1314 3010 presbyter,
1348 2931 1858 3006 historiographus

216 3025 550 3100 Anglorum-

279 3119 431 3173 Anno
455 3117 570 3173 741
608 3115 880 3190 migravit
910 3117 980 3171 ad
1028 3113 1350 3171 Dominum
1383 3111 1443 3167 S.
1475 3109 1858 3180 Vull‘rannus,

2025 1958 2200 2012 Anno
2229 1956 2329 2011 841
2361 1961 2556 2012 actum
2580 1961 2668 2012 est
2691 1956 2914 2014 bellum
2939 1958 3090 2015 inter
3108 1960 3376 2019 Carolum
3394 1980 3620 2038 regem,

1956 2044 2058 2116 qui
2114 2043 2333 2100 dicitur
2378 2044 2614 2112 Calvus,
2647 2049 2706 2100 et
2753 2046 3115 2117 Lotharium,
3149 2054 3208 2106 et
3256 2051 3621 2110 Ludovicum

1954 2139 2012 2189 et
2041 2133 2359 2206 Pippinum
2391 2136 2546 2205 apud
2579 2134 2990 2192 Fontanetum.

2026 2225 2195 2277 Anno
2226 2223 2330 2277 847
2361 2221 2646 2278 translata
2694 2229 2834 2279 sunt
2885 2231 3223 2284 sanctorum
3287 2235 3618 2303 martyrum

1957 2327 2224 2382 corpora,
2270 2309 2588 2379 Saviniani,
2627 2311 2991 2380 .Potentiani,
3041 2315 3242 2385 Altini,
3293 2322 3470 2391 atque
3504 2322 3620 2378 Ἐο-

1959 2399 2216 2468 daldi,in
2244 2399 2489 2456 basilica
2516 2399 2795 2458 S.Petria
2823 2401 3132 2461 Wenilone
3156 2405 3618 2482 archiepiscopo,

1959 2506 2060 2544 vm
2094 2487 2219 2544 Kal.
2252 2489 2547 2561 Septemb.

2032 2580 2199 2632 Anno
2226 2579 2335 2632 865
2363 2576 2508 2634 obiit
2537 2577 2768 2636 Wenilo
2791 2580 3266 2656 archiepiscopus
3295 2584 3622 2658 Senonum,

1963 2667 2061 2738 qui
2099 2665 2457 2723 Ludovicum
2499 2665 2739 2724 lratrem
2800 2669 2986 2726 Caroli
3041 2672 3209 2728 unxit
3237 2672 3298 2729 in
3332 2690 3529 2747 regem
3557 2677 3622 2735 in

1966 2754 2325 2826 Burgundio.
2362 2754 2507 2811 Huic
2536 2757 2821 2813 successit
2851 2758 2976 2831 Egit
3007 2760 3179 2818 abba.

2037 2846 2203 2898 Anno
2233 2846 2339 2898 8'70
2368 2844 2516 2900 obiit
2545 2844 2800 2902 domnus
2829 2845 2955 2920 Egil
2987 2848 3489 2925 archiepiscopus,
3520 2857 3623 2928 qui

1969 2930 2340 3006 privilegium
2389 2937 2589 2988 sancto
2639 2934 2806 2990 Petro
2857 2936 2994 2992 fecit
3037 2937 3110 2993 de
3159 2938 3344 2996 altare
3385 2942 3624 3002 Alsonis

1967 3019 2138 3076 villae.
2174 3018 2276 3075 Hic
2319 3020 2588 3076 Lothario
2628 3022 2866 3092 juniore
2907 3025 3284 3094 concedente,
3318 3032 3376 3084 et
3423 3031 3626 3104 Troje-

1972 3107 2261 3164 ctensium
2289 3109 2565 3182 episcopo
2607 3110 2874 3181 jubente,
2905 3128 2976 3168 ex
3033 3113 3222 3187 ipsius
3275 3115 3538 3186 diceeesi,
3569 3126 3631 3177 et

225 3211 275 3260 et
322 3206 559 3264 Carolus
619 3207 890 3279 princeps
960 3204 1141 3273 obiit;
1197 3219 1317 3276 quo
1376 3205 1604 3257 mortuo
1665 3199 1864 3256 Carlo-
1896 3251 1943 3279 η
1975 3197 2331 3254 monasterio
2365 3198 2522 3270 quod
2554 3197 2765 3254 dicitur
2790 3200 3042 3268 Promia,
3075 3210 3442 3278 assumptus,
3473 3213 3630 3266 acn-

231 3311 465 3352 mannus
494 3301 553 3352 et
585 3295 876 3368 Pippinus
926 3293 1028 3349 ﬁlii
1076 3295 1208 3365 ejus
1261 3290 1653 3364 principatum
1686 3289 1868 3346 susci-

231 3383 399 3454 piunt.

291 3476 446 3530 Anno
475 3475 587 3530 750
619 3472 900 3546 Pippinus
947 3475 1172 3528 statura
1215 3467 1471 3543 pusillus
1520 3468 1738 3525 electus
1783 3472 1872 3525 est

234 3560 283 3616 in
311 3579 519 3637 regem,
551 3568 614 3620 et
644 3561 1023 3630 Childericus,
1057 3561 1158 3632 qui
1191 3560 1263 3614 de
1306 3559 1488 3631 stirpe
1518 3557 1670 3632 regis
1700 3556 1868 3613 Chlo-

233 3650 376 3708 dovei
425 3655 816 3716 remanserat,
849 3655 1201 3706 tonsoratus.
1239 3648 1344 3703 llic
1392 3648 1586 3704 deﬁcit
1624 3662 1870 3719 regnum

233 3739 544 3798 Chlodovei.
583 3741 690 3796 His
721 3738 1082 3812 temporibus
1130 3737 1407 3810 migravit
1455 3738 1526 3792 ad
1558 3737 1870 3792 Dominum

235 3831 636 3902 sanctissimus
655 3829 817 3884 Ebbo
839 3828 1135 3891 Senonum
1169 3826 1662 3900 archiepiscopus,
1695 3830 1751 3882 et
1781 3841 1870 3881 se-

234 3918 413 3988 pultus
445 3927 536 3976 est
565 3920 633 3975 in
666 3916 1023 3973 monasterio
1072 3915 1258 3970 sancti
1290 3914 1441 3972 Petri
1473 3912 1739 3987 apostoli,
1772 3913 1874 3969 ubi

235 4024 403 4082 usque
419 4010 477 4065 in
497 4011 853 4082 praesentem
869 4006 1026 4062 diem
1050 4004 1323 4078 gloriosis
1353 4003 1650 4061 miraculis
1671 4003 1874 4076 fulget.

295 4101 450 4154 Anno
506 4099 625 4153 764
682 4094 966 4168 Pippinus
1027 4111 1127 4150 rex
1182 4093 1450 4162 moritur,
1491 4099 1546 4151 et
1601 4093 1705 4148 ﬁlii
1749 4093 1878 4163 ejus

237 4181 476 4256 Carolus,
510 4186 618 4260 qui
653 4184 870 4240 dicitur
918 4184 1237 4256 imperator
1288 4182 1556 4255 Magnus,
1593 4186 1652 4238 et
1690 4180 1880 4236 Carlo-

238 4289 495 4344 mannus,
531 4275 843 4347 eliguntur
871 4271 930 4327 in
963 4286 1165 4344 regno.

302 4366 452 4420 Anno
483 4367 596 4420 767
630 4362 1058 4418 Carlomannus
1087 4359 1248 4415 obiit.

301 4457 456 4510 Anno
487 4457 600 4510 804
623 4451 768 4508 obiit
794 4449 1076 4506 Alcuinus
1107 4448 1516 4522 philosophus,
1550 4449 1730 4504 abbas
1753 4464 1884 4504 san-

244 4541 310 4594 cti
336 4541 590 4598 Martini.
625 4540 908 4596 Alcuinus
943 4544 1001 4594 et
1043 4536 1281 4594 Carolus
1333 4538 1781 4610 disputaverunt
1812 4537 1885 4592 de

246 4628 626 4704 philosophia,
657 4629 758 4702 qui
789 4627 935 4684 liber
958 4631 1162 4683 exstat.

305 4721 462 4776 Anno
492 4721 604 4776 814
650 4719 796 4774 obiit
845 4716 1086 4773 Carolus
1139 4715 1454 4787 imperator
1510 4714 1798 4788 Magnus;
1833 4719 1891 4770 et

249 4805 562 4866 Ludovicus
625 4807 786 4864 ﬁlius
835 4807 986 4879 ejus,
1020 4803 1118 4878 qui
1178 4804 1315 4860 Pius
1371 4804 1607 4875 dicitur,
1643 4820 1888 4876 regnum

251 4895 594 4954 Francorum
628 4901 685 4953 et
714 4895 1030 4970 imperium
1061 4899 1457 4954 Romanorum
1484 4891 1766 4965 suscepit.

311 4988 468 5043 Anno
517 4991 630 5043 8°28
679 4985 825 5042 obiit
879 4981 1202 5046 Hieremias
1258 4981 1555 5041 Senonum
1606 4979 1891 5054 archiepi-

252 5090 471 5148 scopus.
503 5075 613 5133 Hic
643 5077 933 5148 praecepta
961 5069 1288 5144 imperialia
1317 5075 1530 5126 sanctae
1564 5070 1772 5126 matris
1794 5071 1895 5126 Ec-

255 5161 428 5221 cleeiae
456 5170 760 5222 Senonum
792 5169 848 5220 et
876 5157 1248 5218 monasteriis
1279 5163 1335 5214 et
1379 5157 1540 5215 cellis
1572 5159 1642 5214 ad
1671 5175 1732 5216 se
1764 5176 1892 5232 per-

257 5253 570 5311 tinentibus
629 5251 902 5320 obtinuit,
936 5249 1009 5305 ad
1059 5247 1363 5305 munimen
1409 5251 1465 5304 et
1494 5247 1896 5305 defensionem

260 5347 447 5400 contra
470 5359 682 5399 omnes
705 5338 1050 5416 judiciarias
1078 5339 1414 5411 potestates.

321 5431 480 5486 Anno
529 5433 639 5487 833
687 5428 1040 5486 Hludovicus
1091 5425 1227 5482 Pius
1281 5441 1529 5498 regnum
1590 5424 1808 5494 amisit,
1841 5432 1899 5483 et

264 5514 557 5576 [other-ius
617 5519 772 5577 ﬁlius
822 5520 951 5592 ejus
996 5515 1317 5594 usurpavit,
1365 5514 1686 5595 eodemque
1746 5533 1898 5576 anno

265 5603 611 5670 Blndovicus
637 5608 874 5691 recepit.

1896 3251 1946 3316 B

1978 3286 2100 3343 rolo
2131 3303 2264 3358 rege
2294 3286 2354 3342 in
2398 3287 2750 3343 monasterio
2794 3289 3145 3348 Flaviniensi
3188 3294 3342 3351 abba
3371 3301 3462 3352 est
3489 3315 3632 3354 con-

1978 3374 2396 3434 sti.tus.Postea
2421 3371 2715 3432 Senonum
2747 3377 3224 3454 archiepiscopus
3243 3383 3316 3439 ob
3346 3385 3442 3440 sui
3462 3387 3634 3443 meri-

1977 3470 2037 3522 ta
2067 3465 2276 3531 factus,
2309 3463 2559 3536 quiescit
2587 3463 2647 3520 in
2681 3469 3107 3526 monasterioS.
3140 3471 3312 3528 Petri.
3337 3475 3462 3540 Quo
3484 3491 3634 3532 mor-

1980 3561 2102 3623 tuo,
2133 3552 2456 3626 Ansegisus
2503 3555 2852 3613 venerabilis
2899 3558 3305 3632 episcopatum
3348 3565 3630 3637 suscepit.

1978 3643 2084 3699 llic
2114 3641 2387 3698 Carolum
2417 3641 2654 3699 Calvum
2683 3645 2852 3700 unxit
2881 3645 2940 3701 in
2972 3662 3192 3720 regem.

2051 3735 2216 3788 Anno
2255 3733 2360 3786 874
2401 3731 2643 3788 Carolus
2675 3731 2998 3805 imperator
3027 3738 3254 3805 tertius,
3288 3741 3390 3812 qui
3421 3741 3638 3799 dicitur

1980 3821 2210 3889 Calvus,
2234 3820 2394 3877 ﬁlius
2419 3819 2718 3877 llludovici
2741 3822 2850 3888 Pii,
2873 3841 3009 3880 cum
3044 3830 3304 3885 secunda
3337 3831 3640 3902 profectio-

1982 3928 2052 3967 ne
2095 3912 2338 3967 Romam
2382 3914 2622 3984 peteret,
2657 3928 2716 3966 ιιι
2760 3911 2888 3969 Kal.
2923 3913 3151 3986 Octob,
3179 3916 3240 3972 in
3271 3919 3400 3992 ipso
3432 3919 3639 3978 itinere

1983 3999 2149 4066 obiit,
2172 4003 2229 4055 et
2253 3998 2608 4056 Hludovicus
2631 3998 2789 4055 illius
2812 4002 2942 4073 ejus
2960 4019 3210 4075 regnum
3233 4009 3639 4080 suscepit.Hu-

1976 4092 2079 4162 jus
2108 4087 2294 4145 Caroli
2327 4087 2693 4162 temporibus
2714 4090 2866 4145 facta
2895 4094 3036 4147 sunt
3063 4092 3334 4167 Capitula
3353 4097 3412 4153 in
3443 4098 3640 4154 Ponti-

1985 4195 2134 4252 gone
2165 4195 2199 4234 a
2229 4178 2416 4234 Leone
2444 4177 2846 4251 apocrisiario.

2058 4270 2270 4323 Sancta
2294 4267 2579 4339 synodus,
2613 4284 2742 4340 quae
2789 4268 2850 4324 in
2901 4269 3136 4327 nomine
3195 4273 3451 4342 Domini,
3477 4292 3642 4334 voca-

1991 4356 2146 4413 tione
2166 4355 2367 4412 domni
2386 4356 2632 4416 Joannis
2648 4361 2734 4413 ter
2745 4358 3073 4416 beatissimi
3093 4362 3442 4421 universalis
3460 4381 3643 4440 papae,

1991 4451 2047 4502 et
2067 4445 2338 4518 jussione
2369 4445 2592 4502 domini
2625 4446 2813 4503 Caroli
2835 4450 3102 4522 perpetui
3124 4453 3374 4526 Augusti
3405 4471 3646 4527 congre-

1993 4541 2127 4608 gata
2157 4535 2324 4591 estin
2357 4533 2482 4591 loco
2508 4535 2609 4608 qui
2635 4541 2875 4593 vocatur
2899 4537 3260 4613 Pontigonis,
3277 4561 3434 4601 anno
3463 4543 3652 4601 incar-

1914 4625 1959 4690 C
1999 4625 2254 4680 nationis
2284 4623 2598 4681 Dominicw
2627 4626 2754 4693 876,
2780 4626 3096 4686 indictione
3126 4649 3204 4701 ιχ,
3232 4633 3395 4706 regni
3426 4633 3650 4707 pratuli

1999 4713 2364 4769 invictissimi
2398 4714 2766 4787 imperatoris
2792 4733 3004 4784 xxxv",
3039 4718 3268 4791 imperii
3301 4725 3496 4778 autem
3531 4721 3648 4792 pri-

1998 4819 2115 4872 mo,
2147 4821 2248 4858 xm
2280 4802 2402 4874 Kal.
2442 4805 2714 4876 August.,
2761 4804 2882 4861 hznc
2941 4807 3198 4879 capitula
3251 4826 3379 4881 qua
3439 4810 3652 4870 subtus

2000 4909 2227 4948 annexa
2256 4895 2395 4948 sunt
2425 4893 2686 4948 instituit
2718 4912 2732 4950 :

2072 4982 2205 5038 CAP.
2239 4987 2284 5038 Ι.
2319 4982 2582 5040 Obeunte
2611 4982 2950 5053 Hludovico,
2984 4985 3086 5057 qui
3129 4986 3376 5043 Romani
3423 4986 3655 5061 imperii

1992 5071 2133 5142 jura
2163 5071 2419 5144 regebat,
2436 5071 2691 5128 domnus
2711 5071 2964 5130 Joannes
2995 5077 3082 5130 ter
3109 5076 3489 5134 beatissimus
3507 5092 3657 5150 papa

2003 5178 2107 5234 per
2129 5161 2465 5217 Jadericum
2491 5160 2976 5228 Veliterne-nsem,
2996 5163 3343 5223 Formosum
3377 5166 3654 5224 Portuen-

2005 5266 2152 5317 sem,
2183 5253 2471 5305 Joannem
2501 5249 2888 5320 Arelatinum,
2914 5268 3139 5310 necnon
3171 5271 3276 5328 per
3303 5256 3658 5330 Ansegisum

2005 5344 2422 5404 Senonensem,
2451 5337 2813 5395 venerabiles
2842 5340 3170 5416 episcopos,
3189 5344 3369 5401 domn
3381 5361 3480 5400 um
3497 5347 3660 5399 ϐατοο

2007 5427 2130 5482 lum
2157 5431 2297 5482 tunc
2329 5442 2522 5499 regem
2552 5427 2627 5482 ad
2658 5426 2866 5485 limina
2892 5430 2992 5486 SS.
3025 5432 3429 5506 apostolorum
3458 5432 3662 5491 invita-

2007 5517 2110 5587 vit,
2144 5531 2395 5589 enmque
2427 5513 2694 5573 Ecclesia:
2726 5517 2920 5591 ipsius
2941 5520 3314 5581 defensorem
3343 5527 3662 5580 auctorem-

2010 5623 2123 5687 que
2152 5603 2347 5682 elegit,
2379 5603 2787 5688 imperialique
2816 5608 3147 5674 diademate
3179 5612 3664 5687 coronavit,eum-
