4036 6172
443 268 554 329 771

1286 266 1691 328 ODORANNI
1736 265 2091 329 MONACHI
2136 266 2201 328 S.
2249 266 2483 328 PETRI
2526 266 2684 328 VlVI
2727 266 3009 329 SENON.
3653 278 3744 339 772

447 417 558 471 qm-
594 415 704 468 prae
737 397 963 453 cunctis
992 396 1181 453 solum
1206 397 1539 470 specialiter
1568 398 1812 471 eligens,
1847 398 1945 471 qui
1982 403 2089 453 Ro-
2120 400 2172 466 Α
2205 398 2336 454 dolo
2369 404 2605 470 captum
2658 400 2919 455 retinuit.
2956 398 3076 454 Illic
3123 398 3338 472 positus
3383 401 3604 475 Carolus,
3630 423 3749 467 anno

450 488 605 541 mani
640 486 866 560 imperii
899 491 1129 558 sceptra
1159 491 1399 543 teneret.
1433 487 1617 559 Cujus
1647 487 1828 543 sacris
1855 487 2093 543 institu-

449 575 708 631 tionibus
729 592 832 648 pro
854 575 1048 631 debito
1068 579 1358 648 parentes,
1383 576 1536 649 quod
1562 575 1687 648 ipse
1706 574 2090 645 conﬁrmavit,

447 665 571 737 pari
601 681 885 743 cqnsensu
919 679 1123 719 omnes
1152 664 1650 721 conﬁrmavimus.

518 753 655 808 CAP.
690 753 759 808 II.
790 752 953 808 Sicut
973 752 1228 807 domnus
1253 752 1509 809 Joannes
1531 769 1681 825 papa
1703 753 1916 818 sanxit,
1940 769 2095 808 com-

447 846 720 897 monente
748 845 806 897 et
838 842 1257 913 consentiente,
1291 857 1355 897 ac
1388 843 1845 899 condecernente
1876 842 2094 898 domno

447 948 511 986 ac
539 930 964 1004 gloriosissimo
996 930 1199 986 Carolo
1237 930 1588 1003 imperatore
1638 947 1870 1004 semper
1896 933 2092 1004 Augu-

446 1024 558 1088 sto,
588 1020 940 1094 Ansegisum
970 1019 1360 1076 venerabilem
1412 1020 1750 1094 episcopum
1797 1024 2089 1077 Senonum

446 1125 621 1165 suam
647 1109 832 1165 vicem
862 1108 1475 1183 tenere,etprimatum
1489 1108 1540 1165 ei
1559 1108 1757 1165 Gallia:
1781 1114 1839 1165 et
1862 1109 2095 1165 Germa-

397 1195 405 1199 ⁷
446 1200 561 1255 πίω
586 1199 855 1265 contulit,
886 1198 946 1254 in
976 1200 1269 1256 evocanda
1284 1201 1526 1273 synodo,
1553 1204 1611 1255 et
1639 1198 1967 1255 definiendo
2000 1217 2095 1255 ca-

445 1289 724 1353 nonice,si
742 1288 1449 1361 quzelihetinsurrexerint
1462 1290 1876 1356 necessaria,et
1894 1294 1957 1343 ut
1969 1306 2096 1361 gra-

444 1379 607 1434 viora
627 1377 976 1451 quaelibetad
996 1377 1181 1448 ipsius
1202 1377 1465 1432 notitiam
1486 1377 1724 1445 referat;
1750 1382 1807 1432 et
1828 1393 1934 1432 nos
1952 1395 2094 1432 una-

449 1468 685 1522 nimiter
713 1466 870 1522 omni
895 1466 1198 1521 devotione
1218 1465 1549 1532 laudamus,
1566 1471 1621 1521 et
1644 1470 1706 1521 ut
1729 1465 1810 1521 ita
1832 1466 1955 1539 ipse
1977 1465 2092 1538 pri-

449 1553 1484 1611 matumteneatCallizeetGermaniaz
1499 1554 1952 1621 decernimus,et
1964 1571 2095 1611 san-

448 1646 659 1711 cimus,
692 1644 1003 1714 cunctique
1030 1660 1395 1699 successores
1426 1644 1555 1715 ejus
1582 1642 1639 1698 in
1667 1644 1902 1717 propria
1926 1644 2091 1699 urbe.

518 1734 683 1788 Anno
728 1732 835 1789 878
873 1732 1130 1788 Joannes
1178 1749 1329 1805 papa
1386 1733 1683 1789 Romanus
1744 1733 1815 1788 ad
1872 1731 2091 1789 Gallias

446 1821 704 1888 veniens,
766 1820 954 1893 primo
1008 1820 1304 1876 Arelatum
1352 1820 1581 1894 navigio
1638 1823 1934 1888 advectus,
1991 1839 2096 1895 per

450 1908 1095 1984 Lugdunum,aliasque
1116 1909 1379 1966 civitates
1400 1927 1586 1982 usque
1600 1912 1670 1966 ad
1687 1910 2095 1967 Trecassinen-

446 2016 569 2056 sem
603 1999 807 2055 urbem
857 1997 1118 2065 accessit,
1152 1998 1351 2072 ibique
1403 2016 1537 2055 cum
1597 1999 1914 2057 Hludovico
1975 2000 2093 2056 tilio

443 2087 629 2145 Caroli
662 2087 985 2144 collocutus
1018 2087 1088 2142 ad
1118 2085 1341 2144 Italiam
1374 2088 1689 2163 repedavit.

515 2179 676 2234 Anno
723 2177 829 2232 879
874 2176 1018 2231 obiit
1070 2177 1395 2232 Ludovicus
1442 2193 1544 2233 rex
1586 2179 2091 2251 Burgundionum,

447 2267 623 2322 frater
650 2264 858 2321 Caroli.

513 2355 679 2410 Anno
710 2354 815 2410 883
846 2353 991 2409 obiit
1030 2354 1349 2428 Ansegisus
1395 2355 1743 2411 venerabilis
1794 2357 2092 2412 Senonum

445 2442 939 2516 archiepiscopus,
965 2446 1021 2497 ct
1041 2442 1308 2515 sepultus
1335 2447 1424 2499 est
1446 2444 1506 2499 in
1530 2443 1883 2500 monasterio
1900 2446 1967 2501 ~S.
1993 2446 2092 2501 Pe-

446 2531 540 2588 tri.
601 2530 704 2586 Hic
761 2546 1005 2602 corpora
1048 2530 1147 2586 SS.
1200 2530 1515 2603 praesulum
1574 2537 1630 2588 et
1686 2533 2089 2589 confessorum

448 2619 674 2687 Leonis,
706 2618 977 2687 Ursicini,
1011 2619 1323 2689 Ambrosii,
1359 2625 1535 2692 atque
1565 2621 1775 2695 Agricii
1802 2622 1861 2678 in
1893 2639 2092 2678 mona-

444 2708 620 2764 sterio
649 2708 707 2765 S.
742 2707 890 2764 Petri
920 2708 1244 2776 transtulit,
1272 2710 1329 2764 et
1361 2710 1433 2765 ab
1483 2710 1625 2766 urbe
1674 2711 1859 2766 Roma
1918 2715 2092 2785 caput

443 2803 500 2853 8.
522 2798 781 2871 Gregorii
803 2798 1056 2854 doctoris
1087 2796 1328 2870 plumbo
1354 2796 1670 2868 inclusum,
1695 2816 1829 2856 cum
1849 2800 2090 2856 brachio

446 2888 510 2945 S.
554 2886 760 2943 Leonis
791 2885 1045 2942 doctoris
1075 2888 1361 2955 deferens,
1395 2886 1454 2943 in
1486 2889 1687 2944 eodem
1736 2889 2091 2946 monasterio

444 2974 907 3033 conservandum
930 2975 1211 3049 reposuit.
1239 2976 1422 3047 llnjus
1453 2978 1819 3049 temporibus
1849 2995 2094 3052 corpora

442 3070 537 3121 SS.
571 3068 894 3139 martyrum
947 3064 1242 3121 Sanctiani
1294 3069 1469 3138 atque
1515 3066 1827 3159 Angustini
1860 3067 1929 3122 de
1957 3067 2094 3122 villa

2201 488 2309 542 923
2340 488 2720 561 ltodulphum
2753 488 3011 545 nobilem
3045 488 3229 545 ﬁlium
3258 489 3501 547 Richardi
3526 494 3753 569 principis

2202 577 2714 651 Burgundionum,
2746 595 2866 634 una
2893 595 3029 635 cum
3062 578 3297 636 consilio
3337 580 3570 654 Hugonis
3600 584 3754 658 Magni

2202 666 2557 725 Francorum
2590 666 2781 736 ducis,
2812 671 2870 723 et
2899 684 3205 741 procerum
3250 668 3585 739 Francorum,
3612 671 3661 728 in
3683 691 3757 730 re-

2202 771 2385 829 gnum
2418 752 2778 812 sublimavit.
2797 756 2921 820 Quo
2944 760 3179 812 mortuo
3206 773 3351 812 anno
3375 757 3472 813 935
3497 762 3759 818 accersiens

2202 861 2322 902 una
2347 861 2481 900 cum
2512 844 2743 902 Francis
2772 846 2939 918 Hugo
2971 846 3091 901 dux
3116 845 3477 902 Hludovicum
3495 846 3650 905 filium
3663 850 3759 921 jam

2202 933 2344 990 dicti
2369 932 2746 1000 Caroli,datis
2765 933 3151 991 sacramentis
3175 933 3378 1008 Otgiva:
3406 934 3561 992 matri
3587 938 3762 1009 ejus,in

2203 1022 2381 1095 regno
2412 1023 2737 1079 constituit.

2273 1112 2440 1166 Anno
2467 1110 2572 1166 954
2594 1111 2741 1167 obiit
2764 1111 3122 1168 Hludovicus
3152 1128 3268 1180 rex,
3286 1115 3342 1167 et
3360 1112 3632 1170 Lotharius
3646 1114 3766 1171 ﬁlius

2204 1199 2334 1271 ejus
2364 1216 2610 1273 regnum
2644 1200 2925 1273 suscepit.

2273 1291 2441 1345 Anno
2467 1289 2576 1344 956
2601 1289 2748 1346 obiit
2775 1290 2940 1364 Hugo
2980 1291 3098 1346 dux
3146 1290 3406 1364 Magnus,
3434 1296 3487 1346 et
3516 1291 3647 1347 filius
3671 1292 3771 1363 ejus

2203 1378 2369 1451 Hugo
2400 1378 2678 1435 ducatum
2707 1378 2989 1452 suscepit.
3013 1380 3082 1435 Et
3110 1377 3459 1435 Gislebertus
3478 1397 3647 1436 comes
3667 1380 3774 1435 Bur-

2202 1467 2571 1539 gundionum
2595 1467 2759 1538 obiit,
2774 1472 2831 1524 et
2848 1469 3128 1525 honorem
3151 1470 3282 1540 ejus
3298 1486 3427 1525 cum
3455 1468 3562 1525 tilia
3588 1470 3775 1526 nomine

2204 1556 2600 1630 Leudegarde,
2633 1574 2701 1613 ex
2730 1575 2849 1631 qua
2879 1562 3082 1631 postea
3109 1576 3142 1613 a
3170 1557 3468 1632 Radulpho
3504 1558 3775 1615 Divioncnsi

2203 1644 2433 1718 pipiens
2467 1646 2656 1702 factus
2686 1651 2794 1715 est,
2828 1648 2975 1704 Otho
3024 1648 3203 1704 frater
3256 1648 3505 1720 Hugonis
3544 1647 3686 1703 ducis
3708 1664 3778 1703 re-

2204 1734 2374 1808 cepit.
2406 1735 2595 1791 Aliam
2626 1752 2762 1792 vero
2793 1734 2972 1792 ﬁliam
3005 1737 3247 1792 nomine
3291 1736 3545 1793 Werram
3572 1737 3711 1792 duxit
3732 1737 3777 1791 in

2204 1824 2648 1881 matrimonium
2672 1825 2960 1882 Robertus
2990 1843 3185 1882 comes
3208 1825 3779 1883 Trecasinorum.Mor-

2205 1918 2305 1969 tuo
2334 1930 2468 1969 vero
2492 1913 3024 1983 Othone,Ainrieus
3054 1915 3233 1972 frater
3263 1915 3389 1987 ejus
3416 1916 3663 1973 ducatum
3689 1931 3783 1969 sus-

2204 2002 2357 2075 cepit
2386 2003 2761 2080 Burgundjaz.

2272 2093 2354 2147 An
2367 2109 2437 2147 no
2467 2093 2573 2148 936
2602 2092 2747 2148 obiit
2777 2092 3090 2149 Lotharius
3121 2110 3244 2163 rex,
3267 2092 3568 2150 commisso
3588 2092 3688 2147 tilio
3704 2107 3785 2147 suo

2203 2179 2519 2238 Hludovico
2542 2182 2758 2254 juvene
2787 2182 3015 2255 Hugoni
3046 2183 3206 2251 duci,
3240 2200 3358 2240 una
3386 2199 3513 2239 cum
3543 2197 3710 2254 regno.

2272 2271 2438 2326 Anno
2467 2270 2574 2325 987
2602 2271 2744 2327 obiit
2774 2270 3130 2328 Hludovicus
3159 2289 3261 2328 rex
3282 2273 3532 2344 juvenis,
3557 2271 3644 2344 qui
3672 2266 3783 2324 nihil

2204 2358 2356 2429 fecit,
2388 2359 2601 2415 donato
2633 2376 2812 2434 regno
2843 2361 3072 2435 Hugoni
3102 2361 3261 2427 duci,
3295 2361 3394 2434 qui
3440 2361 3625 2417 eodem
3667 2374 3785 2414 anno

2201 2463 2302 2503 rex
2332 2448 2520 2504 factns
2550 2454 2641 2505 est
2670 2466 2703 2503 a
2735 2449 2990 2507 Francis.
3021 2451 3089 2505 Et
3119 2450 3324 2506 eodem
3367 2466 3513 2505 anno
3553 2447 3787 2504 llobertus

2199 2536 2359 2593 ﬁlius
2387 2537 2515 2609 ejus
2561 2554 2764 2610 regum
2800 2538 3105 2611 piissimus
3134 2555 3236 2595 rex
3266 2539 3558 2596 ordinatus
3588 2539 3679 2592 est.
3706 2533 3783 2589 llic

2199 2626 2396 2682 deficit
2422 2634 2669 2700 regnum
2701 2625 2890 2684 Caroli
2921 2627 3138 2701 Magni.

2269 2717 2434 2773 Anno
2462 2716 2570 2771 998
2599 2715 2743 2772 obiit
2784 2715 2950 2789 Hugo
2994 2733 3114 2785 rex,
3148 2715 3273 2773 filio
3323 2733 3428 2772 suo
3474 2714 3693 2771 Roberto
3719 2728 3785 2766 re-

2200 2819 2275 2876 gn
2285 2808 2439 2859 ante.

2269 2894 2352 2948 An
2363 2909 2434 2949 no
2452 2891 2561 2947 999
2581 2892 2728 2949 obiit
2748 2893 3021 2950 Sewinus
3038 2893 3530 2967 archiepiscopus,
3544 2890 3633 2965 qui
3639 2890 3789 2963 jactu-

2199 2999 2323 3037 ram
2365 2982 2705 3038 monasterii
2739 2982 2925 3038 sancti
2958 2983 3132 3051 Petri,
3166 3000 3348 3056 quam
3381 2980 3697 3038 Anastasius
3720 2993 3788 3032 ar-

2198 3070 2605 3144 chiepiscopus
2637 3075 2974 3128 antecessor
3001 3074 3131 3145 ejus
3181 3071 3440 3129 relevare
3485 3071 3721 3143 eceperat,
3746 3064 3789 3119 in

444 3172 572 3228 quas
601 3155 819 3211 dicitur
848 3154 1156 3211 Sancceias
1186 3172 1221 3209 a
1250 3154 1530 3210 fratribus
1552 3145 1679 3228 ja'rn
1706 3155 1845 3211 dicti
1880 3155 2008 3224 loci,
2039 3160 2097 3212 et
2125 3145 2167 3212 C
2207 3158 2521 3232 pristinum
2555 3159 2810 3216 restituit
2840 3164 3089 3217 statum:
3114 3159 3321 3234 ibique
3352 3160 3460 3217 sub
3487 3156 3792 3216 districtione

444 3244 781 3318 presbytero
811 3243 1073 3314 ejusdem
1108 3244 1346 3300 nomine
1369 3244 1621 3300 Eodaldo
1648 3243 1932 3300 translata
1955 3250 2094 3300 sunt

446 3334 740 3390 ineodem
783 3334 1138 3389 monasterio
1166 3349 1267 3389 vm
1317 3333 1434 3405 Kal.
1488 3333 1606 3389 Jul.
1660 3333 1943 3391 Prmterea
1990 3334 2091 3390 do-

446 3438 624 3478 mnus
651 3422 1314 3495 Ansegisus,postquam
1345 3422 1665 3494 primatum
1688 3423 1868 3479 totius
1896 3421 2092 3478 Galliae

444 3509 718 3573 obtinuit,
740 3514 797 3565 et
817 3527 1070 3583 superna
1094 3511 1491 3567 moderatione
1513 3512 1807 3567 secundus
1829 3529 1981 3586 papa
1997 3530 2094 3586 ap-

444 3598 646 3673 pellari
679 3599 913 3665 meruit,
943 3599 1176 3654 Judaeos
1205 3602 1363 3654 certa
1391 3600 1460 3655 de
1492 3616 1689 3666 causa,
1718 3604 1774 3655 et
1807 3599 2093 3657 moniales

445 3690 517 3744 ab
550 3689 693 3744 urbe
735 3688 1020 3743 Senonica
1062 3687 1302 3760 expulit,
1335 3692 1394 3744 et
1424 3704 1495 3744 ne
1527 3687 1772 3745 ulterius
1801 3689 1860 3745 in
1893 3706 1960 3745 ea
1988 3689 2093 3744 ha-

444 3777 768 3834 bitaculum
783 3777 1055 3833 manendi
1072 3775 1477 3833 haberentsub
1490 3795 1558 3833 an
1568 3777 1880 3834 athematis
1884 3777 2094 3851 jugulo

446 3866 766 3923 interdixit.

513 3957 682 4012 Anno
707 3955 814 4011 886
842 3954 986 4011 obiit
1014 3954 1562 4022 Hludovicus,ﬂlius
1591 3954 1776 4011 Caroli
1806 3955 1877 4011 III
1910 3955 2092 4029 impe-

446 4045 677 4102 ratoris.
712 4044 828 4100 Hoc
877 4061 1050 4112 anno,
1084 4062 1125 4100 ιι
1158 4043 1283 4100 Kal.
1333 4045 1657 4112 Decembr.,
1706 4045 2097 4101 ascenderunt

444 4132 763 4191 Normanni
795 4150 829 4189 a
857 4133 1115 4189 Parisius
1164 4133 1428 4190 Senonis.
1462 4138 1533 4191 Et
1578 4134 1842 4207 sequenti
1894 4149 2095 4189 mense

446 4225 597 4280 Maio
628 4221 928 4279 redierunt
950 4223 1006 4277 in
1034 4222 1359 4285 Franciam.
1373 4224 1501 4294 jam
1519 4223 1793 4279 defuncto
1814 4223 2095 4279 Ewrardo

446 4311 904 4387 archiepiscopo,
938 4317 995 4367 et
1025 4312 1291 4369 ordinato
1331 4310 1608 4370 Waltcrio
1652 4313 1710 4369 in
1760 4312 1886 4370 loco
1943 4314 2091 4385 ejus.

446 4402 550 4468 Qui
574 4403 776 4459 eodem
799 4419 953 4458 anno
985 4401 1152 4457 unxit
1180 4402 1438 4458 Odonem
1464 4403 1762 4477 in‘regem.
1788 4403 1890 4460 llic
1920 4402 2094 4475 privi-

447 4490 664 4584 legium
698 4490 1003 4584 m_o_naeb_is
1026 4491 1249 4584 S.Petri
1276 4491 1407 4584 fecit
1438 4492 1508 4548 de
1539 4492 1776 4584 abbatis
1790 4491 2093 4584 electione.
2129 4518 2174 4584 D

516 4581 682 4636 Anno
706 4581 813 4636 896
842 4578 1164 4636 Richardus
1202 4581 1472 4654 princeps
1504 4581 1852 4654 Burgundia:
1883 4581 2100 4653 recepit

447 4670 709 4726 Senonas
729 4669 852 4740 [al.,
867 4668 1102 4741 Sennis]
1119 4675 1322 4726 contra
1342 4668 1690 4726 Walterium
1715 4670 2099 4744 archiepisco-

446 4774 587 4830 pum
619 4762 683 4814 et
706 4757 1080 4813 Warnerium
1112 4758 1404 4815 comitem.

516 4850 681 4904 Anno
709 4847 815 4903 898
839 4846 983 4905 obiit
1010 4847 1132 4905 Odo
1165 4864 1284 4914 rex,
1316 4852 1374 4904 et
1418 4847 1660 4905 Carolus
1710 4847 1969 4922 Simplex
2016 4865 2098 4904 re-

445 4954 628 5009 gnum
658 4937 899 5010 accepit.

515 5028 681 5083 Anno
710 5028 817 5083 922
850 5027 1138 5084 Robertus
1159 5025 1432 5101 princeps
1451 5032 1664 5083 unctus
1685 5032 1775 5085 est
1794 5028 1852 5083 in
1878 5044 2093 5102 regem,

446 5117 505 5170 et
532 5130 599 5171 eo
626 5130 778 5172 anno
806 5132 924 5172 xvn
954 5116 1080 5173 Kal.
1114 5116 1233 5174 Jul.
1270 5116 1489 5174 factum
1551 5119 1641 5174 est
1692 5117 1913 5174 bellum
1946 5119 2098 5175 inter

448 5201 716 5260 Carolnm
747 5210 805 5261 et
828 5206 1167 5274 Robertum,
1192 5208 1291 5264 ubi
1317 5207 1656 5264 interfectus
1677 5212 1767 5264 est
1787 5208 2092 5263 Robertus.

446 5291 650 5351 Carolo
678 5310 812 5351 vero
842 5311 876 5351 a
904 5296 1055 5351 caede
1085 5294 1220 5351 belli
1240 5297 1459 5353 victore
1481 5300 1819 5363 revertente,
1844 5295 2097 5352 occurrit

448 5382 529 5438 illi
562 5382 1263 5452 Heribertus,infidelium
1295 5386 1788 5459 nequissimus,ct
1807 5387 1917 5442 sub
1948 5385 2094 5441 fictae

445 5473 611 5547 pacis
640 5472 1016 5530 simulatione
1043 5473 1104 5530 in
1135 5478 1324 5531 castro
1374 5476 1531 5550 quod
1574 5477 1829 5532 Parrona
1856 5475 2092 5545 dicitur,

444 5566 510 5622 ut
530 5563 864 5642 hospitandi
890 5563 1078 5643 gratia
1106 5562 1755 5643 diverteret,compulit,
1777 5570 1834 5625 et
1854 5566 1938 5625 sic
1960 5582 2094 5625 eum

2202 3247 2456 3321 regulari
2482 3248 2772 3305 ordinavit
2791 3249 3062 3306 abbatem
3084 3249 3470 3316 Rainardum,
3484 3249 3638 3320 cujus
3654 3245 3790 3300 etiam

2202 3354 2414 3410 corpus
2445 3336 2502 3392 in
2534 3338 2737 3394 eodem
2770 3338 3124 3395 monasterio
3172 3343 3268 3396 est
3299 3340 3602 3413 sepultum.
3633 3333 3715 3391 llic
3739 3330 3792 3387 ab

2202 3427 2348 3482 urbe
2377 3426 2561 3483 Roma
2586 3444 2688 3500 per
2717 3444 2958 3483 manum
2990 3428 3242 3485 Joannis
3273 3444 3436 3502 papae
3467 3424 3793 3496 archiepisw

2203 3515 2331 3588 pale
2353 3514 2621 3588 pallium,
2643 3533 2758 3589 quo
2777 3521 3176 3573 antecessores
3208 3518 3341 3590 ejus
3372 3515 3592 3573 infulati
3612 3510 3796 3581 sunt,et

2204 3605 2520 3677 primatum
2554 3604 2752 3662 Gallio:
2784 3606 3060 3679 suscepit.
3092 3606 3192 3663 llic
3224 3607 3403 3663 etiam
3433 3600 3795 3662 monasterium

2204 3695 2389 3750 sancti
2414 3695 2565 3750 Petri
2597 3694 2751 3750 Milid
2763 3696 3004 3752 unensis
3021 3696 3094 3752 ab
3116 3696 3238 3752 imo
3269 3695 3558 3762 relevavit,
3577 3697 3628 3749 et
3645 3703 3796 3747 mona-

2204 3783 2346 3839 chos
2377 3783 2433 3837 in
2466 3782 2564 3838 illo
2597 3783 3142 3852 mittens,abbatem
3175 3784 3528 3841 W'alterium
3553 3784 3630 3840 eis
3646 3776 3797 3853 praefe-

2204 3872 2300 3927 cit.
2333 3872 2436 3928 Hic
2485 3876 2733 3929 matrem
2781 3872 3087 3930 ecclesiam
3118 3875 3177 3930 S.
3213 3874 3517 3948 Stephani,
3547 3887 3660 3945 quas
3697 3867 3798 3940 igne

2204 3965 2461 4017 cremata
2496 3962 2704 4029 fuerat,
2738 3962 2811 4018 ab
2840 3961 3112 4035 epistiliis
3159 3963 3419 4037 erigens,
3450 3968 3506 4019 et
3533 3978 3597 4018 ex
3622 3960 3799 4027 integro

2205 4051 2535 4122 perﬁciens,
2567 4051 2753 4122 signis
2783 4054 2840 4107 et
2871 4052 3235 4109 ornamentis
3266 4048 3660 4109 ecclesiasticis
3676 4047 3800 4100 deco-

2204 4140 2373 4208 ravit,
2406 4143 2463 4197 et
2493 4141 2784 4211 adjunctis
2816 4140 2927 4196 sibi
2960 4140 3175 4213 Milone
3214 4143 3490 4215 episcopo
3513 4144 3802 4196 Trecassen-

2205 4228 2360 4284 sium
2375 4230 2702 4285 etEriberto
2723 4229 3801 4300 Antissiodorensiumﬁoclenoquoq“e

2203 4318 2649 4374 Nivernensium
2660 4334 2813 4385 ,cum
2828 4317 3082 4374 maxime
3093 4317 3320 4375 honore
3333 4310 3802 4376 dedicavit.Eadem

2205 4423 2439 4480 quoque
2460 4407 2554 4463 die
2587 4407 2658 4462 ad
2690 4406 2984 4479 stipendia
3014 4406 3363 4464 clericorum
3397 4407 3603 4464 ibidem
3622 4402 3722 4458 Deo
3746 4397 3804 4451 fa~

2206 4493 2561 4551 mulantium
2583 4496 2696 4551 tria
2718 4495 2925 4551 altaria
2946 4496 3056 4552 sub
3080 4496 3374 4571 privilegii
3395 4493 3717 4552 testamento
3734 4486 3806 4540 de-

2206 4582 2438 4657 legavit.
2473 4584 2692 4640 Deinde
2722 4584 3032 4641 brachium
3063 4585 3252 4643 sancti
3288 4584 3496 4642 Leonis
3523 4595 3671 4657 papzc
3697 4588 3803 4632 cum

2206 4670 2405 4745 digitis
2435 4673 2620 4728 sancti
2653 4672 2869 4729 Ebonis
2902 4673 2974 4729 ab
3006 4673 3217 4730 abbate
3247 4672 3539 4731 Rainardo
3579 4675 3631 4727 et
3664 4685 3693 4723 a
3719 4664 3805 4719 fra-

2204 4761 2395 4818 tribus
2444 4762 2784 4817 monasterii
2815 4761 2874 4818 S.
2909 4760 3062 4817 Petri
3112 4761 3302 4818 multa
3349 4777 3517 4835 prece
3560 4756 3804 4815 obtinens,

2205 4868 2347 4907 auro
2372 4854 2429 4907 et
2458 4851 2707 4924 gemmis
2738 4850 2984 4920 ornavit,
3002 4854 3061 4908 et
3083 4850 3272 4907 eidem
3297 4868 3445 4908 casae
3464 4847 3563 4907 Dei
3585 4838 3805 4904 contulit

2204 4940 2314 4997 Pro
2344 4939 2561 5012 quibus
2595 4943 2804 4996 mutua
2824 4939 3231 5010 vicissitudine
3251 4945 3311 4996 et
3328 4958 3434 5015 pro
3464 4933 3697 4995 remedio
3714 4926 3810 4985 ani-

2207 5047 2312 5085 mae
2344 5046 2483 5099 suae,
2518 5029 2589 5085 de
2633 5027 2840 5085 altario
2872 5029 2932 5086 S.
2965 5028 3287 5096 Saviniani,
3320 5029 3477 5102 quod
3506 5041 3608 5083 xxx
3635 5030 3808 5099 passus

2204 5136 2240 5175 a
2258 5122 2452 5192 crypta
2478 5116 2817 5174 monasterii
2838 5117 3022 5187 abest,
3047 5118 3194 5174 etde
3216 5117 3426 5175 altario
3455 5117 3511 5174 S.
3530 5104 3807 5192 Sanctiani.

2204 5191 2358 5280 quod
2405 5211 2495 5263 est
2539 5208 2597 5262 in
2645 5206 2782 5263 villa
2831 5207 3126 5277 Sanceias,
3157 5211 3215 5263 et
3244 5207 3318 5263 de
3353 5204 3555 5263 altario
3582 5205 3633 5257 8.
3662 5191 3807 5258 Petri,

2205 5296 2361 5370 quod
2394 5299 2481 5353 est
2511 5296 2571 5352 in
2603 5295 2742 5351 villa
2769 5313 2897 5369 quae
2927 5296 3180 5353 Alsonus
3207 5300 3469 5362 vocatur,
3483 5296 3537 5349 et
3552 5292 3618 5347 de
3636 5281 3807 5346 altario

2204 5386 2265 5443 S.
2287 5385 2450 5459 Lupi,
2487 5384 2641 5457 quod
2674 5389 2763 5441 est
2794 5384 2852 5440 in
2879 5384 3017 5441 villa
3047 5402 3173 5459 qum
3204 5384 3451 5441 Naudus
3478 5379 3809 5447 dicitur,per—

2205 5479 2381 5550 petua
2392 5473 2694 5549 privilegia
2707 5491 2823 5531 una
2835 5491 2969 5532 cum
2992 5490 3277 5531 consensu
3302 5477 3362 5530 et
3380 5470 3664 5528 voluntate
3673 5473 3807 5538 ΡαΡε

2205 5564 2454 5624 Romani
2503 5567 2558 5621 et
2604 5564 3083 5643 coepiscOporum
3134 5578 3397 5635 suorum,
3430 5560 3623 5619 sancto
3669 5551 3807 5623 Ρθίτρ
