4036 6160
226 260 328 323 773

1670 258 2150 326 CHRONICON.

3508 287 3630 350 ⁸7³74

228 396 444 464 ejusque
489 387 783 451 monachis
840 387 990 443 fecit.
1049 388 1318 443 Decrevit
1379 390 1558 446 etiam
1607 395 1671 445 ut
1701 392 1859 448 abba
1890 400 1935 463 Α
1978 398 2279 469 respondit
2312 416 2412 470 pro
2440 402 2744 459 omnibus:
2783 406 2950 475 «Est,
2974 409 3235 481 domina,
3262 413 3318 470 in
3345 425 3633 476 monaste-

229 480 462 552 ejusdem
494 477 817 532 monasterii
852 478 909 531 in
942 482 1232 533 conventu
1259 479 1542 535 abbatum
1572 479 1659 534 vel
1692 480 1862 536 cleri-

229 586 405 627 eorum
433 571 557 641 post
583 567 916 639 episcopum
949 567 1182 639 primus
1217 568 1443 636 sedeat,
1478 572 1536 624 et
1566 568 1723 631 inter
1756 587 1860 625 ca:-

228 665 361 715 teros
375 657 622 729 ejusdem
643 655 1009 728 episcopatus
1026 656 1273 713 abbates
1291 657 1615 730 primatum
1633 662 1855 729 teneat;

230 751 335 822 ipse
346 751 526 802 autem
541 744 713 801 talem
728 762 789 801 se
801 744 1221 815 exhibeat,utdi
1228 763 1304 819 gn
1315 763 1386 801 us
1400 745 1477 800 sit
1490 745 1592 801 tali
1609 745 1855 804 honore.

230 834 485 893 Tabulam
531 851 761 907 quoque
804 851 871 890 ex
898 852 1035 890 auro
1067 840 1123 891 et
1182 838 1427 908 argento
1482 839 1616 891 ante
1671 834 1858 892 altare

229 925 393 983 sancti
413 923 683 998 Stephani
707 923 1050 992 construxit,
1077 925 1147 979 de
1178 942 1299 998 qua
1330 924 1686 997 posmodum
1718 929 1857 981 ante

230 1012 618 1071 monasterium
648 1014 799 1069 facta
821 1016 908 1069 est
936 1013 1138 1069 turris.

287 1110 435 1162 Anno
460 1104 597 1160 4002
624 1103 768 1159 obiit
795 1102 1086 1169 Ainricus,
1121 1102 1244 1158 dux
1273 1102 1652 1175 Burgundize.

286 1199 434 1251 Anno
465 1192 602 1249 1003
631 1192 856 1248 obsedit
889 1192 1177 1248 Robertus
1224 1210 1326 1248 rex
1356 1190 1853 1258 Antissiodorum,

229 1291 277 1341 et
302 1282 527 1340 vastavit
558 1281 971 1354 Burgundiam.

284 1375 434 1429 Anno
464 1372 602 1427 1015
626 1371 839 1443 recepit
872 1371 1162 1426 Robertus
1211 1387 1314 1426 rex
1345 1369 1640 1426 civitatem
1675 1370 1860 1425 Seno-

231 1478 369 1529 num,
398 1466 451 1517 et
481 1461 805 1517 Rainardus
836 1460 986 1515 abba
1017 1459 1367 1516 monasterii
1411 1460 1471 1515 S.
1505 1459 1656 1514 Petri
1689 1460 1858 1515 obiit.

229 1552 314 1607 Hie
342 1549 752 1607 monasterium
773 1550 831 1605 S.
864 1549 1014 1605 Petri
1032 1550 1106 1605 ab
1137 1547 1260 1604 imo
1284 1548 1603 1614 renovavit,
1626 1552 1682 1603 et
1703 1548 1865 1603 clau-

230 1644 332 1696 stra
358 1639 687 1696 monasterii
712 1656 843 1697 cum
862 1639 1137 1694 domibus
1158 1639 1233 1693 ad
1257 1655 1320 1693 se
1344 1636 1774 1709 pertinentibus
1792 1653 1867 1692 ex

230 1735 329 1785 toto
356 1728 738 1786 reasdificavit.
772 1726 1057 1784 Tabulam
1086 1727 1268 1783 etiam
1301 1742 1541 1782 auream
1571 1730 1628 1781 et
1656 1742 1866 1798 argen-

231 1824 363 1873 team
392 1821 523 1873 ante
573 1816 752 1873 altare
783 1817 1125 1884 construxit,
1162 1832 1399 1872 crucem
1431 1831 1670 1870 auream
1721 1831 1862 1871 cum

229 1907 450 1980 gemmis
477 1906 803 1978 fabricavit,
835 1906 1038 1979 signis,
1073 1904 1403 1972 codicibus,
1424 1902 1640 1976 palliis,
1674 1905 1861 1959 sacris

231 1997 444 2062 vasis,et
462 1995 708 2069 reliquis
729 1996 1084 2051 ornamentis
1108 1992 1526 2049 ecclesiasticis
1550 1992 1704 2047 idem
1739 2009 1864 2049 mo-

232 2086 523 2141 nasterium
552 2084 774 2141 ditavit.
801 2085 1039 2156 Insuper
1055 2088 1112 2139 et
1134 2082 1391 2156 regulari
1411 2080 1646 2137 tramite
1665 2098 1865 2138 mona-

233 2174 350 2229 chos
380 2174 697 2244 instruens,
728 2173 1067 2229 liberalibus
1093 2171 1432 2245 disciplinis
1463 2172 1716 2226 edocuit.

289 2266 438 2320 Anno
470 2265 612 2320 1023
632 2264 975 2319 Odorannus
997 2261 1349 2327 monachus,
1382 2266 1697 2333 postquam
1731 2277 1863 2316 cru-

232 2351 437 2407 ciﬁxum
469 2357 524 2408 et
547 2356 789 2424 puteum
818 2352 891 2425 (2)
914 2351 1254 2408 monasterii
1282 2349 1438 2417 fecit,
1463 2348 1718 2421 peccatis
1740 2350 1866 2405 suis

233 2442 677 2512 promerentibus
709 2440 945 2496 insidias
977 2459 1011 2497 a
1033 2440 1197 2497 falsis
1223 2438 1504 2495 fratribus
1529 2454 1864 2511 perpessus,

235 2529 331 2585 Deo
350 2530 597 2603 propitio
628 2531 721 2585 vix
745 2535 986 2586 mortem
1018 2531 1224 2587 evasit.
1262 2528 1370 2595 Qui
1394 2528 1546 2600 apud
1572 2528 1630 2582 S.
1659 2527 1867 2600 Diony-

231 2618 360 2675 sium
399 2621 828 2693 aliquantisper
864 2624 1285 2689 commoratus,
1320 2635 1456 2675 cum
1479 2617 1735 2674 maxime
1763 2618 1865 2674 ho-

232 2725 350 2764 nore
379 2708 633 2782 propriis
666 2709 906 2765 sedibus
927 2713 1016 2765 est
1035 2709 1328 2765 redditus.

285 2800 436 2854 Anno
460 2799 603 2853 1031
638 2798 780 2854 obiit
811 2794 1125 2854 Rotbertus
1152 2814 1254 2854 rex
1277 2796 1433 2869 pius,
1466 2796 1564 2869 qui
1594 2795 1704 2851 fuit
1729 2813 1867 2870 erga

227 2891 431 2943 sanctos
448 2886 553 2944 Dei
588 2886 854 2960 supplex,
885 2888 1202 2944 benevolus
1235 2891 1294 2942 et
1326 2885 1590 2951 devotus,
1609 2889 1666 2941 et
1684 2885 1866 2941 totius

227 2975 492 3049 religionis
523 2982 766 3033 amator
797 2976 1083 3050 egregius.
1110 2976 1218 3031 Hic
1243 2974 1497 3048 peractis
1517 2972 1761 3030 diversis
1783 2991 1867 3029 re-

227 3066 541 3122 staurationi
565 3065 673 3121 bus
695 3064 1332 3134 ecclesiarum,necnon
1353 3063 1712 3119 ornamentis
1731 3080 1866 3119 san-

1892 1779 1939 1845 B

1973 488 2060 541 rio
2093 488 2150 541 S.
2194 487 2346 543 Petri
2398 493 2771 560 Saviuiauus,
2824 498 3051 568 primus
3098 505 3394 561 Senonum
3443 509 3631 565 archi-

1974 575 2308 648 episcopus,
2340 577 2440 650 qui
2486 596 2590 651 per
2634 584 2898 656 martyrii
2930 586 3301 661 triumphum
3333 612 3451 649 una
3496 613 3631 655 cum

1973 664 2153 760 sociis
2187 666 2450 760 pervenit
2478 669 2834 760 adiemlestis
2861 674 3025 747 regni
3056 677 3342 739 bravium.
3366 686 3425 739 Si
3454 685 3636 760 hujus

1974 752 2252 846 martjrris
2275 754 2475 846 devote
2496 757 2713 846 adieris
2735 752 3131 836 praesentiam,
3151 768 3208 824 id
3235 773 3390 843 quod
3422 752 3638 846 promi-

1976 838 2075 907 sit,
2112 839 2335 913 ahsque
2357 843 2638 903 dilatione
2668 849 2897 908 noveris
2931 856 2987 909 te
3015 838 3485 919 consecuturam.
3512 886 3540 915 ››
3564 867 3639 922 At

1977 926 2083 982 illa
2109 928 2181 983 de
2207 930 2353 986 tanti
2382 933 2490 988 viri
2524 935 2771 993 consilio
2801 942 3067 1014 gaudens
3096 946 3319 1018 effecta,
3352 950 3638 1012 citissime

1978 1032 2103 1107 una
2131 1034 2267 1107 cum
2302 1020 2418 1076 filio
2445 1024 2684 1096 expetiit
2715 1034 2902 1085 sancti
2925 1034 3076 1088 Petri
3100 1034 3328 1107 limina,
3356 1044 3414 1096 et
3434 1041 3640 1100 diutis-

1978 1103 2132 1205 sime
2161 1104 2452 1205 lacrjrmas
2484 1113 2734 1170 fundens
2764 1122 2900 1174 ante
2930 1136 3141 1194 corpus
3162 1103 3633 1205 beati'martyris;

1979 1193 2496 1291 totisqueviribus
2528 1217 2590 1256 se
2620 1205 2995 1264 committens
3025 1193 3152 1282 ejus
3184 1214 3338 1285 ﬁdei,
3372 1193 3639 1291 gaudens

1978 1284 2266 1380 remeavit
2312 1287 2397 1380 ad
2435 1291 2672 1380 propria
2717 1294 2789 1349 de
2818 1295 3150 1356 visitatione
3205 1284 3353 1359 tanti
3374 1284 3640 1380 ‘patroni

1978 1370 2325 1461 confortata.
2351 1374 2622 1433 Nondum
2658 1381 2969 1439 transierat
2996 1386 3120 1443 dies
3152 1392 3342 1461 tertia,
3376 1370 3512 1452 eum
3545 1414 3644 1455 su-

1978 1458 2104 1514 bito
2137 1461 2305 1551 adest
2334 1463 2683 1556 intempesta
2713 1475 2880 1526 nocte
2912 1472 3138 1546 legatus
3171 1458 3335 1551 regis
3366 1488 3502 1541 ante
3542 1487 3642 1556 ja-

1979 1552 2501 1645 nuamtnuntians
2518 1554 2576 1609 in
2600 1557 2864 1627 proximo
2883 1562 3220 1621 adfuturam
3244 1569 3371 1640 ejus
3389 1552 3643 1645 praesen-

1976 1637 2288 1731 tiam.‘Qui
2319 1641 2434 1696 Deo
2465 1642 2712 1700 ducente
2750 1649 3003 1720 propriis
3033 1637 3287 1712 sedibus
3302 1637 3639 1731 restitutus,

1978 1725 2365 1820 utverissima
2385 1732 2810 1802 approbaretur
2822 1740 3136 1808 promissio
3160 1747 3456 1820 martyris,
3478 1725 3646 1806 dein;

1974 1831 2115 1888 ceps
2127 1816 2426 1908 propriam
2440 1821 2748 1894 conjugem
2763 1826 2953 1898 magis
2965 1844 3142 1900 quam
3156 1816 3397 1892 eatenus
3410 1816 3638 1908 dilexit,

1974 1908 2030 1959 et
2052 1905 2166 2000 sub
2189 1907 2318 1977 ejus
2341 1911 2486 1963 nutu
2510 1910 2708 1965 omnia
2723 1913 2864 1983 jura
2893 1917 3130 1989 regalia,
3170 1925 3228 1976 et
3269 1905 3639 2000 quaecunque

1974 1993 2275 2065 possidere
2299 1996 2626 2065 videbatur,
2652 2017 2890 2058 manere
2913 2005 3225 2078 disposuit.
3259 1993 3370 2067 Sed
3396 2013 3495 2070 illa
3527 1993 3639 2073 mi-

1975 2081 2136 2174 pime
2151 2082 2332 2137 oblita
2355 2086 2766 2156 promissionis
2783 2093 2992 2160 sancti,
3016 2099 3280 2169 satagere
3302 2101 3475 2173 ccepit
3491 2119 3639 2174 qua-

1973 2168 2108 2224 liter
2137 2178 2516 2228 exornaretur
2545 2190 2758 2247 corpus
2778 2181 2905 2250 ejus
2935 2168 3167 2252 gemnis
3197 2189 3254 2241 et
3275 2168 3441 2257 auro,
3471 2168 3633 2262 quod

1974 2258 2071 2312 diu
2093 2258 2385 2315 inclusum
2407 2261 2650 2332 plumbo
2666 2265 2740 2319 ab
2757 2268 3019 2340 antiquis
3031 2271 3304 2332 Patribus
3325 2258 3635 2337 abscondi-

1975 2350 2105 2402 tum
2136 2349 2323 2440 fuerat
2354 2350 2463 2405 sub
2497 2368 2653 2407 arvo.
2688 2353 2759 2409 Et
2790 2357 2909 2429 regi
2961 2375 3284 2433 suggerens
3324 2382 3436 2421 sua
3472 2374 3631 2440 vota,

1975 2440 2089 2491 Deo
2121 2436 2456 2506 auxiliante,
2484 2440 2555 2494 ad
2580 2458 2647 2497 ea
2669 2441 2969 2516 implenda
2983 2455 3254 2519 paratum
3277 2452 3445 2511 illum
3467 2436 3635 2516 inve;

1975 2524 2197 2616 nitgper
2220 2528 2437 2584 omnia.
2470 2531 2579 2595 Qui
2602 2533 2932 2591 accersiens
2952 2536 3332 2597 Odorannum
3362 2545 3632 2616 ejusdem

1975 2611 2086 2667 loci
2105 2617 2483 2685 monachum,
2509 2619 2609 2689 qui
2635 2622 2704 2675 ad
2733 2621 2840 2678 hoc
2857 2639 3006 2696 opus
3026 2611 3448 2700 perliciendum
3468 2636 3629 2694 vide-
3658 2658 3669 2661 -

1975 2701 2150 2755 batur
2178 2700 2445 2775 idoneus,
2479 2708 2776 2766 commisit
2806 2728 2923 2768 una
2944 2731 3076 2771 cum
3102 2719 3303 2790 regina
3333 2721 3462 2792 ejus
3494 2725 3633 2783 ﬁdei

1974 2792 2152 2884 taptze
2183 2790 2419 2861 pietatis
2450 2810 2617 2884 opus.
2642 2795 2939 2884 Dederunt
2960 2801 3139 2873 igitur
3158 2790 3406 2863 Senonis
3431 2809 3490 2865 in
3515 2813 3633 2884 pri-

1975 2876 2090 2968 mis
2124 2894 2225 2957 per
2263 2896 2505 2968 manum
2538 2881 2816 2939 Waldrici
2865 2892 3159 2960 praepositi
3210 2897 3436 2968 argenti
3482 2876 3629 2958 meri

1974 2963 2155 3019 libras
2174 2982 2248 3021 ιν.
2278 2964 2495 3024 Deinde
2510 2972 2755 3035 Senonis
2771 2990 2876 3047 per
2892 2993 3134 3049 manum
3160 2963 3443 3041 Willelmi
3466 2991 3630 3047 cubi-

1977 3053 2183 3109 cularii
2216 3058 2439 3128 argenti
2467 3059 2611 3113 meri
2635 3060 2854 3119 solidos
2877 3080 2962 3120 LV.
2988 3066 3195 3124 Postea
3215 3072 3505 3132 miserunt
3527 3095 3631 3150 per

230 3159 428 3214 dmum
458 3171 797 3228 corporum,
833 3157 1098 3210 sanctum
1123 3169 1341 3225 corpus
1364 3152 1546 3207 sancti
1565 3152 1861 3207 Saviniani
1893 3142 1936 3210 C
1979 3159 2220 3198 manum
2243 3144 2462 3202 Odonis
2485 3148 2733 3220 paratgii
2758 3155 2981 3224 argenti
3001 3155 3145 3211 meri
3166 3158 3387 3216 solidos
3408 3142 3624 3224 xxxxu.

235 3259 354 3299 auro
382 3247 435 3299 et
463 3242 718 3318 gemmis
745 3248 1102 3316 argentoque
1134 3241 1386 3298 ornavit.
1421 3242 1582 3307 Quod
1615 3241 1868 3314 qualiter

235 3336 406 3388 actum
437 3332 530 3400 sit,
563 3332 775 3406 paucis
806 3336 895 3387 est
923 3331 1373 3388 disserendum:

296 3421 514 3478 Factum
545 3425 661 3487 est,
694 3421 836 3476 dum
866 3422 1121 3492 quodam
1148 3425 1414 3490 tempore
1433 3419 1745 3476 Rotbertus
1768 3436 1867 3475 rex

238 3507 449 3566 Romam
482 3514 729 3583 peteret,
762 3513 827 3564 ut
859 3510 1195 3566 Constantia
1227 3508 1429 3581 regina
1451 3525 1567 3564 una
1588 3525 1717 3563 cum
1748 3509 1864 3563 Hu-

236 3612 360 3667 gone
391 3599 503 3655 ﬁlio
534 3597 781 3672 parvulo
813 3597 960 3653 Tillo
994 3600 1342 3654 remaneret.
1378 3598 1539 3662 Quod
1594 3602 1656 3652 ut
1702 3600 1867 3652 Berta

237 3687 429 3759 regina,
459 3689 689 3743 dudum
726 3704 904 3743 causa
932 3685 1464 3759 consanguinitatis
1490 3702 1524 3741 a
1546 3702 1677 3760 rege
1694 3702 1865 3757 repu-

240 3772 391 3842 diata,
422 3776 728 3849 comperit,
757 3781 1063 3848 prosecuta
1090 3780 1180 3831 est
1210 3792 1368 3840 eum,
1401 3791 1644 3847 sperans
1673 3791 1755 3842 se,
1788 3774 1867 3829 fa-

234 3865 473 3921 ventibus
496 3866 569 3921 ad
606 3864 719 3920 hoc
750 3864 1104 3936 quibusdam
1131 3863 1360 3931 aulicis,
1382 3865 1611 3919 decreto
1641 3865 1867 3936 aposto-

237 3947 327 4006 lico
348 3956 747 4010 restitutm'am
767 3957 891 4009 toro
911 3952 1087 4025 regio.
1105 3952 1269 4008 Unde
1285 3951 1617 4007 Constantia
1640 3951 1863 4024 regina,

241 4040 425 4099 timens
446 4062 506 4100 se
539 4043 797 4099 amoveri
831 4059 863 4097 a
895 4043 1051 4115 regio
1087 4042 1284 4109 latere,
1318 4040 1692 4096 inenarrabili
1716 4040 1863 4094 deti-

240 4132 455 4187 uehatur
484 4149 757 4188 mazrore.
791 4134 924 4197 Quae
974 4132 1113 4186 dum
1147 4134 1315 4186 nocte
1368 4130 1618 4202 quadam
1652 4129 1725 4185 ob
1756 4128 1865 4184 hoc

240 4218 408 4276 nimiis
425 4222 847 4297 cogitationum
864 4219 1219 4295 tumultibus
1237 4218 1473 4292 pulsata
1484 4218 1862 4283 obdormiret,

239 4312 477 4379 apparuit
505 4313 556 4369 ei
594 4329 703 4385 per
726 4312 914 4367 visum
940 4310 1317 4366 inenarrabili
1340 4309 1598 4367 claritate
1618 4310 1865 4365 circum-

239 4394 385 4453 datus
412 4400 498 4455 vir
526 4400 772 4473 quidam
817 4398 1099 4472 angelicis
1129 4398 1432 4454 decoratus
1462 4398 1645 4467 canis,
1679 4398 1738 4452 in
1771 4414 1862 4453 sa-

241 4486 483 4581 eerdotali
513 4488 724 4544 habitu
757 4487 981 4561 virgam
1014 4486 1363 4560 pastoralem
1390 4491 1628 4581 gestans
1659 4503 1859 4581 manu.
1897 4515 1941 4581 Ι)

241 4572 396 4636 Quem
425 4577 608 4634 nimio
641 4581 857 4633 terrore
880 4578 1185 4650 perterrita
1203 4577 1342 4631 dum
1364 4576 1686 4648 requireret
1708 4574 1863 4646 quis-

243 4676 356 4718 nam
384 4670 552 4738 esset,
589 4665 847 4722 innotuit
877 4682 940 4721 se
960 4682 1087 4721 esse
1115 4665 1479 4738 episcopum,
1505 4669 1561 4720 et
1582 4662 1861 4736 appellari

242 4751 613 4812 Savinianum.
657 4754 763 4822 Qui
798 4759 855 4811 et
884 4754 1070 4809 dixit:
1131 4754 1478 4809 «Constans
1520 4757 1665 4819 esto,
1713 4751 1859 4807 Con-

243 4842 447 4912 stantia,
476 4846 617 4917 quia
636 4844 751 4900 Deo
782 4844 1032 4917 propitio
1062 4842 1305 4898 liberata
1333 4860 1395 4898 es
1427 4843 1499 4897 ab
1528 4840 1857 4896 imminenti

244 4928 519 4989 tristitia.»
570 4933 678 4989 Illa
705 4949 839 4988 vero
889 4933 959 4988 de
991 4937 1109 4988 tam
1137 4930 1415 5003 praeclara
1459 4930 1681 4987 visione
1731 4945 1859 5006 per-

242 5018 436 5089 territa,
458 5023 607 5079 facto
630 5039 822 5090 mane,
848 5022 1020 5093 ccepit
1042 5038 1075 5078 a
1097 5019 1614 5077 circumstantibus
1636 5017 1859 5075 clericis

246 5104 459 5166 sollicite
493 5111 831 5186 perquirere
862 5110 910 5167 si
942 5110 1060 5167 illis
1092 5111 1149 5164 in
1181 5110 1515 5180 regionibus
1546 5108 1861 5163 haberetur

246 5196 522 5272 episcopus
537 5203 639 5275 qui
661 5201 1011 5258 Savinianus
1023 5199 1335 5255 diceretur.
1356 5198 1861 5270 Quibusignoran-

244 5283 369 5341 tiam
398 5306 558 5346 suam
585 5288 1013 5364 profitentibus,
1037 5305 1193 5343 unus
1214 5304 1282 5343 ex
1303 5287 1410 5355 eis,
1434 5285 1533 5359 qui
1563 5286 1623 5341 in
1655 5301 1860 5341 mona-

249 5376 399 5431 sterio
427 5380 483 5434 S.
509 5380 656 5437 Petri
685 5381 875 5437 fuerat
903 5378 1179 5447 nutritus,
1215 5371 1490 5433 redeunte
1517 5391 1649 5449 rege
1677 5377 1859 5431 Aure-

250 5456 510 5524 lianornm
542 5470 772 5527 futurus
801 5468 1129 5543 cpiscopus,
1174 5466 1409 5523 nomine
1446 5465 1858 5534 Theodericus,

1976 3231 2263 3287 Miserunt
2291 3234 2465 3289 etiam
2482 3252 2514 3291 a
2539 3236 2777 3294 Parisiis
2792 3257 2899 3312 per
2918 3258 3160 3301 manum
3183 3246 3481 3308 Odoranni
3505 3271 3628 3312 mo-

1975 3320 2147 3375 nachi
2179 3321 2306 3376 auri
2357 3322 2576 3379 solidos
2605 3342 2721 3381 xvu
2746 3334 2803 3382 et
2839 3331 3112 3389 denarios
3142 3352 3243 3392 vm
3275 3342 3333 3393 et
3359 3355 3628 3412 gemmas

1974 3409 2455 3482 pretiosissimas.
2488 3412 2588 3469 His
2621 3414 2704 3470 ita
2732 3420 3000 3490 patratis,
3028 3429 3212 3480 restat
3239 3430 3303 3482 ut
3330 3409 3630 3492 mirabilia

1974 3498 2096 3564 Dei,
2124 3515 2249 3569 quae
2280 3499 2338 3554 in
2363 3500 2596 3557 fabricis
2622 3503 2802 3575 hujus
2819 3508 3011 3580 operis
3033 3513 3221 3570 oculis
3242 3518 3462 3575 nostris
3483 3520 3627 3577 vidi-

1975 3603 2128 3654 mus,
2163 3591 2220 3641 et
2248 3603 2315 3642 ex
2345 3594 2508 3660 parte
2541 3591 2817 3649 manibus
2848 3602 3358 3674 contrectavimus,
3410 3608 3627 3667 Christi

1974 3674 2247 3731 fidelibus
2265 3675 2625 3736 intimemus.
2650 3680 2783 3746 Quae
2806 3685 3038 3743 silentio
3059 3693 3277 3763 tegere,
3298 3696 3518 3754 crimen
3538 3705 3628 3756 est

1975 3764 2302 3822 admittere.

2044 3854 2232 3927 Igitur
2251 3862 2571 3929 occupatus
2593 3876 2693 3915 rex
2716 3864 2892 3919 variis
2911 3867 3108 3922 sa'culi
3132 3870 3292 3928 curis
3312 3871 3629 3933 intermisit

1974 3942 2430 4034 aliquantulum,
2481 3948 2553 4002 ad
2599 3952 3024 4007 monasterium
3078 3957 3307 4015 mittere
3355 3970 3626 4034 sumptas

1974 4031 2176 4104 emptis
2204 4033 2415 4104 operis.
2440 4036 2885 4108 Tranquillitate
2905 4057 3041 4095 vero
3065 4053 3356 4118 percepta,
3381 4031 3625 4108 manda-

1971 4120 2051 4176 vit
2083 4137 2186 4192 per
2234 4120 2645 4179 Francolinum
2687 4127 2815 4198 jam
2860 4129 3016 4184 dicto
3049 4132 3236 4203 fratri,
3290 4143 3354 4192 ut
3400 4139 3626 4197 cnncito
3688 4156 3695 4159 ·

1971 4210 2155 4281 gradu
2177 4211 2397 4266 veniret
2412 4211 2585 4267 Druis
2606 4216 2677 4268 ad
2701 4217 3143 4291 suscipiendum
3167 4239 3386 4282 munus
3407 4228 3623 4299 operis.

1972 4300 2045 4353 At
2074 4297 2169 4353 ille
2199 4301 2531 4371 vespertina
2561 4304 2763 4374 synaxi
2785 4305 3033 4379 expleta,
3065 4313 3125 4365 et
3155 4315 3222 4366 ut
3243 4330 3371 4370 mos
3399 4297 3490 4372 est
3508 4332 3627 4373 mo-

1974 4385 2178 4443 nachis
2209 4395 2481 4462 percepta
2513 4391 2913 4450 benedictione
2954 4396 3208 4467 abbatis,
3256 4400 3341 4459 ire
3370 4405 3625 4477 perrexit

1973 4476 2042 4529 ad
2063 4478 2369 4533 cacumina
2390 4478 2673 4537 Druensis
2689 4484 2887 4539 castri.
2906 4483 3159 4544 Veniens
3181 4507 3313 4547 vero
3330 4476 3463 4565 post
3479 4494 3623 4550 solis

1972 4581 2246 4622 occasum
2278 4567 2347 4622 ad
2378 4573 2591 4624 sancta:
2621 4570 2918 4628 Columbae
2939 4580 3200 4649 portum,
3228 4583 3625 4639 transfretavit

1972 4671 2103 4710 cum
2129 4655 2254 4712 suis
2284 4656 2557 4713 Icaunam
2588 4658 2852 4718 ﬂuvium.
2877 4668 3136 4737 Cumque
3158 4670 3465 4739 paululum
3488 4673 3625 4729 sub-

1970 4744 2216 4800 stilisset
2245 4744 2303 4800 in
2330 4744 2543 4816 littore,
2576 4748 2729 4804 inter
2767 4756 3003 4808 caateras
3033 4754 3233 4812 stellas
3263 4759 3477 4829 quibus
3510 4777 3623 4816 nox

1970 4831 2547 4903 illustrabalur,vidit
2570 4839 2865 4910 quoddam
2894 4841 3058 4897 sidus
3079 4859 3482 4919 exsurgere,eo
3504 4865 3620 4920 quo

1968 4920 2165 4976 aestivo
2187 4925 2447 4995 tempore
2470 4925 2617 4981 solet
2632 4926 2835 4982 horam
2855 4927 2966 4983 diei
2989 4929 3241 5001 primam
3270 4934 3357 4990 sol
3380 4935 3619 4992 demon-

1970 5016 2173 5066 strare.
2216 5010 2379 5075 Quod
2438 5014 2709 5071 exsiliens
2759 5016 2831 5071 de
2880 5016 2973 5072 sui
3019 5023 3185 5077 ortus
3232 5021 3357 5079 loco
3406 5024 3621 5082 virtute

1969 5099 2165 5156 divina
2196 5102 2372 5174 ccepit
2402 5104 2537 5159 ferri
2581 5104 2854 5161 velociter
2882 5121 2986 5178 per
3033 5124 3188 5178 aera,
3237 5118 3441 5183 petens
3490 5115 3619 5172 οωιί

1969 5188 2355 5246 eminentiora
2380 5191 2527 5260 loca,
2545 5210 2690 5265 pene
2720 5211 2907 5267 usque
2928 5196 2997 5250 ad
3023 5195 3168 5253 illud
3190 5205 3478 5271 punctum
3502 5220 3620 5275 quo

1969 5294 2038 5334 ea
2068 5283 2412 5352 tempestate
2460 5281 2606 5337 solet
2653 5281 2779 5338 ﬁeri
2827 5282 2972 5340 hora
3018 5290 3201 5344 sexta.
3254 5291 3439 5355 Quem
3483 5308 3617 5347 cum

1971 5367 2248 5437 famulus,
2282 5386 2432 5442 equo
2453 5375 2776 5444 praeparato
2794 5372 2888 5428 cui
2906 5373 3159 5433 insidere
3188 5377 3458 5446 debebat,
3492 5380 3619 5436 hor-

1969 5462 2211 5527 taretur,
2235 5459 2375 5533 quia
2396 5476 2511 5519 nox
2528 5459 2897 5532 imminebat,
2922 5468 2987 5523 ut
3007 5467 3345 5528 ascenderet
3366 5487 3380 5532 :
3414 5492 3443 5523 «
3476 5470 3617 5528 Sus-

313 5554 377 5629 (2)
408 5554 565 5615 Forte
587 5561 830 5638 pluteum
849 5556 1178 5645 Sidon,lib.
1211 5574 1273 5633 ιι,
1293 5556 1531 5639 epist.9,
1563 5553 2002 5629 grammaticales
2029 5549 2263 5627 pluteos.
