4036 6160
417 225 530 259 nni-rb

430 261 534 298 HO

1270 231 1672 293 ODORANNI
1719 231 2071 292 MONACHI
2115 229 2179 288 S.
2223 229 2458 289 PETRI
2502 228 2662 288 VIVI
2705 226 2984 288 SENON.
3642 227 3738 296 Ἳτδ

419 371 538 426 line
571 385 663 426 me
694 367 1022 442 paululum,
1047 365 1258 438 inquit,
1292 369 1348 420 et
1377 365 1605 420 intuere
1633 380 1769 421 cum
1787 368 1888 420 tuo
1909 362 2066 419 socio
2099 364 2150 432 Α
2182 361 2283 417 bat
2310 360 2590 417 Parisius.
2616 360 2779 416 Unde
2795 375 3037 416 evocans
3059 358 3531 434 archiepiscopum
3550 364 3747 424 Leuthe-

421 458 715 517 niirabilia
744 458 868 526 Dei,
902 473 1028 528 qua:
1078 456 1364 511 hactenus
1409 471 1524 510 non
1553 453 1693 509 vidi.
1727 454 1849 516 Quo
1890 452 2068 507 mira-

419 548 552 606 culo
583 544 790 603 famuli
821 544 1070 610 attoniti,
1095 544 1432 616 ignorantes
1455 541 1596 616 quid
1624 540 1893 614 prasagii
1924 558 2068 613 pra:-

416 639 615 705 ferret,
647 633 949 707 signaculo
980 631 1170 688 crucis
1196 649 1256 688 se
1283 630 1580 698 muniunt,
1615 635 1672 685 et
1701 630 1815 686 Deo
1847 633 2071 686 sancto-

419 743 533 799 que
559 724 877 781 'Saviuiano
897 722 1180 794 pavefacti
1211 725 1335 776 toto
1366 721 1536 776 corde
1568 734 1630 775 se
1670 719 2067 774 committunt.

409 815 596 872 ‘Stella
617 831 757 870 vero
787 812 847 867 in
877 810 1004 868 loco
1037 829 1154 884 quo
1183 813 1422 866 venerat
1451 806 1760 881 paululum
1781 805 2068 873 substitit,

413 909 471 960 et
496 900 835 976 retrogrado
863 917 1040 957 cursu
1059 901 1131 955 ad
1155 898 1349 954 locum
1373 897 1528 954 unde
1544 900 1785 954 venerat
1806 895 1864 950 in
1892 894 2070 951 unius

415 993 571 1049 hora:
603 991 793 1065 spatio
847 991 1061 1046 iterum
1110 988 1310 1056 rediit;
1371 1003 1548 1058 quam
1590 999 1736 1059 pene
1766 1000 1955 1056 usque
1998 983 2070 1039 ad

415 1080 651 1138 tertiam
681 1078 943 1154 vigiliam
992 1078 1181 1135 noctis
1232 1075 1716 1148 contemplantes,
1758 1091 1888 1129 eam
1919 1072 2073 1128 inter

417 1177 623 1228 caetera
669 1170 864 1226 sidera
913 1165 1160 1241 implere
1221 1181 1462 1222 cursum
1511 1163 1755 1221 solitum
1801 1163 2074 1218 viderunt

417 1265 678 1328 ovantes,
710 1263 774 1316 'et
803 1259 955 1314 inter
975 1274 1036 1313 se
1067 1256 1207 1328 quid
1231 1255 1660 1311 demonstraret
1685 1253 2067 1308 conferentes.

415 1349 641 1414 Quibus
663 1348 859 1404 animo
883 1346 1156 1412 occurrit,
1181 1345 1336 1416 quod
1367 1347 1620 1415 emptum
1655 1341 1765 1397 iter
1793 1356 2070 1414 prospero

418 1454 626 1510 gressu
655 1439 1022 1508 peragerent,
1056 1439 1114 1490 et
1142 1433 1382 1488 demum
1404 1432 1516 1488 voti
1541 1435 1839 1503 compotes
1861 1429 2071 1486 conciti

420 1527 493 1582 ad
520 1526 768 1581 domum
789 1524 1064 1581 redirent.
1089 1522 1306 1578 Dantes
1331 1526 1609 1594 praeterea
1629 1535 1756 1576 sese
1780 1517 2070 1576 maturius

421 1613 608 1670 labori
640 1613 808 1688 empti
829 1612 1074 1679 itineris,
1097 1629 1200 1684 per
1221 1610 1550 1684 squalidam
1570 1608 1822 1680 Belsam,
1845 1625 1912 1667 eo
1938 1624 2068 1664 sur-

421 1708 593 1776 gente
623 1720 657 1760 a
685 1718 890 1798 mensa
917 1705 1306 1798 pervenerunt
1326 1699 1397 1756 ad
1420 1698 1702 1798 palatium
1721 1697 1896 1771 regis.
1920 1697 2067 1796 Prfe-
2101 1733 2146 1798 Β

421 1791 607 1848 missa
635 1806 770 1848 vero
799 1788 1151 1846 salutatione
1179 1787 1335 1861 regis
1366 1793 1422 1843 et
1452 1787 1684 1859 reginae,
1721 1793 1783 1842 ut
1821 1785 2067 1841 veracis-

419 1880 572 1935 sima
629 1873 1005 1953 apparerent
1033 1877 1242 1934 sideris
1287 1877 1610 1949 praesagia:
1648 1898 1675 1926 «
1709 1875 2068 1947 Suscipiens,

418 1968 610 2041 inquit
642 1968 928 2024 monacho
960 1968 1184 2040 regina,
1222 1981 1348 2039 quae
1381 1970 1583 2022 sancto
1621 1963 1935 2020 Saviniano
1967 1980 2070 2035 pro

421 2075 592 2130 posse
648 2056 1050 2129 disposuimus
1109 2057 1180 2112 ad
1215 2071 1473 2128 praesens
1529 2055 1762 2110 mittere
1803 2069 2068 2120 munera,

423 2147 668 2202 festinus
689 2151 973 2202 revertere
1006 2145 1076 2200 ad
1099 2143 1497 2216 propria,quia
1518 2160 1624 2218 nos
1645 2159 1877 2198 summo
1901 2157 2071 2196 mane

421 2236 825 2307 disposuimus
855 2235 1014 2290 abire
1044 2235 1208 2290 alias.
1233 2253 1258 2285 ιδ
1299 2235 1366 2288 Et
1387 2233 1585 2288 statim
1612 2233 1910 2304 proferens
1943 2231 2069 2286 auri

422 2323 699 2380 tredecim
723 2322 946 2378 solidos
969 2323 1039 2378 ad
1063 2322 1360 2395 publicam
1383 2325 1679 2376 monetam
1700 2319 2072 2376 Aurelianen-

422 2429 546 2468 sem
573 2427 894 2485 appensos:
927 2436 953 2462 α
976 2411 1032 2465 Si
1052 2411 1176 2476 tibi,
1207 2410 1417 2482 inquit,
1444 2427 1557 2464 non
1581 2409 1801 2465 sufficit
1826 2413 2069 2464 monetae

423 2499 784 2572 ponderatio,
846 2500 1097 2572 praebeat
1149 2499 1324 2554 fidem
1381 2499 1615 2570 proprio
1669 2495 1834 2552 oculo
1867 2497 2072 2553 iterata

422 2590 793 2663 propensio.»
817 2592 940 2656 Quo
956 2590 1363 2662 ponderato,re
1385 2585 1699 2642 nihilaliud
1715 2603 1892 2658 quam
1914 2586 2070 2658 quod

421 2677 624 2753 regina
652 2677 1000 2752 praedixerat
1039 2678 1148 2733 fuit
1177 2677 1453 2733 invenire.
1501 2666 1824 2749 Regressus
1872 2676 2070 2747 itaque

424 2767 749 2823 monachus
777 2769 893 2823 voti
919 2782 1159 2838 compos
1181 2767 1251 2822 ad
1279 2764 1722 2830 monasterium,
1755 2767 2069 2836 postquam

423 2855 576 2929 regis
597 2853 667 2912 ei
687 2861 849 2928 parte
872 2861 929 2910 et
951 2855 1162 2927 reginae
1185 2854 1328 2910 dixit
1345 2854 1540 2910 abbati
1563 2859 1621 2910 et
1636 2854 1920 2909 fratribus
1943 2870 2066 2922 ave,

423 2945 663 3018 protulit
677 2943 955 3000 auritulvi
973 2948 1172 3000 sancto
1188 2943 1499 2999 Saviniano
1513 2942 1930 2999 transmissum
1949 2959 2072 2998 mu-

422 3052 534 3090 nus
565 3035 635 3089 de
665 3033 958 3091 cassilide.
1009 3035 1344 3105 Appensum
1377 3051 1513 3105 ergo
1545 3032 1738 3104 palam
1772 3032 2067 3099 omnibus,

2179 450 2387 519 ricum,
2422 450 2728 507 humiliter
2748 447 3064 522 postulavit
3092 453 3155 504 ut
3171 450 3565 508 monasterium
3583 455 3748 524 adiret,

2178 544 2235 595 et
2256 539 2441 595 sancti
2466 538 2742 613 martyris
2763 556 2974 612 corpus
2995 538 3064 594 de
3083 537 3284 594 locello
3303 535 3574 611 plumbeo,
3593 541 3642 596 in
3661 561 3750 615 quo

2179 628 2251 684 ab
2273 628 2534 701 antiquis
2557 628 2828 685 Patribus
2851 628 3105 700 positum
3124 628 3332 695 fuerat,
3353 627 3410 683 in
3426 645 3584 685 aurea
3597 648 3750 705 capsa,

2179 735 2357 789 quam
2390 717 2475 772 illi
2505 722 2832 790 paraverat,
2865 722 3289 788 transponeret.
3320 717 3495 772 Atille
3534 725 3670 774 sexta
3693 723 3754 777 fe-

2180 807 2286 874 ria,
2315 807 2408 862 cui
2435 808 2782 863 succedente
2806 806 2898 861 die
2916 804 3218 862 Dominica
3239 805 3430 861 futura
3443 808 3756 879 przestolaba-

2179 901 2278 952 tur
2307 896 2610 968 festivitas,
2638 897 2706 951 ad
2733 895 3156 952 monasterium
3179 895 3410 951 veniens
3432 912 3638 952 summa
3653 915 3757 953 cum

2178 985 2573 1053 veneratione,
2605 1002 2726 1040 una
2753 1001 2887 1043 cum
2910 985 3188 1040 fratribus
3210 983 3428 1039 monita
3448 985 3585 1058 regis
3604 984 3760 1057 imple-

2179 1073 2280 1141 vit,
2313 1084 2644 1148 cOrpusque
2673 1079 2729 1128 S.
2762 1073 3025 1142 Eodaldi,
3075 1073 3232 1146 quod
3291 1089 3422 1129 cum
3467 1091 3527 1130 eo
3572 1075 3758 1146 reperit,

2180 1181 2314 1219 cum
2334 1181 2573 1236 corpore
2595 1165 2654 1220 S.
2675 1162 2973 1220 Saviniani
2998 1179 3244 1234 ponens,
3263 1179 3395 1218 ossa
3413 1163 3564 1234 pueri
3581 1162 3761 1234 parvuli

2181 1270 2316 1308 cum
2347 1270 2413 1309 eo
2444 1252 2671 1308 humati
2706 1251 2964 1325 reposuit
2985 1268 3126 1322 una,
3156 1255 3213 1308 et
3235 1250 3472 1324 expletis
3503 1251 3762 1308 missarum

2180 1341 2484 1398 solemniis
2516 1342 2808 1397 edendum
2840 1339 3000 1397 abiit.
3050 1341 3251 1396 Fratre
3297 1357 3446 1406 vero,
3492 1339 3592 1395 sub
3631 1340 3764 1410 cujus

2180 1430 2421 1487 arbitrio
2455 1434 2511 1487 et
2536 1430 2901 1503 providentia
2920 1429 3099 1485 totius
3130 1426 3324 1501 operis
3355 1427 3558 1483 fabrica
3587 1434 3765 1484 consta-

2180 1519 2299 1587 bat,
2333 1520 2391 1575 in
2425 1519 2598 1575 choro
2631 1517 2971 1575 monasterii
3003 1518 3315 1584 residente,
3347 1521 3403 1572 et
3421 1516 3674 1589 imagines
3697 1535 3767 1572 ar-

2179 1612 2440 1681 genteas,
2464 1625 2612 1681 quas
2624 1607 2898 1680 operculo
2910 1624 3094 1680 capsae
3108 1606 3424 1680 superponi
3437 1605 3766 1678 disposuerat,

2180 1715 2314 1754 cera
2341 1697 2502 1754 molli
2525 1699 2837 1765 refovente,
2857 1695 3195 1769 supervenit
3214 1713 3283 1751 ex
3301 1695 3614 1768 improviso,
3634 1695 3766 1760 duce,

2182 1805 2361 1861 puero
2383 1786 2894 1860 parvulo,quidam
2918 1803 3102 1842 caecus
3129 1783 3434 1858 postulans
3455 1801 3513 1842 se
3531 1783 3767 1840 intromit-

2180 1877 2224 1932 ti
2250 1878 2308 1932 in
2341 1881 2542 1950 crypta
2571 1876 2672 1933 ubi
2693 1883 2748 1932 S.
2774 1875 3068 1932 Saviniani
3102 1875 3424 1948 repositum
3447 1878 3562 1930 erat
3582 1890 3766 1945 corpus.

2180 1966 2288 2033 Qui
2321 1967 2655 2022 sciscitatus
2685 1983 2718 2022 a
2749 1964 3034 2022 monacho
3079 1965 3215 2037 quis
3264 1968 3440 2030 esset,
3469 1969 3522 2019 et
3551 1962 3680 2018 unde
3704 1960 3767 2017 vel

2181 2057 2350 2127 cujus
2381 2056 2461 2110 rei
2492 2055 2684 2127 gratia
2729 2053 3082 2122 advenisset,
3113 2054 3416 2126 professus
3456 2056 3538 2107 est
3579 2069 3634 2108 se
3673 2067 3769 2105 esse

2181 2145 2492 2212 rusticum,
2515 2149 2572 2199 et
2601 2143 2660 2199 in
2689 2161 2837 2217 pago
2869 2143 3267 2211 Wastinense,
3299 2143 3358 2197 in
3380 2141 3507 2198 villa
3527 2159 3640 2214 quas
3659 2141 3770 2196 Fon-

2180 2237 2352 2289 tanas
2373 2233 2605 2300 dicitur,
2627 2232 2839 2290 habere
2861 2229 3264 2288 habitaculum
3283 2232 3355 2287 ad
3374 2230 3712 2296 manendum,
3729 2235 3770 2283 et

2180 2322 2414 2395 proprio
2445 2323 2681 2379 nomine
2711 2322 2900 2379 vocari
2935 2321 3307 2377 Mainardum
3334 2339 3347 2389 ;
3382 2324 3436 2376 et
3463 2319 3768 2375 admonitum

2181 2416 2349 2468 nocte
2381 2412 2674 2484 praeterita
2699 2411 2755 2466 in
2789 2410 3034 2478 somnis,
3069 2415 3132 2465 ut
3163 2411 3238 2465 ad
3273 2411 3332 2466 S.
3365 2409 3633 2466 Saviniani
3661 2424 3768 2479 prae-

2181 2501 2430 2557 sentiam
2462 2501 2702 2568 veniret,
2736 2505 2792 2556 et
2821 2499 3020 2555 lumen
3048 2498 3356 2555 oculorum
3405 2499 3481 2554 ibi
3526 2498 3768 2570 reciperet.

2179 2591 2318 2645 Erat
2346 2589 2504 2646 enim
2530 2589 2851 2646 triennium
2883 2606 2951 2646 ex
2971 2606 3085 2661 quo
3116 2588 3321 2646 lumen
3345 2588 3604 2644 amiserat
3626 2584 3771 2642 ocule

2180 2695 2333 2734 rum.
2359 2678 2743 2735 Intromissus
2768 2680 2965 2751 itaque
2989 2679 3060 2734 ad
3084 2682 3359 2734 sanctum
3382 2677 3590 2732 diutius
3610 2673 3768 2738 oravit,

2180 2768 2281 2823 sed
2310 2767 2456 2824 nihil
2488 2767 2732 2824 luminis
2763 2769 2890 2840 ipsa
2921 2768 3015 2823 die
3045 2767 3343 2840 percipere
3375 2766 3592 2823 meruit.
3621 2761 3770 2820 Nimio

2178 2873 2314 2912 vero
2334 2857 2640 2913 suavitatis
2672 2857 2866 2924 odore,
2892 2862 2957 2912 ut
2975 2857 3098 2929 ipse
3121 2856 3290 2924 dixit,
3317 2856 3579 2930 repletus,
3596 2853 3656 2909 ad
3676 2868 3771 2924 pro-

2180 2945 2307 3017 pria
2344 2950 2434 3002 est
2466 2963 2754 3002 reversus.
2787 2945 3140 3002 Adveniente
3173 2947 3359 3020 igitur
3387 2945 3476 3001 die
3506 2941 3770 3003 Dominica,

2180 3036 2348 3109 adest
2375 3053 2474 3091 rex
2503 3053 2638 3091 cum
2670 3036 2795 3091 suis
2825 3035 3113 3108 episcopis
3145 3041 3204 3092 et
3225 3035 3574 3109 proceribus,
3594 3025 3771 3086 abbati-

422 3140 527 3196 per
556 3136 800 3179 manum
831 3103 1157 3179 Francolini
1191 3122 1413 3178 ostiarii
1445 3103 1501 3178 et
1531 3103 1848 3177 liaimberti
1902 3120 2072 3177 celle-
2095 3103 2145 3172 (ἶ
2183 3103 2296 3179 bus
2328 3141 2558 3197 quoque
2589 3129 2646 3180 et
2673 3103 2918 3191 clericis,
2954 3103 3179 3181 necnon
3214 3103 3271 3182 et
3300 3123 3506 3198 pepulo
3551 3121 3770 3176 innume-

422 3212 560 3268 rarii
594 3212 768 3285 regis,
800 3211 1023 3267 trutina
1071 3215 1314 3283 urgente
1363 3210 1663 3265 inventum
1714 3214 1803 3264 est
1846 3214 2070 3282 septem

421 3299 693 3355 denarios
725 3299 858 3372 plus
889 3299 1132 3354 habens.
1172 3297 1334 3354 Unde
1372 3299 1733 3371 stupefactus
1765 3299 1942 3354 frater
1973 3299 2072 3371 qui

422 3388 734 3454 detulerat,
769 3394 825 3444 et
873 3387 1063 3443 caeteri
1095 3387 1471 3455 admirantes,
1524 3393 1919 3460 cognoverunt
1970 3405 2072 3460 pro

423 3481 578 3532 certo
601 3475 740 3548 quia
767 3477 866 3547 qui
905 3475 1116 3532 sideris
1137 3477 1456 3533 mutatione
1488 3477 1545 3531 in
1577 3479 1767 3532 eundo
1799 3477 2074 3550 dignatus

423 3571 513 3622 est
561 3565 865 3621 ostendere
918 3563 1289 3633 miraculum,
1339 3570 1397 3620 et
1454 3566 1553 3638 qui
1581 3584 1650 3621 ex
1695 3566 1878 3622 nihilo
1939 3566 2076 3622 fecit

425 3659 612 3711 totum
636 3654 950 3721 mundum,
975 3652 1032 3708 in
1057 3653 1287 3710 sacculo
1311 3654 1442 3710 fidei
1464 3655 1536 3710 ob
1567 3655 1839 3710 meritum
1864 3661 2076 3729 marty-

425 3744 508 3800 ris
537 3743 827 3799 concessit
846 3744 1160 3799 exuberare
1190 3743 1555 3811 fulvum,sub
1577 3743 1934 3816 septiformis
1964 3763 2073 3800 nu-

425 3847 585 3888 mero
615 3832 880 3904 spiritus,
913 3845 1140 3888 aurum.
1178 3833 1247 3887 Et
1269 3833 1367 3905 qui
1395 3833 1466 3887 ad
1492 3832 1897 3889 redimendum
1922 3833 2074 3892 filios

420 3921 807 3987 viduae,Elisei
829 3921 1151 3977 intercessu
1176 3921 1390 3977 fecitsu
1398 3939 1501 3994 per
1512 3933 1843 3979 excrescere
1856 3921 2074 3993 oleum,

422 4011 614 4083 exigui
647 4009 771 4066 auri
804 4009 1226 4066 munusculum
1259 4011 1562 4067 devotione
1593 4010 1746 4085 regis
1778 4015 1834 4067 et
1864 4011 2074 4085 regina:

423 4100 559 4156 fecit
588 4097 934 4156 maximum.
957 4100 1026 4155 Et
1055 4103 1233 4172 caput
1253 4099 1468 4155 Christi
1493 4105 1665 4171 Deus,
1694 4099 1794 4173 qui
1825 4118 1929 4174 per
1949 4119 2077 4173 pro-

423 4189 662 4262 phetam
705 4205 878 4245 suum
915 4189 1099 4245 dixit:
1135 4196 1434 4258 Argentum
1459 4197 1510 4245 et
1537 4207 1739 4245 aurum
1766 4207 1947 4246 meum
1975 4199 2071 4258 est,

424 4275 712 4351 quidquid
740 4279 1022 4334 membris
1064 4278 1208 4344 suis,
1237 4278 1293 4334 id
1327 4284 1415 4336 est
1445 4279 1665 4355 sanctis
1695 4280 2072 4352 martyribus,

422 4367 663 4435 confert,
689 4365 929 4423 alterius
946 4385 1061 4422 non
1085 4373 1192 4422 est.
1213 4368 1417 4424 Postea
1429 4367 1590 4424 dedit
1607 4386 1703 4424 rex
1717 4387 1818 4442 per
1835 4387 2075 4426 manum

2183 3213 2377 3280 rabili,
2411 3215 2481 3269 ad
2524 3213 3022 3270 transvehendum
3055 3230 3270 3286 corpus
3303 3211 3486 3269 sancti
3532 3205 3770 3278 martyris.

2183 3303 2366 3368 Quem
2382 3302 2712 3375 suscipiens
2731 3320 2847 3358 una
2866 3320 3003 3358 cum
3025 3303 3143 3358 tilio
3162 3321 3273 3360 suo
3293 3303 3552 3367 Roberto,
3573 3293 3773 3372 propriis

2183 3390 2442 3464 scapulis
2474 3391 2736 3463 reposuit
2776 3409 2910 3446 cum
2968 3391 3247 3448 manibus
3303 3391 3426 3448 suis
3457 3389 3564 3456 ille,
3608 3385 3689 3442 ubi
3730 3382 3772 3437 in

2185 3480 2452 3551 praesenti
2468 3485 2820 3536 veneratura
2833 3480 3105 3536 fidelibus
3118 3480 3599 3554 populis.Peracto
3612 3471 3773 3529 deinde

2183 3569 2430 3625 solemni
2453 3569 2665 3638 ofﬁcio,
2690 3573 2744 3624 et
2766 3586 2898 3642 rege
2923 3570 3300 3626 recumbente
3317 3570 3386 3624 ad
3408 3581 3666 3630 mensam,
3687 3576 3773 3614 m0-

2183 3657 2505 3729 nachisque
2537 3658 3126 3726 edentibus,sedebat
3149 3658 3234 3714 ibi
3257 3675 3407 3730 saepe
3449 3658 3589 3712 fatus
3619 3665 3772 3706 mona-

2184 3747 2354 3816 chus,
2387 3745 2485 3802 ubi
2519 3763 2655 3802 eum
2686 3747 2960 3818 perendie
3012 3747 3316 3803 sedentem
3357 3762 3527 3818 supra
3571 3740 3775 3810 scriptus

2183 3834 2486 3893 invenerat
2534 3852 2740 3891 caicus.
2776 3836 2885 3900 Qui
2925 3841 3072 3892 nutu
3103 3836 3206 3891 Dei
3256 3838 3496 3892 ducente
3540 3849 3595 3888 se
3640 3839 3776 3902 puero

2185 3923 2627 3998 superveniens,
2644 3925 2792 3980 dixit
2806 3942 2866 3980 se
2881 3925 3092 3980 iterum
3105 3925 3164 3979 in
3187 3925 3432 3982 sommis
3450 3917 3776 3980 admonitum.

2185 4018 2249 4070 ut
2281 4013 2636 4086 quantocius
2669 4017 2954 4086 repeteret
2983 4015 3040 4071 S.
3080 4014 3378 4070 Saviniani
3424 4009 3696 4069 auxilium.
3732 4000 3781 4055 Et

2184 4103 2505 4175 projiciens
2527 4120 2588 4158 se
2611 4103 2734 4158 solo
2758 4107 2928 4159 tenus
2953 4109 3084 4159 ante
3104 4102 3478 4176 praesentiam
3500 4091 3781 4162 sancti,eju3

2173 4190 2651 4264 suifragantibus
2666 4192 2913 4260 meritis,
2929 4192 3117 4248 visum
3133 4192 3374 4266 recepit.
3394 4187 3562 4261 thui
3577 4192 3781 4266 eousquq

2185 4296 2219 4334 α
2248 4262 2493 4353 parvulo
2526 4280 2768 4353 puerulo
2801 4281 3144 4349 ducebatur,
3183 4262 3556 4346 eo_ducente,
3583 4287 3705 4347 puer
3727 4262 3779 4320 ad

2186 4369 2432 4426 domum
2466 4370 2793 4426 revertitur.
2819 4375 2936 4426 Rex
2965 4376 3098 4426 vero
3131 4387 3385 4444 surgens
3414 4387 3447 4426 a
3473 4378 3656 4423 mensa
3682 4371 3782 4444 orti-

422 4457 719 4512 Odoranni
781 4457 1052 4511 monachi
1123 4457 1368 4513 Senonis
1423 4457 1552 4513 auri
1608 4459 1813 4514 uncias
1871 4477 1972 4515 vm
2019 4463 2078 4516 et
2111 4477 2157 4542 Ι)
2190 4458 2368 4517 tionis
2394 4477 2592 4526 causa,
2628 4463 2690 4514 ut
2747 4477 2874 4516 mos
2904 4454 2990 4515 illi
3028 4465 3170 4526 erat,
3233 4442 3393 4516 solus
3449 4448 3698 4513 remansit
3736 4442 3779 4497 in

423 4544 649 4615 argenti
685 4542 828 4598 meri
861 4543 1080 4599 solidos
1107 4561 1199 4600 xv.
1234 4543 1295 4599 In
1327 4544 1681 4616 perficiendo
1721 4563 1853 4601 vero
1885 4563 2076 4618 opere,

421 4647 494 4688 ne
508 4632 670 4688 fieret
692 4631 812 4705 regi
833 4632 993 4686 oneri
1011 4633 1283 4704 frequens
1298 4633 1602 4704 requisitio
1621 4634 1746 4688 auri
1760 4638 1817 4689 et
1829 4636 2077 4707 argenti,

423 4722 632 4777 addita:
665 4726 806 4777 sunt
851 4721 920 4775 de
951 4721 1229 4776 thesauro
1267 4721 1538 4780 Ecclesiae
1585 4722 1847 4796 quinque
1896 4725 2078 4781 unciae

423 4810 574 4879 auri,
605 4816 662 4867 et
689 4816 810 4867 tres
841 4809 1000 4866 libras
1033 4809 1258 4884 argenti
1291 4812 1457 4866 meri.

494 4899 794 4972 Descripto
827 4900 1025 4974 itaque
1047 4904 1331 4972 apparatu
1367 4901 1478 4956 Deo
1500 4900 1838 4973 dignissimi
1863 4903 2075 4975 cperis,

425 5003 611 5059 operae
643 4990 895 5060 pretium
928 4991 1017 5046 est
1047 4989 1269 5046 exorari
1303 4989 1654 5046 miraculum
1673 4991 1947 5048 anserino
1980 5011 2078 5049 vo-

426 5091 604 5145 mere,
632 5079 788 5149 quod
812 5080 907 5134 Dei
933 5078 1354 5151 omnipotentia
1383 5079 1773 5152 praesentibus
1798 5082 1966 5139 nobis
1995 5083 2079 5138 di-

425 5168 604 5237 gnata
651 5169 739 5221 est
785 5183 952 5238 agere
983 5168 1044 5222 in
1103 5169 1288 5225 sancti
1347 5169 1622 5242 martyris
1671 5169 2073 5227 translatione.

425 5254 636 5326 Optata
657 5253 985 5311 festivitatis
1006 5257 1135 5326 ejus
1158 5257 1304 5325 dies,
1319 5276 1436 5331 qua
1447 5260 1518 5314 ab
1533 5257 1792 5331 antiquis
1807 5259 2077 5316 Patribus

425 5343 554 5414 ejus
583 5342 909 5399 venerabile
949 5359 1160 5416 corpus
1194 5363 1309 5401 una
1339 5365 1472 5403 cum
1521 5347 1694 5404 sociis
1727 5348 1786 5403 in
1834 5349 2079 5406 basilica

427 5431 614 5486 sancti
648 5426 798 5489 Petri
828 5432 1178 5488 translatum
1214 5439 1320 5503 est,
1345 5437 1874 5510 apprOpinquabat,
1903 5445 1960 5494 et
1982 5456 2078 5496 rex

426 5518 861 5601 aliquantulum
878 5521 1123 5583 Senonis
1144 5529 1562 5598 commoratus,
1594 5528 1780 5586 redire
1804 5527 2076 5604 dispone-

2191 4547 2459 4603 ecclesia.
2493 4547 2600 4612 Qui
2643 4549 2785 4603 dum
2841 4549 3049 4616 oraret,
3101 4548 3350 4621 contigit
3387 4550 3449 4603 ut
3494 4537 3780 4615 saepedictus

2193 4633 2370 4690 frater
2398 4635 2704 4691 ecclesiam
2737 4637 3000 4693 intraret.
3032 4638 3214 4703 Quem
3252 4636 3532 4710 aspiciens
3574 4625 3779 4710 eminus.

2192 4724 2513 4795 tranquilla
2543 4742 2722 4780 manu
2753 4725 2948 4782 innuit
2979 4729 3043 4780 ut
3075 4708 3377 4782 accederet
3406 4719 3644 4796 propius.
3671 4708 3776 4767 Cui:

2190 4836 2216 4863 «
2255 4814 2476 4869 Enarra
2505 4814 2672 4882 mihi,
2697 4815 2908 4887 inquit,
2942 4820 2998 4870 S.
3032 4815 3412 4871 Potentianus
3431 4816 3482 4867 S.
3521 4800 3778 4887 Saviniano

2189 4903 2330 4974 quid
2361 4902 2556 4959 fuerit.
2592 4927 2619 4952 ››
2645 4906 2718 4959 At
2741 4885 2860 4976 ille,
2884 4905 3038 4976 quod
3063 4904 3260 4961 socius
3283 4906 3408 4977 ejus
3429 4902 3485 4958 in
3510 4889 3703 4984 itineris
3719 4885 3778 4984 la:

2187 4991 2348 5058 bore,
2382 4996 2440 5050 et
2489 5010 2795 5049 successor
2824 4993 2882 5048 in
2914 4993 3152 5062 honore,
3205 4998 3263 5050 et
3310 4991 3522 5063 collega
3563 4983 3776 5071 martyr}?

2187 5081 2383 5150 fuerit,
2430 5081 2736 5137 humiliter
2777 5081 2996 5138 intulit.
3043 5084 3206 5139 Tunc
3239 5100 3336 5139 rex
3364 5076 3598 5154 graviter
3639 5063 3775 5154 60:31":t

2186 5143 2486 5242 conqueri,
2523 5176 2579 5226 et
2609 5173 2827 5245 pugnis
2856 5178 3059 5244 pectus
3083 5173 3344 5239 tundere,
3364 5143 3439 5226 eo
3461 5163 3603 5239 quod
3619 5171 3701 5214 eos
3717 5143 3774 5206 ab

2186 5260 2434 5315 invicem
2467 5267 2798 5333 separasset
2839 5278 3098 5334 corpore.
3135 5264 3204 5318 Et
3232 5259 3561 5335 promittens
3586 5265 3639 5306 se
3664 5253 3770 5335 eun}

2187 5349 2344 5406 socio
2373 5351 2764 5419 redditurum,
2798 5351 3094 5407 commisit
3123 5352 3309 5407 eidem
3331 5345 3485 5404 fratri
3508 5335 3712 5410 triginta
3729 5329 3771 5382 ei

2186 5445 2305 5496 tros
2329 5440 2545 5496 solidos
2578 5441 2719 5498 meri
2753 5439 2998 5512 argenti,
3044 5445 3108 5497 ut
3139 5440 3270 5496 inde
3300 5434 3560 5508 inciperet
3585 5431 3766 5512 ρτεερθξ

2188 5546 2314 5591 rare
2347 5529 2630 5590 scrinium
2661 5534 2716 5590 S.
2745 5507 3096 5592 Potentiam.
3127 5531 3237 5592 Sed
3259 5530 3395 5594 dum
3418 5507 3530 5585 ista
3554 5507 3766 5595 agitabat
