4036 6160
129 305 233 364 7T7

830 298 933 359 ne
970 298 1422 361 TRANSLAT.
1468 297 1576 359 ss.
1622 292 2050 364 smmum,
2098 289 2616 366 POTENTIANI,
2661 270 2830 356 E'rc.

3424 293 3543 381 ⁷⁷8

126 452 321 509 agereL
338 437 681 508 praeventus
729 448 983 504 superna
1029 433 1331 489 vocatione
1382 429 1629 486 reddidit
1658 428 1772 481 Deo
1802 431 1855 494 Α
1887 425 2040 497 quod
2074 441 2209 480 cum
2233 441 2298 479 eo
2329 425 2536 479 minus
2563 426 2821 483 studiose
2852 426 2922 483 ab
2948 427 3245 483 Horibcrto
3265 424 3546 482 canonico

101 525 375 605 ‘debitum
410 522 603 597 patris
632 519 815 576 nostri
847 521 1002 576 Adae.

186 614 284 672 Cui
308 614 596 670 miseram
616 611 795 679 Deus,
812 609 1239 683 clemens,pius
1264 616 1438 683 atque
1460 607 1772 680 benignus.

253 704 321 760 Et
346 700 578 758 sanctis
600 700 811 772 junge,
836 699 1244 771 cunctipotens
1266 698 1529 754 Domine.

190 794 367 858 Petre,
395 806 633 847 memor
666 788 869 844 lamuli
904 805 1138 861 semper
1166 778 1241 844 tu‘
1261 787 1344 843 sis
1370 784 1684 842 Odoranni.

187 880 495 936 Saviniane
516 883 753 951 potens,
777 877 1158 933 Odorannvm
1193 876 1413 948 respice
1443 875 1720 930 clemens.

188 973 347 1026 Anno
375 969 522 1024 1032
554 967 704 1023 obiit
747 965 1125 1022 Leothericus
1152 964 1645 1037 archiepiscopus.
1679 961 1789 1016 Hic

134 1060 271 1116 dedit
289 1059 349 1114 S.
369 1058 543 1113 Petro
565 1054 766 1111 villam
791 1071 919 1127 qua:
941 1055 1130 1120 Arcia,
1155 1055 1527 1122 dicitur,cum
1550 1051 1782 1107 duabus

138 1147 395 1215 ecclesiis,
422 1146 483 1201 S.
508 1142 816 1201 Michaelis
850 1142 1071 1199 scilicet
1100 1147 1156 1199 et
1174 1147 1388 1200 sancta:
1417 1140 1630 1207 Mariae,
1654 1156 1785 1195 san-

139 1235 306 1307 ctique
336 1233 561 1289 Ebonis
601 1249 740 1288 cum
773 1231 1142 1304 appendiciis
1171 1232 1317 1288 suis.
1350 1233 1419 1287 Et
1464 1235 1681 1286 terram
1712 1229 1783 1284 de

141 1323 494 1396 Tillido,quae
529 1320 721 1377 reddit
749 1320 976 1376 solidos
999 1337 1038 1377 ιι
1061 1320 1132 1376 de
1164 1337 1364 1377 censu.
1389 1319 1493 1376 Hic
1521 1335 1625 1392 per
1656 1335 1785 1373 ma-

144 1430 258 1468 num
282 1410 550 1469 Gerberti
583 1427 769 1482 papa,
797 1410 901 1480 qui
922 1412 982 1464 et
1004 1409 1292 1479 Sylvester
1312 1410 1503 1465 dictus
1530 1412 1639 1476 est,
1668 1406 1787 1480 pal-

145 1502 263 1557 lium
292 1497 797 1571 archiepiscopale
840 1497 1037 1553 Romae
1085 1498 1434 1571 suscipiens,
1467 1497 1784 1570 primatum

146 1591 298 1646 etiam
330 1587 531 1645 Galliae
564 1605 669 1660 per
692 1585 980 1643 baculum
1013 1587 1141 1657 ejus
1170 1587 1408 1661 recepit.
1442 1587 1630 1659 Hujus
1650 1591 1789 1642 tem-

144 1678 356 1749 poribus
387 1693 606 1750 corpus
636 1678 859 1731 sanctae
893 1674 1079 1730 Beata:
1109 1675 1333 1731 sororis
1363 1678 1422 1732 S.
1450 1675 1787 1744 Sanuciani,

1882 514 2130 570 latenter
2152 514 2343 570 fuerat
2362 515 2814 587 transpositam,
2830 516 2903 572 ab
2926 516 3238 571 Odoranno
3259 510 3547 569 monacho

1884 601 2230 660 meliuscule
2261 620 2402 659 cum
2435 606 2565 676 ejus
2593 621 2832 677 corpore
2862 610 2951 661 est
2974 604 3343 669 collocatum,
3371 607 3429 658 et
3461 618 3552 659 ca-

1888 696 1994 765 put
2023 693 2226 769 scrinii
2247 710 2456 750 eorum
2481 711 2623 750 auro
2649 698 2704 750 et
2730 695 3159 768 argento,quod
3182 694 3308 766 ipse
3329 691 3550 762 labore,

1889 786 1956 837 ut
1988 783 2070 837 ita
2111 784 2327 852 dicam,
2366 785 2601 857 proprio
2641 784 2968 857 acquisivit,
3001 782 3552 854 ornatum.‘Corpus

1818 922 1823 927 .
1892 871 1951 927 S.
1987 872 2263 940 Serotini,
2296 873 2573 945 discipuli
2619 875 2677 930 S.
2710 873 3027 942 Saviniani,
3051 873 3110 928 in
3155 870 3425 945 praesenti
3458 886 3552 928 ca-

1893 961 2082 1033 pitulo
2114 962 2368 1034 qualiter
2397 962 2483 1018 vel
2518 981 2551 1017 a
2582 963 2798 1035 quibus
2832 963 2893 1019 in
2924 961 3282 1019 monasterio
3316 962 3377 1016 8.
3400 960 3555 1017 Petri

1893 1049 1973 1105 sit
2002 1050 2286 1117 delatum,
2310 1068 2417 1107 cur
2440 1051 2686 1108 minime
2716 1052 3000 1125 scriptum
3030 1051 3129 1119 sit,
3152 1050 3455 1106 studiosus
3479 1049 3559 1106 le-

1894 1143 2020 1196 ctor
2042 1157 2418 1213 nequaquam
2442 1130 2672 1213 re'putct
2694 1141 2956 1214 segnitiae
2976 1143 3211 1208 nostrae,
3232 1140 3333 1195 sed
3358 1139 3555 1212 potius

1890 1227 2259 1302 ignorantiae.
2285 1230 2567 1285 Praeterea
2612 1246 2717 1302 pro
2767 1233 2922 1286 certo
2954 1230 3181 1285 scimus
3207 1229 3365 1302 quod
3394 1228 3557 1285 basi-

1895 1317 2010 1374 lica
2040 1318 2100 1374 in
2132 1335 2249 1391 qua
2286 1319 2545 1392 primum
2580 1320 2772 1391 jucuit
2802 1336 2835 1375 a
2864 1319 3246 1375 Nortmannis
3276 1318 3475 1375 eversa
3501 1322 3558 1374 et

1895 1406 2166 1463 funditus
2197 1408 2276 1463 sit
2305 1408 2513 1465 deleta.
2539 1409 2764 1482 Corpus
2784 1426 2918 1465 vero
2950 1409 3081 1480 ejus
3114 1408 3172 1462 in
3204 1408 3558 1464 monasterio

1894 1500 1953 1551 S.
1980 1498 2129 1553 Petri
2161 1498 2583 1571 transpositum
2618 1498 2679 1553 in
2712 1516 2851 1571 pace
2883 1497 3300 1570 requiescit,et
3332 1497 3561 1571 fulgens

1898 1586 2203 1643 miraculis
2256 1588 2348 1660 pie
2399 1588 2741 1660 petentibus
2790 1589 2945 1661 apud
2997 1587 3184 1643 Deum
3235 1588 3565 1645 necessaria

1900 1676 2171 1748 acquirit.

1303 2038 2372 2179 HISTORIA

568 2323 1421 2476 TRANSLATIONIS
1497 2324 1644 2475 SS.
1725 2322 1820 2474 Si

1905 2323 2289 2499 'INIANI,
2372 2322 3008 2474 POTENTMNI

1050 2558 1920 2719 SOCIORUMQUE
1993 2604 2639 2695 MARTYRUM

1173 2808 1246 2864 IN
1287 2809 1710 2866 SENONENSE
1750 2813 1806 2866 S.
1849 2809 2060 2865 PETRI
2102 2806 2506 2865 COENOBIUM

534 3002 975 3095 Auctore
1078 2989 1636 3092 Odoranno
1747 2992 1842 3094 8.
1950 2995 2219 3093 Pet/1'
2308 2991 2548 3092 Viri
2647 2990 3146 3093 monac/to

391 3218 493 3299 (A1
515 3217 601 3279 ud
630 3216 899 3292 Mabill.,
938 3216 1092 3278 Acta
1125 3213 1249 3276 SS.
1281 3214 1415 3276 0rd.
1452 3214 1525 3276 S.
1562 3212 1812 3290 Bened.,
1845 3235 1919 3277 ex
1945 3235 2051 3277 ms.
2084 3214 2278 3277 codice
2311 3213 2375 3277 S.
2413 3212 2687 3276 Mariani
2711 3212 3289 3298 Antisszbdorensis.)

1262 3514 1968 3589 OBSERVATIONES
2036 3514 2421 3587 PRIEVI/E.

211 3715 262 3769 1.
296 3716 673 3799 Savinianum
704 3732 838 3772 cum
882 3714 1222 3771 Potentiano
1273 3715 1567 3789 sociisque
1618 3718 1791 3774 {idem
1822 3720 1872 3786 B
1900 3722 2153 3790 accepto,
2178 3716 2515 3773 detulerunt
2544 3731 2782 3789 corpora
2807 3720 3146 3774 sanctorum
3171 3718 3469 3778 Saviuiani
3502 3728 3561 3781 et

150 3800 522 3861 Christianam
564 3805 896 3861 Senonibus
946 3802 1238 3871 intulisse,
1272 3803 1470 3877 ibique
1517 3806 1797 3880 martyrio

154 3890 373 3949 affectos
388 3892 753 3966 sepulturam
775 3893 1267 3965 accepisse,nemo
1284 3897 1373 3948 est
1394 3893 1495 3965 qui
1516 3896 1795 3967 ambigat.

155 3976 349 4037 Eorum
373 3982 618 4039 tumulis
639 3982 914 4055 imposita
928 3985 1020 4038 est
1039 3981 1377 4047 ecclesia,ex
1394 3984 1568 4055 cujus
1585 3984 1798 4057 adytis,

156 4067 417 4128 referente
449 4064 765 4128 Odoranno
805 4072 864 4127 S.
898 4070 1048 4127 Petri
1081 4070 1205 4125 Vivi
1255 4071 1565 4141 monacho,
1592 4096 1621 4124 ‹‹
1644 4091 1798 4129 anno

154 4157 248 4211 847
275 4160 551 4217 translata
569 4165 711 4216 sunt
732 4163 1067 4215 sanctorum
1091 4164 1417 4232 martyrum
1442 4178 1687 4234 corpora
1702 4163 1802 4218 Sa-

151 4245 379 4317 viniani,
404 4249 758 4315 Potentiani,
778 4249 975 4317 Altini,
1002 4254 1178 4320 atque
1204 4249 1447 4305 Eodaldi
1470 4251 1528 4305 in
1558 4251 1803 4307 basilica

156 4338 324 4392 sancti
383 4339 535 4395 Petri
586 4356 621 4393 a
668 4338 968 4393 Wenilone
1026 4337 1465 4412 archiepiscopo
1512 4357 1611 4395 vm
1670 4340 1797 4396 Kal.

157 4423 433 4497 Septemb.
462 4452 491 4478 ››
514 4428 826 4484 Odoranno
855 4427 1081 4482 Clarius
1123 4426 1181 4481 in
1222 4426 1510 4484 Chronico
1543 4429 1799 4484 subscri-

162 4510 256 4579 bit,
273 4513 361 4571 bis
380 4517 572 4573 verbis
592 4533 641 4572 τα
666 4514 1081 4571 Revelaverunt
1103 4532 1164 4571 se
1186 4516 1371 4570 sancti
1397 4517 1610 4573 Christi
1648 4536 1800 4573 mar-

164 4602 301 4671 t)res
327 4604 698 4671 Savinianus,
741 4605 1142 4672 Potentianus,
1184 4604 1436 4673 Altinus,
1481 4606 1798 4673 Eodaldns,

164 4693 215 4743 et
236 4692 526 4751 Serotinus
554 4694 847 4751 Weniloni
900 4694 1336 4766 archiepiscopo
1385 4699 1444 4750 et
1490 4697 1800 4751 Anastasio

167 4778 369 4849 abbati;
400 4784 501 4856 qui
536 4783 793 4839 levantes
824 4800 923 4839 eos
954 4799 1086 4839 cum
1116 4799 1330 4855 magno
1352 4782 1573 4839 honore
1600 4785 1672 4839 de
1703 4801 1800 4840 ec-

171 4865 324 4924 clesia
353 4874 445 4927 ubi
479 4872 694 4944 sepulti
727 4877 910 4935 erant,
934 4871 1363 4927 transtulerunt
1391 4889 1489 4927 eos
1522 4872 1579 4928 in
1607 4872 1804 4929 basili-

176 4969 285 5012 cam
312 4960 456 5016 beati
488 4960 637 5017 Petri
662 4966 860 5017 octavo
882 4960 1172 5017 Kalendas
1195 4961 1612 5033 Septembris,»
1633 4986 1659 5013 «
1685 4979 1801 5035 quo

180 5044 409 5119 tempore
438 5051 650 5107 auditae
681 5054 822 5107 sunt
849 5067 1018 5107 voces
1047 5049 1319 5123 angelica:
1349 5049 1408 5105 in
1440 5050 1602 5107 caelo.
1627 5073 1655 5101 »

234 5138 281 5191 2.
311 5139 517 5197 Eodem
565 5157 719 5197 anno
773 5157 887 5213 quo
934 5163 962 5191 ‹‹
1019 5139 1368 5205 Ludovicus,
1405 5138 1561 5195 ﬁlius
1615 5139 1804 5196 Caroli

128 5282 143 5292 ,
180 5220 467 5298 Simplicis,
500 5229 655 5302 apud
688 5230 1037 5285 Laudunum
1079 5232 1290 5285 unctus
1314 5233 1411 5284 ’est
1440 5229 1499 5284 in
1533 5245 1750 5302 regem,
1777 5252 1805 5279 ››

1905 3806 2250 3874 Potentiani,
2284 3822 2416 3862 eum
2467 3805 2688 3861 caeteris
2738 3809 3074 3862 sanctorum
3110 3809 3472 3881 corporibus,
3504 3817 3563 3869 et

1907 3896 2288 3969 reliquiarum
2320 3894 2687 3968 pignoribus,
2714 3910 2847 3949 cum
2880 3911 3094 3968 magno
3126 3896 3345 3953 honore
3374 3899 3435 3955 in
3466 3917 3560 3958 ec-

1906 3985 2143 4042 clesiam
2175 3985 2439 4056 ejusdem
2472 3982 2737 4047 abbatiaa,
2772 3983 2924 4038 infra
2973 4001 3174 4040 muros
3222 3986 3388 4042 urbis
3420 4005 3559 4047 con-

1908 4077 2192 4129 structam
2226 4073 2283 4128 in
2316 4073 2534 4128 honore
2564 4070 2750 4127 sancti
2783 4071 2955 4127 Petri.
2991 4072 3277 4129 Relictam
3307 4091 3440 4131 vero
3468 4082 3560 4133 est

1909 4179 2120 4234 corpus
2151 4161 2335 4217 sancti
2366 4160 2613 4216 Serotini
2648 4160 2707 4216 in
2740 4164 2940 4233 crypta
2970 4164 3122 4216 retro
3156 4161 3338 4219 altare
3366 4165 3558 4220 sancti

1909 4249 2078 4307 Petri.
2099 4250 2407 4305 Vastantes
2428 4248 2609 4321 igitur
2638 4249 2846 4322 pagani
2871 4254 3141 4305 cunctam
3174 4251 3557 4323 provinciam,

1908 4339 2206 4395 redierunt
2234 4339 2307 4392 ad
2339 4338 2593 4411 propria,
2616 4337 2857 4394 incenso
2879 4338 3143 4394 coenobio
3165 4340 3350 4396 sancti
3385 4342 3556 4409 Petri,

1909 4432 2247 4484 remanente
2280 4427 2357 4483 ibi
2390 4426 2758 4483 solummodo
2790 4428 3043 4503 oratorio
3074 4428 3256 4485 sancti
3287 4430 3561 4500 Serotini,

1910 4518 2065 4590 quod
2099 4517 2340 4572 minime
2373 4520 2691 4589 potuerunt
2720 4517 3049 4573 incendere.
3075 4518 3334 4582 Qualiter
3365 4524 3561 4576 autem

1908 4605 2244 4691 Willelmus
2273 4604 2747 4678 archiepiscopus
2779 4622 3024 4678 corpora
3071 4607 3284 4663 horum
3329 4613 3562 4666 sancto-

1910 4712 2041 4750 rum
2072 4693 2320 4750 voluerit
2365 4694 2633 4761 retinere,
2666 4692 2751 4749 vel
2783 4695 3035 4766 qualiter
3063 4694 3195 4752 illos
3225 4697 3561 4766 reddiderit,

1910 4782 1968 4838 in
2001 4782 2197 4839 libello
2227 4784 2298 4838 de
2327 4782 2644 4839 virtutibus
2675 4783 2861 4839 sancti
2892 4782 3188 4841 Saviniani
3216 4784 3449 4858 plenius
3481 4785 3565 4840 in-

1907 4872 2123 4928 venies.
2152 4895 2178 4921 »
2204 4870 2462 4927 Libellus
2490 4872 2598 4927 iste
2630 4872 2932 4945 ipsissima
2976 4876 3066 4928 est
3110 4873 3355 4930 historia
3385 4891 3563 4948 quam

1910 4960 2004 5016 hic
2036 4960 2407 5031 subjicimus.

1985 5052 2038 5105 3.
2072 5050 2192 5106 Sub
2224 5067 2445 5105 annum
2484 5052 2622 5106 1015
2669 5050 3045 5107 Leotbericus
3091 5052 3443 5109 Senonensis
3471 5070 3564 5109 ar-

1915 5139 2323 5212 chiepiscopus
2343 5156 2461 5195 una
2478 5156 2609 5195 rum
2629 5162 2656 5190 ‹‹
2674 5140 2882 5196 abbate
2905 5139 3198 5198 Rainardo
3219 5142 3567 5217 investigare

1917 5228 2089 5300 coepit
2119 5228 2360 5284 ubinam
2403 5233 2600 5284 essent
2633 5229 2929 5284 recondita
2958 5245 3202 5303 corpora
3228 5237 3567 5288 sanctorum

184 5314 347 5387 pergit
380 5317 626 5385 Clarius,
657 5340 683 5368 ‹‹
713 5316 1064 5391 Hungari....
1098 5316 1504 5389 pervenientes
1550 5318 1809 5375 Senones
1917 5316 2213 5373 Saviniani
2245 5320 2303 5372 et
2350 5317 2694 5372 Potentiani.
2727 5319 2772 5372 A
2816 5321 3075 5391 tempore
3124 5319 3279 5375 enim
3309 5320 3568 5377 Willelm

187 5399 467 5475 civitatem,
492 5407 881 5463 incenderunt
914 5406 1241 5462 coenobium
1288 5406 1473 5461 sancti
1506 5407 1683 5473 Petri,
1711 5425 1806 5461 va-

189 5493 380 5549 stantes
409 5510 644 5551 omnem
669 5494 1047 5567 provinciam.
1071 5497 1324 5551 Cernens
1358 5493 1556 5567 itaque
1581 5495 1806 5553 Sanson

191 5576 347 5639 abbas
389 5588 445 5641 et
490 5584 764 5641 monachi
821 5583 1046 5641 malum
1104 5583 1212 5641 hoc
1263 5583 1507 5659 grande,
1567 5584 1809 5644 consilio

478 5712 742 5777 PATROL.
787 5711 1018 5776 CXLII.

1918 5405 2339 5478 archiepiscOpi
2363 5406 2437 5460 ob
2463 5406 2729 5461 timorem
2753 5423 3114 5480 paganorum
3142 5414 3309 5465 erant
3330 5411 3571 5468 abscon-

1918 5495 2039 5551 dita
2068 5496 2126 5551 in
2158 5495 2364 5551 antris.
2400 5495 2666 5567 Repertis
2696 5500 2895 5552 autem
2926 5497 3011 5552 eis
3041 5514 3146 5570 per
3174 5498 3441 5555 notitiam
3469 5516 3570 5555 cu-

1910 5585 2153 5660 jusdam
2193 5583 2473 5656 veterani,
2507 5584 2741 5642 Martini
2802 5586 3038 5647 nomine
3097 5589 3250 5647 servi
3305 5588 3571 5662 ejusdem

3174 5715 3254 5781 25
