4036 6160
460 5150 468 5166 ι
553 5119 842 5174 Chronico
873 5121 932 5175 S.
959 5120 1108 5174 Petri
1141 5121 1284 5175 Vivi.

535 325 656 388 πθ

1381 318 1788 384 ODORANNI
1831 316 2188 382 MONACHI
2235 317 2299 378 S.
2335 315 2570 378 PETRI
2614 316 2775 379 VIVI
2821 315 3103 378 SENON.

3733 323 3830 387 180

539 458 675 524 loci,
698 474 832 514 cum
861 455 1020 514 omni
1042 454 1348 528 diligentia
1371 454 1756 511 condiderunt
1781 471 1848 509 ea
1881 453 1938 508 in
1969 451 2189 508 locellis
2217 452 2273 519 Α
2303 451 2406 503 886
2427 449 2648 504 delatas
2669 453 2980 504 testantur.
2998 472 3024 497 ‹‹
3038 450 3142 504 Sed
3179 451 3424 521 paganis,
3445 452 3608 524 inquit
3627 454 3833 513 Chronici

539 546 854 621 plumbeis,
878 545 1051 619 plura
1079 543 1362 600 miracula
1405 543 1482 598 ibi
1533 547 1810 616 operante
1839 541 2054 597 virtute
2080 541 2192 596 Do-

539 633 705 694 mini.
731 658 760 686 »
784 635 1197 692 Plumbeorum
1227 633 1592 700 locellorum,
1624 632 1683 688 in
1716 631 1932 704 quibus
1959 629 2195 687 condita

539 727 876 782 sanctorum
909 739 1171 796 corpora,
1207 720 1427 778 mentio
1461 721 1526 776 fit
1557 721 1614 776 in
1645 720 1738 778 his
1772 720 1941 789 actis,
1973 737 2042 776 ex
2071 719 2196 791 qui-

539 814 653 870 bus
681 813 1078 871 narrationem
1129 828 1299 868 suam
1329 809 1588 868 Clarium
1636 809 1908 866 hausisse
1938 827 2053 865 non
2085 808 2193 863 du-

537 901 704 959 binm
735 907 844 960 est.

611 993 662 1048 4.
696 991 959 1067 Denique
987 1009 1057 1050 ex
1087 991 1290 1049 eodem
1322 995 1579 1057 auctore,
1603 1006 1754 1045 anno
1780 989 1916 1045 1020
1935 1008 1967 1041 ι
1991 986 2195 1061 Ingoni

539 1081 736 1138 abbati
759 1081 1048 1139 successit
1067 1082 1322 1138 domnus
1341 1079 1748 1144 Ermenaldus,
1772 1078 1832 1134 in
1855 1079 2025 1148 cujus
2047 1081 2195 1132 tem-

540 1189 680 1245 pore
709 1188 809 1228 rex
841 1172 1132 1229 Robertus
1161 1175 1220 1227 et
1250 1168 1590 1226 Constantia
1619 1168 1822 1240 regina
1852 1181 2195 1238 composue-

540 1265 680 1317 runt
700 1265 903 1318 sancto
921 1260 1232 1317 Saviniano
1253 1257 1512 1315 loculum
1529 1275 1692 1326 auro,
1708 1259 1947 1328 argento
1964 1261 2020 1309 et
2041 1271 2198 1327 gem-

541 1349 659 1407 mis
689 1348 962 1423 pretiosis
1006 1353 1300 1406 ornatum.
1336 1347 1399 1402 In
1433 1363 1547 1418 quo
1593 1345 1970 1401 inseruerunt
2019 1343 2196 1398 etiam

541 1455 678 1494 cum
709 1454 775 1495 eo
805 1454 1018 1511 corpus
1071 1437 1256 1494 sancti
1289 1435 1529 1492 Eodaldi
1561 1451 1694 1491 cum
1745 1434 1980 1490 ossibus
2031 1431 2197 1506 pueri

543 1526 774 1601 parvuli
803 1545 922 1584 una
950 1527 1180 1582 humati
1213 1526 1271 1582 in
1303 1524 1493 1583 loculo
1525 1524 1819 1598 plumbeo,
1843 1524 1900 1578 in
1924 1539 2040 1595 quo
2065 1524 2199 1578 ante

543 1614 1013 1672 continebantur.
1047 1615 1112 1670 In
1144 1631 1260 1687 qua
1307 1612 1691 1669 translatione
1722 1611 1961 1684 quidam
2011 1627 2199 1666 caecus

543 1703 762 1778 recepit
787 1702 1018 1772 lumen;
1052 1708 1110 1760 et
1139 1702 1353 1776 pluvia,
1370 1720 1497 1775 quae
1521 1719 1554 1757 a
1575 1700 1797 1757 Pascha
1817 1700 2050 1758 Domini
2083 1715 2198 1755 non

2301 542 2523 607 auctor,
2551 537 2852 610 aliquanto
2885 543 3016 610 post
3059 543 3310 611 tempore
3340 540 3437 594 hoc
3465 543 3736 598 coenobium
3759 546 3837 598 Jo—

2303 632 2496 684 trense
2519 627 3108 700 occupantibus,dua3
3133 645 3201 684 ex
3228 628 3554 685 monialibus
3578 640 3840 690 memorate

2302 717 2612 773 abbatissae
2640 717 3082 773 llermentrudis
3111 717 3331 785 afﬁnes,
3353 718 3636 776 imminens
3651 723 3840 780 evaden-

2302 809 2390 862 tes
2412 805 2760 878 periculum,
2779 806 2851 860 ad
2875 805 3208 878 praesidium
3225 806 3312 863 sui
3337 807 3846 880 patris,nomineNor-

2303 893 2482 968 galdi,
2528 893 2884 951 nobilissimi
2915 895 2973 950 in
3007 895 3339 968 Burgundia
3365 897 3460 951 viri
3490 901 3642 971 atque
3672 901 3843 973 optimi,

2303 983 2818 1056 confugerunt,qui
2843 983 3015 1057 paulo
3034 989 3166 1058 post
3183 986 3292 1042 Deo
3310 985 3519 1042 felicem
3535 989 3745 1044 reddidit
3758 992 3848 1046 ani-

2303 1089 2484 1128 mam.
2504 1073 2648 1146 Ipsa:
2665 1089 2798 1129 vero
2816 1073 3101 1130 moniales
3123 1074 3292 1130 matri
3309 1093 3420 1130 suae
3441 1075 3849 1143 Rothaide,etl'ra-

2303 1163 2494 1217 tribus
2516 1162 2882 1235 Agemberto,
2897 1163 3152 1219 Samueli
3171 1164 3484 1238 etAlgaudo
3498 1167 3720 1238 quotidie
3731 1184 3850 1222 enar-

2306 1252 2516 1307 rabant
2537 1257 2758 1323 quanta
2785 1252 2939 1308 Deus
2959 1253 3326 1326 omnipotens
3354 1255 3671 1311 sanctissimi
3697 1257 3848 1312 Poten-

2304 1339 2448 1395 tiani
2482 1341 2705 1396 meritis
2737 1346 2968 1413 patrare
2999 1343 3334 1415 dignaretur
3365 1345 3782 1402 miraculazadco
3809 1352 3851 1401 ut

2307 1427 2417 1501 ipsi
2442 1428 2591 1484 miro
2611 1429 2936 1486 devotionis
2965 1431 3098 1503 igne
3120 1431 3426 1506 ﬂagrantes
3454 1434 3520 1489 de
3543 1437 3851 1507 comparando

2305 1517 2419 1575 sibi
2452 1521 2570 1572 tam
2605 1518 2862 1590 pretioso
2911 1519 3186 1578 thesauro
3245 1540 3534 1596 nunquam
3570 1541 3668 1580 non
3707 1530 3853 1581 noctes

2307 1606 2550 1680 diesque
2570 1607 2913 1680 cogitarent.
2939 1611 3300 1684 Quapropter
3317 1611 3537 1668 Samuel
3561 1617 3610 1669 et
3627 1613 3854 1686 Algaudus

2303 1695 2575 1752 Jotrense
2596 1698 3017 1753 monasterium
3040 1704 3336 1772 expetunt,
3358 1703 3726 1775 negotiumque
3743 1707 3856 1758 tanta

543 1792 792 1867 pluerat,
843 1793 1216 1849 abundanter
1262 1790 1598 1848 descendit:
1624 1794 1681 1846 et
1728 1790 1847 1846 haec
1893 1787 2198 1844 translatio
2225 1824 2274 1890 B
2307 1785 2900 1890 geruntodex‘teritate,
2927 1791 3044 1842 uta
3064 1787 3242 1858 Gisia,
3268 1790 3612 1849 nobilissima
3628 1797 3743 1849 tunc
3757 1799 3859 1848 tem-

543 1881 697 1939 facta
723 1885 814 1938 est
854 1897 957 1938 vm
979 1879 1108 1938 Kal.
1132 1879 1510 1954 Septembris.
1549 1901 1576 1928 »
1603 1879 1896 1935 Hactenus
1944 1877 2192 1943 Clarius,

543 1987 672 2045 quin
703 1971 924 2028 auctori
958 1974 1156 2028 nostro
1196 1973 1586 2026 consentanea
1617 1972 1774 2036 sunt,
1798 1967 1909 2023 nisi
1939 1967 2096 2039 quod
2129 1982 2197 2022 ea

545 2061 656 2117 sub
672 2059 908 2117 Roherti
924 2060 1057 2116 vitae
1079 2060 1256 2116 finem
1272 2058 1589 2131 contigisse
1612 2056 1924 2131 postremis
1942 2055 2196 2113 historiae

543 2149 738 2204 verbis
763 2148 1007 2205 innuere
1025 2147 1544 2218 videtur.Uterque
1575 2163 1745 2218 porro
1767 2145 1954 2201 sancti
1985 2145 2196 2200 Poten-

547 2237 690 2294 tiani
725 2235 1004 2309 reliquias
1051 2253 1086 2292 a
1127 2235 1434 2292 Wenilone
1463 2235 1896 2307 archiepiscopo
1918 2235 2197 2290 Hermen-

549 2326 677 2382 tudi
703 2325 961 2382 Jotrensi
1004 2324 1313 2380 abbatisszn
1343 2340 1652 2380 concessas
1696 2323 1930 2380 silentio
1961 2327 2199 2395 printer-

551 2412 731 2469 misit.
755 2413 844 2468 Ita
873 2416 1070 2469 tamen
1093 2429 1154 2468 se
1178 2429 1268 2468 res
1299 2411 1527 2480 habuit,
1551 2411 1600 2467 si
1627 2412 1953 2484 fragmento
1975 2428 2010 2466 a
2031 2409 2200 2466 nobis

550 2502 612 2558 in
635 2500 831 2558 saeculi
870 2501 942 2558 IV
963 2505 1128 2574 parte
1165 2518 1229 2568 ιι,
1252 2517 1383 2574 pag.
1405 2502 1532 2569 578,
1557 2501 1712 2556 edito
1753 2503 1831 2573 (2)
1859 2501 2003 2556 fides
2034 2499 2200 2556 adhi-

551 2591 793 2648 beatur:
820 2591 978 2664 quod
1004 2589 1146 2662 quia
1165 2590 1496 2662 sequiorem
1519 2589 1578 2645 in
1601 2594 1824 2663 partem
1848 2606 1883 2645 a
1904 2587 2203 2645 nonnullis

549 2679 733 2754 accipi
765 2679 1128 2750 inaudimus,
1155 2679 1487 2736 accuratius
1519 2682 1830 2735 retractare
1869 2677 2059 2734 visum
2091 2683 2200 2733 est.

619 2770 674 2825 5.
706 2768 937 2826 Nemini
969 2769 1194 2825 venerit
1222 2768 1281 2824 in
1311 2774 1568 2825 mentem
1600 2768 1700 2840 qui
1734 2785 1868 2824 mox
1895 2767 2201 2823 laudatum

552 2862 850 2916 auctorem
876 2857 1136 2930 itemque
1157 2857 1452 2914 Odoranni
1477 2861 1534 2914 et
1556 2857 1827 2913 monachi
1847 2857 2205 2913 Antissiodo-

547 2947 740 3004 rensis
770 2946 1048 3004 chronica
1076 2945 1405 3020 perlegerit,
1430 2945 1724 3020 integrum
1769 2946 1956 3001 sancti
1997 2946 2204 3002 Poten-

549 3036 693 3094 tiani
725 3052 938 3110 corpus
960 3035 1373 3092 Hermentrudi
1397 3035 1706 3092 abbatissae
1725 3034 1980 3091 Jotrensi
2001 3035 2204 3091 datum

2305 1872 2463 1945 poris
2491 1874 2757 1946 ejusdem
2785 1875 2894 1931 loci
2917 1877 3238 1947 abbatissa,
3259 1879 3356 1936 diu
3387 1881 3738 1938 desideratum
3763 1899 3858 1938 mu-

2306 1977 2419 2017 nus
2438 1961 2841 2034 impetrarent.
2862 1966 3023 2032 Quod
3045 1965 3268 2037 statim,
3282 1969 3395 2024 voti
3416 1955 3699 2044 compotes,
3714 1971 3760 2027 in
3777 1987 3858 2027 mo-

2307 2050 2629 2106 nasterium
2652 2053 2808 2124 quod
2827 2055 3198 2112 sanctissimo
3224 2058 3452 2130 praesuli
3474 2060 3531 2118 in
3544 2059 3665 2116 villa
3677 2059 3859 2116 Luciaco

2307 2139 2498 2194 fuerat
2527 2145 2950 2212 constructum,
2981 2145 3237 2202 maximo
3267 2163 3399 2203 cum
3436 2148 3635 2205 honore
3668 2154 3716 2206 et
3747 2166 3860 2205 reve-

2307 2229 2496 2283 rentia
2524 2229 2879 2288 detulerunt.
2908 2255 2935 2281 »
2967 2233 3260 2291 Hactenus
3290 2237 3466 2293 codex
3492 2237 3861 2294 Antissiodoren-

2308 2316 2412 2383 sis,
2435 2319 2607 2390 cujus
2638 2318 2732 2375 hic
2759 2325 2980 2377 textum
3015 2323 3344 2392 referimus,
3368 2344 3476 2382 non
3500 2343 3605 2399 quo
3635 2327 3863 2383 Luciacen-

2309 2405 2464 2462 sium
2497 2411 2779 2465 adversus
2807 2414 3170 2468 Senonenses
3201 2413 3290 2470 vel
3317 2415 3603 2472 Jotrenses
3629 2433 3778 2472 causa
3799 2432 3862 2470 ve-

2309 2494 2487 2551 limus
2519 2497 2901 2570 patrocinari;
2937 2500 3035 2556 sed
3077 2505 3141 2557 ut
3169 2502 3308 2560 inde
3361 2505 3715 2562 concessionis
3752 2506 3863 2560 facta

2307 2585 2680 2642 Jotrensibus
2711 2581 3006 2645 momenta
3037 2589 3098 2646 in
3127 2590 3320 2648 lucem
3355 2595 3636 2667 prodeant.

2378 2675 2432 2729 6.
2465 2674 2633 2732 Aliud
2659 2684 3074 2750 argumentum
3097 2681 3430 2739 desumitur
3448 2701 3514 2740 ex
3535 2683 3625 2739 lite
3643 2684 3865 2739 Joh-enses

2311 2763 2464 2820 inter
2482 2765 2738 2838 virgines
2757 2783 2823 2826 ac
2839 2768 3206 2826 Senonenses
3229 2773 3412 2828 sancti
3442 2772 3582 2828 Petri
3601 2771 3704 2826 Vivi
3723 2786 3866 2826 mona-

2311 2851 2452 2908 chos
2475 2857 2601 2909 orta
2621 2854 2832 2912 saeculo
2853 2873 2975 2924 xm,
2994 2875 3122 2930 quas
3163 2877 3326 2916 nova:
3349 2862 3496 2918 beati
3532 2856 3868 2926 Potentiani,ad

2312 2946 2582 2998 sanctum
2617 2943 2852 3000 Petrum
2885 2947 3241 3018 quiescentis
3261 2993 3275 3019 ,
3308 2950 3656 3008 translationi
3681 2947 3868 3005 occasio-

2312 3047 2448 3086 nem
2465 3031 2642 3089 dedit.
2667 3033 2849 3090 Litem
2877 3035 2986 3092 hac
3011 3037 3083 3093 de
3103 3054 3164 3094 re
3187 3044 3410 3096 motam
3435 3044 3755 3098 contestatur
3769 3036 3872 3094 Gau-

551 3143 586 3184 a
612 3125 950 3194 Wenilone;
985 3140 1174 3197 neque
1221 3124 1613 3198 fragmentum
1644 3123 1769 3180 loco
1811 3123 2048 3179 laudato
2080 3123 2207 3179 edi-
2248 3193 2278 3198 _
2314 3119 2502 3176 fridus
2518 3121 2589 3176 de
2605 3121 2838 3192 Colone,
2857 3125 3182 3182 monachus
3205 3129 3394 3185 sancti
3415 3129 3560 3186 Petri
3576 3129 3814 3194 Vivi,cum
3829 3124 3867 3178 in

551 3219 678 3272 tum
707 3214 768 3270 id
796 3193 1097 3287 exprimit,
1115 3213 1218 3270 sed
1263 3193 1439 3270 habet
1467 3213 1751 3269 duntaxat
1795 3213 2208 3270 celeberrimum
2236 3193 2280 3260 (ἶ
2317 3208 2538 3265 tabulis
2564 3209 3011 3286 chronologicis,
3045 3217 3169 3270 tum
3206 3215 3267 3271 in
3301 3234 3412 3274 ms.
3444 3217 3626 3275 libello
3652 3216 3718 3272 De
3741 3210 3870 3270 sacris

550 3306 730 3361 sancti
754 3303 1070 3359 Potentiani
1097 3302 1437 3376 suffragium
1467 3302 1911 3358 llermentrudem
1938 3319 1973 3358 a
2005 3303 2207 3358 [Veni-

555 3393 678 3448 lone
694 3391 1046 3462 efﬂagitasse,
1067 3405 1320 3463 aegreque
1347 3391 1665 3459 obtinuisse,
1689 3400 1850 3464 atque
1869 3391 1938 3447 ad
1957 3393 2074 3464 ejus
2097 3407 2208 3446 mo-

556 3481 861 3538 nasterium
890 3486 1140 3535 sanctum
1166 3488 1217 3534 et
1248 3481 1674 3552 incomparabile
1711 3481 1872 3536 decus
1902 3480 2048 3536 illud
2079 3497 2206 3553 per-

559 3567 745 3626 latum
768 3567 970 3623 fuisse.
985 3567 1210 3633 Quibus
1227 3568 1422 3625 verbis
1443 3569 1652 3642 integri
1676 3569 1862 3626 sancti
1886 3569 2207 3626 Potentiani

559 3655 822 3731 corporis
870 3655 1312 3712 translationem
1351 3657 1642 3731 designari
1694 3675 1995 3731 nunquam
2024 3658 2208 3714 volui-

560 3746 834 3814 mus,sed
862 3745 1232 3804 solummodo
1262 3745 1519 3818 aliquam
1552 3747 1738 3803 sancti
1769 3748 2051 3804 antistitis
2081 3747 2210 3804 reli-

557 3834 831 3908 quiarum
857 3840 1103 3908 partem.
1129 3834 1408 3890 Nonnihil
1429 3853 1562 3891 vero
1583 3853 1650 3892 ex
1673 3837 1850 3909 hujus
1871 3838 2055 3894 sancti
2081 3837 2210 3893 reli-

554 3923 2006 3997 quiisJotrensibussanctimonialibusconcessum
2029 3927 2210 3984 fuisse

552 4017 766 4086 praeter
785 4011 1091 4070 laudatum
1115 4014 1530 4087 fragmentum,
1559 4017 1809 4088 probant
1837 4015 2034 4088 aliqua
2064 4033 2207 4089 quo-

554 4119 670 4176 que
690 4106 886 4160 vetera
911 4107 1312 4160 monumenta.
1337 4104 1597 4160 Primum
1623 4105 1849 4160 eruitur
1867 4122 1936 4162 ex
1960 4122 2208 4178 sequen-

553 4192 717 4248 tibus
767 4191 1297 4248 Antissiodorensis
1347 4192 1565 4248 codicis
1612 4193 1822 4260 verbis,
1847 4211 1974 4266 quae
2022 4195 2208 4250 sancti

562 4280 839 4352 martyris
862 4279 1138 4353 reliquias
1156 4282 1318 4337 Jotro
1342 4281 1396 4336 in
1423 4281 1820 4354 Burgundiam
1845 4285 1954 4339 sub
1986 4301 2207 4340 annum

625 4406 704 4532 (33
734 4405 1150 4488 Fragmentum
1177 4405 1479 4489 laudatum
1509 4406 1593 4488 sic
1626 4424 1684 4490 se
1717 4405 1892 4490 habet
1923 4423 1937 4461 :

709 4493 739 4532 ε
766 4479 1131 4532 translatione
1155 4482 1332 4532 sancti
1364 4482 1678 4532 Potentiam
1709 4495 1770 4532 in
1796 4495 1937 4532 caena

709 4493 739 4532 ε
766 4478 1131 4534 translatione
1155 4480 1335 4606 sanfli
1364 4479 1683 4534 Potentiani
1709 4480 1770 4532 in
1796 4479 2101 4535 ccenobium

1281 4556 1508 4605 otrense.

1281 4556 1508 4605 otrense.

625 4619 793 4673 Anno
822 4619 947 4684 847,
987 4619 1140 4692 apud
1189 4620 1451 4680 Senonas
1483 4619 1878 4677 revelaverunt
1923 4637 1984 4678 se
2030 4625 2207 4678 sancti

560 4689 766 4763 Christi
812 4689 1085 4763 martyres
1131 4693 1486 4758 Savinianus,
1542 4693 1914 4758 Potentianus,
1970 4694 2203 4760 Attinas,

555 4761 832 4846 {sodalitas
887 4761 1282 4846 et."Serotinus
1349 4763 1649 4846 IVeniloni
1702 4763 2141 4846 areniep‘iscopoA
2155 4773 2208 4846 et

555 4832 841 4907 Anastasio
897 4833 1104 4900 abbati,
1158 4850 1368 4907 nempe
1426 4835 1764 4907 monasterii
1807 4832 2066 4891 SfPetri.
2103 4837 2210 4904 Qui

557 4906 796 4962 levantes
823 4921 912 4962 eos
939 4922 1066 4979 cum
1093 4922 1291 4978 magno
1302 4905 1517 4979 'honorc
1545 4905 1611 4979 de
1627 4907 1862 4979 ecclesia
1886 4907 1983 4961 ubi
2008 4909 2210 4979 sepulti

553 4985 732 5033 erant.
780 4977 1197 5033 transtulerant
1237 4994 1326 5034 eos
1383 4978 1440 5032 in
1493 4977 1782 5032 basilicam
1827 4979 1891 5031 Β.
1924 4977 2080 5034 Petri
2105 4995 2206 5034 vm

552 5047 673 5120 Kal.
709 5049 1057 5120 septembris.
1091 5049 1220 5103 Haec
1269 5048 1424 5120 apud
1455 5048 1707 5111 Clarium
1752 5049 2106 5104 monachum
2147 5050 2205 5106 in

1363 5130 1474 5202 unc
1509 5119 1770 5202 contigit,
1796 5121 2041 5202 quodin
2068 5121 2208 5202 Aqui:-

554 5139 842 5174 LJH'ODICO
873 5139 932 5175 δ.
959 5139 1108 5174 ΓΘΠἸ
1148 5139 1284 5175 νινι.
1321 5139 1474 5175 tunc
1509 5139 1770 5200 COllnglL,
1796 5139 1951 5246 guou
1985 5139 2041 5176 ιιι
2075 5139 2207 5202 (1111·-

554 5189 819 5270 busdain
839 5189 1136 5270 schedulis
1162 5192 1277 5270 legi
1301 5193 1372 5247 de
1393 5190 1823 5270 translatione_
1844 5234 1856 5246 .
1881 5192 2207 5270 Potentiani

554 5259 634 5336 in_
672 5259 1412 5336 parthenonadotrensem
1462 5261 1944 5336 (Jouarre).Fama
1989 5265 2207 5336 quippe

554 5281 614 5314 in
672 5281 1036 5330 parmenona
1081 5281 1412 5318 aonrensem
1462 5281 1944 5335 (Jouarre).rama
1989 5281 2088 5335 qui
2138 5281 2206 5336 pe

554 5331 950 5406 miraculorum
979 5333 1134 5406 illius
1171 5334 1276 5387 huc
1322 5335 1562 5406 illucque
1609 5335 1940 5405 pervolante,
1987 5281 2206 5390 tanget»

553 5399 625 5456 ad
672 5415 836 5478 aures
882 5405 1388 5478 sanctimonialium
1434 5399 1619 5476 ipsius
1657 5407 1890 5460 cwnobii
1929 5399 2204 5478 pervenit,

553 5485 684 5544 quae
731 5470 999 5529 diuturna
1057 5475 1204 5530 inter
1258 5477 1400 5531 alias
1449 5470 1793 5532 diversarum
1843 5470 2207 5548 afﬂ'ictionuin

551 5551 1313 5626 mmnasltqnpestaturnet
1349 5549 1516 5626 famis
1558 5549 1801 5626 procella
1843 5551 2206 5626 attritcL’thu-f

551 5628 740 5690 mana
769 5613 1074 5690 deﬁciente,
1133 5613 1388 5675 divinant
1435 5613 1770 5676 solummodo
1825 5620 2208 5690 exspectabant

551 5685 852 5751 auxilium.
883 5685 1017 5748 Erat
1051 5705 1113 5750 eo
1160 5693 1396 5767 tempore
1450 5693 1508 5751 in
1559 5691 1828 5769 praedicta
1883 5685 2202 5753 Senonensi.

2315 3297 2582 3370 reliquiis
2612 3300 2947 3358 monasterii
2979 3305 3165 3359 sancti
3197 3305 3355 3362 Petri
3385 3307 3692 3380 Vivi,quem
3713 3301 3871 3376 optima

2318 3404 2496 3443 manu
2527 3389 2911 3462 descriptum,
2935 3409 3069 3448 cum
3119 3394 3272 3452 serie
3302 3397 3595 3462 abbatum,
3621 3395 3674 3450 in
3711 3403 3869 3449 annum

2319 3477 2458 3531 1289
2486 3477 2808 3549 desinente,
2842 3486 3076 3538 servant
3103 3483 3372 3554 ejusdem
3415 3485 3520 3542 loci
3550 3487 3726 3540 asceL'e
3765 3483 3871 3534 Gau-

2318 3563 2450 3620 fridi
2472 3566 2646 3622 verba
2663 3572 2802 3623 sunt
2823 3569 2880 3623 in
2903 3569 3121 3626 tabulis
3141 3572 3613 3648 chronologicisur
3629 3574 3762 3628 Anno
3781 3565 3872 3623 i2l8

2317 3653 2374 3708 in
2409 3656 2764 3712 monasterio
2811 3657 2998 3713 sancti
3028 3660 3175 3716 Petri
3212 3661 3338 3718 Vivi
3378 3662 3621 3736 reliquim
3664 3662 3757 3716 fere
3777 3657 3874 3724 (tm

2316 3745 2508 3800 vocula
2552 3744 2669 3800 fere
2715 3747 3086 3804 observatione
3140 3749 3314 3822 digna
3342 3752 3442 3825 est)
3474 3752 3639 3807 totius
3685 3743 3871 3818 corporis

2317 3834 2504 3889 sancti
2531 3834 2852 3892 Potentiani
2874 3842 3120 3894 ostensa;
3149 3839 3389 3897 fuerunt
3410 3859 3593 3898 coram
3625 3832 3874 3896 reverendis

2317 3923 2587 3978 Patribus
2608 3923 2773 3980 Petro
2791 3926 3111 3984 Senonensi
3130 3930 3586 4006 archiepiscOpo,
3603 3931 3779 3986 Herveo
3789 3924 3876 3978 Tm-

2317 4011 2476 4067 censi
2500 4013 2794 4087 episcopo,
2815 4019 2873 4070 et
2901 4017 3256 4088 quibusdam
3294 4021 3426 4078 aliis
3455 4019 3703 4095 prirlatis,
3723 4015 3876 4088 episco-

2318 4102 2410 4174 pis
2439 4106 2496 4158 et
2524 4103 2855 4162 abbatibus.
2883 4105 3163 4163 Dicebant
3202 4110 3492 4167 moniales
3525 4111 3590 4165 de
3611 4108 3746 4164 Jutro
3768 4097 3876 4174 (ιιιοιὶ

2318 4208 2530 4264 corpus
2550 4192 2702 4247 beati
2735 4193 3054 4252 Potentiani
3086 4197 3418 4270 habebant;
3442 4201 3537 4256 sed
3561 4189 3877 4260 illadie,vide-

2319 4279 2453 4336 licet
2480 4299 2552 4336 xv
2583 4281 2704 4338 Kal.
2741 4284 2897 4352 Maii,
2933 4285 3012 4339 illi
3055 4286 3259 4343 Patres
3305 4289 3555 4362 praedicti
3601 4281 3875 4342 contrarium

2317 4407 2450 4460 urbe
2483 4408 2714 4486 lf’enilo
2740 4425 2972 4467 summa:
3014 4414 3330 4470 sanctitatis
3359 4424 3410 4472 et
3437 4414 3697 4486 religionis
3730 4407 3879 4486 epist?

2313 4494 2458 4549 pus,-
2517 4479 2577 4532 in
2632 4489 2926 4536 memorato
2981 4499 3104 4538 vero
3173 4491 3504 4543 monasterio
3537 4473 3878 4541 vllermentrudii

2201 4625 2211 4635 ⁸
2236 4558 2284 4624 D
2312 4550 2555 4608 moribus
2583 4553 2883 4635 etnr‘iornine
2917 4554 3192 4635 abbatissa
3225 4563 3492 4635 praeerat,
3522 4556 3677 4635 eidem
3701 4551 3879 4635 epist?th

2311 4637 2564 4704 proxima
2597 4623 2874 4704 afﬁnitate
2915 4623 3239 4704 conjuncta;
3259 4631 3390 4704 [hinc
3422 4623 3880 4704 perimam

2314 4701 2519 4771 coacta,
2550 4699 2767 4771 partim
2797 4699 3223 4768 propinquitatis
3253 4699 3460 4771 ﬁducia
3505 4699 3877 4771 inuenitis?!”

2313 4767 2621 4838 episcopum
2649 4765 2806 4830 adiit,
2835 4765 3123 4838 precatum
3154 4777 3213 4824 ut
3240 4765 3356 4827 sibi
3391 4781 3442 4828 et
3469 4765 3820 4839 congregationi
3839 4765 3879 4809 ιιι

2313 4839 2561 4906 maxima
2589 4839 2845 4906 angustia
2873 4841 3198 4905 constitutis,
3228 4859 3334 4898 suo
3369 4848 3422 4898 et
3462 4840 3767 4898 celeberrimo
3787 4843 3879 4884 siui-

2313 4911 2390 4986 cti
2421 4908 2737 4964 Potentiani
2759 4909 3051 4986 suffragio,
3068 4910 3136 4986 id
3177 4918 3270 4968 est
3300 4913 3659 4986 reliquiarum
3702 4913 3877 4986 conecti:

2317 4979 2500 5058 sione,
2530 4976 2993 5058 succurrerenon
3017 4982 3282 5058 ili/ferret.
3321 4976 3663 5058 Repugnagvit
3687 4976 3880 5058 prima?

2315 5042 2654 5128 episcopus;
2705 5051 2806 5106 sed
2859 5042 3422 5128 tandem'abbatiesa
3463 5042 3879 5128 qvuodpe'tiébe‘l"

2313 5114 2620 5187 niiserehtc,
2643 5114 2708 5177 et
2739 5139 2839 5178 sua
2890 5126 3066 5180 nimia
3116 5114 3524 5190 importunitate
3566 5114 3880 5191 obtinuit.
3928 5159 3929 5163 η

2315 5203 2431 5270 tum
2459 5202 2510 5249 et
2534 5181 2811 5270 perlatum
2833 5203 2909 5250 est
2933 5197 3178 5270 celeriter
3192 5181 3518 5255 'sanetuniet
3538 5181 3882 5270 incomparabflf

2313 5264 2472 5320 decus
2502 5265 2572 5320 ad
2601 5265 2778 5320 locum
2819 5282 2978 5338 quem
3001 5267 3408 5342 praediximus,
3435 5267 3655 5342 pondere
3693 5264 3881 5342 πιδενξσξ

2315 5352 2445 5390 rum
2473 5353 2743 5406 pressum,
2773 5337 2839 5392 et
2857 5340 3010 5394 omni
3020 5337 3314 5396 solamine
3341 5337 3670 5397 destitutum:
3709 5337 3879 5406 NW"

2313 5405 2735 5476 congregatione
2765 5425 2892 5463 cum
2937 5411 3112 5466 multa
3140 5414 3502 5468 multatione
3525 5411 3752 5476 suscepta
3777 5405 3880 5476 ei“

2314 5473 2668 5554 qua'ilecebat
2695 5481 3038 5537 veneratione
3064 5491 3114 5537 et
3140 5482 3422 5538 devotione
3449 5485 3506 5538 in
3533 5483 3639 5554 ipso
3659 5473 3878 5554 ἰηοηᾳειξ-

2316 5551 2398 5604 rio
2427 5552 2702 5626 collocato,
2733 5559 2939 5626 postea,
2965 5555 3076 5626 ipse
3121 5554 3266 5626 locus
3295 5571 3392 5610 nec
3433 5551 3589 5626 famis
3627 5551 3878 5622 penuriam:

2312 5637 2412 5679 nec
2441 5623 2613 5678 ullam
2640 5625 2964 5698 tempestatis
2977 5623 3217 5699 pertulit
3239 5623 3546 5704 procellam.
