4036 6160
188 244 300 317 ’185

949 238 1054 302 DE
1095 238 1533 304 TRANSLAT.
1583 240 1694 303 SS.
1740 232 2164 313 SAVINIANI,
2209 236 2749 317 POTENTIANI,
2790 242 2962 308 ETC.

3529 232 3644 304 786

187 402 315 443 rens
340 399 447 457 per
466 377 746 455 ejusdem
771 374 986 451 capitis
1013 376 1637 446 percussuram.Porro
1664 372 1861 429 inven-
1889 369 1945 438 Α
1974 370 2137 427 curia
2169 372 2365 430 fratris
2396 371 2849 444 exstinguendo
2879 372 3398 450 diffinierat,magis
3428 371 3641 430 illumi-

186 476 261 532 tio
289 487 609 545 corporum
638 471 987 525 sanctorum
1025 466 1355 537 martyrum
1377 464 1634 521 Gervasii
1657 466 1712 519 et
1732 464 1863 519 Pro-

183 564 471 635 tasii.quae
507 560 664 615 facta
693 560 788 614 est
817 574 852 612 a
882 554 1088 611 sancto
1113 555 1428 611 Ambrosio
1455 555 1727 627 episcopo
1749 553 1864 608 Me-

184 652 422 717 diolani,
461 653 529 705 ut
558 648 689 721 ipse
722 647 935 702 beatus
967 656 1081 697 sua
1106 643 1349 714 propria
1379 661 1558 699 manu
1603 641 1858 714 scripsit,

182 730 374 798 narrat
399 739 611 796 eodem
642 735 822 791 modo
847 734 902 788 in
922 729 1314 803 sarcophagis
1336 731 1679 788 marmoreis
1702 731 1861 802 ipsos

179 834 439 904 repertos
488 824 713 883 recenti
765 821 1055 897 sanguine
1105 820 1403 890 perfusos,
1438 821 1606 894 quasi
1653 838 1719 875 eo
1767 819 1861 876 die

179 922 445 995 ipsorum
476 916 672 990 capita
702 913 896 988 gladio
926 905 1183 966 fuissent
1214 926 1389 967 caesa.
1430 911 1646 967 Verum
1686 913 1861 981 eaput

182 1008 363 1067 nostri
399 1004 681 1079 martyris
702 1003 894 1058 tribus
917 995 1413 1074 percussionibus
1435 998 1611 1072 gladii
1636 998 1817 1054 ictum
1843 1014 1855 1053 :

190 1102 312 1156 duae
345 1112 538 1169 usque
569 1094 641 1150 ad
674 1107 928 1165 praesens
957 1088 1205 1143 manent
1235 1105 1446 1145 cruore
1484 1088 1817 1161 sanguineae
1844 1103 1857 1153 ;

189 1188 376 1253 tertia,
409 1203 566 1258 quae,
601 1186 668 1238 ut
695 1183 954 1255 putatur,
988 1174 1316 1250 gloriosam
1346 1181 1593 1233 mortem
1638 1175 1857 1245 intulit,

193 1276 331 1335 nihil
355 1275 541 1331 habet
569 1268 879 1345 sanguinei
910 1263 1149 1324 cruoris.

513 1392 651 1444 CAP.
675 1386 769 1443 1V.
804 1391 881 1442 De
909 1398 1046 1441 caeco
1075 1379 1155 1435 ibi
1186 1381 1536 1438 inominata.

249 1501 340 1557 Ad
372 1500 608 1554 tantam
641 1491 1066 1549 solemnitatem
1088 1503 1230 1542 cum
1255 1481 1465 1544 caetera
1485 1488 1655 1561 plebe
1676 1504 1862 1544 caecus

184 1590 437 1664 quidam
465 1582 756 1654 venit,qui
787 1580 1059 1636 virtutem
1090 1577 1377 1649 martyris
1411 1577 1470 1632 in
1503 1595 1613 1633 sua
1643 1576 1860 1631 illumi-

184 1678 426 1735 natione
460 1671 784 1747 persensit:
801 1672 928 1725 erat
958 1682 1215 1738 namque
1238 1670 1307 1721 ut
1335 1665 1603 1722 Christus
1625 1667 1697 1721 de
1717 1670 1862 1721 teste

184 1743 528 1825 ostenderet
559 1758 765 1833 quanti
795 1757 950 1830 apud
986 1773 1049 1811 se
1077 1753 1272 1809 meriti
1307 1758 1480 1820 esset,
1500 1759 1557 1811 et
1590 1756 1641 1810 si
1674 1772 1740 1810 ea
1771 1772 1864 1811 res
1895 1743 1942 1808 B

182 1874 313 1929 quae
346 1853 533 1909 fiebat
557 1848 954 1921 illelaceret,
990 1842 1204 1915 quibus
1236 1859 1469 1915 semper
1499 1843 1715 1900 enituit
1752 1844 1861 1899 mi-

186 1943 410 2001 raculis
442 1938 790 1995 declararet.
825 1933 989 1991 Oculi
1022 1932 1152 1987 caeci
1184 1931 1474 2004 lacrymas
1520 1932 1778 1987 fundunt
1806 1937 1865 1988 et

185 2034 242 2089 in
274 2029 495 2087 mentis
519 2026 646 2083 acie
668 2024 801 2080 ﬁdei
828 2022 1057 2077 lumina
1079 2020 1710 2093 surgunt,humilitatis
1731 2038 1867 2094 sup-

190 2120 427 2196 plicatio
472 2116 691 2173 coelum
742 2115 1013 2185 penetrat
1059 2113 1117 2165 et
1162 2107 1483 2165 divinitatis
1531 2109 1741 2165 faciem
1790 2112 1862 2166 ad

194 2205 664 2267 misericordiam
698 2200 976 2266 inclinat;
1010 2197 1180 2252 miles
1218 2196 1465 2251 invictus
1513 2198 1721 2253 ducem
1748 2198 1866 2253 im-

194 2297 469 2371 plorat,et
499 2293 625 2363 agit
655 2294 720 2345 ut
746 2293 806 2344 et
836 2304 993 2342 nunc
1024 2284 1250 2340 militiae
1278 2286 1606 2341 mercedem
1638 2286 1863 2355 reddat;

198 2385 457 2444 ostendit
487 2380 756 2445 vulnera,
790 2377 1024 2432 labores
1055 2377 1382 2439 enumerat,
1418 2391 1733 2430 numerum
1767 2393 1864 2431 su-

198 2476 408 2532 dorum
441 2473 730 2533 recenset,
765 2471 823 2521 et
849 2468 1141 2537 quantum
1175 2461 1285 2517 sibi
1319 2479 1422 2533 pro
1453 2462 1546 2518 his
1588 2464 1868 2520 debeatur

198 2565 385 2621 docet.
420 2556 677 2616 Proximi
711 2570 862 2611 caeco
894 2553 954 2608 in
987 2552 1251 2608 oratione
1273 2552 1690 2623 junguntur,et
1709 2553 1864 2625 quod

195 2670 299 2726 per
329 2668 391 2707 se
420 2647 649 2720 nequit,
680 2646 1078 2716 lacrymarum
1111 2638 1420 2696 collatione
1476 2644 1761 2709 meretur;
1796 2642 1866 2696 de

193 2740 333 2797 caelo
362 2739 557 2794 latens
588 2732 884 2790 medicina
899 2730 1225 2785 dimittitur
1242 2727 1613 2784 etoculorum
1640 2730 1865 2786 scabies

194 2845 374 2885 manu
409 2823 651 2900 pietatis
683 2817 1283 2891 abstergitur,videns
1314 2833 1500 2872 czecus
1524 2817 1713 2874 socios
1735 2835 1868 2874 con-

192 2922 412 2985 tuetur,
445 2918 505 2970 et
554 2912 713 2985 quod
764 2909 994 2965 dudum
1043 2907 1449 2977 desperaverat
1489 2923 1617 2962 sese
1651 2907 1865 2963 habere

194 2998 795 3062 miratur.Salvatoris
818 2994 1131 3061 clementia
1160 2993 1545 3063 collaudatur,
1562 2994 1726 3067 plebs
1756 2994 1863 3050 viri

194 3092 371 3149 saluti
420 3086 889 3161 congratulatur,
919 3082 1194 3173 martyris
1245 3082 1564 3173 reverentia
1611 3083 1668 3138 in
1720 3100 1858 3156 aug-
1893 3107 1935 3173 ρ

196 3186 468 3238 mentum
500 3177 804 3235 dilatatur.
838 3172 1080 3229 Talibus
1112 3171 1232 3227 haec
1262 3172 1387 3227 dies
1419 3171 1669 3244 insignis
1699 3173 1859 3244 adja-

200 3271 356 3327 centi
383 3267 600 3342 populo
633 3266 867 3322 constat
896 3278 1024 3318 esse
1050 3260 1351 3316 solemnis.

297 3395 431 3450 CAP.
462 3391 533 3447 V.
569 3392 643 3447 De
667 3386 923 3459 lampade
951 3400 1079 3459 quae
1104 3392 1230 3440 ante
1257 3400 1448 3459 corpus
1471 3386 1588 3456 ejus
1615 3386 1775 3458 quasi

597 3456 796 3534 sponté
813 3474 919 3515 sua
946 3456 1141 3513 ardere
1169 3458 1468 3513 consuevit.

286 3582 362 3635 De
388 3576 661 3651 lampade
689 3590 848 3640 vero,
881 3589 1008 3645 quae
1037 3573 1172 3627 ante
1201 3587 1436 3627 sacrum
1475 3571 1603 3643 ejus
1651 3587 1861 3642 corpus

210 3668 412 3723 ardere
442 3663 746 3723 consuevit
776 3665 975 3717 noctes
1027 3663 1083 3716 et
1132 3659 1277 3727 dies,
1330 3663 1387 3715 et
1431 3663 1565 3715 ante
1611 3659 1859 3715 aliorum

214 3756 378 3812 nobis
390 3750 915 3811 innumerabilium
937 3752 1275 3805 sanctorum
1290 3747 1624 3804 membrain
1639 3752 1857 3821 crypta,

214 3858 338 3916 quae
380 3843 645 3917 lapidum
698 3837 1065 3895 volubilitate
1111 3841 1445 3893 constructa
1487 3837 1773 3905 consistit,
1806 3841 1862 3893 et

217 3935 458 3989 arcubus
488 3931 824 3988 sustentata
848 3927 1120 3982 decenter
1149 3924 1464 3994 stabilitur,
1488 3925 1705 3997 aliquid
1729 3944 1859 3981 nar-

217 4038 339 4077 rare
360 4026 423 4077 ut
444 4038 554 4077 vox
577 4016 902 4075 videntium
931 4015 1527 4084 testatur,absurdum
1554 4031 1666 4069 non
1692 4015 1863 4070 debet

216 4111 414 4166 videri.
441 4112 857 4182 Smpcnumero
889 4104 1147 4160 accidere
1192 4102 1342 4158 solet
1390 4107 1454 4158 ut
1502 4101 1737 4175 pigritia
1762 4119 1859 4157 cu-

220 4201 397 4255 stodis
424 4199 629 4254 lumen
658 4194 950 4267 lampadis
976 4192 1297 4248 deﬁciendo
1320 4190 1633 4258 decidat,et
1653 4191 1863 4246 deinde

223 4292 446 4360 repente
476 4285 809 4343 illuminata
842 4282 1123 4339 clariﬁcas
1158 4282 1322 4353 ignes
1365 4280 1619 4346 emittat;
1662 4284 1717 4334 et
1747 4296 1861 4335 non

223 4377 626 4433 tantummodo
653 4372 948 4441 unaghora
973 4369 1059 4427 vel
1113 4369 1207 4425 die
1248 4369 1439 4424 lucem
1472 4367 1862 4424 clarissimam

228 4467 480 4523 emittere
510 4462 852 4530 dicitur,sed
877 4461 1054 4516 trium
1088 4459 1314 4515 dierum
1338 4457 1524 4530 spatio
1550 4462 1606 4512 et
1626 4457 1865 4514 totidem
1898 4477 1943 4540 Β

231 4557 472 4611 noctium
505 4555 778 4611 tenebras
809 4549 1174 4624 pellere.Hzec
1195 4547 1374 4620 igitur
1392 4546 1621 4619 lampas
1644 4553 1868 4603 sancto-

234 4660 352 4699 rum
385 4643 666 4700 divinitus
696 4640 1039 4713 plerumque
1072 4635 1447 4693 succenditur
1475 4641 1531 4691 et
1561 4635 1684 4691 sine
1711 4636 1865 4691 infu-

235 4731 384 4789 sione
413 4733 692 4800 olei,tunc
718 4729 946 4801 scirpus
977 4724 1602 4783 clarissimum’lumen
1630 4724 1862 4793 emittit,

235 4819 307 4876 ita
332 4827 394 4877 ut
422 4821 676 4877 lucidius
705 4818 1010 4891 splendeat
1057 4831 1233 4888 quam
1282 4818 1497 4868 cazteraz
1540 4812 1864 4886 lampades,

238 4926 369 4980 quas
396 4928 606 4966 manus
638 4908 899 4963 humana
917 4905 1041 4961 oleo
1066 4903 1375 4976 superfuso
1397 4900 1867 4969 illuminat,libro

240 4995 441 5071 liquore
470 4997 794 5055 madefacto
834 4996 1083 5067 igneque
1129 4990 1453 5064 supposito,
1488 4994 1599 5047 etc:
1630 4991 1867 5046 Nostro-

250 5101 357 5143 rum
387 5088 624 5162 quidam
658 5086 904 5163 fratrum
935 5084 1105 5155 cujus
1128 5081 1334 5137 faciem
1359 5096 1492 5134 cum
1516 5080 1751 5135 nomine
1774 5096 1871 5135 no-

250 5176 638 5244 vimus,verum
673 5174 766 5230 hic
792 5174 1030 5229 obtentu
1056 5173 1183 5242 ejus
1215 5167 1560 5224 nominatim
1586 5186 1699 5223 non
1724 5169 1865 5224 desi-

251 5267 549 5336 gnavimus,
584 5281 763 5321 causa
788 5259 1169 5329 necessitatis,
1204 5263 1267 5312 ut
1300 5256 1573 5324 diximus,
1605 5257 1869 5329 ejusdem

254 5352 469 5412 lucerna)
501 5355 877 5426 cxstinguens
906 5349 1224 5405 insumavit
1255 5345 1569 5402 luminaria
1612 5348 1866 5418 quadam

253 5444 328 5500 die
355 5447 535 5502 tribus
566 5443 827 5499 vicibus:
861 5458 987 5511 qua:
1020 5439 1101 5495 sic
1134 5436 1412 5493 divinitus
1439 5453 1555 5490 sua:
1587 5436 1869 5492 claritatis

254 5549 338 5604 per
362 5533 621 5608 singulas
652 5532 802 5587 vices
835 5529 1045 5601 recepit
1076 5526 1323 5594 lumina,
1361 5530 1421 5580 ut
1472 5528 1755 5597 (lu-intum
1782 5524 1866 5579 in—

1972 476 2122 515 nans
2153 462 2645 519 subministraret
2682 466 2930 523 caelestis
2960 464 3249 534 divinitas,
3279 469 3384 521 ctc.

1970 564 2107 622 Car.
2131 567 2233 642 VI.
2259 570 2609 642 Deisz'ocitate
2642 579 2702 627 et
2724 574 2933 642 pluvia:
2962 572 3252 641 iri/mione,
3289 570 3428 627 etde
3454 569 3636 626 suavi-

2131 641 2261 695 tatis
2290 641 2451 696 odore
2481 642 2537 694 in
2572 641 2764 698 sancti
2788 643 3082 699 Savim’am'
3110 643 3474 697 translatione

2043 727 2437 786 Miserationis
2468 728 2571 785 Dei
2603 730 3122 788 clementissimum
3146 729 3631 800 misericordiam,

1971 830 2153 903 quam
2187 833 2364 888 penes
2397 819 2658 891 regionis
2692 822 2900 876 nostra;
2927 818 3106 873 situm
3138 835 3242 892 pro
3265 817 3471 874 merito
3504 834 3637 874 san-

1971 903 2222 960 ctissimi
2255 908 2535 981 martyris
2563 906 2860 964 Saviniani
2889 905 3060 962 nobis
3089 907 3241 963 Deus
3273 906 3529 962 clemens
3552 922 3636 963 re-

1970 996 2095 1049 ctor
2118 996 2756 1064 concesserit,arbitror
2780 994 3048 1069 pauculis
3075 996 3267 1053 verbis
3297 995 3633 1052 futurorum

1970 1083 2267 1139 memoriae
2299 1086 2786 1142 commendare.A
2809 1084 3027 1156 pascha
3056 1085 3213 1141 enim
3243 1082 3634 1158 Domini,quze

1968 1173 2060 1227 est
2090 1170 2435 1229 solemnitas
2466 1174 2907 1231 solemnitatum
2957 1177 3013 1230 et
3056 1173 3255 1247 gloriaa
3298 1173 3479 1230 decus
3509 1191 3638 1232 em-

1969 1256 2135 1314 nium
2190 1259 2684 1328 Christianorum,
2736 1278 2854 1317 non
2908 1262 3234 1320 stillavezat
3286 1262 3524 1334 penitus
3571 1263 3645 1319 de

1974 1347 2120 1403 coelo
2150 1347 2366 1420 pluvia,
2401 1355 2457 1407 et
2489 1351 2886 1408 marcescebat
2913 1350 3138 1407 humus
3166 1351 3386 1409 crebris
3415 1353 3655 1412 scissio~

1971 1433 2150 1489 nibus
2170 1434 2311 1491 ﬁssa
2326 1454 2516 1510 usque
2535 1439 2596 1493 in
2616 1437 2774 1492 diem
2791 1439 3202 1497 translationis
3224 1441 3484 1514 ejus.Die
3505 1454 3659 1517 ergo

1970 1540 2089 1595 quo
2122 1523 2492 1582 sublevatum
2526 1529 2621 1582 est
2649 1541 2861 1598 corpus
2891 1529 3224 1601 supradicti
3254 1533 3530 1607 martyris
3590 1530 3675 1589 de

1971 1611 2099 1667 loco
2131 1612 2373 1684 antiquo
2402 1613 2657 1688 preprim
2690 1619 3153 1691 repausationis,
3187 1622 3485 1682 descendit
3525 1625 3684 1701 plu-

1970 1700 2200 1756 viarum
2228 1701 2465 1774 copiosa
2497 1704 2862 1763 abundantia
2893 1713 2950 1764 et
2980 1713 3153 1769 terra
3179 1716 3404 1787 privata
3431 1721 3528 1776 est
3550 1700 3691 1780 Sic.

1968 1789 2145 1847 citate
2176 1808 2299 1884 sua.
2337 1796 2528 1884 Datur
2574 1808 2727 1884 nunc
2758 1801 3028 1870 patenter
3080 1801 3328 1882 intelligi
3360 1810 3521 1884 quod
3576 1829 3684 1873 re-

1972 1878 2227 1974 spex-erit
2257 1880 2412 1974 Deus
2446 1882 2850 1974 humilitatem
2900 1906 3244 1963 pauperum
3278 1878 3534 1957 suorum
3573 1919 3687 1974 per

1975 1972 2292 2042 martyrem
2323 1969 2744 2044 Savinianum,
2779 1979 2987 2035 merito
3020 1980 3141 2039 sibi
3174 1991 3493 2061 gratum,et
3525 1969 3680 2051 θλπὶ-

1973 2062 2127 2154 ctam
2159 2058 2409 2154 patriam
2444 2063 2701 2154 penuria
2730 2064 2934 2138 pluvia:
2967 2068 3146 2141 plene
3180 2058 3520 2136 relevaverit
3541 2088 3672 2154 gut-

1972 2149 2167 2201 tarum
2198 2146 2597 2204 deﬂuentium
2635 2152 3044 2225 inundatione,
3080 2165 3188 2220 etc.

2017 2235 2152 2290 Car.
2185 2235 2306 2291 VII.
2343 2236 2419 2291 De
2446 2241 2745 2297 suavitatis
2774 2243 2937 2300 odore
2968 2247 3031 2300 in
3062 2250 3183 2320 ejus
3212 2257 3599 2313 translatione.

2048 2324 2232 2396 Igitur
2261 2324 2415 2380 sicut
2444 2328 2505 2379 et
2534 2327 2785 2403 insignis
2815 2332 3019 2389 doctor
3050 2337 3268 2397 Paulus
3300 2340 3471 2401 dicit:
3490 2345 3658 2405 Chri-

1972 2413 2046 2466 sti
2068 2412 2240 2467 bonus
2263 2412 2397 2469 odor
2424 2428 2617 2471 sumus
2642 2419 2750 2474 Deo
2782 2421 2840 2474 in
2867 2424 3022 2477 omni
3052 2425 3203 2482 loco:
3239 2432 3319 2485 ita
3362 2432 3470 2490 iste
3514 2454 3652 2509 pre-

1975 2500 2164 2557 tiosus
2194 2506 2414 2575 martyr
2447 2503 2568 2559 vita
2592 2506 2816 2577 vivens,
2850 2526 2968 2565 non
3017 2512 3215 2571 solum
3264 2517 3419 2577 bono
3469 2500 3649 2584 odere

1975 2589 2233 2661 repletus
2266 2591 2393 2656 fuit,
2428 2592 2637 2664 sapida
2667 2595 2888 2652 scilicet
2920 2598 3188 2658 doctrina
3214 2608 3655 2675 praedicationis

1974 2682 2031 2733 et
2062 2679 2365 2735 miraculis
2398 2680 2642 2738 miriﬁce
2674 2684 2939 2742 famosus
2972 2688 3445 2764 fragraverit,sed
3469 2700 3648 2759 etiam

1973 2767 2034 2821 in
2065 2767 2175 2823 hac
2206 2768 2299 2825 sui
2330 2769 2713 2826 translatione
2761 2774 3027 2846 corporis
3078 2778 3229 2835 miro
3260 2783 3438 2841 odore
3465 2789 3644 2844 redo-

1974 2854 2102 2910 luit.
2138 2856 2322 2913 Omne
2363 2856 2579 2913 etenim
2612 2859 2721 2915 hoc
2753 2864 3183 2921 monasterium
3208 2866 3289 2925 ita
3320 2873 3466 2928 odor
3491 2892 3630 2933 sua-

1972 2943 2252 3001 vissimus
2284 2945 2354 3001 ad
2387 2944 2625 3016 plenum
2658 2948 3092 3019 perfuderat,ac
3124 2953 3173 3008 si
3206 2954 3459 3015 fuissent
3487 2962 3547 3016 in
3572 2980 3639 3019 eo

1974 3033 2168 3089 omnis
2201 3034 2431 3106 generis
2463 3039 2725 3090 aromata
2776 3041 2833 3092 et
2881 3039 3157 3096 universa
3204 3044 3587 3115 Opobalsama
3620 3067 3634 3107 :

1976 3139 2112 3176 nam
2146 3125 2201 3177 et
2226 3121 2378 3177 infra
2426 3121 2761 3192 quindecim
2811 3124 3042 3181 dierum
3091 3130 3284 3201 spatia
3343 3134 3632 3206 omnium,

1974 3208 2428 3282 ingredientium
2460 3210 2615 3266 intra
2647 3214 2989 3270 monasterii
3022 3221 3191 3288 septa
3221 3234 3392 3275 nares
3436 3223 3633 3295 opple-

1972 3298 2113 3357 hant
2144 3297 2425 3354 redolenti
2448 3299 2608 3354 suavi
2618 3300 2913 3367 tate,sicut
2935 3307 2994 3359 et
3012 3304 3071 3358 in
3087 3304 3277 3376 primo
3298 3307 3349 3380 ej
3359 3325 3426 3364 us
3446 3313 3635 3369 trans-

1973 3386 2317 3444 mutationis
2369 3388 2481 3453 die,
2537 3392 2647 3444 etc.
2699 3390 2931 3446 Etenim
2977 3393 3233 3449 duorum
3264 3398 3641 3457 sacerdotum

1973 3475 2394 3531 monachorum
2427 3493 2669 3549 corpora
2699 3481 2756 3533 et
2783 3482 3104 3554 vestes,qui
3126 3487 3397 3541 sanctum
3420 3502 3632 3560 corpus

1972 3564 2044 3619 de
2063 3563 2188 3621 loco
2212 3564 2488 3637 plumbeo
2510 3565 2755 3623 levando
2776 3578 2992 3640 ponere
3015 3576 3357 3629 meruerunt
3377 3573 3436 3630 in
3455 3591 3632 3648 capsa

1972 3654 2071 3709 ubi
2104 3670 2262 3709 nunc
2286 3653 2836 3727 habetur,p1urimis
2868 3659 3077 3716 diebus
3094 3660 3177 3715 ita
3197 3661 3633 3735 fragrabant,ut
3681 3661 3684 3664 ’

1972 3743 2227 3798 nectario
2258 3743 2434 3798 odore
2464 3744 2685 3816 perfusi
2718 3750 3086 3818 putarentur,
3119 3752 3227 3805 etc.

1969 3851 2102 3903 CAP.
2135 3849 2392 3911 Vlll..De
2417 3851 2695 3934 frequenti
2733 3853 2943 3934 uisione
2987 3855 3272 3909 custodum
3301 3856 3630 3914 interiorum

2586 3930 2637 3976 et
2665 3930 3019 3978 exteriorum.

2045 4009 2340 4080 Frequens
2371 4008 2646 4077 visitatio,
2668 4014 2726 4065 et
2756 4011 2994 4066 assidua
3026 4014 3327 4084 protectio,
3361 4017 3417 4069 et
3445 4016 3633 4071 mani-

1941 4098 2122 4181 .festa
2153 4096 2421 4151 revelatio
2454 4096 2593 4153 huic
2625 4102 2823 4154 nostro
2868 4097 2993 4155 loco
3033 4100 3338 4170 accidisse,
3373 4119 3406 4157 a
3436 4108 3633 4160 custo-

1973 4186 2149 4241 dibus
2180 4184 2280 4256 qui
2313 4185 2585 4241 excubias
2617 4186 2798 4257 hujus
2830 4186 3086 4244 ecclesiae
3131 4189 3436 4246 observare
3475 4188 3633 4262 jussi

1974 4278 2131 4343 sunt,
2165 4278 2433 4329 enarrata
2464 4281 2810 4331 noscuntur.
2840 4275 3136 4334 Multoties
3179 4278 3394 4334 etenim
3425 4278 3633 4336 intem-

1973 4367 2150 4434 pestae
2184 4361 2370 4417 noctis
2417 4361 2579 4430 hora,
2636 4363 2869 4434 quando
2919 4362 3297 4436 gratissimus
3353 4381 3527 4437 sopor
3570 4365 3630 4422 in

1975 4450 2315 4507 dormicuilo
2348 4450 2492 4506 solet
2522 4468 2807 4523 occupare
2836 4451 3128 4519 homines,
3142 4452 3395 4509 exterriti
3430 4457 3631 4512 custo-

1976 4542 2079 4596 des
2109 4544 2165 4594 et
2184 4538 2361 4594 nimio
2382 4539 2586 4595 timore
2603 4540 3238 4613 excitati,vigilantibus
3259 4541 3445 4599 oculis
3470 4543 3635 4618 digni

1974 4628 2161 4684 habiti
2176 4632 2560 4684 suntcernere
2572 4645 2639 4684 ea
2652 4645 2781 4700 quae
2793 4629 3142 4687 mortalibus
3156 4633 3634 4687 suntmutuenda

1977 4717 2681 4791 perspicere.Plerumque
2697 4717 2853 4773 enim
2870 4735 3220 4791 conspexere
3242 4717 3633 4777 luminaribus

1977 4806 2445 4880 praeclarissimis
2476 4810 2658 4862 totam
2692 4806 2995 4863 ecclesiam
3025 4808 3415 4881 resplenderé,
3446 4812 3503 4865 et
3540 4808 3633 4866 in-

1977 4895 2403 4953 numerabilem
2418 4895 2862 4951 candidatorum
2878 4897 3112 4952 turbam
3126 4895 3434 4968 utriusque
3457 4912 3632 4955 sexus

1978 4986 2407 5059 episcoporum,
2436 4983 2803 5055 clericorum,
2854 4983 3158 5053 laicorum,
3210 5001 3526 5058 puerorum
3575 4991 3635 5044 et

1980 5074 2305 5148 puellarum
2332 5074 2511 5129 totius
2528 5073 2781 5129 ecclesiae
2800 5072 3025 5128 ambitu
3047 5073 3634 5133 contineriPluribus

1980 5181 2236 5236 namque
2265 5162 2487 5218 vicibus
2517 5161 2739 5235 vigiles,
2765 5162 2861 5234 qui
2898 5166 3132 5219 strenue
3163 5180 3305 5221 cura
3335 5164 3447 5221 sibi
3469 5182 3634 5222 com-

1980 5255 2163 5310 missa
2194 5254 2249 5308 in
2283 5251 2575 5325 vigilando
2605 5252 2979 5322 excubantes,
3013 5252 3122 5309 hoc
3153 5254 3504 5312 suburbium
3535 5273 3636 5313 no-

1979 5348 2168 5401 strum
2202 5343 2507 5398 observare
2537 5341 2609 5396 ab
2640 5340 2866 5413 ignium
2899 5340 3174 5414 periculis
3197 5347 3254 5400 et
3275 5361 3309 5401 a
3335 5343 3632 5400 latronum

1980 5432 2213 5487 insidiis
2229 5428 2401 5503 positi
2423 5435 2767 5498 noscuntur,
2784 5447 2914 5484 cum
2949 5428 3406 5489 clamorevalido
3428 5431 3635 5488 limina

1980 5522 2231 5579 ccclesize
2265 5518 2589 5593 pulsare,ct
2621 5518 2971 5592 increpative
3019 5519 3264 5579 aedituos
3292 5521 3633 5597 perterrefa-

3726 2573 3757 2595 ρ
