4036 6172
469 199 584 281 731

1308 202 1710 287 ODORANNI
1754 201 2112 266 MONACHI
2154 200 2218 263 S.
2264 200 2508 286 PETqu
2539 200 2705 263 'VlVI
2747 198 3029 261 SENON.

3671 204 3770 266 788

466 353 596 403 cere
626 335 709 394 ita
737 335 982 394 dicendo
1007 335 1114 394 visi
1144 338 1282 394 sunt
1306 337 1628 394 accurrisse
1645 353 1657 393 :
1677 335 1894 408 thuid
1907 351 2113 392 somno
2142 335 2198 401 Α
2227 349 2339 406 que
2365 333 2631 390 omnium
2653 335 2929 406 personat
2953 329 3192 398 clamor,
3205 329 3408 406 gratias
3425 335 3648 392 reterens
3661 335 3771 406 Deo,

465 425 716 482 nimium
735 427 1076 504 prmgravati
1093 425 1360 482 dormitis
1373 425 1506 484 vino
1521 429 1578 482 et
1592 441 1798 500 sopore
1821 422 2114 500 oppressi?

466 515 1145 590 surgite,surgite,quam
1174 514 1430 571 velocius
1461 531 1630 588 opem
1663 515 1804 570 ferte
1826 513 2008 570 sacris
2031 512 2114 568 lu-

433 605 792 662 ’minaribus
823 608 880 660 et
905 603 1089 660 sacris
1121 608 1457 660 sanctorum
1481 604 1862 678 pignoribus:
1889 619 2024 659 nam
2048 605 2114 658 ut

462 693 632 750 nobis
662 691 1140 748 manifestissime
1169 692 1416 761 videtur,
1441 697 1563 748 tota
1589 691 1831 748 ecclesia
1851 709 1886 748 a
1905 707 2110 747 somno

463 799 652 855 usque
670 782 742 838 ad
757 781 876 837 ima
889 781 1254 838 fundamenti
1279 781 1496 838 caelesti
1515 781 1646 855 igne
1677 781 1939 836 comburi
1961 781 2113 836 vide-

463 874 728 938 tu'r.Cum
761 869 1006 944 strepitu
1031 887 1166 944 ergo
1190 871 1418 944 pavoris
1449 869 1726 926 fratribus
1747 887 1780 926 a
1802 873 1982 926 strato
2003 886 2109 925 suo

464 959 864 1034 surgentibus,
888 959 1142 1016 visiones
1173 975 1350 1032 quam
1400 959 1599 1015 crebre
1645 959 2003 1031 disparuere,
2055 961 2112 1012 et

465 1049 694 1124 ignium
725 1049 1004 1122 splendor
1032 1049 1465 1120 quodammodo
1505 1047 1598 1104 his
1646 1047 2020 1114 intrinsecus,
2054 1050 2112 1102 et

463 1139 581 1205 illis
610 1138 888 1213 vigilibus
917 1136 1170 1194 exterius
1193 1136 1474 1210 paulatim
1498 1137 1740 1193 deiicere
1759 1140 1817 1192 et
1836 1135 2111 1191 imminui

463 1229 850 1285 decrescendo
881 1229 1023 1282 dum
1055 1226 1483 1294 consideratur;
1515 1225 1693 1282 timor
1739 1227 1811 1280 ab
1844 1225 2111 1298 utrisque

462 1316 668 1390 equali
729 1305 883 1373 sorte
929 1320 1278 1372 removetur.
1335 1315 1550 1371 Verum
1600 1315 1808 1370 fratres
1839 1313 2111 1370 custodes

462 1421 639 1462 sacrae
678 1403 930 1460 basilicae
978 1403 1127 1459 lenis
1173 1403 1320 1459 visio
1363 1407 1698 1460 sanctorum
1749 1401 2110 1475 frequentius

460 1492 807 1548 laetificando
841 1491 1002 1548 laetos
1026 1492 1235 1561 reddit,
1269 1496 1326 1548 et
1354 1491 1484 1548 illos
1516 1492 1840 1548 forinsecus
1889 1491 2110 1564 positos

461 1579 616 1654 ignis
646 1579 813 1652 quasi
843 1580 1012 1637 vivus
1040 1580 1344 1652 exterruit;
1377 1581 1477 1638 sed
1511 1584 1660 1654 post,
1695 1581 1834 1636 dum
1885 1581 2108 1636 incom-

461 1670 704 1726 bustum
735 1668 1018 1742 templum
1051 1669 1442 1736 considerant,
1473 1669 1723 1726 laetiores
1773 1668 2111 1726 efficiuntur
2142 1707 2189 1771 Β

462 1757 572 1814 hac
590 1757 814 1813 visione
839 1758 1004 1815 mira.
1014 1759 1160 1812 Nam
1177 1758 1329 1814 sicut
1346 1759 1586 1830 antiquo
1602 1761 1862 1830 tempore
1885 1759 2112 1828 Moyses

462 1848 630 1904 dator
656 1845 866 1903 veteris
896 1845 1044 1919 legis
1074 1847 1287 1902 rubum
1319 1847 1521 1903 ardere
1569 1847 1870 1920 conspexit
1907 1850 1964 1903 et
1994 1863 2109 1901 non

461 1935 748 2003 comburi,
779 1936 862 1991 ita
889 1939 945 1992 et
973 1935 1012 1989 ii
1043 1934 1154 1990 hoc
1186 1935 1606 1992 monasterium
1637 1935 1870 1992 incendi
1889 1938 2111 1991 metue-

461 2025 606 2082 bant
635 2041 650 2080 :
685 2025 786 2082 sed
819 2040 935 2079 non
967 2026 1090 2080 erat
1119 2023 1360 2079 nocivus
1391 2023 1565 2096 ignis,
1589 2024 1691 2079 sed
1721 2024 1978 2080 visitatio
2007 2040 2110 2078 an-

461 2112 657 2187 gelicas
687 2113 922 2168 virtutis
951 2115 1008 2168 et
1035 2115 1374 2168 sanctorum
1409 2129 1660 2184 quorum
1707 2111 1925 2169 ibidem
1975 2113 2110 2168 reti-

461 2204 636 2258 netur
664 2200 968 2272 multiplex
996 2199 1310 2256 multitudo
1335 2199 1672 2256 indicibilis.

461 2306 598 2362 CAP.
632 2307 722 2362 IX.
755 2307 830 2362 De
876 2306 1112 2361 muliere
1156 2306 1456 2362 incessibus
1493 2306 1694 2378 pedum
1739 2311 1954 2374 exacta,
1999 2315 2050 2364 et
2079 2325 2114 2364 ιι

887 2378 1096 2432 sanctis
1113 2379 1455 2450 martyribus
1478 2385 1687 2433 curata.

536 2466 816 2521 Przeterea
843 2482 914 2522 ex
943 2463 1316 2520 Milidunensi
1351 2465 1574 2538 (Melan)
1605 2465 1817 2538 oppido
1847 2467 2114 2539 quaedam

463 2553 821 2630 paupercula
844 2552 1302 2628 puclla,nomine
1329 2553 1677 2627 Ingelberta,
1703 2573 1822 2612 una
1849 2573 1984 2610 cum
2015 2571 2112 2628 ge-

463 2643 672 2700 nitriee
701 2643 935 2716 propria
961 2646 1296 2698 sanctorum
1320 2641 1556 2716 expetiit
1578 2643 2116 2701 liminazcurriculo

465 2731 762 2806 siquidem
793 2731 1138 2812 vpeta,quod
1166 2729 1298 2787 vilis
1329 2731 1507 2787 robur
1531 2731 1696 2787 aselli
1728 2733 2116 2805 praeducebat,

2219 423 2450 496 vigente
2482 428 2820 478 sanctorum
2853 425 3178 494 martyrum
3210 421 3522 493 patrocinio.

2221 529 2355 585 CAP.
2387 529 2457 586 Χ.
2493 531 2568 585 De
2591 527 3368 611 provocat.ala.Se3ionensibus
3394 529 3777 588 Nortmannorum

2883 600 3186 654 inimicitia
3199 640 3211 654 .

2289 691 2574 762 Tempore
2600 705 2715 762 quo
2745 687 3172 756 Senonensium
3193 687 3657 760 archiprasulatus
3673 691 3780 746 Wil-

2217 777 2430 834 lelmus
2460 777 2764 834 fruebatur
2795 776 2976 850 apice,
3010 775 3098 832 vir
3124 775 3352 849 ingenio
3379 779 3432 832 et
3459 777 3644 833 astutia
3666 783 3780 836 stre-

2218 885 2395 934 nuus,
2423 883 2566 940 gens
2583 865 3510 922 Nortmannorumexacerbatione
3537 865 3642 922 dira
3667 869 3781 940 ejus

2219 957 2352 1012 dem
2385 955 2599 1011 civium
2631 955 2798 1011 urbis
2827 960 3158 1028 provocato,
3203 953 3444 1010 confinia
3484 959 3536 1010 et
3577 955 3782 1028 proxima

2219 1061 2462 1118 quaeque
2491 1045 2679 1118 ipsius
2709 1044 2966 1118 regionis
2996 1044 3204 1100 acerba
3232 1041 3577 1116 depopulavit
3595 1060 3780 1117 exagge-

2218 1133 2442 1190 ratione
2471 1133 2838 1190 hostilitatis.
2879 1137 3011 1188 Haec
3041 1131 3254 1188 etenim
3285 1148 3423 1204 gens
3449 1131 3690 1187 vulnifica
3710 1151 3784 1188 ne-

2218 1222 2365 1278 faria
2393 1227 2588 1295 strage
2617 1222 2868 1294 populus
2899 1221 3176 1277 laniabat.
3205 1219 3409 1276 Territi
3438 1223 3611 1276 autem
3637 1221 3784 1276 nimie

2218 1311 2608 1368 obstinatione
2630 1309 2994 1366 crudelitatis
3015 1309 3492 1388 immanitateque
3507 1310 3787 1382 persecutio-

2218 1401 2310 1456 nis
2341 1399 2612 1456 concitati
2643 1399 3102 1472 circumquaque
3147 1397 3364 1472 populi,
3396 1398 3700 1472 confugiunt
3734 1399 3786 1454 ad

2218 1489 2527 1546 tuitionem
2562 1489 2726 1545 urbis
2739 1531 2752 1546 .

2216 1597 2345 1654 Cap.
2379 1597 2471 1652 XI.
2506 1597 2578 1652 Dc
2608 1597 2855 1652 illationc
2882 1603 3198 1652 sanctorum
3223 1610 3502 1666 corporum
3524 1594 3654 1664 infra
3677 1595 3790 1650 urbis

2940 1683 3147 1722 muros.

2289 1757 2409 1813 Sub
2443 1756 2570 1830 ipso
2599 1760 2860 1828 tempore
2890 1755 3174 1830 regnabat
3205 1753 3440 1810 Carolus
3476 1752 3724 1826 Simplex;
3749 1753 3791 1808 in

2219 1845 2559 1919 Burgundia
2585 1849 2784 1900 autem
2814 1846 3093 1900 ducatum
3127 1843 3361 1900 tenebat
3390 1841 3696 1910 Richardus,
3714 1859 3790 1914 pa-

2218 1937 2307 1990 ter
2327 1934 2560 1990 Rodulfi
2592 1933 2767 2006 regis.
2801 1934 2967 1988 Tunc
2997 1931 3284 2005 temporis
3335 1933 3565 2004 praeerat
3591 1929 3793 1985 cmnobio

2219 2025 2523 2080 beatorum
2547 2021 2948 2096 apostolorum
2963 2021 3114 2078 Petri
3132 2025 3190 2077 et
3208 2021 3372 2077 Pauli
3395 2020 3565 2076 abbas
3583 2019 3792 2086 Samson,

2220 2116 2485 2185 comptor
2513 2111 2720 2168 divinae
2753 2111 3080 2167 honestatis
3103 2114 3162 2166 et
3185 2112 3410 2166 amator
3435 2123 3596 2164 sacrae
3621 2106 3796 2180 religio-

2221 2201 2396 2258 nis.ls
2426 2218 2566 2257 sane
2597 2201 2981 2257 conturbatus
3013 2199 3254 2271 objecta:
3272 2215 3539 2272 pressura
3562 2195 3796 2253 calamita-

2220 2289 2318 2358 tis,
2351 2287 2750 2344 humillimam
2783 2289 3032 2344 fratrum
3086 2291 3368 2344 convocat
3413 2286 3727 2350 concionem,
3751 2289 3797 2338 ut

2223 2381 2400 2451 queat
2427 2377 2499 2432 ab
2531 2376 2614 2433 eis
2663 2376 2898 2432 salubre
2945 2375 3260 2432 consilium
3309 2372 3562 2448 experiri.
3607 2373 3795 2428 Demum

2221 2467 2434 2524 horum
2464 2465 2730 2522 omnium
2761 2481 3075 2521 commune
3103 2463 3415 2520 consilium
3444 2463 3716 2534 visumque
3736 2462 3800 2516 est

2223 2555 2365 2612 utile
2391 2554 2640 2621 cunctis,
2674 2559 2966 2626 quatenus
3013 2558 3352 2610 sanctorum
3393 2556 3680 2625 martyrum
3705 2567 3799 2605 cor-

2223 2661 2387 2716 pora,
2418 2643 2712 2698 Saviniani
2743 2641 3011 2698 videlicet
3040 2645 3096 2698 et
3127 2639 3647 2708 Potentiani,Altini
3673 2643 3800 2710 atque

2223 2731 2486 2796 Eodaldi,
2519 2749 2652 2786 cum
2686 2729 2906 2787 caeteris
2936 2736 3279 2787 sanctorum
3303 2728 3623 2804 corporibus
3647 2732 3695 2783 et
3711 2724 3804 2781 mli-

471 2824 672 2895 utpote
701 2819 860 2877 omni
890 2835 1240 2894 compagum
1273 2819 1556 2876 solamine
1603 2819 1885 2878 desolata.
1917 2821 2120 2878 Victus
2226 2820 2497 2893 quiarum
2519 2820 3024 2893 pignoribus,cum
3041 2821 3300 2876 maximo
3316 2819 3802 2892 honorisaugmcnto

471 2910 630 2968 enim
649 2909 1100 2982 vestimentique
1125 2907 1532 2982 supplemento
1549 2909 1806 2966 ostiatim
1827 2914 2116 2966 sustenta-

2227 2909 2288 2964 in
2313 2909 2559 2964 ecclesia
2597 2909 2862 2981 ejusdem
2895 2909 3140 2965 abbatiae
3191 2909 3429 2982 propria
3477 2907 3615 2964 infra
3654 2921 3804 2962 muros

471 3000 663 3071 batur,
703 2999 837 3055 tabe
887 3002 1202 3070 centesque
1249 2996 1550 3054 doloribus
1599 2997 1906 3072 inediaque
1954 3003 2121 3056 artus
2229 2997 2394 3053 urbis
2423 3001 2761 3053 constructa
2785 2997 3268 3054 transferrentur.
3305 2997 3579 3054 Rélictum
3602 3011 3711 3051 vero
3741 2995 3802 3048 est

469 3087 879 3144 miserantium
924 3085 1218 3142 alimoniis
1269 3087 1582 3143 refovebat.
1615 3071 1829 3143 Tanta,
1858 3104 2114 3160 namque
2144 3071 2190 3138 Β
2223 3090 2280 3142 et
2304 3087 2576 3142 decenter
2599 3085 2958 3142 tumulatum
2988 3103 3202 3158 corpus
3236 3085 3421 3142 sancti
3449 3082 3670 3142 Scrotini
3697 3097 3806 3138 mar-

465 3175 859 3252 suggestionis
887 3175 1328 3248 importunitate
1339 3174 1566 3231 cunctis
1585 3179 1712 3231 erat
1733 3179 2116 3247 nota,quanto

467 3267 689 3338 absque
719 3265 1042 3320 multorum
1063 3264 1390 3336 juvaminis
1437 3280 1545 3336 ope
1595 3261 1876 3336 nequibat
1902 3265 2106 3321 vivere.

463 3358 643 3410 Porro
686 3354 822 3409 data
875 3353 1128 3426 optione,
1171 3352 1344 3425 coepit
1389 3352 1662 3409 anhelare
1707 3353 1779 3408 de
1826 3353 2116 3410 industria

464 3446 802 3500 sanctorum
834 3444 1158 3514 martyrum
1189 3440 1594 3514 subsidia,quo
1619 3441 1962 3519 -debilitatis
1991 3461 2112 3498 suae

461 3531 746 3588 inferrent
775 3529 1286 3586 medelam.Aecita
1317 3529 1515 3602 itaque
1547 3535 1732 3587 matre
1757 3532 2109 3600 :-Desidero,

461 3619 675 3691 inquit,
708 3617 945 3692 prepitii
976 3618 1249 3690 martyris
1293 3619 1477 3674 sancti
1525 3618 1842 3686 Saviniani,
1874 3625 2110 3676 caetero-

462 3723 712 3780 rumque
742 3710 1080 3763 sanctorum
1100 3706 1258 3762 adire
1273 3705 1569 3778 sepulcra;
1607 3723 1711 3764 nec
1739 3708 2110 3779 demorabor,

461 3795 724 3868 inquam,
757 3793 1004 3868 adipisci
1055 3811 1158 3866 per
1205 3793 1336 3852 illos
1387 3795 1499 3850 mei
1555 3795 1737 3851 animi
1759 3799 1910 3852 vota.
1941 3817 1968 3850 ι
2003 3798 2107 3853 Ac-

459 3901 637 3942 censa
693 3883 854 3940 illius
900 3887 1086 3940 mater
1132 3883 1324 3940 verbis
1381 3887 1607 3939 tantum
1665 3901 1827 3956 spem
1886 3887 2111 3960 peragit

459 3972 1216 4047 promptius,subillataque
1246 3973 1549 4030 obtutibus
1571 3973 2108 4048 ipsorum,supplex

456 4061 676 4119 cervice
704 4063 909 4136 adorat
953 4078 1168 4118 cernuo
1207 4067 1274 4116 ut
1318 4062 1515 4118 adsint
1565 4063 1615 4119 ei
1665 4063 2105 4136 patrocinando.

455 4150 790 4208 Pavimento
819 4149 1016 4224 itaque
1044 4148 1336 4206 inhmrens
1367 4149 1608 4216 diutius,
1641 4151 1823 4208 Deum
1874 4152 2107 4225 pietatis

455 4239 654 4297 adfore
684 4238 870 4295 sensit
899 4242 1232 4313 sanctorum
1270 4237 1766 4297 interventu.Mox
1794 4240 1974 4314 igitur
1995 4240 2110 4298 cita

455 4327 615 4386 salus
643 4332 904 4400 praeunte
932 4325 1301 4394 immanitate
1349 4325 1590 4394 doloris,
1633 4331 1807 4400 atque
1849 4329 2107 4386 innovati

2223 3175 2368 3248 tyris
2397 3173 2454 3229 in
2479 3175 2733 3247 quodam
2766 3175 3030 3246 ejusdem
3054 3174 3162 3230 loci
3189 3175 3395 3231 tutiori
3417 3172 3698 3236 antro.0uo
3713 3185 3804 3242 per-

2224 3268 2373 3329 acto,
2398 3265 2524 3335 jam
2570 3264 2846 3336 praefatus
2895 3263 3109 3336 praesul
3157 3263 3364 3322 dolose
3407 3262 3804 3320 machinamenta

2223 3352 2614 3410 aemulationis
2644 3352 2946 3409 monachis
2974 3353 3565 3426 injecit,commodius
3593 3348 3804 3422 inquiens

2221 3460 2350 3499 esse
2382 3445 2445 3498 ut
2475 3442 2990 3498 transveherentur
3037 3447 3382 3498 sanctorum
3432 3439 3663 3514 reliquiae
3693 3438 3806 3493 intra

2223 3531 2438 3588 mmnia
2468 3535 2680 3586 sanctae
2715 3530 2921 3586 matris
2950 3530 3224 3588 Ecclesiae
3257 3533 3548 3589 Senonum
3570 3530 3620 3585 in
3640 3527 3806 3583 bonum

2221 3619 2406 3676 sancti
2436 3619 2719 3692 Stephani
2752 3619 3196 3694 protomartyris
3219 3609 3807 3690 constructaeﬁogitavit

2220 3711 2416 3764 autem
2459 3713 2586 3763 tum
2623 3701 2856 3780 piorum
2883 3709 3128 3762 fratrum
3151 3707 3500 3781 simplicitas
3519 3707 3587 3764 ob
3607 3711 3805 3761 tenorem

2220 3794 2549 3854 sanctitatis
2575 3795 2693 3852 haec
2714 3795 2912 3869 peragi
2931 3795 3238 3865 exercitia;
3263 3797 3364 3853 sed
3387 3795 3677 3870 patuerunt
3695 3792 3807 3864 post-

2219 3885 2465 3942 modum
2495 3883 2618 3940 haec
2650 3883 3002 3942 adulationis
3025 3885 3163 3940 fami
3175 3902 3273 3942 na.

2217 3993 2349 4048 ΟΑΡ.
2398 3991 2516 4047 XII.
2567 3997 2645 4048 De
2687 3990 2840 4047 urbis
2892 3991 3193 4060 obsidione,
3245 3999 3302 4048 et
3341 3991 3572 4048 oratorio
3610 3988 3669 4044 ab
3716 3987 3808 4054 igne

2468 4115 2472 4120 .
2703 4131 2706 4134 y
2942 4071 3141 4135 crcpto.

2286 4152 2540 4208 Obsessa
2569 4149 2750 4224 igitur
2773 4151 2936 4219 urbe,
2971 4153 3196 4223 quanta
3244 4152 3402 4208 caede
3450 4145 3697 4207 ecclesias
3733 4159 3804 4198 ea-

2216 4257 2467 4314 rumque
2494 4239 2896 4313 possessiones
2943 4239 3031 4295 vel
3079 4239 3304 4312 praadia
3332 4236 3631 4305 subrueril,
3658 4234 3806 4288 vasta-

2212 4330 2378 4398 verit,
2411 4326 2853 4402 depOpulaverit
2882 4327 3127 4401 longum
3179 4334 3275 4386 est
3314 4326 3540 4403 paginis
3568 4323 3804 4382 intimare,

453 4416 664 4474 anhelo
693 4415 922 4488 spiritui
955 4417 1174 4488 gaudet
1211 4415 1529 4486 auxilium;
1583 4417 1847 4474 vibratur
1891 4420 2106 4476 ardens
2135 4439 2181 4503 Β
2217 4419 2538 4493 prmsertim
2571 4434 2704 4473 cum
2754 4422 2811 4472 et
2853 4418 3157 4474 basilicam
3207 4419 3399 4476 sancti
3429 4415 3572 4474 Petri
3613 4409 3807 4503 mirifico

451 4503 688 4562 animus
719 4505 792 4560 ad
825 4504 1470 4578 plurima,matremque
1497 4510 1666 4562 vocat
1696 4506 1935 4565 dicens:
1983 4510 2097 4565 Ad-

451 4591 856 4666 esto,genitrix
884 4591 1236 4659 latabunda,
1269 4610 1395 4666 quae
1427 4610 1520 4650 me
1559 4599 1758 4652 tacens
1805 4596 1876 4652 ab
1920 4596 2103 4654 humo

449 4680 746 4740 sustulisti
777 4679 1180 4737 terrulentam.
1229 4679 1546 4752 Postquam
1595 4697 1732 4754 ergo
1781 4681 2101 4740 fmditatem

447 4771 849 4828 membrorum
882 4767 1115 4824 virtutis
1137 4768 1339 4824 decore
1365 4767 1612 4824 mutavit
1631 4768 2102 4836 Deus,illustrata

447 4863 786 4916 sanctorum
811 4857 1136 4932 juvamine,
1167 4857 1424 4912 cucurrit
1453 4857 1735 4913 inoffenso
1775 4859 1939 4930 pede,
1974 4879 2102 4920 ma-

443 4951 712 5018 tremque
743 4947 1064 5020 reciprocat
1093 4946 1372 5002 continua
1399 4947 1632 5002 voce.At
1653 4945 1752 5000 illa
1775 4947 2102 5006 accelerans

442 5037 717 5107 properat
748 5033 1002 5107 factique
1031 5033 1256 5108 ignara,
1289 5050 1436 5106 quos
1468 5032 1816 5091 scabellulos
1844 5037 2099 5108 perdidit

441 5119 689 5194 inquirit
716 5121 986 5178 tremula.
1018 5122 1165 5190 Uno,
1215 5120 1410 5194 inquit
1457 5121 1577 5190 illa,
1629 5122 1739 5178 sub
1789 5123 1906 5180 ictu
1948 5127 2093 5182 mihi

442 5209 724 5266 divinitus
755 5210 966 5266 collata
995 5216 1086 5267 est
1113 5211 1304 5280 salus;
1340 5227 1574 5284 sepsere
1602 5210 1762 5267 illam
1787 5215 2095 5288 quamplu-

2211 4525 2383 4582 opere
2409 4511 2808 4563 constructam
2840 4507 3140 4564 atrocibus
3195 4507 3456 4563 flammis
3501 4493 3804 4562 cremaverit,

2211 4597 2552 4670 variamque
2581 4595 3008 4669 supellectilem
3055 4613 3194 4652 cum
3222 4596 3500 4654 omnibus
3518 4585 3809 4650 utensilibus

2214 4684 2521 4760 diripuerit
2573 4689 2630 4741 et
2677 4702 2918 4758 prorsus
2963 4686 3350 4758 pessumdare
3405 4678 3688 4740 studuerit.
3715 4673 3807 4729 Heu

2213 4775 2359 4848 proh
2391 4773 2582 4830 dolor!
2612 4790 2716 4830 nec
2747 4773 2874 4830 sine
2903 4773 3123 4847 gemitu
3170 4771 3516 4830 dicendum!
3549 4771 3809 4855 Remanse:

2219 4869 2312 4921 rat
2367 4863 2584 4920 ibidem
2636 4863 2941 4936 praefatum
2991 4863 3314 4920 oratorium
3373 4859 3554 4918 sancti
3606 4849 3806 4912 Serotini

2216 4953 2494 5026 martyris
2524 4951 2805 5008 divinitus
2827 4952 2900 5008 ab
2923 4951 3056 5026 igne
3076 4956 3374 5026 ereptum;
3403 4947 3550 5024 quod
3575 4942 3807 5026 dolentes3

2187 5021 2396 5114 plura
2414 5040 2670 5097 ﬂammis
2692 5021 3244 5114 fomenta'ingerubt
3265 5021 3562 5097 molimine
3581 5035 3710 5096 toto;
3727 5021 3803 5114 εξθᾴ

2208 5130 2458 5186 illaesum
2500 5133 2766 5185 servatur
2813 5129 2884 5184 ad
2934 5129 3358 5204 vegetationem
3413 5123 3695 5184 hominum
3729 5108 3807 5169 Dt‘i

2210 5224 2356 5276 nutu
2417 5219 2606 5274 vivido
2632 5223 2688 5274 et
2718 5217 2948 5274 merito.
2989 5218 3300 5276 Salutifero
3351 5214 3627 5289 siquidem
3656 5207 3805 5260 inter-

441 5297 947 5370 rimi,spectatque
977 5298 1203 5371 plebem
1236 5305 1425 5356 erecta
1457 5299 1678 5356 circum
1721 5301 1992 5360 ﬂuentem
2028 5323 2093 5360 ac
2196 5313 2378 5366 ventu
2431 5312 2771 5364 sanctorum
2823 5307 3049 5364 scilicet
3091 5312 3414 5380 martyrum
3457 5290 3722 5361 Saviniaui
3761 5289 3808 5342 ei

437 5385 550 5444 sibi
576 5386 1078 5458 congratulantem
1115 5403 1128 5442 :
1163 5389 1427 5444 omnium
1467 5389 1625 5445 enim
1677 5406 1932 5447 connexa
1965 5395 2088 5467 cpi-

434 5477 608 5534 nione
639 5476 895 5536 subitum
927 5476 1136 5549 adepta
1165 5481 1253 5534 est
1279 5477 1608 5534 sanitatem.
1644 5479 1970 5539 Publicitus
1994 5484 2094 5540 ita-

2205 5396 2553 5464 Potentiani,
2580 5395 2754 5452 Altini
2791 5400 2965 5468 atque
2999 5395 3454 5468 Eodaldi,ipsius
3479 5386 3650 5447 sancti
3671 5385 3805 5438 Sero-

2205 5487 2312 5542 tini
2365 5485 2636 5560 martyris
2685 5484 3102 5543 intemeratum
3155 5483 3512 5542 mausoleum
3541 5473 3804 5534 servatur;
