4036 6172
227 234 324 297 ’189

892 235 997 300 DE
1037 234 1478 300 TRANSLAT.
1525 237 1636 299 SS.
1678 234 2103 347 SAVINIAISI,
2146 237 2653 314 POTENTIANI,
2695 239 2868 303 ETC.

3458 236 3577 302 790

224 368 342 443 quia
363 365 704 441 obligaverat
732 385 830 426 eos
862 386 1027 425 amor
1055 367 1292 425 sincerae
1336 368 1684 436 dilectionis,
1719 387 1823 425 nec
1850 368 1905 436 Α
1935 369 2100 428 naria
2129 370 2431 429 immensae
2463 371 2746 428 claritatis
2775 369 3093 444 pervolant.
3122 368 3255 435 Quis
3285 371 3575 444 supersti-

221 460 415 533 patitur
440 460 767 514 sanctorum
798 461 1032 515 artuum
1063 460 1331 515 absentia
1352 460 1525 515 citato
1552 460 1821 516 frustrari

221 547 469 603 solamine
499 562 670 619 quem
702 547 926 603 dudum
959 547 1277 604 sociaverat
1296 548 1407 604 sibi
1430 550 1542 605 ﬁde
1566 548 1822 605 chaaita-

221 636 280 693 tis
305 636 492 691 unicae.

276 725 394 780 CAP.
424 725 561 780 XIII.
596 726 672 781 De
698 725 1167 781 Nortmannorum
1209 727 1383 782 reditu
1412 727 1483 781 ad
1501 729 1747 798 propria.

204 836 211 843 ί
273 814 498 870 Demum
520 814 714 886 itaque
737 814 1017 870 convictis
1036 819 1091 870 et
1113 815 1353 872 necibus
1374 815 1618 871 diversis
1641 817 1821 889 pluri-

218 904 309 959 bus
357 903 842 959 Nortmannorum
899 905 1173 973 enecatis,
1208 903 1415 977 reliqui
1465 906 1538 960 ad
1588 907 1825 978 propria

218 997 330 1048 sunt
358 992 592 1059 reversi;
627 992 1012 1049 accelerantes
1041 998 1237 1049 autem
1272 994 1540 1050 monachi
1574 996 1822 1067 expetie-

219 1085 331 1136 runt
348 1081 413 1135 ab
435 1080 706 1152 episcopo
732 1082 1013 1152 reportari
1036 1088 1374 1138 sanctorum
1397 1085 1824 1157 corpora,igno-

217 1174 380 1224 rantes
409 1169 557 1240 quod
593 1185 697 1241 per
743 1171 1179 1242 subreptionem
1230 1171 1347 1228 illic
1394 1174 1584 1228 forent
1637 1174 1818 1230 illata.

214 1260 271 1314 At
292 1256 399 1330 ipse
425 1258 602 1314 torvis
630 1275 729 1314 eos
772 1258 1064 1331 aspiciens
1113 1260 1319 1327 oculis,
1351 1262 1698 1335 priusquam
1725 1280 1821 1319 eo-

216 1363 321 1401 rum
350 1347 779 1419 suggestionem
833 1348 1117 1416 audisset,
1152 1349 1345 1421 inquit
1377 1368 1390 1405 :
1418 1351 1672 1408 Ultronei
1713 1352 1821 1407 hoc

207 1435 309 1507 jus,
336 1435 457 1491 licet
505 1435 846 1492 nolentibus
892 1438 1078 1506 vobis,
1118 1444 1309 1495 tamen
1360 1441 1683 1511 profluente
1708 1442 1821 1498 cle-

214 1526 399 1580 mentia
426 1524 544 1591 Dei,
578 1526 805 1581 cunctis
835 1526 1196 1583 innotescere
1225 1528 1578 1598 volumus,et
1606 1530 1821 1586 consti-

212 1614 515 1669 tunionibus
542 1613 1113 1687 obligari,quatenus
1144 1618 1439 1690 possideat
1462 1618 1644 1691 hujus
1665 1621 1821 1676 sedis

213 1703 431 1775 dignitas
446 1703 659 1758 horum
677 1708 1013 1759 sanctorum
1032 1722 1274 1778 corpora
1290 1723 1541 1778 quorum
1562 1710 1822 1782 martyrii
1852 1736 1899 1801 Β

214 1791 439 1847 tirocinio
468 1795 734 1865 vegetata
762 1792 1091 1849 luculenter
1119 1798 1495 1851 coruscat.Ad
1519 1797 1697 1868 hujus
1724 1816 1820 1854 ca-

212 1879 523 1937 lumniosam
556 1897 699 1953 ergo
731 1883 1071 1937 assertionis
1102 1885 1311 1939 seriem
1335 1885 1597 1942 nonnulli
1621 1904 1820 1960 provo—

212 1974 384 2026 cantur
434 1971 751 2027 astutiores
799 1971 1013 2036 clerici,
1048 1976 1104 2028 et
1151 1975 1504 2045 potentiores
1553 1992 1819 2046 proceres

214 2060 526 2115 unanimiter
578 2066 928 2129 asserentes,
964 2067 1254 2134 quatenus
1303 2063 1419 2118 illic
1466 2064 1822 2122 haberentur

214 2149 338 2204 unde
363 2149 671 2223 viguerunt
700 2151 918 2205 summi
946 2151 1245 2223 praesules.
1265 2153 1350 2207 Ad
1383 2152 1504 2208 haac
1536 2170 1686 2226 saepe
1716 2155 1817 2210 fati

212 2237 450 2294 antistitis
478 2238 685 2294 feralia
714 2239 1015 2295 adduntur
1032 2240 1240 2296 verba:
1268 2242 1487 2314 Legum
1509 2243 1664 2298 enim
1680 2243 1819 2312 jura

213 2327 429 2398 pontiﬁci
459 2327 689 2382 cunctis
721 2328 1313 2393 decernenti,clerieis
1347 2347 1579 2402 quoque
1610 2331 1817 2387 divina:

212 2415 495 2485 majestatis
525 2415 875 2484 cultoribus,
909 2422 965 2472 et
993 2417 1424 2474 venerabilibus
1454 2420 1819 2491 quibuscun—

140 2572 145 2579 η
214 2519 304 2575 que
329 2504 486 2560 terris
513 2510 569 2560 et
604 2505 943 2577 regionibus
982 2511 1276 2562 tantorum
1328 2513 1651 2582 martyrum
1682 2527 1816 2565 con-

210 2592 337 2663 gruit
362 2592 638 2649 inservire
668 2595 959 2661 excubiis;
995 2612 1095 2651 vos
1127 2596 1334 2667 agmen
1368 2596 1598 2669 vulgale
1620 2599 1691 2654 ad
1716 2616 1819 2653 cm-

211 2680 425 2736 nobitale
440 2682 807 2755 propositum
830 2700 945 2738 una
959 2701 1093 2738 cum
1113 2684 1288 2740 rebus
1306 2686 1581 2743 omnibus
1602 2704 1818 2743 resum—

210 2770 301 2840 ptis
326 2770 954 2839 revertimini,scientes
978 2772 1251 2844 deinceps
1286 2792 1391 2830 nos
1420 2774 1630 2830 horum
1656 2793 1818 2831 sanc-

208 2860 363 2913 torum
384 2859 679 2916 venustari
719 2861 1046 2932 praesentia.
1073 2861 1441 2918 Gementium
1482 2881 1618 2937 ergo
1641 2869 1698 2919 et
1731 2882 1817 2919 ro-

209 2949 429 3018 gantium
462 2948 889 3005 monachorum
923 2950 1116 3023 fragor
1146 2952 1451 3015 attollitur,
1469 2970 1817 3025 pauperum-

210 3037 619 3105 queterrulenta
642 3055 883 3111 corpora
901 3040 1258 3109 gestantium
1282 3039 1612 3113 plebiumve
1636 3042 1747 3097 utri
1758 3060 1817 3097 u-

211 3104 325 3196 sque
340 3143 500 3183 sexus
520 3126 696 3184 dolor
711 3104 985 3199 personat
1005 3104 1322 3184 dicentium
1348 3129 1442 3186 :Ut
1462 3129 1601 3201 quid
1626 3130 1817 3186 taliter
1846 3104 1890 3171 C

211 3214 521 3286 affligimur?
541 3216 769 3288 quibus
792 3216 963 3272 malis
985 3217 1216 3272 obnoxii
1242 3217 1354 3273 ista
1376 3217 1753 3290 perpetimur,
1770 3220 1819 3275 si

211 3302 265 3356 ad
293 3305 608 3361 communis
642 3306 971 3361 munimina
997 3305 1205 3378 refugii
1240 3307 1821 3379 confugimus,quare

212 3392 570 3450 traducimur?
610 3411 794 3467 quare
810 3394 1068 3466 patronis
1086 3396 1442 3452 frustramur
1462 3397 1629 3452 nobis
1647 3415 1681 3452 a
1712 3402 1821 3453 Deo

212 3477 370 3535 datis?
397 3483 470 3538 Ad
530 3484 662 3538 haec
713 3484 974 3555 pontifex
1032 3488 1234 3556 raptus
1281 3485 1607 3542 temeritate
1658 3486 1821 3558 pravi

213 3569 400 3624 consilii
429 3571 566 3628 foris
600 3588 810 3627 muros
822 3571 1007 3643 jussit
1035 3589 1134 3629 eos
1163 3573 1427 3646 propelli.

212 3672 318 3730 CAP.
345 3676 476 3753 XIV.
507 3680 581 3734 De
616 3679 1008 3753 monachorum
1038 3679 1273 3734 instanti
1299 3682 1502 3749 gemitu
1530 3690 1581 3737 et
1607 3696 1821 3753 praesu-

365 3750 426 3804 lts
453 3749 770 3806 custodibus
801 3758 1116 3822 ostensaque
1136 3752 1378 3807 terribili
1406 3749 1631 3808 visione.

270 3833 639 3894 Memorabilis
672 3837 869 3909 itaque
901 3838 1082 3893 abbas
1101 3843 1347 3894 Samson
1368 3840 1706 3902 continuato
1727 3842 1825 3897 do-

216 3918 310 3978 lore
334 3931 385 3980 et
412 3926 774 3982 abstinentia
805 3943 951 3999 pene
979 3928 1295 3983 emoritur:
1323 3929 1422 3984 sed
1449 3934 1508 3985 et
1539 3934 1660 3985 tota
1688 3948 1823 3986 con-

218 4016 530 4084 gregationis
563 4015 1174 4089 unanimitas,vigiliis
1206 4021 1262 4072 et
1291 4017 1653 4074 orationibus
1678 4021 1827 4091 jeju-

220 4099 410 4173 niisque
459 4109 840 4177 praegravata,
891 4106 1093 4160 eadem
1155 4107 1375 4178 patitur
1429 4107 1821 4164 incommoda.

218 4185 443 4247 Christus
462 4192 938 4267 igitur,omnium
966 4210 1162 4250 rerum
1196 4212 1400 4251 censor
1428 4196 1823 4268 aequissimus,

219 4282 534 4350 compatiens
564 4282 1291 4355 alilictis,sulfragantibus
1321 4289 1658 4341 sanctorum
1688 4303 1828 4357 quo-

220 4379 309 4433 que
335 4375 647 4443 martyrum
680 4371 1096 4442 prccibus,non
1119 4371 1341 4429 diutius
1362 4373 1603 4429 sustulit
1632 4391 1827 4430 carere

218 4456 505 4515 coenobium
537 4465 658 4516 tam
692 4461 957 4532 pretiosae
990 4461 1285 4518 facultatis
1310 4462 1604 4519 thesauro.
1640 4462 1825 4518 Medio
1858 4476 1904 4541 ι)

219 4555 435 4616 namque
472 4549 662 4604 noctis
712 4548 966 4604 conﬁnio
1014 4550 1287 4605 custodes
1335 4550 1588 4607 ecclesia:
1637 4552 1823 4607 sancti

220 4627 460 4703 Stephani
491 4638 953 4710 conquatiuntur
981 4638 1220 4694 horrore
1250 4639 1547 4696 acerrimae
1576 4656 1826 4696 concus-

221 4716 403 4789 sionis;
432 4725 606 4781 citato
638 4743 772 4783 vero
812 4744 1009 4796 cursu,
1042 4729 1334 4799 pontiﬁcis
1385 4746 1555 4785 aures
1604 4728 1829 4800 replent

220 4803 450 4868 tremulis
476 4814 831 4872 clamoribus
867 4832 878 4871 :
913 4816 956 4871 Ο
984 4816 1576 4889 praesul,inquientes,
1606 4818 1690 4873 fer
1720 4835 1827 4873 no-

223 4892 295 4949 bis
321 4899 583 4958 desolatis
616 4905 943 4976 opem.Haec
969 4906 1123 4961 enim
1156 4905 1400 4962 basilica
1419 4907 1476 4961 in
1500 4924 1617 4979 qua
1637 4923 1831 4962 mane-

224 4996 333 5041 mus
382 4990 703 5047 timendum
746 4999 837 5048 est
883 5010 954 5049 ne
1000 4994 1264 5050 funditus
1323 5000 1601 5051 corruat:
1636 4996 1832 5069 fragor

226 5085 399 5147 nempe
422 5080 697 5138 terribilis
729 5083 888 5139 intus
918 5089 1217 5155 personat,
1248 5088 1304 5139 et
1326 5085 1615 5140 vibrantia
1651 5085 1824 5140 lumi-

282 5233 447 5314 (.5198
470 5256 535 5314 eo
566 5239 792 5314 Clarius
817 5242 877 5297 in
898 5242 1373 5314 chronico,quem
1398 5248 1609 5298 sanctae
1633 5242 1825 5298 Mariae

226 5303 558 5385 a‘rch‘iclavim
590 5312 750 5385 dicit,
776 5318 979 5385 contra
1008 5303 1188 5385 quam
1216 5303 1310 5367 hic
1341 5318 1561 5368 auctor.
1596 5316 1678 5367 An
1732 5332 1828 5368 ar-

227 5371 465 5441 chiclavis
494 5371 843 5439 cathedralis
875 5371 1127 5440 ecclesiae
1177 5385 1531 5441 Senoncnsis
1580 5385 1825 5439 abbatize

228 5440 275 5495 S.
301 5444 475 5504 Maria:
502 5453 671 5509 titulo
701 5457 1067 5512 donabatur?

288 5516 355 5589 (ὃ)
381 5522 621 5582 Artavus
652 5525 1107 5584 instrumentum
1138 5543 1331 5600 panno
1380 5527 1697 5584 scindendo
1728 5545 1827 5600 ap—

1930 459 2032 526 tio,
2067 460 2261 533 inquit
2286 446 2621 534 episcopus,
2653 466 2881 517 vestros
2913 465 3172 534 agrestes
3217 461 3579 533 perturbavit

1932 548 2204 605 animos?
2232 568 2361 606 vere
2395 550 2697 611 fallacibus
2729 550 3153 606 monachorum
3184 550 3575 624 suggestioni-

1930 639 2044 694 bus
2074 639 2294 711 decepti
2324 640 2605 712 vanisque
2632 637 3119 711 pollicitationum
3149 640 3365 712 spebus
3398 642 3573 697 sedu-

1931 727 2005 783 cti
2036 728 2197 784 estis.
2232 728 2343 784 Sed
2374 745 2483 784 vox
2510 728 2677 784 testis
2724 727 2983 783 veritatis
3031 727 3236 799 nequit
3281 729 3574 802 exstingui

1931 816 2200 872 atrociori
2226 817 2634 873 commotionis
2671 816 2924 873 turbine.
2954 817 3230 888 Sequenti
3260 820 3427 873 nocte
3452 822 3574 873 tur-

1932 905 2069 961 bata
2100 906 2282 962 missa
2310 906 2621 961 custodum
2654 906 2724 960 ab
2756 904 3026 977 episcopo
3053 905 3573 979 solertia,fugiens-

1932 1011 2044 1066 que
2075 1012 2189 1067 prae
2221 994 2479 1051 horroris
2510 993 3192 1067 magnitudine,denegat
3212 993 3429 1050 ibidem
3455 1011 3575 1051 am-

1932 1083 2088 1156 plius
2119 1101 2181 1140 se
2229 1100 2485 1140 manere.
2518 1084 2767 1139 Jubente
2816 1082 3110 1155 episcOpo,
3143 1100 3278 1138 mox
3325 1087 3574 1157 utraque

1930 1190 2067 1245 pars
2098 1173 2406 1228 custodum
2440 1173 2717 1228 custodia;
2746 1172 3205 1243 mancipatur.ln
3237 1172 3346 1228 hac
3372 1174 3572 1245 perni-

1930 1261 2015 1317 cie
2049 1262 2367 1335 persistens
2389 1262 2720 1333 episcopus,
2746 1264 2943 1332 utpote
2967 1264 3241 1317 versutus
3286 1262 3570 1331 moribus,

1930 1351 2105 1405 tertia
2135 1355 2300 1406 nocte
2345 1350 2726 1421 semetipsum
2770 1346 3024 1404 ecclesiae
3072 1350 3374 1407 custodem
3407 1350 3572 1406 adhi-

1932 1439 2079 1505 buit,
2115 1438 2373 1494 militum
2422 1455 2607 1494 cuneo
2657 1436 2905 1493 vallatus
2951 1436 3175 1510 ingenti
3223 1455 3401 1495 causa
3427 1456 3573 1495 verae

1931 1528 2380 1583 examinationis
2399 1545 2412 1594 ;
2432 1526 2659 1583 corusci
2692 1530 2884 1581 autem
2909 1525 3151 1581 luminis
3172 1526 3459 1583 densitate
3479 1528 3577 1584 ob-

1931 1621 2200 1683 caecatus,
2233 1616 2407 1687 coepit
2436 1614 2811 1670 vehementer
2836 1614 3249 1671 debacchando
3288 1616 3573 1684 frendere,

1929 1710 1987 1761 et
2016 1706 2225 1761 obnixe
2255 1709 2320 1761 ut
2349 1708 2788 1777 asportarentur
2816 1707 3156 1760 sanctorum
3178 1722 3420 1777 corpora
3442 1723 3576 1780 pro-

1928 1794 2203 1851 clamare.

1963 1884 2098 1940 CAP.
2131 1884 2245 1939 XV.
2283 1888 2359 1940 De
2384 1884 2607 1939 revectis
2654 1887 2970 1939 sanctorum
3015 1884 3244 1939 artubus
3285 1885 3352 1939 ab
3383 1887 3535 1942 urbe.

1999 1973 2322 2029 Convocata
2371 1972 2621 2044 denique
2664 1973 2830 2028 adest
2873 1972 3057 2029 sancti
3110 1972 3257 2029 Petri
3310 1974 3576 2030 modesta

1931 2061 2349 2117 monachorum
2400 2061 2654 2134 phalanx
2701 2064 2757 2117 et
2806 2060 3054 2133 receptis
3100 2063 3387 2134 patronis,
3421 2062 3575 2119 ultra

1930 2169 2108 2223 quam
2141 2152 2295 2207 credi
2322 2155 2511 2223 potest
2531 2149 2995 2216 laetissima,cum
3018 2166 3232 2223 magno
3253 2150 3577 2223 tripudian-

1928 2241 2076 2296 tium
2109 2240 2647 2311 exsultantiumque
2678 2239 2853 2294 choro
2883 2239 2953 2294 ad
2995 2238 3292 2311 propriam
3341 2245 3574 2297 sanctos

1927 2330 2195 2385 deferunt
2210 2328 2931 2394 basilicam.Quamobrem
2949 2327 3291 2384 archiclavis
3310 2329 3574 2399 ejusdem

1928 2419 2085 2474 sedis
2114 2419 2350 2473 nomine
2382 2418 2714 2473 Bernardus
2745 2418 2847 2489 (5),
2878 2416 3153 2489 pestifero
3192 2417 3422 2473 invidiae
3451 2418 3574 2475 zelo

1927 2524 2267 2574 succensus,
2301 2505 2590 2562 abstrahit
2645 2505 2889 2579 pallium
2947 2523 3061 2578 quo
3111 2505 3468 2563 sanctissimi
3517 2512 3576 2564 et

1923 2595 2223 2669 apostolici
2256 2595 2482 2668 patroni
2511 2594 2805 2651 Saviniani
2840 2596 3144 2667 tegebatur
3162 2595 3396 2663 tumba;
3417 2612 3573 2652 arre-

1926 2690 2141 2758 ptoque
2173 2690 2371 2754 quave
2402 2684 2480 2755 (6)
2512 2683 2570 2738 in
2605 2684 2791 2739 frusta
2821 2683 3080 2739 medium
3113 2700 3321 2740 secans
3348 2685 3434 2739 ait
3464 2702 3476 2739 :
3512 2684 3573 2741 Si

1924 2775 2134 2830 horum
2162 2774 2398 2828 Patrum
2432 2790 2702 2828 caremus
2734 2771 3096 2844 pignoribus,
3110 2770 3199 2828 vel
3229 2772 3408 2844 hujus
3436 2790 3575 2846 por-

1925 2863 2252 2920 tiunculam
2285 2861 2690 2917 retinebimus.
2724 2860 3010 2932 Palliique
3047 2877 3183 2932 pars
3209 2862 3283 2917 ad
3314 2867 3576 2934 postero-

1926 2970 2056 3009 rum
2109 2952 2452 3008 memoriam
2503 2950 2694 3005 adhuc
2742 2951 2800 3005 in
2849 2950 3051 3006 eadem
3101 2951 3238 3006 sede
3285 2955 3570 3006 servatur.

1926 3045 2153 3108 Quanto
2178 3040 2499 3095 sanctionis
2531 3041 2847 3110 augmento
2870 3038 2965 3093 hic
2986 3036 3201 3110 quippe
3223 3054 3389 3094 sacer
3407 3038 3574 3096 locus

1927 3134 2004 3201 (7)
2036 3130 2300 3201 viguerat
2355 3127 2630 3184 omnibus
2680 3126 2905 3199 liquido
2958 3128 3206 3196 constat,
3249 3126 3569 3199 praesertim

1929 3236 2063 3275 cum
2084 3216 2298 3290 proprii
2316 3216 2597 3272 eﬁ‘usione
2615 3214 2922 3289 sanguinis
2940 3215 3139 3288 ipsum
3157 3215 3572 3285 dedicaverint,

1929 3313 1986 3365 et
2042 3306 2410 3363 creberrimis
2470 3304 2892 3360 monachorum
2958 3303 3176 3360 ibidem
3233 3304 3574 3378 degentium

1931 3394 2222 3467 exsequiis
2249 3394 2535 3450 habeatur
2563 3392 2999 3449 celeberrimus.

1932 3485 2062 3541 CAP.
2094 3484 2233 3540 XVI.
2265 3486 2340 3539 De
2367 3485 2543 3538 antris
2571 3484 2639 3538 ab
2688 3482 2880 3538 abbate
2928 3482 3190 3539 Samsone
3234 3485 3576 3540 constructis.

2003 3575 2287 3629 Praeterea
2342 3570 2689 3627 venerabilis
2745 3572 2929 3627 abbas
2973 3572 3243 3640 Samson,
3288 3570 3579 3629 solertiori

1933 3680 2041 3720 suo
2072 3664 2437 3733 fratrumque
2459 3661 2738 3732 praeditus
2759 3659 3457 3732 consilio,posterioribus
3478 3678 3579 3716 cu-

1933 3751 2101 3825 piens
2132 3750 2358 3806 sancire
2380 3749 2951 3816 salutem,abditiora
2971 3752 3310 3805 sanctorum
3331 3750 3580 3805 artubus

1934 3840 2261 3897 construxit
2289 3843 2476 3894 antra.
2510 3837 2553 3894 Ο
2586 3837 2878 3893 laudabile
2910 3838 2997 3893 fas
3024 3837 3258 3910 piorum
3307 3837 3575 3895 Patrum!

1935 3931 2241 3985 Inventum
2277 3926 2627 4000 populorum
2656 3942 2758 3997 pro
2788 3925 2977 3981 salute
3007 3924 3263 3998 publica,
3297 3926 3433 3998 quis
3465 3943 3581 3981 non

1935 4018 2201 4090 disputat
2221 4016 2327 4071 bos
2350 4015 2645 4087 sophistas
2666 4031 2795 4070 esse
2816 4031 3055 4086 sagaces
3077 4018 3135 4070 et
3161 4013 3435 4070 colendos
3458 4013 3584 4086 plu-

1936 4107 2272 4177 rimumque
2302 4103 2511 4170 valere,
2546 4120 2679 4159 cum
2712 4102 2996 4158 memoria
3026 4106 3364 4158 sanctorum
3395 4102 3581 4157 inter-

1938 4200 2110 4251 ventu
2151 4194 2326 4266 longa
2372 4197 2606 4248 maneat
2655 4208 2758 4263 per
2801 4191 3109 4263 tempora?
3136 4192 3211 4246 At
3241 4207 3580 4263 quanquam

1935 4286 2273 4355 tegerentur
2302 4285 2655 4355 sanctorum
2707 4279 2972 4335 membra
3018 4278 3216 4335 densis
3264 4279 3580 4351 specubus,

1936 4354 2133 4427 tamen
2192 4354 2572 4442 Opinanlibus
2628 4368 2747 4423 illic
2802 4367 3003 4423 adfore
3049 4367 3346 4440 plurimis,
3378 4384 3583 4424 eorum

1934 4461 2030 4533 pio
2052 4458 2353 4531 juvamine
2393 4458 2757 4513 sanabantur
2805 4456 2878 4512 ab
2926 4455 3203 4513 omnibus
3253 4455 3583 4513 morbiferis

1934 4547 2254 4604 doloribus.

2282 4636 2418 4691 CAP.
2444 4634 2614 4690 XVII.
2646 4635 2720 4690 De
2751 4634 3032 4691 Guillelmi
3058 4634 3233 4691 obitu.

2006 4726 2328 4783 Decedente
2359 4723 2669 4781 Guillelmo
2698 4722 3303 4796 praesule,Gerlannus
3327 4722 3586 4795 pontifex

1936 4814 2324 4880 collaudatur,
2362 4811 2691 4868 monachile
2733 4811 3100 4884 pr0positum
3132 4828 3166 4867 a
3194 4809 3467 4882 primaevo
3494 4810 3586 4866 in-

1936 4902 2131 4958 fantia:
2161 4920 2281 4957 aevo
2311 4904 2682 4969 consecutus,
2716 4904 2773 4955 et
2802 4898 3178 4973 dogmatibus
3200 4899 3582 4971 philosophiae

1938 4991 2258 5048 admodum
2287 4989 2547 5057 fulcitus,
2582 4993 2889 5062 parentum
2928 4988 3202 5060 prosapia
3251 4988 3583 5057 mediocris,

1937 5081 2037 5137 sed
2069 5078 2400 5135 liberalium
2432 5078 2646 5134 artium
2676 5094 2792 5133 non
2822 5076 3019 5150 segnis
3051 5080 3304 5133 sectator
3349 5077 3583 5134 enituit.

1934 5247 2084 5308 tum,
2118 5242 2236 5297 sive
2285 5241 2523 5311 forcipis
2572 5257 2674 5295 seu
2725 5238 2897 5311 cultri
2940 5238 3320 5311 genusstioc
3366 5256 3583 5311 nomen

1938 5313 2209 5385 exprimit
2241 5330 2350 5385 ms.
2385 5309 2533 5385 liber
2561 5310 2803 5385 Regulze
2823 5309 3048 5366 ordinis
3078 5311 3145 5385 S.‘
3170 5309 3422 5367 Victoris
3447 5311 3583 5367 cita-

1938 5382 2034 5440 tus
2063 5385 2117 5438 in
2153 5383 2349 5455 Cangii
2378 5382 2670 5438 Glossario
2706 5399 2718 5436 :
2755 5382 2859 5439 Nec
2885 5383 3200 5455 scriptoria,
3230 5399 3330 5439 nec
3365 5387 3583 5439 artavos

1938 5474 2034 5511 nec
2060 5455 2305 5510 cultellos
2332 5456 2612 5511 suscipiat.

2012 5530 2089 5600 (7)
2119 5527 2336 5598 Nempe
2369 5526 2426 5581 S.
2461 5524 2612 5581 Petri
2643 5524 2995 5582 coenobium.

2021 5641 2029 5649 ι
