4036 6172
439 200 553 264 ’191

1278 202 1684 265 ODORANNI
1727 201 2088 266 MONACHI
2131 202 2194 263 S.
2238 201 2476 264 PETRI
2520 201 2682 264 VlVl
2725 198 3010 263 SENON.

3653 205 3748 268 193

442 335 887 396 Recensendum
922 313 1176 409 namque
1207 334 1358 391 inter
1384 334 1608 408 optima
1639 353 1758 392 suae
1799 335 2083 414 sagacita-
2115 336 2173 404 Α
2201 351 2294 393 me
2325 334 2512 408 ipsius
2544 333 2730 391 sancti
2758 331 3034 406 martyris
3065 329 3350 390 Saviniani
3378 349 3600 407 congrua
3619 337 3751 404 visio-

439 427 518 486 tis
549 429 744 484 studia
765 427 1120 484 arbitramur
1148 426 1288 493 fore,
1320 425 1475 498 quod
1502 424 1670 482 valde
1695 425 1948 500 diligens
1977 443 2088 482 sae-

441 515 576 592 pius
606 513 830 574 dictum
862 514 1310 581 monasterium,
1341 513 1559 570 ibidem
1609 502 1821 570 turrim
1853 531 2087 588 compo-

443 611 567 668 suit
592 623 763 680 opere
793 603 992 678 polito.
1023 603 1305 660 Mundiali
1339 620 1516 660 cursu
1549 605 1790 661 demum
1830 609 2086 678 peracto,

441 696 713 770 migravit
743 695 816 750 ad
849 697 1009 750 astra
1034 696 1294 758 vocatus,
1329 709 1436 748 sua
1473 693 1763 750 mandans
1811 693 2090 748 tumulari

440 783 706 842 membra
731 781 918 839 sancti
952 781 1226 838 Germani
1256 781 1824 839 Antisiodorensium
1854 780 1910 838 in
1946 782 2094 839 basi-

440 871 1018 932 lica.Heldemannus
1047 871 1106 926 in
1137 869 1248 925 hoc
1279 870 1656 942 postmodum
1683 871 1960 943 pontificii
1983 871 2092 928 elev

443 967 574 1020 ctus
603 959 919 1031 solio,almi
950 959 1207 1032 Dionysii
1241 959 1824 1028 monachus,cunctis
1851 976 1956 1016 nec
1979 977 2094 1016 non

442 1052 672 1111 Christo
701 1050 961 1126 placens,
989 1047 1259 1105 amabilis
1290 1052 1347 1104 et
1373 1047 1837 1121 dilectus.Hujus
1867 1049 1923 1104 in
1953 1054 2096 1106 tem-

445 1159 584 1217 pore
612 1139 917 1214 regiminis
946 1139 1282 1196 Notrannus
1303 1137 1550 1193 cmnobii
1573 1139 1760 1194 sancti
1780 1138 1932 1194 Petri
1955 1156 2096 1212 pra:-

445 1231 602 1288 latus
630 1228 899 1286 etl'erbuit
919 1246 932 1296 ;
955 1243 1231 1302 gazarum
1255 1226 1356 1298 qui
1379 1230 1434 1281 et
1455 1225 1919 1296 conglomerator
1948 1230 2092 1283 stre-

449 1338 602 1393 nuus
633 1316 1090 1376 Neverncnsium
1121 1315 1468 1388 dignitatem
1495 1313 1840 1387 praesulatus
1872 1331 2098 1388 prome-

450 1409 567 1466 ruit
596 1407 960 1466 muneribus.
991 1404 1344 1461 Ambitionis
1383 1408 1578 1459 autem
1611 1404 1738 1476 ejus
1770 1404 1918 1460 fastu
1954 1422 2096 1478 prm-

450 1502 754 1574 gravatum
781 1497 967 1554 sancti
1001 1495 1151 1552 Petri
1183 1494 1690 1566 emnobium,pene
1719 1494 1875 1549 venit
1903 1494 1976 1550 ad
2007 1494 2096 1550 ni-

450 1589 659 1646 hilum.
693 1585 1123 1644 Honestabatur
1167 1601 1300 1641 vero
1333 1582 1491 1640 illius
1521 1581 1710 1639 adhuc
1746 1582 1803 1638 in
1839 1587 2099 1657 tempore

451 1679 608 1736 idem
636 1677 822 1744 locus,
855 1673 1177 1749 potioribus
1221 1677 1604 1744 utrarumque
1637 1671 1977 1728 facultatum
2009 1689 2096 1728 re-

451 1769 564 1826 bus
595 1766 816 1822 ditatus
835 1783 866 1820 a
883 1765 996 1821 Deo
1013 1765 1219 1820 devota
1244 1760 1518 1820 chhilde
1548 1761 1778 1835 regina:
1801 1763 1900 1818 sed
1921 1761 2098 1834 hujus

452 1855 685 1931 piacula
707 1853 894 1911 virtus
923 1852 1112 1910 diluat
1141 1850 1613 1910 clementissima.
1647 1852 1929 1907 Caeterum
1961 1850 2098 1907 Ilel—

453 1948 782 2004 demannus
813 1942 1024 2021 przesul
1056 1941 1199 1998 obiit
1233 1945 1386 1998 sorte
1427 1957 1703 2012 suprema
1751 1944 1974 2013 raptus,
2010 1941 2097 1996 in-

453 2039 648 2096 sertus
675 2032 736 2089 in
761 2032 1034 2107 supernis
1065 2030 1335 2088 cratibus.

454 2163 589 2217 CAP.
621 2154 816 2216 XVIII.
868 2157 1019 2226 Quod
1066 2158 1257 2212 mortis
1304 2156 1562 2211 examine
1608 2141 2036 2211 Archembatdus
2065 2173 2098 2212 a

742 2232 896 2286 beato
926 2229 1228 2284 Saviniano
1251 2228 1537 2298 perculsus
1562 2227 1811 2298 pateﬁt.

527 2343 882 2402 Prtesulatus
909 2321 1619 2400 honore‘Archembaldus
1641 2339 2101 2414 sustollitur,pa-

456 2439 693 2492 rentum
724 2432 920 2507 potius
949 2448 1128 2504 quam
1159 2430 1259 2487 Dei
1293 2435 1638 2502 provocatus
1688 2429 1972 2486 examine.
2007 2433 2100 2486 ln-

455 2529 656 2580 vectus
682 2523 878 2595 itaque
906 2521 1002 2577 hic
1021 2519 1256 2576 lubricae
1270 2519 1603 2591 juventutis
1631 2519 1800 2587 furia,
1811 2520 2100 2592 probrosae

453 2613 738 2686 voluptati
769 2610 933 2668 dedit
957 2611 1475 2683 operam.Exosam
1506 2607 1661 2664 enim
1689 2607 1885 2664 divino
1915 2608 2125 2665 eultui'

457 2701 754 2760 solertiam
787 2699 1073 2757 adhibens
1099 2703 1158 2755 et
1186 2699 1405 2754 caduca
1435 2715 1680 2769 quaeque
1727 2697 1968 2770 perituri
1999 2699 2101 2753 ωνί

457 2791 836 2864 amplectens,
868 2787 1164 2846 abbatiam
1197 2786 1383 2843 sancti
1433 2785 1584 2842 Petri
1629 2787 1904 2842 omnibus
1936 2803 2101 2842 nam-

455 2898 570 2954 que
600 2895 796 2936 rerum
827 2877 1013 2952 cepiis
1039 2875 1572 2950 Opulentissimam,
1596 2875 1668 2930 ad
1693 2874 1884 2930 solum
1916 2892 2104 2948 usque

454 2967 747 3036 contrivit,
779 2966 1180 3033 ecclesiarum,
1202 2965 1495 3034 villarum,
1524 2967 1932 3035 terrarumque
1961 2963 2106 3036 opti-

457 3075 556 3115 ma
583 3073 830 3130 qumque
857 3057 1118 3112 vendens
1148 3059 1204 3110 et
1232 3051 1844 3149 distribuens,reliqua
1873 3052 1931 3107 in
1962 3069 2099 3124 pro-
2133 3081 2176 3149 Ο

456 3147 616 3221 prios
646 3164 792 3203 usus
823 3145 1239 3201 detinens.Sod
1271 3143 1518 3214 hujusce
1545 3145 1786 3197 cunctos
1817 3141 2101 3198 lamenta-

454 3235 604 3292 biles
634 3251 907 3292 excessus
940 3231 1242 3306 propalare
1279 3231 1520 3304 longum
1570 3230 1733 3286 nefas
1781 3228 2056 3285 ducimus
2085 3247 2098 3285 :

456 3325 568 3380 hoc
597 3323 790 3380 solum
818 3320 1093 3378 addimus
1121 3320 1275 3392 quod
1296 3317 1711 3374 famulantium
1731 3318 1958 3374 Christo
1981 3318 2101 3373 fue-

451 3413 530 3470 rit
559 3413 856 3468 insecutor
885 3407 1183 3472 horribilis
1225 3425 1291 3463 ac
1339 3406 1596 3476 odibilis,
1623 3412 1680 3463 et
1729 3404 2094 3462 saecularium

451 3505 680 3557 amator
709 3496 1204 3556 studiosissimus.
1236 3494 1585 3552 Admonitus
1633 3512 1770 3568 ergo
1819 3495 1877 3550 in
1909 3494 2098 3552 noctis

446 3588 672 3646 visione
700 3587 880 3642 biduo
906 3602 941 3641 a
965 3589 1166 3642 sancto
1208 3583 1519 3640 Saviniano
1566 3582 1900 3656 aequissimo
1941 3599 2096 3640 mar-

446 3682 592 3750 tyre,
623 3675 818 3732 noluit
857 3673 1156 3748 quiescam
1185 3688 1219 3728 a
1250 3672 1469 3728 nefario
1517 3688 1708 3744 opere.
1737 3671 2096 3743 Aggrediens

441 3766 602 3823 hunc
631 3779 866 3837 quoque
893 3762 1062 3819 tertio
1091 3777 1159 3818 ac
1189 3759 1481 3816 nolentem
1503 3758 1737 3816 obedire
1750 3759 1938 3832 jussis
1961 3776 2096 3832 per-

440 3850 628 3908 cussit
659 3865 937 3906 mucrone
968 3847 1245 3906 invisibili
1282 3865 1295 3904 :
1329 3847 1455 3904 Non
1493 3847 1618 3915 diu,
1652 3847 1948 3920 inquiens,
1979 3851 2092 3903 tuae

440 3953 632 4014 nugas
684 3939 982 4013 patiemur
1035 3936 1391 3994 illecebrosas
1447 3935 1696 3992 actionis
1744 3939 1802 3991 et
1831 3935 2094 3992 desolare

441 4028 636 4086 locum
683 4027 869 4085 nostri
915 4025 1200 4083 effusione
1258 4025 1486 4082 cruoris
1537 4030 1849 4081 sacratum.
1871 4025 2092 4082 .Nudus

440 4117 600 4174 omni
635 4133 876 4190 prorsus
903 4115 1162 4189 tegmine
1191 4114 1464 4180 vestium,
1499 4118 1765 4186 repertus
1795 4118 1886 4170 est
1915 4114 1976 4169 in
2009 4131 2092 4170 re-

440 4206 678 4263 fectorio
709 4205 978 4271 fratrum,
991 4205 1147 4277 quod
1179 4202 1291 4259 sibi
1320 4201 1853 4270 vindicans,eorum
1883 4202 2089 4260 usibus

441 4294 620 4368 impie
648 4294 1182 4366 abstuleraUEqua
1208 4291 1548 4347 dilectionis
1578 4308 1787 4364 nempe
1816 4308 2084 4360 censura,

441 4401 581 4440 nece
611 4383 918 4440 subitanea
940 4382 1102 4454 juste
1133 4380 1300 4436 illum
1325 4381 1745 4453 percussit,qui
1770 4397 2085 4454 congrega-

438 4475 530 4528 tas
559 4470 962 4544 possessiones
987 4469 1234 4525 emnobii
1264 4469 1337 4525 ob
1374 4468 1622 4524 fratrum
1653 4468 1922 4524 subsidia
1945 4485 2087 4541 pau-

436 4576 766 4634 perumque
804 4558 925 4616 sive
969 4557 1390 4614 conﬂuentium
1444 4557 1710 4613 omnium
1754 4558 2082 4628 juvamina,

436 4649 571 4706 nisu
602 4652 723 4705 toto
747 4646 1117 4704 contriverat.
1150 4646 1262 4702 Nec
1295 4645 1612 4718 quisquam
1651 4645 1968 4702 arbitretur
1997 4646 2086 4700 in-

433 4753 760 4812 congruum
792 4736 882 4793 sic
908 4734 1074 4792 illum
1105 4735 1295 4805 finire,
1328 4735 1429 4808 qui
1473 4733 1748 4808 primitus
1793 4735 2086 4808 abjecerat

433 4843 636 4885 curam
670 4825 981 4900 pastoralis
1005 4823 1334 4898 dignitatis,
1367 4829 1476 4880 etc.

433 4950 569 5008 CAP.
600 4951 742 5008 XIX.
773 4953 850 5008 De
895 4951 1181 5032 ᾼνιαδιαδίο
1224 4949 1497 5032 pontiﬁce,
1547 4949 1788 5021 qualiter
1831 4949 2083 5006 eumdem

894 5023 1072 5080 locum
1099 5023 1258 5094 σωρίί
1280 5023 1614 5076 restaurare.

501 5137 764 5193 Abeunte
811 5137 1074 5208 illo,tam
1134 5135 1352 5194 crudeli
1414 5133 1674 5201 interitu,
1707 5135 1989 5192 successit
2021 5135 2077 5192 in

431 5224 768 5299 episcopatu
801 5227 1166 5296 Anastasius,
1197 5226 1283 5282 vir
1312 5223 1636 5282 honestatis
1665 5227 1724 5280 et
1755 5223 1913 5279 mirae
1945 5242 2082 5297 pro-

431 5314 978 5372 bitatis.Pavescens
1007 5315 1101 5370 hic
1132 5316 1370 5387 quidem
1403 5313 1710 5372 teterrima:
1742 5312 1924 5382 hujus
1955 5331 2080 5370 exa-

429 5423 562 5462 men
608 5403 835 5474 mortis,
859 5403 1112 5458 efﬁcitur
1155 5403 1519 5460 voluntarius
1580 5406 1881 5476 reparator
1929 5420 2078 5475 sa‘pe

426 5494 564 5551 dicti
597 5492 728 5550 loci.
763 5493 1100 5549 Praeventus
1129 5498 1324 5549 autem
1358 5492 1549 5549 divino
1583 5496 1862 5559 amore,et
1891 5494 2078 5548 maxi-

2200 425 2294 481 nis
2321 423 2740 492 admonitione,
2772 423 2951 497 cmpit
2978 422 3131 480 ultro
3155 425 3332 478 terras
3361 423 3577 479 caanobii
3602 425 3753 500 inqui-

2201 513 2540 586 rere,pretio
2585 513 2892 585 redimere,
2925 511 3242 569 monachos
3287 511 3528 580 educare,
3554 517 3602 569 et
3622 532 3758 573 sacra

2200 602 2592 659 institutionis
2640 601 2858 658 ibidem
2910 618 3179 658 normam
3230 601 3536 658 reformare.
3577 603 3759 662 Talium

2200 693 2587 765 omniumque
2606 691 2798 764 gratia
2823 691 3121 759 sutl‘ultus,
3140 690 3445 746 humanam
3464 689 3599 746 exuit
3613 691 3761 752 labem

2201 787 2258 838 et
2288 785 2624 836 sanctorum
2657 781 2715 835 in
2737 779 2896 836 cmlis
2919 778 3238 855 promeruit
3258 777 3764 855 societatem,suaqne

2203 870 2469 926 membra
2500 869 2557 925 in
2591 869 2794 926 eodem
2828 869 3072 925 basilica
3091 869 3288 941 jacent
3313 866 3593 925 tumulata.

2202 980 2334 1034 CAP.
2361 976 2474 1032 XX.
2507 975 2746 1033 Obeunte
2786 974 3384 1102 Αηαιςιαδὶοιιᾳαοπιριιο
3425 977 3644 1032 Sewinus
3678 995 3770 1034 m-

2903 1064 3104 1102 cesseri
3135 1088 3148 1101 .

2903 1064 2987 1103 σεδ
2993 1064 3128 1103 seru
3135 1088 3148 1101 .

2275 1146 2490 1202 Orbata
2520 1145 2875 1202 Senonensis
2898 1143 3344 1217 metropolitano
3362 1143 3493 1200 urbs
3513 1145 3770 1216 patrocinio

2204 1236 2404 1308 hujus,
2435 1235 2740 1308 praefertur
2767 1235 2840 1290 ad
2866 1233 3300 1290 sublimandam
3347 1231 3656 1306 praesulatus
3680 1251 3772 1292 ma-

2205 1324 2603 1398 gnificentiam
2635 1323 2906 1380 Sewinus
2938 1321 3242 1379 nobilitate
3272 1321 3576 1398 praecipuus
3608 1325 3656 1377 et
3677 1339 3772 1378 mo-

2207 1431 2338 1470 rum
2371 1413 2657 1486 probitate
2701 1429 3002 1468 coruscus.
3036 1411 3141 1468 Hic
3187 1409 3570 1484 praaceptionis
3609 1415 3775 1467 sancta

2207 1507 2486 1560 strenuus
2517 1500 2847 1569 obauditor,
2871 1500 3122 1556 modesti
3152 1516 3346 1556 moros
3373 1499 3697 1573 precessoris
3718 1499 3781 1555 in-

2207 1591 2372 1665 sequi
2399 1590 2626 1647 studuit
2655 1589 2928 1662 optimos.
2948 1589 3126 1645 Porro
3158 1588 3422 1662 improba
3448 1587 3781 1645 simulantium

2210 1679 2516 1736 molimina
2545 1679 2744 1748 diruit,
2778 1683 2836 1735 et
2884 1678 3114 1734 Christo
3163 1676 3510 1751 placentium
3552 1677 3782 1734 amicitias

2209 1769 2515 1826 sinceriter
2563 1766 2877 1840 exquisivit
2909 1785 2922 1824 :
2955 1767 3156 1824 omnia
3202 1765 3547 1824 charismata
3587 1764 3788 1840 insignia

2207 1859 2464 1932 gestiens
2494 1857 2788 1930 amplecti,
2820 1860 2878 1913 et
2907 1855 3364 1929 malignantium
3410 1853 3615 1911 caduca
3641 1855 3783 1910 renui.

2207 1947 2356 2004 Dum
2389 1947 2559 2020 plura
2586 1963 2722 2020 ergo
2757 1943 2941 2001 tentat
2972 1945 3169 2018 peragi
3201 1943 3432 2002 virtutis
3461 1942 3784 2016 opera,incur-

2208 2037 2286 2093 rit
2315 2035 2372 2092 id
2413 2036 2569 2109 quod
2621 2038 2816 2091 manet
2862 2033 3093 2090 obviam
3140 2033 3403 2101 veritati;
3435 2049 3576 2089 saeva
3615 2031 3790 2089 scilicet

2210 2124 2436 2198 antiqui
2493 2123 2682 2181 hostis
2729 2123 3130 2190 incitamenta,
3164 2122 3272 2195 qui
3311 2139 3516 2178 vernus
3561 2121 3642 2176 fur
3679 2137 3786 2192 qna-

2210 2214 2383 2270 modo
2409 2214 2539 2270 laeta
2566 2211 2780 2269 Christi
2813 2211 3053 2285 agmina
3083 2209 3432 2284 interpellet,
3452 2208 3628 2266 lividis
3651 2207 3784 2264 semi-

2211 2303 2384 2359 nibus
2416 2303 2641 2359 fervens
2674 2299 3260 2374 insequitur.Excitat
3289 2300 3479 2372 itaque
3507 2298 3640 2355 male
3665 2314 3784 2353 com-

2210 2389 2533 2449 meantium
2559 2396 2614 2447 et
2644 2383 3000 2446 irritantium
3022 2389 3221 2446 devios
3245 2405 3454 2446 sensus
3470 2386 3788 2444 clericorum:

2209 2481 2424 2537 civium
2457 2497 2690 2552 quoque
2719 2479 2984 2552 ejusdem
3002 2477 3256 2534 civitatis
3276 2477 3626 2534 vehementer
3639 2475 3790 2532 adver-

2210 2587 2315 2628 sus
2337 2587 2470 2644 cum
2493 2567 2704 2624 infesta
2718 2569 3174 2636 decertantes,ac
3195 2583 3458 2641 congrua
3471 2581 3677 2638 quoque
3691 2581 3791 2620 san-

2210 2659 2417 2715 ctuarii
2449 2656 2757 2731 comprimi
2801 2656 3137 2730 gliscentes.
3164 2656 3421 2714 Prmvius
3459 2660 3636 2712 autem
3676 2658 3795 2708 tutor

2212 2747 2552 2820 supradicta
2587 2746 2771 2813 urbis,
2804 2749 3099 2818 quatenus
3144 2745 3300 2802 male
3349 2743 3620 2802 tumentia
3659 2739 3796 2800 simul

2213 2837 2444 2894 revulsa
2471 2836 2648 2892 corda
2676 2836 3012 2901 internecet,
3044 2835 3472 2906 praeferendum
3509 2850 3566 2890 se
3606 2829 3797 2904 opponit

2212 2926 2480 3000 clypeum
2513 2929 2577 2980 ut
2607 2929 2734 2980 tuta
2763 2929 3042 2980 maneant
3062 2923 3314 2996 vestigia
3352 2920 3796 2996 subscquentium,

2213 3015 2431 3087 Deique
2489 3014 2700 3070 domus
2757 3012 3000 3068 defensa
3041 3012 3390 3086 prmferatur
3435 3012 3505 3068 ad
3549 3007 3792 3068 sublimia.

2213 3105 2462 3161 Domum
2519 3102 2731 3158 Christi
2783 3101 3092 3158 victorioso
3149 3105 3451 3174 protectus
3508 3096 3794 3162 munimine,

2210 3210 2522 3266 pravorum
2573 3195 2818 3248 conatus
2863 3189 3135 3247 dulcibus
3185 3190 3482 3248 interdum
3530 3185 3800 3264 promnlcet

2207 3281 2490 3354 eloquiis;
2525 3278 2840 3352 aliquando
2872 3295 3005 3336 vero
3037 3278 3375 3336 minacibus
3395 3277 3570 3336 trahit
3583 3274 3796 3351 proterit

2209 3386 2322 3444 que
2359 3367 2856 3440 increpationibus
2887 3384 2902 3424 :
2935 3365 3296 3424 intercidunt
3343 3385 3568 3444 quoque
3608 3363 3796 3422 interim

2207 3473 2454 3530 quaeque
2484 3456 2754 3530 poenalia,
2788 3461 2845 3512 et
2874 3455 3186 3530 pullullant
3214 3458 3446 3515 favente
3470 3455 3678 3513 Christo
3699 3468 3798 3526 pro

2207 3546 2506 3620 speritatis
2537 3546 2866 3602 commoda.

2205 3657 2339 3731 Car.
2370 3653 2514 3709 XXI.
2550 3655 2738 3731 Locato
3048 3655 3124 3731 Δἑτι
3179 3655 3342 3731 sede,
3357 3652 3606 3728 quomodo
3655 3651 3796 3731 ipso»

2277 3726 2464 3851 10%qu
2481 3726 2758 3851 orrtzauerit
2785 3725 2980 3782 abbate
3005 3728 3058 3780 et
3080 3725 3574 3798 monachts'mesque
3587 3725 3794 3796 proprias

2277 3813 2334 3851 re
2410 3814 2438 3851 ι
2467 3813 2548 3851 eri
2579 3837 2592 3850 .

2275 3813 2438 3852 ream.
2447 3813 2592 3851 lL’Tll.

2275 3894 2526 3968 Ignescit
2554 3893 2774 3951 interea
2805 3910 2971 3950 amor
3000 3893 3356 3952 nobilitandi
3382 3897 3696 3952 sanctorum
3716 3905 3796 3944 ca-

2203 3982 2468 4050 nobia,ac
2500 3983 2806 4055 reparandi
2831 3982 3108 4040 honorem
3132 3983 3455 4056 pristinum
3475 3997 3660 4039 eorum
3677 3994 3794 4051 que-

2200 4089 2432 4144 cunque
2465 4071 2692 4128 fuerant
2724 4070 2915 4128 diruta
2941 4089 2954 4126 :
2980 4073 3255 4128 ardenter
3277 4073 3420 4146 quin
3447 4071 3627 4146 potius
3648 4064 3796 4124 sancti

2199 4160 2352 4216 Petri
2385 4161 2804 4216 monasterium
2837 4160 2910 4216 ob
2944 4165 3282 4218 sanctorum
3329 4159 3600 4234 suffragia
3625 4171 3796 4213 venus-

2197 4249 2308 4305 tari
2357 4249 2666 4322 disposuit,
2697 4249 2852 4322 quod
2906 4249 3228 4306 multorum
3289 4245 3799 4324 pravitatedolcbat

2197 4355 2463 4394 eversum
2497 4337 2586 4394 iri.
2611 4339 2738 4394 Sum
2766 4356 2902 4412 ergo
2929 4337 3270 4411 spectabilis
3291 4343 3552 4396 exortum
3573 4331 3802 4410 prosapia

2196 4425 2514 4483 nobilitatis
2543 4427 2732 4482 eidem
2765 4426 3027 4484 coenobio
3058 4428 3318 4500 praefecit
3351 4419 3798 4494 abbatem,nomi-

2197 4532 2268 4572 ne
2300 4515 2682 4582 Rainardum,
2716 4515 2981 4573 moribus
3025 4518 3328 4590 egregium
3356 4521 3415 4573 et
3443 4513 3662 4574 solertia
3683 4525 3798 4583 prai-

2194 4603 2406 4672 ditum,
2440 4605 2668 4662 reddita
2698 4605 2962 4662 omnium
2997 4606 3195 4662 media
3241 4611 3410 4680 parte
3454 4603 3696 4678 ejusdem
3721 4598 3800 4654 ab-

2193 4693 2362 4749 batiae
2396 4710 2612 4750 rerum.
2649 4693 2750 4750 Hic
2784 4694 2978 4768 itaque
3009 4693 3352 4754 adolescens
3397 4700 3638 4752 strenuis
3663 4686 3798 4744 indo-

2191 4780 2287 4851 lis,
2329 4781 2616 4838 infulatus
2673 4783 2933 4858 contigui
2991 4783 3190 4858 gratia.
3236 4783 3561 4858 regiminis,
3613 4777 3798 4836 vicinos

2193 4887 2458 4944 quosque
2490 4875 2742 4926 rectores
2773 4872 3084 4944 probitatis
3113 4876 3248 4929 actu
3279 4871 3630 4946 prmcelluit:
3661 4867 3796 4922 llam-

2193 4965 2388 5016 mante
2419 4959 2658 5033 quidem
2692 4960 3091 5036 corde,utpote
3122 4961 3608 5034 nobili,adaptare
3635 4956 3803 5013 locum

2189 5049 2457 5125 protinus
2486 5049 2735 5122 studuit,
2749 5055 2806 5108 et
2827 5052 3146 5110 monachos
3176 5051 3494 5110 nonnullos
3519 5041 3795 5120 sophistico

2189 5138 2454 5196 omnium
2486 5138 2817 5196 liberalium
2849 5142 3064 5198 artium
3118 5143 3393 5216 dogmate
3440 5131 3691 5210 insigniri
3717 5130 3794 5185 de-

2190 5227 2398 5296 crevit;
2436 5228 2545 5284 hoc
2576 5245 2878 5286 summum
2909 5231 3174 5288 omnium
3201 5245 3566 5305 praenoscens
3588 5227 3796 5280 bonum.

2189 5322 2484 5391 quatenus
2510 5317 2601 5372 his
2634 5317 2962 5392 disciplinis
3003 5320 3346 5377 liberalibus
3393 5315 3625 5381 edoctis,
3651 5315 3703 5368 et
3727 5322 3800 5365 sa-

2191 5425 2298 5462 cra:
2334 5405 2632 5479 religionis
2665 5409 2964 5480 proposito
2994 5408 3346 5474 int‘ormatis,
3374 5410 3559 5463 status
3580 5400 3676 5460 loci
3695 5414 3798 5472 gru-

2191 5496 2303 5551 tior
2332 5493 2666 5564 haberetur,
2700 5502 2758 5554 et
2786 5498 2858 5554 ab
2890 5499 3052 5556 omni
3080 5497 3565 5573 magniticarctur.

3923 1661 3926 1820 Ι

3923 1823 3928 2008 Ι

3927 2082 3930 2246 Ι

3929 2320 3932 2460 Ι

3923 1661 3926 1820 Ι

3923 1823 3928 2008 Ι

3927 2082 3930 2246 Ι

3929 2320 3932 2460 Ι

3931 2556 3934 2692 Ι

3923 1661 3926 1820 Ι

3923 1823 3928 2008 Ι

3927 2082 3930 2246 Ι

3929 2320 3932 2460 Ι

3931 2556 3934 2704 Ι

3933 2792 3935 2894 Ι
