4036 6172
224 309 318 372 ’193
883 305 988 368 ns
1029 303 1466 389 rasusm'r.
1512 303 1622 367 ss.
1672 301 2091 365 SAVINIANl.
2142 303 2644 380 versurum,
2687 304 2862 371 ETG.
3450 310 3575 373 79¢-

224 444 329 501 (ζει).
357 436 502 497 XXII.
538 436 614 494 De
644 436 876 514 homine
901 440 1210 514 perjarato
1237 453 1412 508 super
1439 437 1624 494 sancti
1649 435 1812 492 Savi-
1839 435 1896 503 Α
1926 452 2143 493 maenas
2174 435 2417 510 paribus
2446 420 2793 511 hymnizans
2831 438 3022 497 modis
3066 454 3262 497 rerum
3291 439 3577 514 Creatori,

783 509 959 566 niani
984 509 1201 566 altare.
1918 526 2088 599 cujus
2137 526 2288 581 dono
2337 527 2373 582 ﬁ

1976 526 2088 599 Ijus
2137 526 2288 581 dono
2337 509 2506 583 fiunt
2534 531 2746 584 cuncta
2788 546 2916 602 qua:
2966 529 3237 586 miranda
3275 509 3570 597 videntur,

272 620 359 678 lllo
384 633 603 691 quoque
632 614 692 671 in
725 620 984 693 tempore
1015 616 1226 672 accidit
1256 616 1316 671 in
1340 617 1577 688 praefato
1598 614 1811 688 saepius
1918 618 2027 671 etc.

220 707 435 800 coenobio
450 704 677 800 evidens
696 703 1497 800 minaculum,quodgminime
1508 704 1810 800 credimus
1918 722 2052 800 CAP:
2080 722 2277 800 fxxjn.
2316 728 2391 778 υε
2423 725 2550 794 ipso
2578 722 2875 800 pontiﬁce,
2907 726 3193 800 quomodo
3230 735 3367 783 ante
3395 696 3601 797 pedes.

217 796 406 856 silentio
435 794 764 867 tegendum.
790 794 1074 849 Profanus
1097 793 1355 849 bonitate
1387 792 1625 865 quidam
1654 809 1812 847 nam-
1990 794 2223 849 abba/is
2271 799 2324 848 et
2356 792 2785 870 _2g16nacho_rwh
2820 792 3154 870 mtislralus
3202 792 3483 870 iacuerit,
3514 805 3570 856 et

217 904 304 961 que
341 865 517 951 homo,
547 883 787 939 nomine
845 883 1263 954 Rothberthus,
1297 883 1357 937 in
1413 882 1607 937 vicina
1648 886 1810 937 ortus

1465 882 1607 937 cina
1648 886 1810 937 οι-ωε
1989 882 2080 920 res
2105 882 2252 936 quas
2287 865 2484 923 adhuc
2513 867 2742 923 tenebat
2776 865 3059 924 reddidit.

212 976 338 1042 villa,
353 973 435 1030 cui
454 988 662 1027 nomen
689 970 1443 1043 Masliacus-Majorindidit
1465 970 1807 1042 antiquitas,
1989 971 2271 1028 Providus
2310 972 2530 1029 interea
2577 973 2833 1045 pontifex
2871 974 3165 1047 Sewinus,
3195 973 3585 1034 luculenticri'

213 1062 481 1138 cupiditate
509 1062 762 1116 foedatus
793 1060 1343 1126 obscena,illicitum
1376 1063 1808 1116 sacramentum
1919 1060 2206 1131 praeconio
2238 1060 2544 1116 decoratus
2586 1061 2888 1131 virtutum,
2919 1062 3110 1120 eidem
3157 1065 3573 1137 congratulans

212 1152 362 1211 sancti
408 1148 699 1206 Saviniani
746 1148 985 1222 perfecit
1015 1149 1073 1205 in
1103 1149 1347 1205 ecclesia
1378 1166 1392 1204 :
1426 1148 1808 1221 quamobrem
1920 1148 2181 1204 cmnobio
2212 1148 2491 1204 diffundit
2521 1149 2719 1206 vultus
2750 1149 3011 1206 laetitiam
3063 1152 3136 1208 ab
3186 1169 3285 1209 ore
3314 1152 3487 1210 hilari
3516 1157 3577 1210 et

209 1241 367 1299 rabies
395 1237 543 1294 illico
574 1239 757 1311 sepsit
783 1239 1140 1294 daamoniaca
1189 1238 1521 1311 miseroque
1551 1237 1809 1294 cruciatu
1920 1235 2038 1292 ﬁda
2065 1238 2280 1309 gaudia
2302 1237 2492 1311 gerit:
2520 1242 2660 1294 tunc
2688 1256 2861 1295 omne
2891 1240 3085 1297 cordis
3130 1240 3320 1313 ipsius
3350 1242 3422 1299 ab
3453 1241 3572 1301 imo

208 1332 255 1387 in
278 1318 517 1386 omnium
550 1326 867 1383 vexabatur
893 1326 1221 1399 praesentia.
1257 1327 1487 1382 Adsunt
1523 1323 1810 1397 extemplo
1919 1325 2210 1381 ludicrum
2246 1326 2580 1395 abotl‘ertur,
2616 1327 2875 1401 olimque
2906 1328 3145 1387 animus
3171 1335 3425 1404 nugator
3442 1331 3574 1389 Dei—

208 1415 454 1474 nonnullii
484 1420 545 1472 et
573 1414 670 1472 alii
702 1415 982 1471 teterrimi
1015 1415 1385 1488 spiritus,serl
1420 1414 1685 1488 magistri
1706 1415 1812 1471 cri-
1919 1415 2057 1470 tatis
2090 1414 2341 1472 efﬁcitur
2368 1415 2682 1489 indigator,
2708 1434 2773 1473 ac
2806 1434 2915 1474 sua
2945 1418 3144 1491 inepta
3180 1419 3349 1476 vultu
3380 1419 3574 1493 probi-

206 1507 395 1563 minum
424 1505 814 1576 humanaeque
845 1503 1052 1560 salutis
1098 1504 1388 1576 auspices,
1420 1503 1521 1577 qui
1563 1504 1813 1560 latenter
1920 1504 2057 1560 tatis
2080 1504 2229 1560 serio
2255 1504 2492 1561 colorat.
2526 1505 2906 1563 Enucleatius
2937 1507 3157 1581 quippe
3211 1508 3576 1582 copiosiusve

203 1595 468 1652 incitantes
488 1592 661 1649 illum
693 1593 753 1647 in
781 1592 1077 1648 diversum
1109 1591 1466 1665 compellunt
1487 1592 1813 1649 nefas.Vin-
1918 1584 2189 1663 effundit,
2218 1611 2347 1666 quin
2377 1593 2625 1650 manicis
2653 1595 2958 1652 tenacibus
3009 1597 3263 1666 foverat;
3296 1598 3577 1670 quoniam

202 1684 287 1741 etis
305 1682 547 1756 denique
570 1681 923 1739 conviciator
951 1680 1231 1749 brachiis,
1265 1698 1505 1737 suorum
1535 1682 1810 1755 propitia-
1920 1682 2217 1739 munerari
2267 1682 2386 1738 divi
2434 1682 2633 1740 fenore
2676 1700 2806 1741 sese
2855 1702 2975 1741 non
3015 1684 3340 1743 dubitabat.
3371 1686 3579 1744 Horret

199 1773 325 1829 tione
349 1774 678 1870 parentum,
694 1770 886 1826 scelus
915 1771 1180 1875 ejusdem
1200 1769 1469 1825 videlicet
1490 1786 1808 1843 agnoscen-
1841 1808 1894 1875 Β
1922 1772 2097 1829 ferale
2145 1770 2483 1875 cupiditatis
2531 1777 2889 1875 monstrum,
2922 1778 2980 1830 et
3024 1774 3197 1848 inops
3235 1791 3578 1850 egenueque

198 1859 679 1934 tiam,perducitur
702 1864 1040 1916 sanctorum
1073 1860 1144 1915 ad
1179 1864 1351 1915 antra
1378 1864 1725 1932 martyrum,
1743 1877 1813 1915 nc
1841 1859 1894 1875 "
1926 1877 2122 1915 rerum
2150 1860 2372 1915 mavult
2401 1860 2641 1935 obsequi
2677 1861 3120 1935 Christo,quam
3146 1863 3411 1921 letaliter
3439 1882 3575 1922 sau-

199 1950 501 2023 prol'undius
551 1954 786 2023 caperet
838 1946 1090 2005 tremula
1120 1964 1402 2020 compago
1431 1954 1667 2004 artuum
1702 1949 1815 2004 dze-
1924 1948 2111 2006 ciatus
2142 1949 2419 2005 obcaecari
2460 1947 2751 2006 illecebris
2781 1966 3080 2023 gazarum,
3113 1953 3435 2025 prazsertim
3485 1971 3578 2011 ur-

202 2039 561 2097 Iuoniacarum
581 2037 882 2110 querelam
906 2036 1573 2093 debacchatiouum.llic
1595 2038 1818 2093 nudata
1924 2042 2095 2111 gente
2127 2054 2381 2109 superna
2432 2037 2832 2094 admonitione
2880 2043 3225 2096 sanctorum
3251 2044 3575 2114 martyrum

201 2145 373 2201 gerens
398 2128 682 2194 membra,
717 2126 918 2183 multis
948 2126 1161 2182 ictibus
1193 2125 1473 2193 sauciata,
1488 2131 1715 2182 vastare
1751 2145 1817 2183 ac
1925 2126 2219 2183 Saviniani
2252 2132 2308 2182 et
2337 2126 2685 2193 Potentiani,
2709 2127 2768 2182 in
2802 2126 3170 2184 solemnitate
3201 2129 3583 2187 celeberrima

201 2216 384 2274 laniare
410 2233 678 2290 quosque
709 2219 970 2271 tenentes
996 2233 1059 2271 se
1092 2218 1157 2270 ut
1187 2215 1393 2287 quibat
1421 2215 1813 2272 desiderabat.
1923 2215 2167 2271 Joannis
2210 2219 2266 2270 et
2310 2215 2470 2271 Pauli
2510 2232 2521 2271 :
2550 2233 2669 2287 qua
2723 2217 3086 2288 stupefactus
3143 2217 3307 2274 ocius
3356 2218 3588 2275 aetherii:

202 2305 288 2361 Per
311 2305 537 2361 lacunas
572 2304 871 2378 siquidem
902 2304 1242 2363 cicatricum
1274 2303 1646 2359 eviscerando
1676 2304 1817 2377 reji-
1926 2305 2196 2377 clavigeri
2219 2303 2371 2359 Petri
2403 2304 2547 2359 adiit
2577 2304 2924 2372 claustrum,
2949 2322 3076 2361 sese
3110 2308 3435 2378 profitendo
3460 2307 3580 2365 cul-

208 2394 365 2450 cicbat
390 2395 765 2469 sanguinem,
787 2398 843 2450 et
871 2398 1143 2449 cruentas
1174 2411 1385 2448 manus
1418 2392 1674 2465 lorisque
1706 2394 1817 2450 fes-
1926 2394 2181 2468 pnbilem
2211 2409 2278 2447 ac
2303 2392 2718 2457 facinosorum,
2752 2393 3087 2450 Prostratus
3137 2394 3334 2469 itaque
3372 2397 3591 2469 jacens.

207 2500 296 2539 sa:
323 2483 693 2551 dilacerabat,
715 2481 1053 2538 terribiliter
1079 2481 1353 2555 inquiens
1388 2501 1399 2538 :
1434 2482 1477 2537 Ο
1508 2482 1819 2539 Saviniane
1926 2499 2121 2538 coram
2152 2482 2418 2537 omnium
2453 2482 2697 2538 fratrum
2725 2482 3051 2550 obtutibus,
3077 2501 3214 2540 voce
3243 2484 3582 2545 humillima

205 2576 491 2644 prapotens
513 2578 884 2645 martyr,cur
906 2587 999 2627 me
1023 2588 1230 2626 enecas
1253 2571 1610 2627 cruciatibus
1632 2572 1819 2628 diris?
1928 2570 2358 2643 indulgentiam
2390 2571 2671 2645 efﬂagitat
2699 2588 2982 2641 cernuus;
3014 2578 3225 2629 cuncta
3255 2573 3451 2648 itaque
3471 2593 3581 2634 sua

202 2659 287 2716 Pro
305 2666 446 2718 certo
461 2678 603 2735 ergo
629 2659 940 2733 propinqui
960 2660 1306 2733 proﬁtentur
1334 2658 1634 2733 piaculum
1649 2661 1814 2730 victi;
1926 2660 2179 2732 prmfatte
2205 2659 2451 2715 abbatiae
2484 2659 2703 2733 praedia
2721 2660 2996 2728 reddidit,
3027 2666 3084 2718 et
3114 2663 3187 2719 ad
3218 2679 3356 2719 suos
3379 2680 3577 2722 neces-

200 2750 258 2805 ob
284 2749 492 2823 hocque
523 2748 883 2822 multiplicia
902 2748 1094 2804 cordis
1116 2749 1187 2804 ab
1219 2748 1336 2804 imo
1360 2749 1602 2804 trahunt
1624 2750 1817 2822 suspi-
1926 2748 2112 2804 sarios
2164 2766 2308 2804 usus
2350 2748 2438 2804 vel
2494 2748 2805 2821 pauculam
2853 2750 3285 2822 portiunculam
3316 2752 3576 2808 retinuit.

198 2838 291 2906 ria;
318 2839 573 2912 quinimo
640 2838 1068 2895 auxiliatricem
1119 2836 1333 2893 Christi
1382 2838 1655 2894 virtutem
1714 2836 1821 2910 per
1928 2836 2220 2893 Favoralis
2252 2854 2396 2892 aura
2426 2836 2561 2892 inde
2591 2838 3016 2894 monachorum
3048 2838 3363 2908 attollitur,
3390 2841 3495 2898 sed
3523 2845 3580 2898 et

197 2931 493 2985 sanctorum
514 2929 827 2985 obtentum
845 2927 1186 2983 eorumdem
1205 2925 1318 2981 sibi
1338 2925 1604 2999 flagitant
1619 2927 1818 2982 adfore
1924 2930 2108 2981 totam
2141 2925 2389 2998 perculit
2408 2926 2613 2982 urbem
2632 2925 2710 2980 Ch
2724 2927 2928 2982 a-istum
2955 2926 3421 2986 collaudantium
3438 2946 3575 2986 con-

196 3016 498 3088 propitiam;
532 3021 834 3091 quatenus
881 3032 951 3072 ex
997 3014 1236 3071 latebris
1285 3014 1534 3085 hujusce
1590 3015 1816 3071 obsessi
1925 3013 2239 3088 gratulatio
2268 3013 2604 3081 vehemens,
2636 3018 2746 3070 etc.

197 3103 515 3163 daemoniaca
545 3104 836 3180 pestilens
887 3104 975 3160 vis
1022 3107 1287 3172 exeat,et
1333 3102 1586 3158 recidiva
1631 3103 1791 3159 virtu:

1980 3139 2060 3177 sp.
2092 3119 2279 3176 XXIV.
2314 3125 2447 3176 Post
2476 3125 2728 3194 mortem
2757 3121 2975 3177 Scwim'
3001 3122 3287 3194 quomodo
3330 3122 3574 3180 Leome—

197 3190 379 3250 Christi
403 3179 642 3268 polleat.
664 3193 953 3249 lrretitum
984 3209 1118 3248 eum
1150 3192 1350 3264 utique
1381 3191 1623 3247 funibus
1644 3192 1818 3249 anhe-
1845 3179 1889 3247 Ο
1997 3194 2157 3270 rica:
2184 3190 2769 3270 successerit,cleru_m
2802 3179 3579 3270 etgopiitamﬂbbatemqae

198 3279 275 3337 lus
296 3263 633 3341 earumdem
658 3282 735 3337 ibi
759 3281 987 3337 dimisit
1015 3281 1181 3337 nisus
1200 3263 1270 3336 de
1292 3284 1629 3337 sanctorum
1653 3282 1792 3352 juva

1530 3298 1629 3336 um
1653 3282 1820 3352 juva.
1998 3265 2368 3321 Ruinardum
2398 3269 2453 3318 et
2484 3264 2792 3320 monachos
2816 3263 3121 3320 dilexerit.

197 3369 327 3428 mine
343 3370 702 3429 omnimodis
728 3371 894 3426 ﬁsus.
914 3370 1164 3426 Furebat
1183 3386 1318 3425 vero
1341 3369 1557 3442 spiritu
1573 3369 1813 3439 fervido,
1999 3371 2135 3426 Post
2164 3369 2321 3425 hunc
2352 3369 2603 3435 ascitum
2635 3386 2982 3442 superorum
3034 3387 3221 3427 cuneo
3268 3376 3415 3428 nutu
3451 3373 3577 3430 Dei-

195 3459 485 3534 el'tlagitans
515 3477 740 3518 nomen
772 3458 957 3516 sancti
991 3458 1264 3532 martyris
1312 3458 1607 3514 Saviniani
1656 3460 1815 3516 dictu
1925 3459 2064 3517 tatis
2109 3459 2457 3526 cunctivido,
2509 3458 2885 3516 Leothericus
2942 3459 3227 3516 infulatur
3282 3460 3591 3534 pontificis.

197 3549 486 3607 temerario.
518 3548 687 3607 Nihil
719 3565 859 3605 sane
908 3546 1069 3602 illius
1116 3546 1423 3602 severitate
1463 3547 1812 3619 jucundius,
1925 3548 2092 3615 solio,
2120 3548 2350 3604 actibus
2371 3547 2647 3619 eximius,
2667 3548 2840 3620 cujus
2871 3547 3165 3606 laudabile
3195 3550 3427 3608 culmen
3475 3550 3576 3608 ho,-

193 3635 311 3692 nihil
330 3638 710 3710 jucunditate
754 3636 1032 3693 severius.
1065 3635 1196 3692 Jam
1238 3651 1373 3691 vero
1423 3652 1595 3692 omne
1638 3636 1817 3693 robur
1924 3638 2087 3694 noris
2117 3642 2499 3693 amore’sane
2548 3640 2747 3709 parate
2787 3636 3195 3710 compellimur
3240 3639 3581 3713 propalare;

190 3723 371 3785 virium
395 3730 755 3795 cesserat,et
783 3724 1043 3782 divulsas
1066 3724 1417 3781 lacertorum
1439 3724 1815 3798 compagines
1924 3728 2025 3784 sed
2071 3725 2346 3784 facundia
2372 3725 2539 3782 abest
2584 3725 2943 3801 sagacitatis.
2978 3726 3180 3784 Merito
3226 3727 3577 3787 sinceritatis

191 3828 333 3885 sopor
349 3820 668 3889 presserat.
702 3816 852 3887 Ergo
882 3813 966 3869 illi
1000 3817 1270 3886 soporato
1319 3813 1484 3868 adest
1532 3813 1815 3885 prepitia-
1921 3816 2095 3872 ililus
2112 3816 2289 3872 crevit
2330 3815 2503 3889 plane
2550 3814 2929 3871 sacerdotalis
2977 3815 3223 3889 gradus,
3252 3818 3577 3891 eodemtu

191 3899 302 3957 bilis
325 3904 486 3963 visio.
505 3905 676 3961 Vidit
698 3904 772 3959 ab
802 3902 979 3959 astris
1009 3918 1150 3959 sane
1182 3901 1531 3957 descendere
1552 3900 1815 3975 insignes
1923 3904 2210 3962 monitore
2237 3903 2555 3978 praecelluit
2584 3904 2845 3961 normale
2874 3905 3052 3962 decus
3082 3910 3295 3977 sanctae
3326 3906 3428 3964 Dei
3473 3911 3574 3964 Kc-

166 3984 333 4061 ‘Vims,
362 3994 650 4051 claritatis
680 3992 867 4048 nimia
892 3991 1020 4047 luce
1040 3990 1816 4063 respersos;aggrediuntur
1922 3993 2133 4063 etesiae,
2164 3998 2272 4049 etc.
2319 3993 2599 4048 Praeterea
2646 3992 3067 4049 miraculorum
3115 3993 3391 4067 insignia,
3444 4011 3573 4067 qua:

192 4075 330 4137 illum
356 4084 642 4140 modestis
672 4080 847 4155 plane
868 4079 1300 4155 gressibus,sed
1332 4079 1635 4135 minantur
1649 4079 1814 4135 duris
1922 4080 2084 4136 illius
2115 4079 2452 4136 enituerunt
2479 4077 2539 4133 in
2573 4078 3104 4152 tempore,longum
3138 4080 3418 4137 duximus
3437 4081 3576 4137 huic

192 4164 661 4242 increpationibus
696 4169 853 4225 :Cur
892 4172 1181 4236 nostrum,
1214 4166 1570 4239 inquientes,
1602 4168 1814 4225 efferus
1922 4167 2205 4241 opusculo
2232 4168 2544 4223 innectere.
2577 4166 2860 4223 Caeterum
2914 4169 3117 4223 crebro
3170 4168 3270 4225 fati
3325 4169 3577 4226 ownobii

191 4264 548 4332 praesumptor
576 4259 821 4315 intrasti
855 4262 1112 4325 antrum,
1146 4256 1248 4329 qui
1278 4272 1482 4312 recens
1513 4256 1696 4312 nostri
1736 4257 1815 4312 lo-
1923 4258 2233 4330 contiguus
2290 4261 2518 4312 amator
2569 4255 2857 4322 eﬂ‘erbuit,
2919 4256 3248 4313 animosius
3305 4257 3575 4316 videlicet

189 4358 305 4401 cum
325 4348 606 4405 etl'usionc
658 4346 969 4419 sanguinis
1010 4348 1306 4401 sacratum
1356 4342 1585 4400 violasti
1630 4344 1811 4401 ultro-
1922 4346 2155 4402 solertis
2187 4343 2426 4400 rectoris
2457 4342 2686 4400 abbatis
2718 4344 3014 4413 Rainardi,
3040 4344 3374 4402 communis
3404 4345 3605 4404 utilia.’

190 4446 308 4489 neus
333 4436 731 4493 conviciator?
750 4436 970 4491 Horum
995 4450 1132 4506 ergo
1153 4434 1295 4488 dum
1320 4433 1813 4507 fugeretintuitus
1923 4434 2198 4493 sectando
2247 4432 2552 4490 commode
2584 4452 2598 4489 :
2630 4434 3035 4507 congaudebat
3091 4451 3346 4507 namque
3403 4435 3573 4510 probi

188 4515 391 4614 ﬁctiles,
416 4525 690 4592 territus,
724 4541 828 4579 nec
862 4521 1032 4589 celer,
1064 4525 1122 4577 et
1151 4520 1491 4594 praemissus
1539 4521 1816 4594 splendor
1845 4550 1895 4614 Β
1924 4522 2293 4597 praecessoris
2323 4521 2555 4614 Sewini‘
2577 4522 2734 4577 hunc
2776 4522 3037 4578 bonitate
3086 4523 3483 4614 superstitem,
3505 4529 3576 4614 et

187 4608 420 4678 “claret,
445 4618 506 4671 et
530 4614 653 4670 sibi
689 4612 857 4669 anxio
888 4612 1066 4666 ﬁnem
1086 4610 1267 4666 subiti
1290 4610 1529 4667 inferret
1543 4611 1808 4683 periculi,
1845 4608 1886 4614 ⁷
1923 4629 2155 4670 morum
2179 4611 2522 4667 salubritate
2542 4610 2851 4667 haeredem.
2872 4612 3133 4685 Denique
3161 4611 3333 4669 laude
3354 4613 3573 4687 dignis-

186 4710 271 4752 seu
292 4706 557 4760 mortuus
583 4699 846 4776 perstitit
866 4701 938 4756 ad
956 4700 1077 4755 haec
1100 4698 1550 4765 mitior,reddita
1578 4700 1808 4773 piorum
1919 4703 2108 4760 simus
2156 4700 2486 4756 Rainardus
2534 4700 2721 4757 abbas
2764 4699 3000 4772 praelata
3027 4700 3330 4758 charitatis
3357 4701 3572 4758 virtute

184 4792 467 4862 martyrum
500 4790 822 4849 clementia
850 4789 1107 4862 stupenti
1137 4793 1195 4845 et
1224 4804 1371 4861 pene
1401 4793 1667 4845 emortuo
1716 4806 1812 4862 pe-
1916 4790 2188 4856 rutilans,
2212 4806 2340 4845 sese
2370 4804 2627 4860 suosque
2655 4788 2816 4844 omni
2846 4788 3127 4862 voluptati
3179 4788 3568 4858 abdicaverat,

185 4876 357 4943 percit.
385 4879 468 4941 0b
500 4885 772 4948 tuorum,
805 4878 1025 4945 dicens,
1060 4878 1237 4934 fidem
1269 4881 1578 4950 parentum
1611 4877 1711 4945 qui
1752 4885 1808 4935 te
1916 4885 1974 4937 et
2001 4877 2373 4935 continentiae
2396 4877 2521 4951 lege
2541 4877 2901 4942 actitaverat,
2930 4876 3568 4950 apostolieaa‘assertio-

185 4963 1375 5044 n(ibiareliqueruntrnedendum,jubemus
1391 4965 1549 5022 abire
1571 4983 1804 5023 sanum.
1916 4969 2008 5026 nis
2024 4968 2328 5024 ultroneus
2346 4965 2597 5034 auditor,
2614 4966 2739 5022 sine
2760 4964 3111 5022 castimonia
3128 4965 3451 5037 inquientis
3465 4966 3570 5024 im-

186 5048 412 5115 Mitahile
440 5057 643 5116 dictu!
682 5075 816 5115 mox
844 5056 1097 5129 denique
1127 5071 1314 5111 nexus
1346 5055 1562 5128 quibus
1593 5072 1806 5113 manus
1916 5056 2215 5133 possibilia
2236 5073 2363 5113 esse
2382 5055 2608 5129 placere
2634 5055 2773 5122 Deo,
2793 5053 3069 5127 illiusque
3093 5053 3425 5129 philosophi
3466 5056 3567 5129 qui

185 5136 439 5204 habuerat
478 5148 717 5204 vinctas
766 5145 1064 5213 decidunt,
1099 5147 1477 5216 semotusque
1524 5161 1558 5200 a
1598 5143 1805 5216 pilario
1916 5147 1994 5203 nil
2022 5146 2103 5203 ait
2129 5161 2259 5202 esse
2288 5143 2452 5217 prius
2485 5142 2765 5199 meliusve
2790 5141 2986 5199 caelibe
3017 5142 3154 5200 vita.
3188 5143 3258 5200 Et
3303 5143 3413 5200 hic.
3435 5162 3565 5217 spe-

187 5229 259 5283 επί
284 5230 489 5307 ligatus
519 5236 1118 5308 inhmserat,prorsus
1151 5233 1368 5305 recepit
1414 5232 1594 5289 totius
1643 5250 1806 5307 vege-
1913 5236 2102 5293 cimen
2126 5232 2426 5307 religionis
2457 5250 2570 5287 non
2604 5232 2861 5306 segniter
2890 5231 3101 5298 tenuit,
3127 5232 3228 5288 sed
3257 5231 3567 5305 reliquisse

186 5318 427 5379 lationem
484 5324 774 5398 corporis.
821 5327 901 5380 At.
944 5322 1041 5379 ille
1099 5326 1317 5395 quanto
1373 5321 1592 5391 sanior,
1640 5326 1803 5379 tanto
1912 5341 2149 5398 quoque
2192 5323 2481 5377 honorum
2526 5338 2768 5394 operum
2818 5320 3123 5392 speculum
3174 5322 3565 5394 praetendens,

179 5401 427 5472 jucundat
457 5413 718 5470 frontem
749 5419 1049 5468 vacantem
1079 5410 1238 5466 omni
1271 5408 1493 5477 nubilo,
1527 5415 1585 5465 ct
1633 5412 1692 5466 in
1742 5430 1803 5468 se
1912 5412 2203 5486 aequitatis
2214 5412 2356 5483 jura
2376 5426 2804 5483 procerumque
2827 5410 3152 5482 priscorum
3178 5410 3443 5466 instituta
3462 5412 3562 5468 fla-

185 5498 386 5560 patrata:
415 5503 660 5559 virtutis
691 5501 979 5556 veridicus
1027 5516 1211 5572 praeco
1258 5498 1510 5554 efﬁcitur
1551 5502 1797 5558 cunctis.
1910 5502 2100 5575 granti
2134 5499 2492 5572 amplectens
2530 5500 2684 5563 nisu,
2718 5498 3035 5571 spectabile
3066 5498 3268 5557 multis
3310 5501 3563 5573 resplen-

188 5579 498 5647 Circumstat
549 5607 696 5664 ergo
744 5586 1194 5663 persultantium
1243 5592 1445 5653 coctus,
1482 5607 1650 5662 pares
1704 5609 1797 5648 ca-
1910 5592 2038 5647 duit
2056 5588 2779 5656 decus,etc.0t'ﬁcinarum
2797 5606 3042 5663 qumque
3067 5589 3263 5646 diruta
3280 5590 3405 5647 suis
3425 5605 3560 5649 cum
