4036 6172
446 296 570 365 795

1200 318 1210 331 ε
1286 298 1693 367 ODORANNI
1736 297 2093 365 MONACBI
2137 299 2202 363 s.
2247 299 2482 364 perm
2527 301 2691 365 vm
2736 254 3017 364 senon.
3656 306 3751 371 793

449 435 808 495 utensilibus
846 432 1208 493 nobilitando
1257 435 1546 509 reparavit
1593 433 1891 491 attentius.
1921 433 2096 490 Nisus
2125 434 2180 502 Α
2207 451 2276 491 ex
2304 436 2389 492 eis
2421 435 2520 509 qui
2548 436 2606 491 in
2639 434 2992 492 monasterio
3023 432 3213 490 sancti
3247 433 3383 490 Petri
3413 434 3573 494 fuerat
3607 438 3752 496 nutri-

450 527 673 583 interea
700 525 1019 582 affectionis
1049 526 1313 598 ejusdem
1341 526 1619 599 panditur
1665 524 1817 580 circa
1864 527 2096 579 sancto-

451 631 583 670 rum
615 614 864 671 celebria
892 614 1041 671 festa
1069 617 1413 687 martyrum,
1447 613 1547 669 sed
1597 612 1858 668 crebrius
1904 612 2095 667 tabes-

450 705 930 777 cebat,ignorans
958 720 1076 776 qua
1102 704 1433 775 tegerentur
1461 701 1669 758 tumba
1719 699 1905 756 sancti
1948 699 2098 755 scili-

449 798 542 851 cet
570 792 869 850 Saviniani
901 794 1187 849 membra.

446 900 582 957 CAP.
614 899 776 956 XXV.
810 901 885 956 De
914 897 1165 961 famulis
1191 903 1526 953 sanctorum
1556 897 1876 953 Saviniani
1909 896 2097 951 socio-

517 987 757 1042 rumque
787 974 915 1041 ejus
962 975 1030 1027 ab
1060 972 1272 1026 abbate
1328 970 1627 1025 Bai/tardo
1677 979 1730 1024 et
1765 967 2096 1023 Lcolherico

516 1043 957 1113 archiepiscopo
988 1044 1287 1098 reseralz's.
1813 1080 1816 1084 .

517 1151 827 1206 Bealorum
859 1149 1038 1221 igitur
1069 1152 1392 1220 martyrum
1420 1146 1741 1213 Saviniani,
1768 1143 2096 1200 Potentiani

443 1237 853 1310 sociorumque
900 1234 1101 1293 eorum
1151 1253 1412 1309 corpora,
1446 1236 1521 1290 ab
1565 1235 1775 1290 abbate
1814 1235 2096 1289 Samsone

442 1326 853 1383 venerabiliter
882 1324 1171 1379 tumul-uta
1202 1326 1356 1380 intro
1388 1325 1447 1377 in
1479 1322 1663 1378 antris
1703 1324 1776 1376 ob
1824 1320 2094 1376 timorem

444 1432 833 1489 paganorum,
867 1432 1050 1484 usque
1082 1415 1151 1468 ad
1186 1412 1383 1468 domni
1412 1410 1731 1467 Leotherici
1778 1408 2094 1481 archiepis-

352 1502 359 1517 “
442 1503 572 1576 copi
603 1507 661 1558 et
691 1503 889 1558 domni
926 1502 1201 1558 Rainardi
1233 1501 1463 1557 abbatis
1486 1504 1751 1572 tempora
1778 1498 1993 1553 ibidem
2016 1497 2096 1552 la-

443 1595 685 1649 tuerunt
717 1607 731 1646 :
768 1607 945 1663 quam
977 1591 1048 1646 ob
1079 1606 1201 1645 rem
1252 1588 1496 1661 experiri
1529 1588 1772 1660 cupiens
1818 1587 1974 1642 dicta
2003 1603 2095 1642 se-

444 1680 678 1737 niorum
709 1678 983 1736 solertius
1002 1678 1301 1734 indicabat
1321 1678 1761 1750 seria,przesago
1783 1674 2095 1748 przssciens

444 1768 787 1842 spiritu,per
815 1773 1152 1823 sanctorum
1184 1766 1463 1840 suffragia
1495 1765 1665 1839 plura
1681 1764 1926 1836 adipisci
1944 1764 2094 1819 sani-
2122 1806 2170 1872 Β

442 1862 628 1914 tatam
646 1857 921 1913 remedia.
946 1860 1271 1928 Capessunt
1288 1856 1484 1928 itaque
1498 1853 1807 1910 consilium
1834 1853 2088 1919 salubre,

441 1963 558 2019 quo
590 1949 992 2001 reserarentur
1020 1949 1355 2000 sanctorum
1403 1942 1723 2009 mausolea,
1755 1942 1857 2023 qui
1906 1941 2092 1997 antris

440 2033 894 2092 continebantur
908 2033 969 2088 in
986 2032 1521 2089 abditioribus.Hoc
1543 2030 2091 2103 peraeto,e’xtemplo

441 2124 576 2180 miri
603 2123 800 2179 odoris
829 2122 1165 2178 exuberavit
1190 2121 1530 2195 fragrantia,
1546 2120 1938 2192 certioresque
1959 2119 2089 2175 red-

440 2212 591 2270 didit
619 2211 689 2267 de
719 2211 1059 2267 earumdem
1092 2209 1429 2282 praesentia;
1452 2208 1851 2264 collaudantes
1882 2208 2088 2277 Deum,

440 2299 894 2359 recondiderunt
921 2297 1136 2354 ibidem
1186 2298 1488 2354 decentius
1531 2296 1724 2369 posita
1750 2313 1850 2351 xm
1879 2296 2091 2352 Kalen-

439 2391 546 2448 das
573 2389 952 2462 Septembris.
986 2387 1445 2458 Quibuscunque
1474 2390 1671 2441 autem
1703 2384 1955 2441 inﬁrmis
2002 2384 2089 2440 vel

439 2477 921 2536 imbecilliorlbus
952 2476 1163 2532 collata
1192 2480 1283 2532 est
1313 2475 1571 2548 potio,de
1601 2491 1717 2546 qua
1748 2477 2089 2530 sanctorum

437 2568 557 2625 lota
604 2570 746 2623 sunt
792 2582 949 2631 ossa,
982 2566 1204 2637 absque
1235 2580 1399 2620 mora
1429 2563 1699 2619 sanitatis
1750 2567 2092 2618 meruerunt

430 2655 757 2729 juvamina.
787 2654 870 2710 Ad
906 2652 1064 2708 illius
1096 2653 1354 2724 profecto
1385 2652 1619 2708 laudem
1641 2650 2094 2723 magnificantur

437 2743 753 2818 magnalia,
787 2742 888 2814 qui
935 2742 1184 2798 tuitione
1232 2740 1564 2827 eunctivida
1609 2739 1759 2812 regit
1800 2739 2087 2812 quidquid

436 2837 698 2890 creatum
731 2835 978 2904 vegetat.

434 2941 569 2996 CAP.
617 2938 807 2995 XXVI.
857 2937 1113 3007 Qualiter
1166 2936 1372 3007 regina
1427 2935 1769 2992 Constantia
1825 2911 2089 2990 sanetum

897 3009 1273 3066 Savinianum
1304 3010 1625 3079 agnoverit.

505 3100 721 3156 Eodem
751 3102 1011 3171 tempore
1041 3099 1323 3170 regnabat
1346 3098 1660 3153 Rotbertus
1705 3110 1907 3168 regum
1954 3092 2090 3166 piis-

2204 528 2321 592 tus,
2338 525 2615 580 redeunte
2637 541 2769 598 rege
2788 522 3235 580 Aurelianorum
3259 523 3467 580 futurus
3488 526 3754 601 episcOpus,

2206 613 2441 671 nomine
2473 613 2865 669 Theodericus
2896 611 2995 684 (8),
3029 612 3326 685 respondit
3364 630 3456 686 pro
3498 616 3767 673 omnibus:

2205 706 2325 770 Est,
2353 702 2612 770 domina,
2659 702 2720 758 in
2770 703 3127 758 monasterio
3175 702 3355 757 sancti
3399 702 3533 758 Petri
3569 710 3757 763 sanctus

2205 791 2575 860 Savinianus,
2611 791 2836 864 primus
2866 790 3315 862 metropolitanze
3344 790 3492 846 urbis
3523 795 3757 849 Senonum

2204 879 2702 953 archiepiscopus,
2734 879 2836 953 qui
2871 896 2971 952 per
3018 877 3278 951 martyrii
3320 877 3640 951 triumphum
3674 898 3761 936 una

2204 985 2339 1024 cum
2371 968 2546 1025 sociis
2566 967 2825 1042 pervenit
2846 968 2913 1023 ad
2936 967 3189 1025 caelestis
3218 967 3372 1040 regni
3404 967 3652 1023 brevium.
3675 969 3761 1024 Hu-

2195 1058 2298 1127 jus
2328 1058 2602 1129 martyris
2632 1057 2679 1113 si
2712 1058 2919 1113 devota
2966 1060 3160 1112 mente
3206 1055 3411 1111 adieris
3444 1057 3762 1128 praesentiam,

2202 1144 2262 1200 id
2294 1148 2448 1218 quod
2484 1146 2753 1218 promisit
2782 1147 3003 1218 absque
3031 1144 3305 1200 dilatione
3330 1143 3536 1199 noveris
3579 1148 3624 1199 te
3659 1161 3766 1199 con-

2204 1240 2559 1291 secuturam.
2596 1237 2662 1291 At
2700 1234 2800 1291 illa
2826 1236 2898 1290 de
2944 1234 3089 1290 tanti
3137 1234 3245 1289 viri
3292 1232 3519 1289 consilio
3560 1233 3766 1304 gaudens

2204 1325 2424 1394 effecta,
2459 1324 2739 1381 citissime
2764 1341 2882 1379 una
2901 1340 3034 1379 cum
3069 1322 3188 1378 ﬁlio
3220 1321 3447 1394 expetiit
3473 1320 3633 1377 sancti
3652 1321 3767 1375 Petri

2201 1414 2431 1483 limina,
2447 1421 2505 1470 et
2537 1413 2867 1469 diutissime
2896 1412 3183 1486 lacrymas
3210 1412 3452 1467 fundens
3471 1414 3588 1466 ante
3604 1426 3769 1481 corpus

2203 1503 2355 1560 beati
2386 1502 2659 1575 martyris
2693 1502 2945 1575 totisque
2972 1500 3194 1557 viribus
3216 1517 3281 1557 se
3311 1498 3647 1556 committens
3674 1500 3772 1569 ejus

2203 1592 2359 1657 ﬁdei,
2390 1593 2652 1665 gaudens
2684 1590 2963 1647 remeavit
3008 1590 3079 1646 ad
3112 1589 3365 1662 propria,
3395 1590 3462 1644 de
3502 1586 3772 1643 visitatione

2201 1680 2348 1737 tanti
2397 1680 2627 1754 patroni
2671 1680 3012 1736 confortata.
3044 1679 3318 1735 Nondum
3362 1675 3646 1733 transierat
3681 1674 3775 1730 dies

2200 1770 2390 1838 tertia,
2425 1787 2560 1826 cum
2591 1768 2786 1826 subito
2816 1769 2981 1825 adest
3022 1768 3372 1840 intempesta
3411 1770 3562 1821 nocte
3596 1764 3775 1837 legatus

2199 1858 2397 1932 regius
2418 1862 2552 1914 ante
2564 1856 3122 1929 januam,nuntians
3144 1856 3202 1911 in
3221 1854 3477 1927 proximo
3497 1852 3774 1908 adiuturam

2199 1947 2328 2019 ejus
2357 1947 2749 2019 praesentiam,
2771 1946 2871 2018 qui
2904 1945 3018 2001 Deo
3037 1945 3288 2000 ducente
3319 1942 3557 2016 propriis
3583 1939 3772 1996 sedibus

2199 2035 2525 2102 restitutus,
2559 2039 2625 2091 ut
2660 2034 3036 2091 veracissima
3077 2032 3491 2106 approbaretur
3525 2026 3779 2102 promissio

2199 2124 2776 2198 martyris,deinceps
2804 2122 3101 2196 propriam
3122 2122 3253 2194 conj
3265 2137 3431 2193 ugem
3452 2118 3622 2192 magis
3639 2131 3778 2189 quam

2196 2218 2439 2270 eatenus
2471 2212 2689 2281 dilexit,
2723 2216 2777 2268 et
2800 2212 2911 2269 sub
2940 2212 3067 2283 ejus
3091 2214 3236 2267 nutu
3261 2208 3455 2267 omnia
3470 2209 3597 2281 jura
3612 2202 3782 2278 regalia

2199 2306 2253 2359 et
2288 2319 2653 2374 quaecunque
2683 2301 2983 2375 possidere
3008 2299 3322 2356 videbatur
3366 2312 3588 2353 manere
3625 2294 3782 2365 dispo-

2199 2391 2337 2448 suit.
2372 2392 2484 2449 Sed
2517 2391 2616 2447 illa
2665 2390 2909 2447 minime
2950 2388 3131 2445 oblita
3176 2384 3577 2460 promissionis
3617 2379 3781 2446 sancti,

2199 2486 2463 2554 satagere
2508 2480 2683 2553 cmpit
2728 2478 2978 2552 qualiter
3033 2481 3412 2533 exornaretur
3458 2487 3650 2543 corpus
3686 2469 3784 2539 ejus

2156 2637 2170 2649 θ
2198 2570 2450 2644 gemmis
2500 2574 2557 2625 et
2605 2586 2767 2636 auro,
2795 2568 2951 2641 quod
3002 2567 3102 2622 diu
3157 2564 3454 2621 inclusum
3482 2558 3710 2649 plumbo,
3730 2555 3784 2613 ab

2199 2660 2459 2733 antiquis
2489 2658 2756 2732 patribus
2787 2656 3197 2713 absconditum
3232 2655 3424 2711 fuerat
3450 2651 3555 2708 sub
3581 2647 3722 2713 atrio,
3746 2649 3790 2699 et

2199 2748 2319 2822 regi
2346 2765 2666 2821 suggerens
2696 2764 2807 2802 sua
2834 2750 2984 2812 vota,
3017 2745 3131 2800 Deo
3161 2742 3498 2810 auxiliante,
3529 2739 3595 2794 ad
3617 2752 3676 2792 ea
3705 2734 3788 2788 im-

2198 2838 2412 2912 plenda
2440 2838 2708 2909 paratum
2738 2833 2906 2890 illum
2938 2833 3157 2890 invenit
3185 2849 3295 2907 per
3339 2828 3551 2888 omnia.
3581 2824 3673 2894 Qui
3716 2839 3792 2912 ac-_

2196 2908 2458 2983 cersiens
2485 2924 2860 2980 Odorann‘um
2889 2923 3154 2994 ejusdem
3188 2921 3299 2978 loci
3341 2916 3688 2978 monachum,
3713 2908 3788 2982 qui

2198 3017 2271 3073 ad
2295 3015 2404 3072 hoc
2433 3031 2580 3087 opus
2610 3012 3031 3086 perficiendum
3061 3011 3375 3067 videbatur
3404 3008 3651 3069 idoneus,
3669 3016 3793 3057 com-

2198 3105 2364 3160 misit
2392 3121 2512 3160 una
2531 3119 2667 3159 cum
2698 3101 2898 3175 regina
2919 3101 2968 3173 ej
2981 3117 3049 3156 us
3071 3100 3207 3156 fidei
3230 3103 3408 3155 tantm
3425 3093 3641 3170 pietatis
3657 3104 3788 3162 opus.

435 3188 784 3255 simus.Hic,
808 3187 1060 3260 peractis
1088 3186 1335 3243 diversis
1365 3183 1890 3242 restaurationibus
1909 3182 2084 3239 eccle-
2116 3174 2161 3242 C
2198 3194 2494 3250 Dederunt
2548 3189 2728 3263 igitur
2774 3174 3030 3245 Senonis
3088 3189 3148 3243 in
3208 3187 3422 3261 primis
3460 3200 3559 3258 per
3592 3193 3791 3236 manum

436 3277 681 3343 siarum,
713 3293 819 3332 nec
847 3293 962 3331 non
995 3274 1357 3331 ornamentis
1390 3278 1729 3329 sanctorum
1754 3287 2086 3345 corporum,

435 3382 652 3438 corpus
682 3364 868 3419 sancti
886 3362 1185 3419 Saviniani
1217 3379 1360 3417 auro
1382 3365 1441 3417 et
1461 3360 1710 3433 gemmis
1729 3366 2090 3434 argentoque

436 3452 664 3511 ornavit
694 3469 708 3509 :
744 3452 899 3525 quod
933 3451 1185 3524 qualiter
1216 3455 1411 3505 actum
1443 3449 1519 3505 sit
1548 3449 1753 3521 paucis
1782 3452 1872 3504 est
1900 3449 2086 3504 disse-

436 3542 708 3600 rendum.
729 3541 939 3596 Factus
961 3542 1050 3595 est
1064 3539 1206 3594 dum
1220 3539 1476 3611 quodam
1501 3542 1761 3608 tempore
1777 3538 2089 3593 Rotbertus

436 3649 536 3688 rex
566 3630 810 3685 Romam
843 3630 1084 3699 peteret,
1105 3632 1172 3681 ut
1190 3625 1532 3683 Constantia
1562 3625 1782 3699 regina,
1814 3643 1932 3681 una
1953 3642 2088 3681 cum

436 3718 556 3775 ﬁlio
582 3718 823 3791 Hugone
844 3715 1087 3790 parvulo
1108 3714 1261 3771 Tillo
1283 3719 1630 3771 remaneret.
1655 3714 1817 3779 Quod
1840 3718 1906 3770 ut
1921 3718 2090 3770 Berta

437 3808 656 3881 regina,
680 3807 906 3862 dudum
937 3822 1117 3861 causa
1146 3803 1675 3878 consanguinitatis
1706 3821 1738 3858 a
1770 3820 1900 3876 rege
1921 3820 2091 3875 repu-

437 3895 613 3963 diata,
647 3893 947 3968 comperit,
980 3897 1288 3966 prosecuta
1317 3898 1407 3949 est
1435 3910 1593 3959 eum,
1620 3910 1864 3966 sperans
1895 3909 1957 3949 se
1998 3894 2086 3948 fa-

433 3984 706 4042 ventibus
763 3984 835 4040 ad
893 3982 1004 4039 hoc
1062 3983 1418 4055 quibusdam
1471 3982 1677 4039 aulicis
1726 3982 1880 4055 regis
1910 3983 2088 4056 jussu

433 4073 753 4147 apostolico
801 4071 1035 4128 restitui
1093 4075 1219 4128 toro
1277 4070 1434 4143 regio
1490 4086 1503 4126 :
1549 4071 1702 4127 unde
1751 4071 2090 4127 Constantia

433 4162 638 4237 regina
661 4162 879 4219 timens
909 4178 971 4218 se
1001 4160 1258 4216 amoveri
1289 4178 1322 4215 a
1352 4159 1511 4233 regio
1555 4158 1754 4228 latere,
1784 4159 2089 4216 inenarra-

432 4251 537 4308 bili
567 4252 943 4308 detinebatur
971 4266 1236 4306 mcerore.
1269 4252 1402 4316 Quae
1433 4250 1574 4305 dum
1616 4254 1783 4305 nocte
1833 4250 2088 4322 quadam

435 4343 508 4399 ad
554 4340 664 4397 hoc
711 4339 913 4396 nimiis
962 4339 1383 4412 cogitationum
1439 4337 1797 4394 tumultibus
1858 4338 2091 4411 pulsata

434 4427 1104 4500 obdormiret,apparuit
1134 4426 1186 4483 ei
1218 4443 1323 4499 per
1348 4425 1540 4483 visum
1569 4425 1945 4483 inenarrabili
1967 4426 2088 4482 ela-

2195 3279 2475 3337 Waldrici
2506 3276 2797 3352 praepositi
2844 3275 3066 3350 argenti
3112 3277 3261 3332 meri
3306 3276 3487 3332 libras
3516 3289 3591 3338 Iv;
3626 3264 3794 3352 deinde

2195 3374 2451 3426 Senones
2483 3351 2586 3440 per
2615 3382 2859 3422 manum
2904 3364 3184 3424 Willelmi
3235 3359 3578 3421 cubicularii
3616 3351 3795 3430 argenti

2198 3457 2340 3514 meri
2365 3456 2582 3513 solidos
2606 3472 2690 3511 LV.
2725 3455 2932 3511 Postea
2962 3454 3256 3511 miserunt
3290 3471 3398 3527 per
3427 3463 3650 3507 manum
3677 3443 3793 3499 Odo-

2196 3547 2290 3602 nis
2320 3544 2571 3618 Paratgii
2604 3542 2829 3617 argenti
2860 3542 3006 3599 meri
3038 3541 3259 3599 solidos
3289 3557 3532 3609 xxxvm;
3565 3532 3801 3618 miserunt

2197 3636 2373 3692 etiam
2406 3635 2478 3690 ad
2499 3615 2772 3690 l’arisius
2804 3649 2906 3705 per
2939 3648 3182 3688 manum
3234 3629 3533 3689 Odoranni
3577 3615 3797 3682 monachi

2197 3724 2326 3781 auri
2353 3722 2572 3780 solidos
2599 3739 2738 3789 xvu,
2765 3726 2823 3777 et
2851 3719 3123 3777 denarios
3151 3738 3280 3790 vm,
3311 3725 3372 3777 et
3416 3730 3666 3793 gemmas
3704 3722 3801 3783 ρι’θ·

2196 3812 2570 3869 tiosissimas.
2603 3810 2705 3866 His
2752 3809 2835 3865 ita
2885 3807 3152 3882 patratis,
3187 3812 3377 3865 restat
3433 3805 3518 3865 uti
3559 3795 3801 3859 mirabilia

2196 3901 2461 3973 Dei,quze
2495 3899 2552 3955 in
2586 3897 2822 3966 fabricis
2852 3897 3030 3969 hujus
3060 3896 3256 3970 operis
3283 3895 3586 3968 oculisque
3628 3883 3802 3947 nostris

2194 3990 2473 4057 vidimus,
2528 3991 2585 4044 et
2638 4005 2706 4043 ex
2766 3989 2930 4059 parte
2995 3986 3274 4042 manibus
3346 3977 3801 4042 eontrectavimus,

2196 4077 2413 4135 Christi
2460 4074 2736 4132 ﬁdelibus
2785 4073 3130 4132 intimemus
3163 4092 3178 4131 ε
3209 4091 3343 4147 quae
3391 4068 3615 4131 silentio
3653 4070 3805 4137 tegere

2197 4168 2421 4224 crimen
2450 4169 2539 4221 est
2569 4162 2895 4221 admittere.
3654 4236 3665 4243 .

2197 4273 2332 4330 CAP.
2365 4270 2579 4328 XXVII.
2614 4271 2689 4326 De
2720 4270 3024 4327 Odoranm'
3073 4271 3349 4326 monachi
3389 4263 3719 4340 profectione
3742 4252 3806 4313 ad

2265 4343 2590 4490 pazatium,
2620 4351 2676 4398 et
2704 4358 2852 4398 auro
2895 4343 2969 4399 ab
3015 4343 3235 4416 regina
3280 4337 3524 4413 accepto
3565 4337 3621 4392 in
3656 4340 3807 4399 capta!

2297 4434 2334 4473 a
2374 4430 2587 4472 rzcam.

2297 4430 2587 4473 aeneam.

435 4517 607 4574 ritate
637 4516 1035 4573 circumdatus
1065 4514 1307 4588 quidam
1345 4514 1624 4588 angelicis
1655 4516 1961 4572 decoratus
1987 4532 2085 4572 ea-
2117 4545 2164 4609 D
2267 4522 2452 4596 Igitur
2473 4523 2791 4592 occupatus
2821 4535 2920 4575 rex
2938 4518 3114 4575 variis
3136 4519 3341 4576 saeculi
3360 4505 3811 4583 curis,intermisil

433 4606 550 4675 nis,
581 4605 640 4661 in
673 4604 1017 4662 sacerdotali
1047 4604 1272 4673 habitu,
1304 4604 1529 4678 virgam
1562 4603 1916 4678 pastoralem
1957 4620 2085 4677 ges-

430 4700 567 4753 tans
597 4711 798 4752 manu.
830 4694 1010 4759 Quem
1044 4693 1225 4750 nimio
1251 4692 1459 4750 timore
1488 4694 1793 4767 perterrita
1821 4694 1964 4750 dum
2001 4711 2087 4751 re-

431 4784 690 4859 quireret
709 4783 984 4857 quisnam
1005 4786 1181 4849 esset,
1203 4782 1462 4839 intonuit
1490 4799 1552 4839 se
1573 4782 1692 4838 fore
1720 4782 2081 4856 episcopum,

430 4879 487 4934 et
543 4873 824 4949 appellari
869 4871 1271 4941 Savinianum,
1317 4871 1411 4928 cui
1469 4875 1526 4928 et
1567 4871 1713 4927 dixit
1745 4875 2084 4929 :‘Constans

430 4968 556 5022 esto
587 4961 957 5029 Constantia;
991 4960 1132 5034 quia
1161 4965 1274 5017 Deo
1326 4961 1580 5034 propitia
1621 4960 1866 5018 liberata
1909 4978 1971 5017 es
2010 4962 2081 5018 ab

430 5050 765 5109 imminenti
796 5050 1054 5107 tristitia.
1089 5049 1176 5107 llli
1206 5066 1338 5106 vero
1385 5051 1457 5106 de
1506 5055 1627 5105 tam
1673 5049 1949 5122 praeclara
1993 5050 2081 5104 vi-

430 5141 597 5199 sione
627 5139 955 5214 perterrita,
986 5140 1137 5195 facto
1168 5154 1360 5209 mane,
1391 5137 1563 5211 coepit
1596 5138 1892 5211 inquirere
1923 5137 2082 5195 solli-

431 5228 545 5286 cite
594 5245 628 5285 a
672 5227 1196 5284 circumstantibus
1241 5226 1469 5284 clericis
1513 5226 1564 5283 si
1613 5226 1731 5283 illis
1787 5227 1845 5284 in
1902 5228 2086 5301 regio-

432 5317 608 5375 nibus
639 5316 957 5373 haberetur
986 5316 1296 5389 episcopus
1328 5317 1431 5390 qui
1478 5315 1826 5373 Savinianus
1871 5316 2086 5373 dicere-

434 5412 549 5463 tur.
583 5404 809 5471 Quibus
841 5404 1232 5478 ignorantiam
1263 5422 1431 5461 suam
1465 5404 1896 5478 proﬁtentibus,
1932 5422 2086 5462 unus

503 5514 581 5585 (8)
613 5513 756 5585 Ejus
786 5516 953 5585 gesta
985 5511 1296 5568 retulimus
1320 5513 1399 5585 ad
1425 5528 1647 5585 annum
1677 5512 1833 5567 1021.

506 5582 582 5658 (9)
619 5582 874 5642 Druense
907 5587 1192 5654 castrum,
1225 5582 1435 5640 melius
1464 5583 1775 5654 Drocense,
1806 5582 1895 5639 vel
1936 5586 2085 5641 anti-

2196 4609 2628 4684 aliquantulum
2645 4609 2719 4665 ad
2740 4608 3161 4665 monasterium
3187 4607 3425 4665 mittere
3456 4606 3714 4677 sumptus
3729 4610 3812 4684 cur

2192 4701 2276 4774 pti
2296 4681 2520 4773 operis.
2553 4696 2995 4771 Tranquillitate
3041 4713 3177 4753 vero
3219 4701 3521 4771 percepta,
3561 4681 3812 4774 mandavit

2192 4772 2298 4864 per
2327 4772 2737 4846 Francolinum
2760 4788 2887 4860 jam
2919 4787 3076 4843 dicto
3109 4786 3273 4843 fratri
3308 4791 3377 4842 ut
3406 4782 3625 4842 concito
3648 4772 3809 4864 grati“

2192 4860 2414 4933 veniret
2444 4873 2617 4931 Druis
2647 4874 2719 4930 ad
2740 4873 3182 4947 suscipiendum
3204 4891 3432 4931 munus
3448 4869 3719 4946 operis.At
3736 4860 3811 4917 illo

2190 4961 2519 5036 vespertina
2549 4960 2753 5034 synaxi
2782 4960 3028 5034 expleta,
3043 4965 3119 5030 et,
3134 4964 3199 5018 ut
3228 4978 3365 5019 mos
3404 4965 3496 5018 est
3524 4948 3805 5016 monachis,

2190 5055 2462 5126 percepta
2488 5050 2891 5106 benedictione
2923 5050 3172 5121 abbatis,
3206 5052 3294 5107 ire
3341 5048 3595 5124 perrexit
3635 5043 3700 5101 ad
3733 5053 3811 5126 ca-

2192 5124 2429 5198 cumina
2455 5137 2739 5195 Druensis
2758 5138 2835 5212 (9)
2868 5139 3074 5196 Cestri.
3105 5137 3363 5196 Veniens
3389 5155 3522 5196 vero
3546 5135 3670 5210 post
3693 5124 3811 5212 solis

2191 5245 2462 5288 occasum
2498 5228 2569 5284 ad
2602 5211 2821 5284 sanctae
2842 5228 3137 5285 Columba
3162 5232 3427 5301 portum,
3454 5211 3815 5284 transfretavil

2193 5337 2326 5376 cum
2350 5317 2475 5376 suis
2496 5318 2770 5375 Icaunam
2792 5316 3071 5373 ﬂuvium:
3100 5334 3359 5390 cumque
3381 5312 3680 5391 paululum
3698 5304 3813 5362 sub-

2194 5409 2445 5466 stitisset
2472 5407 2531 5463 in
2560 5406 2773 5475 littore,
2808 5406 2960 5463 inter
2988 5410 3221 5464 eazteras
3254 5405 3466 5463 stellas
3491 5402 3697 5478 quibus
3723 5406 3815 5451 nox

2237 5515 2334 5600 uis
2358 5516 2810 5600 Durocassense,
2840 5513 3013 5588 vulgo
3045 5519 3263 5584 Dreux,
3294 5513 3387 5571 vel
3436 5512 3562 5587 ipso
3608 5502 3811 5565 nomine

2197 5603 2617 5645 οιαιιιεειωυω.
