4036 6160
197 281 290 342 791

895 270 1000 332 DE
1045 266 1495 331 TRANSLAT.
1543 268 1653 330 SS.
1701 265 2128 342 SAVINIANI,
2177 268 2691 359 POTENTIANI.
2736 270 2908 333 ETC.

3503 274 3645 339 798‘

194 408 583 471 illastrabatur
604 404 753 464 vidit
778 404 1077 479 quoddam
1115 401 1285 460 sidus
1326 418 1640 476 exsurgere
1684 401 1742 456 in
1773 417 1840 457 eo
1870 398 1923 466 Α
1953 403 2090 457 CAP.
2123 402 2367 479 XXVIII.
2403 407 2494 479 pe
2520 404 2716 460 sancti
2765 405 3093 479 Sapiniam’
3125 405 3546 478 (ranslatz'ane,
3576 417 3630 466 ct

195 504 300 561 loco
328 517 443 574 quo
473 497 677 555 a-stivo
708 500 968 567 tempore
998 492 1149 549 solet
1173 492 1382 547 horam
1438 492 1553 548 diei
1591 492 1844 565 primam

194 592 265 651 sol
289 592 720 654 demonstrare;
752 584 905 658 quod
940 581 1218 639 exsiliens
1246 581 1319 636 de
1350 580 1448 637 sui
1489 587 1655 638 ortus
1698 580 1844 650 loco,

192 682 382 738 virtute
411 676 612 734 divina
636 673 804 747 cmpit
846 671 983 728 ferri
1008 669 1287 727 velociter
1316 687 1424 743 per
1451 688 1609 738 aera,
1644 674 1849 743 petens

192 770 298 829 cwli
328 765 719 825 eminentiora
747 762 876 818 loca
897 776 1048 833 pene
1076 775 1266 832 usque
1289 760 1362 814 ad
1390 759 1538 815 illud
1554 763 1859 832 punctum

190 877 288 935 quo
316 875 384 915 ea
416 856 757 929 tempestate
794 849 944 907 solet
964 848 1088 905 fieri
1116 848 1259 904 hora
1280 852 1467 904 sexta.
1490 850 1683 914 Quem
1712 863 1849 903 eum

188 947 608 1019 famulus,equo
641 943 961 1017 praeparato
993 937 1089 993 cui
1120 938 1388 997 insedere
1419 938 1700 1005 debebat,
1715 936 1851 995 hor-

188 1034 565 1108 taretur,quia
594 1049 703 1089 nox
727 1028 1177 1091 imminebat,ut
1195 1026 1541 1085 ascenderet
1567 1042 1580 1080 :
1614 1025 1853 1082 Sustine

187 1145 265 1184 me
292 1124 628 1199 paululum,
657 1117 871 1192 inquit,
905 1120 962 1174 et
994 1116 1226 1171 intuere
1260 1131 1394 1170 eum
1422 1119 1524 1170 tuo
1559 1114 1727 1170 socio
1750 1113 1856 1169 mi-

188 1215 382 1273 rabilia
426 1213 529 1269 Dei
578 1228 702 1282 quae
754 1208 1045 1264 hactenus
1072 1220 1190 1260 non
1221 1203 1360 1261 vidi.
1400 1204 1523 1268 Quo
1556 1201 1854 1259 miraculo

188 1302 377 1362 famuli
410 1298 1023 1372 attoniti,ignorantcs
1054 1292 1198 1363 quid
1231 1291 1497 1364 praesagii
1519 1293 1852 1363 praeferret,

188 1391 482 1468 signaculo
513 1387 699 1447 crucis
729 1404 791 1443 se
818 1384 1190 1450 muniunt,ct
1211 1381 1328 1437 Deo
1351 1379 1862 1468 sanctoqueSavi-

189 1467 340 1540 niano
374 1477 663 1554 pavefacti
695 1476 869 1533 cer-de
891 1491 953 1530 se
986 1469 1398 1528 committunt.
1419 1467 1610 1525 Stella
1641 1485 1777 1525 vero
1800 1469 1860 1524 in

185 1574 292 1629 loco
322 1587 444 1645 quo
475 1571 710 1626 venerat
740 1562 1046 1640 paululum
1083 1558 1380 1624 substitit,
1419 1561 1477 1614 et
1508 1558 1861 1631 retrogrado

186 1679 339 1720 cursu
370 1660 456 1717 ad
486 1659 682 1715 locum
716 1655 871 1711 unde
899 1653 1136 1709 venerat
1173 1648 1235 1703 in
1268 1648 1447 1703 unius
1477 1646 1653 1702 horse
1673 1647 1864 1719 spatio

2158 475 2472 530 miraculis
2505 491 2708 532 coram
2743 477 3012 533 Rotberto
3042 496 3181 553 rege
3211 480 3414 555 factis.

2028 580 2331 655 Descripto
2364 582 2571 654 itaque
2603 588 2889 656 apparatu
2912 585 3028 642 Deo
3048 586 3383 661 dignissimi
3410 589 3624 661 operis,

1957 686 2146 742 operae
2178 671 2442 743 pretium
2475 675 2569 727 est
2583 673 2808 731 exarari
2828 673 3179 731 miraculum
3203 677 3508 750 scripturas
3532 695 3632 734 vo-

1957 775 2121 816 mere
2141 761 2299 832 quod
2333 760 2437 815 Dei
2474 758 2899 833 omnipotentia
2928 765 3316 836 praesentibus
3346 766 3515 822 nobis
3537 766 3627 823 di-

1958 850 2178 920 gnatus
2208 852 2301 904 est
2321 864 2500 921 agere
2521 848 2579 903 in
2604 851 2793 906 sancti
2814 853 3088 925 martyris
3111 854 3625 929 translatione.0p

1960 940 2084 992 tata
2113 936 2457 993 festivitatis
2483 938 2611 1009 ejus
2643 939 2790 1011 dies,
2821 958 2939 1013 qua
2968 943 3040 998 ab
3073 943 3333 1016 antiquis
3357 945 3630 1001 Patribus

1961 1027 2094 1097 ejus
2123 1026 2465 1082 venerabile
2495 1043 2709 1100 corpus
2740 1046 2860 1085 una
2883 1047 3016 1087 cum
3056 1032 3234 1089 sociis
3284 1033 3343 1089 in
3386 1033 3633 1090 basilica

1963 1115 2153 1170 sancti
2186 1114 2343 1170 Petri
2378 1114 2737 1172 translatum
2768 1121 2875 1190 est,
2895 1121 3436 1195 appropinquabat:
3457 1128 3515 1180 et
3535 1134 3635 1178 rex

1964 1202 2412 1275 aliquantulum
2445 1204 2694 1262 Senonis
2722 1213 3118 1266 commoratus
3149 1211 3339 1268 redire
3368 1212 3640 1286 dispone-

1966 1291 2070 1347 bat
2091 1291 2361 1347 Parisius
2386 1309 2401 1360 ;
2438 1294 2591 1348 unde
2619 1311 2832 1351 vocans
2864 1297 3370 1372 archiepiscopum
3400 1297 3645 1359 Leothe-

1971 1379 2181 1447 ricum,
2216 1380 2530 1437 humiliter
2557 1382 2875 1454 postulavit
2905 1389 2971 1441 ut
2994 1387 3419 1444 monasterium
3452 1384 3656 1445 adiret

1970 1474 2028 1524 et
2058 1468 2246 1524 sancti
2275 1469 2559 1542 martyris
2603 1487 2815 1544 corpus
2864 1473 2936 1529 de
2983 1473 3191 1531 locello
3244 1476 3566 1549 plumbeo,
3601 1469 3664 1530 in

1973 1572 2090 1628 quo
2123 1557 2193 1612 ab
2227 1557 2500 1629 antiquis
2531 1559 2803 1617 Patribus
2834 1563 3092 1635 positum
3124 1564 3335 1635 fuerat,
3369 1566 3430 1622 in
3469 1581 3678 1631 aurea

1974 1661 2151 1717 capsa
2171 1662 2358 1716 quam
2382 1644 2467 1701 illi
2489 1654 2794 1719 paraverat
2813 1654 3239 1725 transponeret.
3262 1656 3338 1710 At
3361 1654 3473 1711 ille
3497 1666 3685 1727 sexta

185 1753 378 1808 iterum
415 1747 613 1805 rediit.
638 1746 820 1810 Quam
840 1758 986 1816 pene
1014 1755 1213 1836 usque
1235 1737 1307 1792 ad
1331 1735 1861 1836 tertiam‘vigiliam
1897 1772 1942 1836 Β
1979 1733 2142 1836 feria,
2166 1733 2261 1836 e‘ui
2284 1736 2640 1836 succedente
2660 1738 2753 1794 die
2774 1739 3078 1836 Dominiea
3117 1742 3317 1836 futura
3336 1748 3678 1817 praestola-

187 1840 353 1897 noctis
379 1834 879 1908 contemplantes,
914 1846 1041 1887 eam
1074 1827 1236 1883 inter
1264 1828 1471 1881 cetera
1501 1822 1709 1880 sidera
1752 1823 1860 1878 im-
1897 1822 1942 1836 ³¹
1978 1822 2153 1877 batur
2188 1823 2501 1894 festivitas,
2535 1827 2608 1881 ad
2666 1829 3088 1886 monasterium
3109 1831 3370 1902 veniens,
3405 1850 3672 1904 summa

185 1929 325 2004 plere
352 1942 607 1985 cursum
642 1923 882 1981 solitum
914 1919 1194 1975 viderunt
1225 1918 1481 1980 ovantes,
1511 1916 1572 1968 et
1616 1911 1772 1968 inter
1802 1929 1866 1968 se
1978 1928 2113 1979 cum
2130 1912 2507 1970 veneratione
2524 1932 2644 1971 una
2658 1933 2792 1989 cum
2811 1918 3095 1999 fratribus
3116 1920 3342 1977 monita
3361 1921 3534 1994 regis
3552 1928 3664 1987 im.

189 1999 310 2090 quid
329 2016 773 2073 demonstraret
791 2010 1161 2066 conferentes
1178 2022 1193 2072 ;
1210 2002 1429 2075 quibus
1446 1999 1647 2056 animo
1666 2018 1868 2057 occur-

187 2108 252 2163 rit
279 2107 437 2179 quod
474 2106 731 2176 coeptum
761 2100 874 2156 iter
895 2111 1178 2171 prospero
1195 2108 1406 2165 gressu
1431 2094 1868 2162 peragerent,et

189 2197 411 2253 demum
450 2192 575 2249 voti
605 2193 907 2263 compotes
939 2185 1167 2242 concite
1201 2182 1273 2237 ad
1307 2181 1555 2235 domum
1580 2179 1864 2236 redirent.

188 2285 386 2343 Dantes
411 2285 736 2356 propterea
753 2294 884 2334 sese
898 2273 1193 2331 maturius
1217 2268 1406 2325 labori
1420 2267 1593 2340 empti
1608 2267 1862 2326 itineris.

193 2391 283 2447 per
310 2370 656 2447 squalidam
686 2366 941 2433 Belsam,
965 2380 1032 2419 eo
1065 2362 1346 2432 surgente
1378 2375 1412 2413 a
1438 2373 1870 2447 mensa,perve-

191 2445 387 2520 nerunt
411 2461 493 2516 ad
514 2456 803 2533 palatium
830 2452 1003 2526 regis.
1020 2448 1335 2506 Praamissa
1353 2464 1484 2503 vero
1509 2445 1867 2502 salutatione

189 2552 329 2626 regis
352 2556 411 2607 et
446 2548 692 2621 reginae,
729 2549 794 2600 ut
818 2538 1199 2598 veracissima
1248 2537 1606 2634 apparerent
1653 2533 1866 2590 sideris

188 2640 470 2715 pmsagia
503 2655 515 2693 :
545 2633 911 2706 Suscipiens,
946 2627 1142 2715 inquit
1168 2625 1458 2682 monacho
1490 2625 1710 2715 regina,
1736 2640 1865 2695 quae

187 2712 728 2786 sanctoSaviniano
757 2738 861 2794 pro
884 2733 1059 2791 posse
1081 2714 1494 2786 disposuimus
1516 2712 1588 2767 ad
1608 2728 1865 2785 praesens

188 2818 408 2874 mittere
445 2829 726 2877 munera,
752 2808 1005 2865 festinus
1024 2807 1314 2861 revertere
1337 2803 1410 2859 ad
1439 2800 1704 2875 propria;
1728 2799 1868 2873 quia

188 2925 285 2964 nos
315 2924 455 2963 sum
471 2921 567 2960 mo
594 2916 770 2958 mane
805 2894 1219 2970 disposuimus
1254 2893 1419 2948 abire
1450 2889 1617 2946 alias.
1651 2890 1718 2945 Et
1748 2892 1867 2945 sta-

189 2996 285 3051 tim
316 2995 634 3068 proferens
665 2988 794 3047 auri
840 2982 1124 3044 tredecim
1180 2981 1407 3038 solidos
1453 2980 1523 3035 ad
1566 2978 1863 3068 publicam

190 3065 489 3142 monetam
517 3078 1005 3145 Aurelianensem
1040 3088 1338 3144 appensos
1373 3087 1386 3124 :
1422 3068 1504 3135 Si,
1526 3068 1739 3139 inquit,
1759 3065 1864 3121 tibi

1976 1998 2182 2088 plevit;
2200 2017 2536 2075 corpusque
2557 2005 2741 2060 sancti
2764 1996 3005 2064 Ecdaldi
3037 2009 3191 2079 quod
3223 2026 3360 2066 eum
3389 2027 3460 2066 eo
3483 2028 3655 2088 repe-

1979 2087 2055 2143 rit
2082 2105 2217 2143 cum
2248 2106 2494 2162 corpore
2522 2094 2711 2149 sancti
2727 2094 3023 2151 Saviniani
3044 2114 3289 2169 ponens,
3308 2116 3447 2156 ossa
3477 2087 3649 2173 pueri

1978 2178 2203 2252 parvuli
2225 2195 2363 2236 eum
2381 2198 2448 2237 eo
2466 2182 2693 2239 humati
2716 2186 2977 2257 reposuit
2999 2191 3216 2253 una,et,
3231 2188 3478 2262 expletis
3500 2192 3646 2248 mis-

1978 2286 2180 2324 sarum
2202 2268 2837 2339 solemniis,edeudum
2861 2274 3025 2330 abiit.
3039 2276 3232 2332 Fratre
3250 2279 3526 2345 vero,sub
3543 2297 3645 2337 eu-

1968 2358 2074 2429 jus
2107 2357 2351 2414 arbitrio
2375 2364 2432 2414 et
2462 2360 2826 2432 providentia
2849 2363 3032 2420 totius
3053 2364 3247 2436 operis
3270 2367 3492 2423 fabrica
3512 2385 3646 2426 eon-

1976 2446 2192 2512 stabat,
2221 2446 2281 2502 in
2313 2447 2495 2505 choro
2528 2450 2868 2507 monasterii
2900 2453 3212 2522 residente,
3246 2460 3305 2510 et
3352 2456 3643 2531 imagines

1976 2535 2198 2607 argenti
2210 2537 2389 2607 ,quod
2414 2539 2689 2611 epereulo
2707 2558 2896 2613 capsa:
2913 2544 3229 2615 superponi
3249 2544 3639 2619 disposuerat,

1976 2641 2107 2680 cera
2140 2624 2300 2680 molli
2324 2628 2646 2695 refovente,
2672 2631 3010 2701 supervenit
3038 2649 3101 2688 ex
3139 2632 3475 2706 improviso,
3497 2636 3638 2692 due-

1974 2716 2100 2768 tore
2130 2729 2310 2783 puero
2340 2716 2611 2786 parvulo,
2642 2717 2884 2789 quidam
2917 2736 3105 2777 caecus
3136 2721 3445 2794 postulans
3466 2739 3529 2779 se
3558 2722 3640 2778 in-

1975 2799 2222 2855 tromitti
2273 2799 2333 2855 in
2382 2809 2591 2876 crypta
2638 2806 2738 2861 ubi
2771 2807 3277 2865 sanctiSaviniani
3320 2801 3641 2884 repositum

1974 2892 2097 2945 erat
2127 2906 2361 2969 corpus,
2399 2893 2509 2957 Qui
2542 2894 2879 2952 sciscitatus
2910 2916 2944 2952 a
2974 2897 3266 2954 monacho
3297 2900 3433 2971 quis
3462 2905 3638 2968 esset,

1973 2981 2032 3033 et
2062 2978 2217 3033 unde
2241 2984 2417 3049 esset,
2446 2981 2540 3040 vel
2573 2983 2745 3054 cujus
2776 2984 2857 3039 rei
2890 2984 3078 3058 gratia
3117 2987 3467 3056 advenisset,
3500 3006 3639 3060 pro-

1975 3067 2168 3122 fessus
2199 3070 2289 3122 est
2320 3084 2383 3123 se
2414 3085 2548 3125 esse
2579 3071 2960 3140 rusticum,et
2987 3073 3046 3129 in
3070 3091 3220 3146 pago
3244 3075 3636 3143 Wastinense,

193 3134 726 3231 adnusuﬁfgcit‘mea
748 3134 1393 3239 ponderatio,.przebeat
1426 3134 1868 3228 Iidem-proprio
1900 3134 1942 3201 Ο
1978 3155 2038 3210 in
2068 3154 2209 3210 villa
2236 3172 2364 3227 quae
2400 3158 2695 3215 Fontanas
2727 3134 2965 3231 dicitur,
2990 3134 3205 3220 habere
3233 3134 3636 3221 habitaculum

192 3262 349 3320 oculo
364 3262 595 3318 iterata
618 3254 935 3330 propensio
953 3269 966 3307 :
985 3267 1102 3323 quo
1125 3250 1513 3320 ponderatore
1539 3243 1685 3299 nihil
1709 3242 1869 3298 aliud

197 3368 366 3424 quam
395 3348 566 3423 quod
588 3345 797 3419 regina
818 3340 1166 3416 pradixerat
1188 3337 1298 3393 fuit
1330 3332 1609 3431 invenire.
1634 3333 1872 3431 Regres-

199 3459 294 3497 sus
324 3440 531 3513 itaque
564 3432 897 3492 monachus
915 3429 1033 3486 voti
1054 3444 1296 3499 compos
1323 3426 1394 3482 ad
1422 3426 1867 3518 monasterium,

200 3510 512 3602 postquam
545 3523 707 3597 regis
738 3538 807 3577 ex
837 3522 1002 3592 parte
1045 3520 1103 3609 et
1151 3516 1363 3609 reginae
1406 3510 1777 3609 di‘xithabbati
1812 3511 1870 3564 et

200 3600 480 3674 fratribus
516 3630 649 3681 ave,
683 3608 929 3683 protulit
972 3604 1100 3662 auri
1150 3603 1290 3659 fulvi
1321 3604 1524 3658 saneto
1555 3600 1865 3655 Saviniano

200 3705 627 3762 transmissum
657 3716 879 3755 munus
910 3698 983 3752 de
1022 3692 1314 3750 eassilide.
1348 3693 1684 3763 Appensum
1731 3702 1867 3758 ergo

201 3794 389 3867 palam
422 3791 720 3850 omnibus
752 3805 854 3860 per
886 3798 1129 3841 manum
1179 3776 1502 3836 Franeolini
1550 3774 1768 3867 ostiarii
1811 3777 1869 3829 et

200 3865 526 3939 Itaimberti
558 3875 781 3936 cellarii
811 3873 986 3947 regis,
1006 3869 1230 3927 trutina
1257 3870 1547 3940 vergente,
1568 3865 1865 3919 inventum

203 3975 286 4028 est
314 3975 553 4045 septem
586 3964 862 4023 denarios
893 3961 1026 4035 plus
1055 3956 1477 4045 habenslinde
1508 3952 1867 4025 stupefactus

202 4043 504 4132 fraterlqui
536 4053 857 4120 detulerat,
890 4055 947 4106 et
970 4046 1159 4104 czeteri
1191 4043 1570 4109 admirantes,
1592 4056 1868 4132 cognove-

203 4154 335 4205 runt
365 4128 477 4222 pro
505 4149 673 4203 certo
706 4141 845 4215 quia
870 4139 972 4212 qui
1004 4134 1216 4193 sideris
1248 4132 1567 4227 mutatione
1597 4129 1655 4185 in
1675 4128 1866 4227 eundo

203 4215 485 4311 dignatus
518 4237 615 4290 est
645 4230 952 4288 ostendere
982 4223 1363 4311 miraculum,
1385 4226 1441 4311 et
1465 4219 1563 4311 qui
1596 4235 1666 4273 ex
1680 4215 1867 4311 nihilo

204 4304 332 4381 fecit
358 4330 565 4382 totum
592 4320 910 4385 mundum,
945 4316 1004 4372 in
1034 4312 1245 4371 saeculo
1295 4310 1428 4367 fidei
1476 4309 1549 4365 ob
1594 4304 1867 4362 meritum

202 4415 484 4490 martyris
507 4408 807 4469 concessit
835 4406 1151 4463 exuberare
1184 4394 1867 4490 fulvumsubusepti-for-

1979 3244 2051 3300 ad
2074 3244 2433 3300 manendum
2452 3250 2510 3302 et
2531 3248 2764 3321 proprio
2788 3251 3025 3307 nomine
3041 3253 3229 3309 vocari
3243 3252 3355 3309 Mai
3364 3255 3638 3326 nardum,

1979 3336 2038 3387 et
2053 3330 2424 3388 admonitum
2449 3340 2618 3391 nocte
2642 3338 2936 3409 praterita
2956 3339 3015 3395 in
3039 3341 3266 3397 somnis
3282 3346 3348 3397 ut
3362 3343 3432 3399 ad
3452 3345 3639 3399 sancti

1978 3418 2273 3476 Saviniani
2306 3424 2681 3491 praesentiam
2712 3427 2936 3483 veniret
2978 3432 3036 3483 et
3087 3429 3286 3486 lumen
3335 3430 3638 3488 oculorum

1976 3508 2056 3564 ibi
2093 3508 2395 3580 reciperet.
2430 3512 2569 3567 Erat
2598 3513 2756 3569 enim
2804 3515 3130 3574 triennium
3174 3536 3245 3575 ex
3274 3536 3390 3592 quo
3437 3520 3638 3576 lumen

1977 3597 2257 3652 amiserat
2277 3597 2606 3655 oculorum.
2624 3602 3009 3661 Intromissus
3031 3605 3229 3680 itaque
3251 3609 3320 3663 ad
3344 3611 3636 3677 sanctum,

1976 3685 2200 3742 diutius
2231 3686 2444 3755 oravit;
2479 3690 2581 3745 sed
2613 3690 2760 3747 nihil
2788 3691 3032 3750 luminis
3056 3695 3186 3768 ipsa
3214 3697 3308 3752 die
3342 3696 3639 3770 percipere

1977 3773 2209 3830 meruit.
2234 3774 2426 3833 Nimio
2457 3794 2590 3834 vero
2619 3780 2924 3837 suavitatis
2970 3784 3171 3852 odore,
3203 3788 3270 3841 ut
3316 3785 3441 3858 ipse
3470 3785 3635 3853 dixit,

1977 3862 2252 3936 repletus,
2273 3864 2345 3919 ad
2378 3866 2612 3937 propria
2642 3872 2732 3923 est
2763 3885 3047 3927 reversus.
3076 3873 3427 3930 Adveniente
3456 3873 3639 3946 igitur

1976 3948 2070 4005 die
2102 3947 2427 4017 Dominiea,
2452 3952 2618 4009 adest
2648 3972 2746 4010 rex
2776 3972 2909 4012 eum
2943 3958 3070 4015 suis
3099 3959 3391 4032 episcOpis
3420 3964 3476 4016 et
3499 3977 3635 4033 pro-

1976 4037 2226 4106 ceribus,
2262 4038 2577 4097 abbatibus
2608 4059 2846 4117 quoque
2875 4049 2932 4101 et
2979 4045 3229 4115 clericis,
3265 4064 3371 4103 nec
3423 4065 3539 4104 non
3579 4054 3637 4105 et

1976 4126 2191 4199 populo
2211 4125 2626 4185 innumerabili
2645 4133 2717 4188 ad
2740 4133 3236 4192 transvehendum
3255 4151 3469 4208 corpus
3485 4154 3636 4193 mar.

1975 4214 2142 4288 tyris.
2177 4217 2358 4280 Cuem
2383 4218 2716 4292 suscipiens
2747 4239 2866 4278 una
2896 4239 3031 4279 cum
3063 4224 3184 4280 filio
3215 4241 3322 4280 suo
3356 4224 3634 4283 Rotberto

1978 4303 2233 4377 propriis
2264 4305 2811 4381 scapulis,reposuit
2839 4327 2977 4366 cum
3011 4312 3288 4369 manibus
3310 4312 3435 4369 suis
3456 4313 3518 4369 in
3536 4313 3635 4371 illo

1979 4392 2107 4450 loco
2141 4391 2240 4447 ubi
2272 4393 2331 4448 in
2366 4397 2639 4466 prtesenti
2668 4402 2979 4455 veneratur
3008 4417 3044 4456 a
3071 4400 3346 4458 ﬁdelibus
3376 4402 3632 4475 populis.

204 4503 315 4561 mis
335 4481 601 4560 numero
633 4497 880 4572 spiritus
902 4492 1220 4552 aurum.Et
1244 4490 1343 4563 qui
1367 4489 1437 4545 ad
1461 4483 1871 4544 redimendum
1903 4496 1951 4561 Ι)
1982 4481 2222 4539 Peracto
2256 4481 2465 4540 deinde
2492 4484 2742 4542 solemni
2768 4487 2979 4558 officio,
3013 4492 3071 4545 et
3097 4506 3229 4563 rege
3258 4491 3636 4549 recumbente

204 4591 353 4651 filios
382 4587 801 4659 viduae,Elisei
833 4579 1329 4650 intercessu,feeit
1365 4589 1872 4672 superexereseere

206 4682 421 4751 oleum,
448 4677 657 4754 exigui
687 4675 815 4734 auri
849 4670 1267 4730 munusculum
1300 4666 1608 4761 devotio-ne
1631 4665 1785 4736 regis
1815 4665 1873 4761 et

206 4771 419 4846 reginae
454 4768 603 4827 fecit
632 4764 955 4823 maximum
985 4779 999 4818 :
1032 4767 1091 4819 et
1120 4762 1298 4831 caput
1325 4756 1540 4814 Christi
1571 4754 1746 4820 Deus,
1772 4754 1873 4823 qui

206 4877 305 4933 per
329 4859 696 4934 prephetam
744 4871 920 4912 suum
965 4851 1109 4908 dixit
1141 4867 1154 4906 :
1186 4850 1508 4942 Argentum
1558 4847 1871 4942 eti-aurum

209 4965 429 5020 meum,
468 4944 767 5022 quidquid
797 4940 1079 5000 membris
1109 4938 1253 5007 suis,
1268 4936 1325 4992 id
1348 4939 1446 5030 est
1467 4935 1695 5030 sanctis
1707 4945 1874 5030 .mar-

207 5040 462 5111 tyribus,
491 5020 751 5102 confert,
784 5031 1026 5091 alterius
1058 5046 1171 5085 non
1205 5030 1320 5120 est:
1348 5026 1554 5120 Postea
1589 5020 1748 5120 dedit
1774 5035 1875 5075 rex

209 5143 310 5201 per
338 5141 603 5183 manum
635 5121 927 5181 Odorauni
960 5116 1232 5177 monachi
1286 5113 1533 5209 Senonis
1580 5113 1716 5209 auri.
1758 5125 1873 5209 un«

211 5197 328 5274 eius
360 5234 471 5274 νιιι
503 5217 570 5272 et
598 5213 821 5288 argenti
854 5210 996 5267 meri
1032 5206 1251 5265 solidos
1293 5222 1384 5260 xv.
1408 5204 1471 5259 Id
1521 5197 1873 5296 perficiendo

212 5323 341 5363 vero
370 5321 585 5381 opere,
619 5320 688 5360 ne
741 5303 906 5359 ﬁeret
962 5298 1080 5373 regi
1134 5294 1294 5353 oneri
1344 5294 1618 5365 frequens
1678 5294 1872 5359 requi-

215 5396 347 5453 sitio
378 5394 517 5452 auri
555 5396 614 5448 et
641 5391 883 5466 argenti,
917 5388 1125 5446 additae
1168 5388 1308 5441 sunt
1356 5381 1748 5475 de__t_hesauro
1781 5391 1873 5475 eo:

214 5484 402 5541 élesie:
456 5480 728 5556 quinque
776 5479 959 5537 unciae
1003 5474 1152 5542 auri,
1185 5478 1242 5530 et
1271 5479 1390 5530 tres
1440 5470 1599 5527 libra:
1650 5467 1874 5539 argenti

220 5576 384 5630 meri.

1982 4571 2053 4628 ad
2105 4587 2371 4627 mensam
2419 4575 2843 4649 monachisque
2887 4577 3218 4647 edentibus,
3256 4579 3498 4637 sedebat
3554 4580 3633 4636 ibi

1980 4675 2132 4732 saepe
2162 4660 2354 4716 dictus
2385 4662 2710 4720 monachus
2741 4664 2843 4721 ubi
2871 4682 3006 4722 eum
3048 4667 3288 4740 perinde
3333 4668 3635 4725 sedentem

1980 4765 2160 4822 supra
2188 4749 2442 4823 scriptus
2473 4750 2772 4810 invenerat
2801 4771 3017 4824 caecus;
3050 4755 3151 4827 qui
3184 4759 3329 4811 nutu
3373 4756 3476 4812 Dei
3523 4757 3634 4812 du-

1982 4841 2146 4894 cente
2176 4854 2237 4894 se
2267 4856 2445 4911 puero
2468 4844 3058 4914 superveniens,dixit
3078 4862 3140 4901 se
3160 4845 3373 4901 iterum
3400 4844 3460 4900 in
3483 4862 3634 4902 som-

1983 4925 2076 4982 nis
2105 4925 2470 4984 admonitum
2508 4935 2570 4986 ut
2599 4932 2947 5004 quantocius
2968 4935 3260 5005 expeteret
3276 4932 3634 4990 sanctiSavi-

1983 5014 2142 5071 niani
2177 5015 2482 5085 auxilium,
2500 5022 2557 5075 et
2578 5021 2892 5093 projieiens
2921 5038 2984 5076 se
3015 5020 3315 5077 solotenus
3340 5025 3474 5078 ante
3494 5039 3637 5095 prae-

1984 5106 2231 5163 sentiam
2265 5108 2471 5177 sancti,
2504 5111 2635 5182 ejus
2665 5110 3125 5185 suffragantibus
3164 5110 3411 5180 meritis,
3442 5112 3636 5168 visum

1984 5195 2220 5267 recepit,
2250 5200 2306 5251 ct
2339 5200 2439 5268 qui
2465 5215 2533 5254 eo
2560 5216 2748 5271 usque
2777 5216 2810 5255 a
2842 5199 3081 5272 parvulo
3105 5198 3350 5272 puerulo
3382 5199 3634 5256 duceba-

1982 5287 2172 5350 tur,eo
2194 5284 2617 5358 ducente,puer
2647 5287 2718 5343 ad
2751 5289 2993 5344 domum
3018 5287 3343 5345 revertitur.
3368 5289 3489 5344 Rex
3503 5304 3637 5344 vero

1984 5389 2232 5445 surgens
2264 5391 2298 5429 a
2328 5390 2531 5429 mensa
2560 5375 2839 5433 orationis
2870 5393 3068 5445 causa,
3102 5382 3167 5432 ut
3198 5394 3325 5433 mos
3356 5375 3439 5432 illi
3490 5380 3634 5446 erat,

1985 5460 2147 5518 solus
2179 5462 2463 5518 remansit
2492 5463 2551 5519 in
2582 5464 2825 5522 ecclesia
2849 5485 2861 5523 :
2887 5466 2986 5539 qui
3012 5468 3153 5523 dum
3177 5463 3638 5536 oraret,contigit

1988 5555 2053 5605 ut
2083 5567 2233 5622 saepe
2259 5551 2451 5608 dictus
2480 5552 2657 5610 frater
2676 5554 2984 5613 ecclesiam
3028 5556 3309 5613 intraret:
3334 5564 3507 5627 quem
3541 5568 3636 5608 as-
