  <div class='ocr_page' id='page_1' title='image "/cluster/home/n/w/nwhite01/storage/ocr_20150623/142/hvd.32044054760020/406.png"; bbox 0 0 4036 6160; ppageno 0'>
   <div class='ocr_carea' id='block_1_1' title="bbox 273 266 397 329">
    <p class='ocr_par' dir='ltr' id='par_1_1' title="bbox 273 266 397 329">
     <span class='ocr_line' id='line_1_1' title="bbox 273 266 397 329; baseline 0 0"><span class='ocrx_word' id='word_1_1' title='bbox 273 266 397 329; x_wconf 75' lang='grc'>801.</span> 
     </span>
    </p>
   </div>
   <div class='ocr_carea' id='block_1_2' title="bbox 1784 270 2220 335">
    <p class='ocr_par' dir='ltr' id='par_1_2' title="bbox 1784 270 2220 335">
     <span class='ocr_line' id='line_1_2' title="bbox 1784 270 2220 335; baseline 0 -1"><span class='ocrx_word' id='word_1_2' title='bbox 1784 270 2220 335; x_wconf 76' lang='lat' dir='ltr'>OPUSCULA.</span> 
     </span>
    </p>
   </div>
   <div class='ocr_carea' id='block_1_3' title="bbox 749 428 3220 527">
    <p class='ocr_par' dir='ltr' id='par_1_3' title="bbox 749 428 3220 527">
     <span class='ocr_line' id='line_1_3' title="bbox 749 428 3220 527; baseline 0.004 -14"><span class='ocrx_word' id='word_1_3' title='bbox 749 428 1189 517; x_wconf 26' lang='lat' dir='ltr'>‘INCIPIUNT</span> <span class='ocrx_word' id='word_1_4' title='bbox 1236 456 1614 519; x_wconf 71' lang='lat' dir='ltr'><strong>CAI‘ITULA</strong></span> <span class='ocrx_word' id='word_1_5' title='bbox 1659 457 1807 518; x_wconf 75' lang='lat' dir='ltr'>SEU</span> <span class='ocrx_word' id='word_1_6' title='bbox 1852 436 2116 518; x_wconf 59' lang='lat' dir='ltr'>&#39;fI&#39;I‘UlI</span> <span class='ocrx_word' id='word_1_7' title='bbox 2167 461 2743 523; x_wconf 67' lang='lat' dir='ltr'>(JPUSCUIDIIUM</span> <span class='ocrx_word' id='word_1_8' title='bbox 2796 464 3220 527; x_wconf 69' lang='lat' dir='ltr'>(lDttIIANNI.</span> 
     </span>
    </p>
   </div>
   <div class='ocr_carea' id='block_1_4' title="bbox 270 612 2029 692">
    <p class='ocr_par' dir='ltr' id='par_1_4' title="bbox 270 612 2029 692">
     <span class='ocr_line' id='line_1_4' title="bbox 270 612 2029 692; baseline 0.003 -24"><span class='ocrx_word' id='word_1_9' title='bbox 270 616 415 669; x_wconf 74' lang='lat' dir='ltr'>CAP.</span> <span class='ocrx_word' id='word_1_10' title='bbox 452 612 495 669; x_wconf 92' lang='grc' dir='ltr'><strong>Ι.</strong></span> <span class='ocrx_word' id='word_1_11' title='bbox 531 612 729 688; x_wconf 88' lang='lat' dir='ltr'>Origo,</span> <span class='ocrx_word' id='word_1_12' title='bbox 761 618 950 682; x_wconf 89' lang='lat' dir='ltr'>actus,</span> <span class='ocrx_word' id='word_1_13' title='bbox 983 619 1040 670; x_wconf 90' lang='lat' dir='ltr'>et</span> <span class='ocrx_word' id='word_1_14' title='bbox 1068 614 1207 671; x_wconf 83' lang='lat' dir='ltr'>ﬁnis</span> <span class='ocrx_word' id='word_1_15' title='bbox 1236 616 1464 671; x_wconf 67' lang='lat' dir='ltr'>domnae</span> <span class='ocrx_word' id='word_1_16' title='bbox 1493 615 1949 673; x_wconf 82' lang='lat' dir='ltr'>Theudechiidis</span> <span class='ocrx_word' id='word_1_17' title='bbox 1976 627 2029 692; x_wconf 74' lang='grc' dir='ltr'><strong>Α</strong></span> 
     </span>
    </p>
   </div>
   <div class='ocr_carea' id='block_1_5' title="bbox 385 699 1945 776">
    <p class='ocr_par' dir='ltr' id='par_1_5' title="bbox 385 699 1945 776">
     <span class='ocr_line' id='line_1_5' title="bbox 385 699 1945 776; baseline 0.001 -17"><span class='ocrx_word' id='word_1_18' title='bbox 385 703 628 776; x_wconf 63' lang='lat' dir='ltr'>reginae,</span> <span class='ocrx_word' id='word_1_19' title='bbox 662 707 723 760; x_wconf 88' lang='lat' dir='ltr'>et.</span> <span class='ocrx_word' id='word_1_20' title='bbox 753 703 1114 759; x_wconf 79' lang='lat' dir='ltr'>constructio</span> <span class='ocrx_word' id='word_1_21' title='bbox 1155 704 1497 760; x_wconf 79' lang='lat' dir='ltr'>monasterii</span> <span class='ocrx_word' id='word_1_22' title='bbox 1547 699 1739 760; x_wconf 80' lang='lat' dir='ltr'>sancti</span> <span class='ocrx_word' id='word_1_23' title='bbox 1771 705 1945 761; x_wconf 90' lang='lat' dir='ltr'>Petri.</span> 
     </span>
    </p>
   </div>
   <div class='ocr_carea' id='block_1_6' title="bbox 269 792 1945 869">
    <p class='ocr_par' dir='ltr' id='par_1_6' title="bbox 269 792 1945 869">
     <span class='ocr_line' id='line_1_6' title="bbox 269 792 1945 869; baseline 0.001 -22"><span class='ocrx_word' id='word_1_24' title='bbox 269 793 350 848; x_wconf 84' lang='lat' dir='ltr'>II.</span> <span class='ocrx_word' id='word_1_25' title='bbox 394 793 837 849; x_wconf 78' lang='lat' dir='ltr'>Demonstratio</span> <span class='ocrx_word' id='word_1_26' title='bbox 852 808 1154 864; x_wconf 68' lang='lat' dir='ltr'>perennes</span> <span class='ocrx_word' id='word_1_27' title='bbox 1170 792 1420 862; x_wconf 84' lang='lat' dir='ltr'>Domini,</span> <span class='ocrx_word' id='word_1_28' title='bbox 1435 794 1654 867; x_wconf 77' lang='lat' dir='ltr'>quibus</span> <span class='ocrx_word' id='word_1_29' title='bbox 1669 794 1945 869; x_wconf 76' lang='lat' dir='ltr'>tempori-</span> 
     </span>
    </p>
   </div>
   <div class='ocr_carea' id='block_1_7' title="bbox 378 880 1946 954">
    <p class='ocr_par' dir='ltr' id='par_1_7' title="bbox 378 880 1946 954">
     <span class='ocr_line' id='line_1_7' title="bbox 378 880 1946 954; baseline 0.001 -17"><span class='ocrx_word' id='word_1_30' title='bbox 378 882 504 938; x_wconf 81' lang='lat' dir='ltr'>bus</span> <span class='ocrx_word' id='word_1_31' title='bbox 535 880 624 937; x_wconf 91' lang='lat' dir='ltr'>vel</span> <span class='ocrx_word' id='word_1_32' title='bbox 657 898 693 936; x_wconf 89' lang='lat' dir='ltr'>a</span> <span class='ocrx_word' id='word_1_33' title='bbox 723 880 942 953; x_wconf 86' lang='lat' dir='ltr'>quibus</span> <span class='ocrx_word' id='word_1_34' title='bbox 988 882 1257 954; x_wconf 75' lang='lat' dir='ltr'>personis</span> <span class='ocrx_word' id='word_1_35' title='bbox 1289 882 1714 939; x_wconf 81' lang='lat' dir='ltr'>monasterium</span> <span class='ocrx_word' id='word_1_36' title='bbox 1759 884 1946 940; x_wconf 88' lang='lat' dir='ltr'>sancti</span> 
     </span>
    </p>
   </div>
   <div class='ocr_carea' id='block_1_8' title="bbox 384 967 1948 1045">
    <p class='ocr_par' dir='ltr' id='par_1_8' title="bbox 384 967 1948 1045">
     <span class='ocr_line' id='line_1_8' title="bbox 384 967 1948 1045; baseline 0.001 -17"><span class='ocrx_word' id='word_1_37' title='bbox 384 969 546 1028; x_wconf 83' lang='lat' dir='ltr'>Petri</span> <span class='ocrx_word' id='word_1_38' title='bbox 576 968 888 1043; x_wconf 66' lang='lat' dir='ltr'>prmeptis</span> <span class='ocrx_word' id='word_1_39' title='bbox 922 967 1241 1043; x_wconf 83' lang='lat' dir='ltr'>regalibus,</span> <span class='ocrx_word' id='word_1_40' title='bbox 1264 988 1369 1028; x_wconf 89' lang='lat' dir='ltr'>seu</span> <span class='ocrx_word' id='word_1_41' title='bbox 1384 970 1707 1045; x_wconf 79' lang='lat' dir='ltr'>privilegiis</span> <span class='ocrx_word' id='word_1_42' title='bbox 1729 972 1948 1045; x_wconf 88' lang='lat' dir='ltr'>episco-</span> 
     </span>
    </p>
   </div>
   <div class='ocr_carea' id='block_1_9' title="bbox 386 1057 1948 1132">
    <p class='ocr_par' dir='ltr' id='par_1_9' title="bbox 386 1057 1948 1132">
     <span class='ocr_line' id='line_1_9' title="bbox 386 1057 1948 1132; baseline 0.002 -17"><span class='ocrx_word' id='word_1_43' title='bbox 386 1057 653 1132; x_wconf 91' lang='lat' dir='ltr'>palibus,</span> <span class='ocrx_word' id='word_1_44' title='bbox 686 1075 795 1115; x_wconf 91' lang='lat' dir='ltr'>nec</span> <span class='ocrx_word' id='word_1_45' title='bbox 826 1075 942 1114; x_wconf 92' lang='lat' dir='ltr'>non</span> <span class='ocrx_word' id='word_1_46' title='bbox 965 1058 1677 1130; x_wconf 76' lang='lat' dir='ltr'>pignoribussanctorum</span> <span class='ocrx_word' id='word_1_47' title='bbox 1707 1061 1948 1119; x_wconf 72' lang='lat' dir='ltr'>dotatus</span> 
     </span>
    </p>
   </div>
   <div class='ocr_carea' id='block_1_10' title="bbox 385 1146 1948 1223">
    <p class='ocr_par' dir='ltr' id='par_1_10' title="bbox 385 1146 1948 1223">
     <span class='ocr_line' id='line_1_10' title="bbox 385 1146 1948 1223; baseline -0.001 -17"><span class='ocrx_word' id='word_1_48' title='bbox 385 1148 498 1217; x_wconf 78' lang='lat' dir='ltr'>sit;</span> <span class='ocrx_word' id='word_1_49' title='bbox 534 1152 593 1205; x_wconf 88' lang='lat' dir='ltr'>et</span> <span class='ocrx_word' id='word_1_50' title='bbox 620 1147 779 1220; x_wconf 87' lang='lat' dir='ltr'>quod</span> <span class='ocrx_word' id='word_1_51' title='bbox 803 1146 1115 1220; x_wconf 85' lang='lat' dir='ltr'>episcopus</span> <span class='ocrx_word' id='word_1_52' title='bbox 1134 1148 1454 1207; x_wconf 86' lang='lat' dir='ltr'>Sennensis</span> <span class='ocrx_word' id='word_1_53' title='bbox 1470 1149 1796 1223; x_wconf 74' lang='lat' dir='ltr'>primatum</span> <span class='ocrx_word' id='word_1_54' title='bbox 1811 1149 1948 1207; x_wconf 87' lang='lat' dir='ltr'>Gal-</span> 
     </span>
    </p>
   </div>
   <div class='ocr_carea' id='block_1_11' title="bbox 382 1236 1946 1313">
    <p class='ocr_par' dir='ltr' id='par_1_11' title="bbox 382 1236 1946 1313">
     <span class='ocr_line' id='line_1_11' title="bbox 382 1236 1946 1313; baseline 0.002 -20"><span class='ocrx_word' id='word_1_55' title='bbox 382 1236 482 1293; x_wconf 66' lang='lat' dir='ltr'>lia:</span> <span class='ocrx_word' id='word_1_56' title='bbox 514 1240 574 1293; x_wconf 92' lang='lat' dir='ltr'>et</span> <span class='ocrx_word' id='word_1_57' title='bbox 601 1236 925 1293; x_wconf 54' lang='lat' dir='ltr'>Germaniae</span> <span class='ocrx_word' id='word_1_58' title='bbox 939 1236 1171 1306; x_wconf 86' lang='lat' dir='ltr'>habeat,</span> <span class='ocrx_word' id='word_1_59' title='bbox 1184 1239 1550 1295; x_wconf 84' lang='lat' dir='ltr'>etsecundus</span> <span class='ocrx_word' id='word_1_60' title='bbox 1573 1256 1723 1313; x_wconf 85' lang='lat' dir='ltr'>papa</span> <span class='ocrx_word' id='word_1_61' title='bbox 1744 1239 1946 1313; x_wconf 85' lang='lat' dir='ltr'>appel-</span> 
     </span>
    </p>
   </div>
   <div class='ocr_carea' id='block_1_12' title="bbox 384 1325 1943 1394">
    <p class='ocr_par' dir='ltr' id='par_1_12' title="bbox 384 1325 1943 1394">
     <span class='ocr_line' id='line_1_12' title="bbox 384 1325 1943 1394; baseline 0.003 -12"><span class='ocrx_word' id='word_1_62' title='bbox 384 1325 583 1394; x_wconf 86' lang='lat' dir='ltr'>letur;</span> <span class='ocrx_word' id='word_1_63' title='bbox 606 1329 665 1382; x_wconf 88' lang='lat' dir='ltr'>et</span> <span class='ocrx_word' id='word_1_64' title='bbox 687 1326 945 1383; x_wconf 76' lang='lat' dir='ltr'>ostensio</span> <span class='ocrx_word' id='word_1_65' title='bbox 960 1325 1379 1384; x_wconf 82' lang='lat' dir='ltr'>miraculorum</span> <span class='ocrx_word' id='word_1_66' title='bbox 1407 1329 1595 1384; x_wconf 83' lang='lat' dir='ltr'>sancti</span> <span class='ocrx_word' id='word_1_67' title='bbox 1627 1329 1943 1387; x_wconf 82' lang='lat' dir='ltr'>Saviniani.</span> 
     </span>
    </p>
   </div>
   <div class='ocr_carea' id='block_1_13' title="bbox 263 1414 1946 1491">
    <p class='ocr_par' dir='ltr' id='par_1_13' title="bbox 263 1414 1946 1491">
     <span class='ocr_line' id='line_1_13' title="bbox 263 1414 1946 1491; baseline 0.001 -20"><span class='ocrx_word' id='word_1_68' title='bbox 263 1416 368 1472; x_wconf 94' lang='lat' dir='ltr'><strong>III.</strong></span> <span class='ocrx_word' id='word_1_69' title='bbox 405 1416 498 1471; x_wconf 83' lang='lat' dir='ltr'>Ad</span> <span class='ocrx_word' id='word_1_70' title='bbox 523 1414 889 1471; x_wconf 86' lang='lat' dir='ltr'>Willelmum</span> <span class='ocrx_word' id='word_1_71' title='bbox 904 1415 1175 1471; x_wconf 84' lang='lat' dir='ltr'>abbatem</span> <span class='ocrx_word' id='word_1_72' title='bbox 1189 1417 1302 1471; x_wconf 90' lang='lat' dir='ltr'>sub</span> <span class='ocrx_word' id='word_1_73' title='bbox 1312 1417 1946 1491; x_wconf 78' lang='lat' dir='ltr'>charitatisiaudegra-</span> 
     </span>
    </p>
   </div>
   <div class='ocr_carea' id='block_1_14' title="bbox 381 1503 1944 1576">
    <p class='ocr_par' dir='ltr' id='par_1_14' title="bbox 381 1503 1944 1576">
     <span class='ocr_line' id='line_1_14' title="bbox 381 1503 1944 1576; baseline 0.003 -17"><span class='ocrx_word' id='word_1_74' title='bbox 381 1503 611 1560; x_wconf 88' lang='lat' dir='ltr'>tiarum</span> <span class='ocrx_word' id='word_1_75' title='bbox 636 1503 809 1561; x_wconf 85' lang='lat' dir='ltr'>actio.</span> <span class='ocrx_word' id='word_1_76' title='bbox 842 1505 914 1561; x_wconf 86' lang='lat' dir='ltr'>Et</span> <span class='ocrx_word' id='word_1_77' title='bbox 943 1504 1016 1559; x_wconf 92' lang='lat' dir='ltr'>de</span> <span class='ocrx_word' id='word_1_78' title='bbox 1044 1505 1491 1562; x_wconf 89' lang='lat' dir='ltr'>accusatoribus</span> <span class='ocrx_word' id='word_1_79' title='bbox 1521 1510 1579 1562; x_wconf 89' lang='lat' dir='ltr'>et</span> <span class='ocrx_word' id='word_1_80' title='bbox 1629 1507 1944 1576; x_wconf 71' lang='lat' dir='ltr'>accusatis,</span> 
     </span>
    </p>
   </div>
   <div class='ocr_carea' id='block_1_15' title="bbox 383 1592 1949 1670">
    <p class='ocr_par' dir='ltr' id='par_1_15' title="bbox 383 1592 1949 1670">
     <span class='ocr_line' id='line_1_15' title="bbox 383 1592 1949 1670; baseline 0.002 -21"><span class='ocrx_word' id='word_1_81' title='bbox 383 1610 496 1649; x_wconf 89' lang='lat' dir='ltr'>seu</span> <span class='ocrx_word' id='word_1_82' title='bbox 531 1593 604 1649; x_wconf 91' lang='lat' dir='ltr'>de</span> <span class='ocrx_word' id='word_1_83' title='bbox 636 1592 801 1649; x_wconf 86' lang='lat' dir='ltr'>falsis</span> <span class='ocrx_word' id='word_1_84' title='bbox 831 1594 1104 1649; x_wconf 85' lang='lat' dir='ltr'>testibus.</span> <span class='ocrx_word' id='word_1_85' title='bbox 1138 1593 1217 1649; x_wconf 93' lang='lat' dir='ltr'>De</span> <span class='ocrx_word' id='word_1_86' title='bbox 1248 1594 1789 1667; x_wconf 88' lang='lat' dir='ltr'>conspirationibus</span> <span class='ocrx_word' id='word_1_87' title='bbox 1810 1613 1949 1670; x_wconf 88' lang='lat' dir='ltr'><strong>quo-</strong></span> 
     </span>
    </p>
   </div>
   <div class='ocr_carea' id='block_1_16' title="bbox 380 1670 1947 1758">
    <p class='ocr_par' dir='ltr' id='par_1_16' title="bbox 380 1670 1947 1758">
     <span class='ocr_line' id='line_1_16' title="bbox 380 1670 1947 1758; baseline 0.003 -20"><span class='ocrx_word' id='word_1_88' title='bbox 380 1699 503 1756; x_wconf 89' lang='lat' dir='ltr'>que</span> <span class='ocrx_word' id='word_1_89' title='bbox 536 1682 622 1738; x_wconf 86' lang='lat' dir='ltr'>vel</span> <span class='ocrx_word' id='word_1_90' title='bbox 644 1682 1128 1754; x_wconf 87' lang='lat' dir='ltr'>inscriptionibus</span> <span class='ocrx_word' id='word_1_91' title='bbox 1155 1670 1511 1739; x_wconf 75' lang='lat' dir='ltr'>adtitulatio.</span> <span class='ocrx_word' id='word_1_92' title='bbox 1540 1684 1694 1740; x_wconf 87' lang='lat' dir='ltr'>Etde</span> <span class='ocrx_word' id='word_1_93' title='bbox 1716 1701 1947 1758; x_wconf 88' lang='lat' dir='ltr'>repara-</span> 
     </span>
    </p>
   </div>
   <div class='ocr_carea' id='block_1_17' title="bbox 382 1771 1792 1844">
    <p class='ocr_par' dir='ltr' id='par_1_17' title="bbox 382 1771 1792 1844">
     <span class='ocr_line' id='line_1_17' title="bbox 382 1771 1792 1844; baseline 0.001 -16"><span class='ocrx_word' id='word_1_94' title='bbox 382 1772 551 1828; x_wconf 84' lang='lat' dir='ltr'>tione</span> <span class='ocrx_word' id='word_1_95' title='bbox 580 1771 903 1827; x_wconf 78' lang='lat' dir='ltr'>sacerdotis</span> <span class='ocrx_word' id='word_1_96' title='bbox 935 1771 1155 1844; x_wconf 89' lang='lat' dir='ltr'>scripta</span> <span class='ocrx_word' id='word_1_97' title='bbox 1181 1772 1441 1843; x_wconf 82' lang='lat' dir='ltr'>Gregorii</span> <span class='ocrx_word' id='word_1_98' title='bbox 1473 1777 1530 1828; x_wconf 92' lang='lat' dir='ltr'>et</span> <span class='ocrx_word' id='word_1_99' title='bbox 1562 1773 1792 1830; x_wconf 87' lang='lat' dir='ltr'>Isidori.</span> 
     </span>
    </p>
   </div>
   <div class='ocr_carea' id='block_1_18' title="bbox 258 1858 1946 1936">
    <p class='ocr_par' dir='ltr' id='par_1_18' title="bbox 258 1858 1946 1936">
     <span class='ocr_line' id='line_1_18' title="bbox 258 1858 1946 1936; baseline 0.002 -20"><span class='ocrx_word' id='word_1_100' title='bbox 258 1858 364 1916; x_wconf 85' lang='lat' dir='ltr'><strong>IV.</strong></span> <span class='ocrx_word' id='word_1_101' title='bbox 401 1861 492 1916; x_wconf 81' lang='lat' dir='ltr'>Ad</span> <span class='ocrx_word' id='word_1_102' title='bbox 546 1858 870 1917; x_wconf 84' lang='lat' dir='ltr'>Eurardum</span> <span class='ocrx_word' id='word_1_103' title='bbox 909 1860 1265 1917; x_wconf 88' lang='lat' dir='ltr'>monachum</span> <span class='ocrx_word' id='word_1_104' title='bbox 1314 1861 1385 1917; x_wconf 92' lang='lat' dir='ltr'>de</span> <span class='ocrx_word' id='word_1_105' title='bbox 1412 1861 1608 1918; x_wconf 88' lang='lat' dir='ltr'>tribus</span> <span class='ocrx_word' id='word_1_106' title='bbox 1671 1862 1946 1936; x_wconf 75' lang='lat' dir='ltr'>quaestio-</span> 
     </span>
    </p>
   </div>
   <div class='ocr_carea' id='block_1_19' title="bbox 384 1950 592 2006">
    <p class='ocr_par' dir='ltr' id='par_1_19' title="bbox 384 1950 592 2006">
     <span class='ocr_line' id='line_1_19' title="bbox 384 1950 592 2006; baseline 0.005 -1"><span class='ocrx_word' id='word_1_107' title='bbox 384 1950 592 2006; x_wconf 90' lang='lat' dir='ltr'>nibus.</span> 
     </span>
    </p>
   </div>
   <div class='ocr_carea' id='block_1_20' title="bbox 272 2038 1825 2105">
    <p class='ocr_par' dir='ltr' id='par_1_20' title="bbox 272 2038 1825 2105">
     <span class='ocr_line' id='line_1_20' title="bbox 272 2038 1825 2105; baseline 0.001 -14"><span class='ocrx_word' id='word_1_108' title='bbox 272 2041 345 2093; x_wconf 70' lang='grc' dir='ltr'><strong>ν.</strong></span> <span class='ocrx_word' id='word_1_109' title='bbox 385 2039 474 2094; x_wconf 85' lang='lat' dir='ltr'>Ad</span> <span class='ocrx_word' id='word_1_110' title='bbox 509 2039 851 2095; x_wconf 84' lang='lat' dir='ltr'>Rotbcrtum</span> <span class='ocrx_word' id='word_1_111' title='bbox 884 2038 1241 2095; x_wconf 87' lang='lat' dir='ltr'>monachum</span> <span class='ocrx_word' id='word_1_112' title='bbox 1273 2038 1343 2095; x_wconf 86' lang='lat' dir='ltr'>de</span> <span class='ocrx_word' id='word_1_113' title='bbox 1373 2039 1532 2095; x_wconf 90' lang='lat' dir='ltr'>tonis</span> <span class='ocrx_word' id='word_1_114' title='bbox 1565 2041 1825 2105; x_wconf 69' lang='lat' dir='ltr'>musicae,</span> 
     </span>
    </p>
   </div>
   <div class='ocr_carea' id='block_1_21' title="bbox 280 2126 1943 2185">
    <p class='ocr_par' dir='ltr' id='par_1_21' title="bbox 280 2126 1943 2185">
     <span class='ocr_line' id='line_1_21' title="bbox 280 2126 1943 2185; baseline 0.002 -4"><span class='ocrx_word' id='word_1_115' title='bbox 280 2126 381 2183; x_wconf 82' lang='lat' dir='ltr'>VI.</span> <span class='ocrx_word' id='word_1_116' title='bbox 407 2133 484 2183; x_wconf 89' lang='lat' dir='ltr'>De</span> <span class='ocrx_word' id='word_1_117' title='bbox 515 2127 799 2184; x_wconf 81' lang='lat' dir='ltr'>divisione</span> <span class='ocrx_word' id='word_1_118' title='bbox 832 2127 1212 2183; x_wconf 88' lang='lat' dir='ltr'>monochordi</span> <span class='ocrx_word' id='word_1_119' title='bbox 1260 2128 1332 2183; x_wconf 88' lang='lat' dir='ltr'>ad</span> <span class='ocrx_word' id='word_1_120' title='bbox 1384 2129 1708 2185; x_wconf 83' lang='lat' dir='ltr'>monachos</span> <span class='ocrx_word' id='word_1_121' title='bbox 1753 2130 1943 2185; x_wconf 84' lang='lat' dir='ltr'>sancti</span> 
     </span>
    </p>
   </div>
   <div class='ocr_carea' id='block_1_22' title="bbox 395 2216 1942 2290">
    <p class='ocr_par' dir='ltr' id='par_1_22' title="bbox 395 2216 1942 2290">
     <span class='ocr_line' id='line_1_22' title="bbox 395 2216 1942 2290; baseline -0.001 -15"><span class='ocrx_word' id='word_1_122' title='bbox 395 2216 669 2275; x_wconf 78' lang='lat' dir='ltr'><strong>Germani</strong></span> <span class='ocrx_word' id='word_1_123' title='bbox 707 2216 1259 2287; x_wconf 83' lang='lat' dir='ltr'>Antissiodorensis,</span> <span class='ocrx_word' id='word_1_124' title='bbox 1307 2218 1408 2290; x_wconf 88' lang='lat' dir='ltr'>qui</span> <span class='ocrx_word' id='word_1_125' title='bbox 1458 2219 1614 2290; x_wconf 88' lang='lat' dir='ltr'>apud</span> <span class='ocrx_word' id='word_1_126' title='bbox 1671 2224 1942 2275; x_wconf 88' lang='lat' dir='ltr'>sanctum</span> 
     </span>
    </p>
   </div>
   <div class='ocr_carea' id='block_1_23' title="bbox 400 2306 1252 2380">
    <p class='ocr_par' dir='ltr' id='par_1_23' title="bbox 400 2306 1252 2380">
     <span class='ocr_line' id='line_1_23' title="bbox 400 2306 1252 2380; baseline -0.001 -18"><span class='ocrx_word' id='word_1_127' title='bbox 400 2306 815 2380; x_wconf 76' lang='lat' dir='ltr'>Leodegarium</span> <span class='ocrx_word' id='word_1_128' title='bbox 850 2307 1252 2362; x_wconf 78' lang='lat' dir='ltr'>morabantur.</span> 
     </span>
    </p>
   </div>
   <div class='ocr_carea' id='block_1_24' title="bbox 297 2394 1944 2468">
    <p class='ocr_par' dir='ltr' id='par_1_24' title="bbox 297 2394 1944 2468">
     <span class='ocr_line' id='line_1_24' title="bbox 297 2394 1944 2468; baseline 0.002 -20"><span class='ocrx_word' id='word_1_129' title='bbox 297 2394 411 2450; x_wconf 85' lang='lat' dir='ltr'>VII.</span> <span class='ocrx_word' id='word_1_130' title='bbox 452 2396 534 2451; x_wconf 81' lang='lat' dir='ltr'>Ad</span> <span class='ocrx_word' id='word_1_131' title='bbox 582 2396 989 2451; x_wconf 88' lang='lat' dir='ltr'>Arembertum</span> <span class='ocrx_word' id='word_1_132' title='bbox 1046 2394 1397 2450; x_wconf 91' lang='lat' dir='ltr'>monachum</span> <span class='ocrx_word' id='word_1_133' title='bbox 1449 2396 1521 2451; x_wconf 89' lang='lat' dir='ltr'>de</span> <span class='ocrx_word' id='word_1_134' title='bbox 1572 2397 1944 2468; x_wconf 90' lang='lat' dir='ltr'>rcsponsorio</span> 
     </span>
    </p>
   </div>
   <div class='ocr_carea' id='block_1_25' title="bbox 403 2483 1947 2556">
    <p class='ocr_par' dir='ltr' id='par_1_25' title="bbox 403 2483 1947 2556">
     <span class='ocr_line' id='line_1_25' title="bbox 403 2483 1947 2556; baseline 0.002 -18"><span class='ocrx_word' id='word_1_135' title='bbox 403 2486 697 2555; x_wconf 68' lang='lat' dir='ltr'>.npicicns</span> <span class='ocrx_word' id='word_1_136' title='bbox 726 2503 765 2542; x_wconf 88' lang='lat' dir='ltr'>a</span> <span class='ocrx_word' id='word_1_137' title='bbox 798 2487 982 2556; x_wconf 73' lang='lat' dir='ltr'>longe,</span> <span class='ocrx_word' id='word_1_138' title='bbox 1016 2488 1217 2539; x_wconf 90' lang='lat' dir='ltr'>contra</span> <span class='ocrx_word' id='word_1_139' title='bbox 1245 2483 1607 2540; x_wconf 84' lang='lat' dir='ltr'>Amalarium</span> <span class='ocrx_word' id='word_1_140' title='bbox 1638 2490 1696 2541; x_wconf 93' lang='lat' dir='ltr'>et</span> <span class='ocrx_word' id='word_1_141' title='bbox 1716 2487 1947 2541; x_wconf 90' lang='lat' dir='ltr'>drama-</span> 
     </span>
    </p>
   </div>
   <div class='ocr_carea' id='block_1_26' title="bbox 1976 2003 2024 2069">
    <p class='ocr_par' dir='ltr' id='par_1_26' title="bbox 1976 2003 2024 2069">
     <span class='ocr_line' id='line_1_26' title="bbox 1976 2003 2024 2069; baseline 0 0"><span class='ocrx_word' id='word_1_142' title='bbox 1976 2003 2024 2069; x_wconf 91' lang='lat' dir='ltr'><strong>B</strong></span> 
     </span>
    </p>
   </div>
   <div class='ocr_carea' id='block_1_27' title="bbox 2168 618 3717 699">
    <p class='ocr_par' dir='ltr' id='par_1_27' title="bbox 2168 618 3717 699">
     <span class='ocr_line' id='line_1_27' title="bbox 2168 618 3717 699; baseline 0.005 -26"><span class='ocrx_word' id='word_1_143' title='bbox 2168 619 2250 675; x_wconf 84' lang='lat' dir='ltr'>tis</span> <span class='ocrx_word' id='word_1_144' title='bbox 2280 618 2586 686; x_wconf 82' lang='lat' dir='ltr'>resolutio,</span> <span class='ocrx_word' id='word_1_145' title='bbox 2622 622 2985 694; x_wconf 73' lang='lat' dir='ltr'>mysticaquc</span> <span class='ocrx_word' id='word_1_146' title='bbox 3014 624 3399 680; x_wconf 79' lang='lat' dir='ltr'>Sunamitidis</span> <span class='ocrx_word' id='word_1_147' title='bbox 3426 624 3717 699; x_wconf 72' lang='lat' dir='ltr'>interpre-</span> 
     </span>
    </p>
   </div>
   <div class='ocr_carea' id='block_1_28' title="bbox 2166 707 2336 764">
    <p class='ocr_par' dir='ltr' id='par_1_28' title="bbox 2166 707 2336 764">
     <span class='ocr_line' id='line_1_28' title="bbox 2166 707 2336 764; baseline 0 -1"><span class='ocrx_word' id='word_1_148' title='bbox 2166 707 2314 764; x_wconf 84' lang='lat' dir='ltr'>tatio</span> <span class='ocrx_word' id='word_1_149' title='bbox 2325 750 2336 763; x_wconf 94' lang='lat'><strong>.</strong></span> 
     </span>
    </p>
   </div>
   <div class='ocr_carea' id='block_1_29' title="bbox 2055 796 3491 871">
    <p class='ocr_par' dir='ltr' id='par_1_29' title="bbox 2055 796 3491 871">
     <span class='ocr_line' id='line_1_29' title="bbox 2055 796 3491 871; baseline 0.005 -20"><span class='ocrx_word' id='word_1_150' title='bbox 2055 796 2206 853; x_wconf 83' lang='lat' dir='ltr'><strong>VIII.</strong></span> <span class='ocrx_word' id='word_1_151' title='bbox 2246 797 2460 854; x_wconf 87' lang='lat' dir='ltr'>Electio</span> <span class='ocrx_word' id='word_1_152' title='bbox 2491 798 2845 871; x_wconf 82' lang='lat' dir='ltr'>episcopalis</span> <span class='ocrx_word' id='word_1_153' title='bbox 2876 800 2948 856; x_wconf 89' lang='lat' dir='ltr'>ab</span> <span class='ocrx_word' id='word_1_154' title='bbox 2977 800 3284 858; x_wconf 86' lang='lat' dir='ltr'>Odoranne</span> <span class='ocrx_word' id='word_1_155' title='bbox 3315 803 3491 859; x_wconf 84' lang='lat' dir='ltr'>edita.</span> 
     </span>
    </p>
   </div>
   <div class='ocr_carea' id='block_1_30' title="bbox 2054 884 3721 965">
    <p class='ocr_par' dir='ltr' id='par_1_30' title="bbox 2054 884 3721 965">
     <span class='ocr_line' id='line_1_30' title="bbox 2054 884 3721 965; baseline 0.005 -23"><span class='ocrx_word' id='word_1_156' title='bbox 2054 884 2147 941; x_wconf 82' lang='lat' dir='ltr'>IX.</span> <span class='ocrx_word' id='word_1_157' title='bbox 2179 887 2385 943; x_wconf 88' lang='lat' dir='ltr'>Sermo</span> <span class='ocrx_word' id='word_1_158' title='bbox 2416 887 2683 959; x_wconf 85' lang='lat' dir='ltr'>ejusdem</span> <span class='ocrx_word' id='word_1_159' title='bbox 2705 888 2766 943; x_wconf 90' lang='lat' dir='ltr'>in</span> <span class='ocrx_word' id='word_1_160' title='bbox 2789 890 3089 946; x_wconf 89' lang='lat' dir='ltr'>ordatione</span> <span class='ocrx_word' id='word_1_161' title='bbox 3110 891 3369 964; x_wconf 85' lang='lat' dir='ltr'>episcopi</span> <span class='ocrx_word' id='word_1_162' title='bbox 3399 891 3721 965; x_wconf 83' lang='lat' dir='ltr'>vulgariter</span> 
     </span>
    </p>
   </div>
   <div class='ocr_carea' id='block_1_31' title="bbox 2162 976 2663 1048">
    <p class='ocr_par' dir='ltr' id='par_1_31' title="bbox 2162 976 2663 1048">
     <span class='ocr_line' id='line_1_31' title="bbox 2162 976 2663 1048; baseline 0.002 -17"><span class='ocrx_word' id='word_1_163' title='bbox 2162 976 2663 1048; x_wconf 88' lang='lat' dir='ltr'>pronuntiandus.</span> 
     </span>
    </p>
   </div>
   <div class='ocr_carea' id='block_1_32' title="bbox 2054 1062 3721 1138">
    <p class='ocr_par' dir='ltr' id='par_1_32' title="bbox 2054 1062 3721 1138">
     <span class='ocr_line' id='line_1_32' title="bbox 2054 1062 3721 1138; baseline 0.005 -19"><span class='ocrx_word' id='word_1_164' title='bbox 2054 1062 2120 1119; x_wconf 88' lang='lat' dir='ltr'><strong>X.</strong></span> <span class='ocrx_word' id='word_1_165' title='bbox 2162 1063 2245 1120; x_wconf 92' lang='lat' dir='ltr'>De</span> <span class='ocrx_word' id='word_1_166' title='bbox 2291 1064 2534 1138; x_wconf 83' lang='lat' dir='ltr'>injuriis</span> <span class='ocrx_word' id='word_1_167' title='bbox 2583 1068 2952 1126; x_wconf 79' lang='lat' dir='ltr'>sacerdotum</span> <span class='ocrx_word' id='word_1_168' title='bbox 2998 1073 3059 1126; x_wconf 90' lang='lat' dir='ltr'>et</span> <span class='ocrx_word' id='word_1_169' title='bbox 3112 1070 3721 1129; x_wconf 72' lang='lat' dir='ltr'>excommunicatione</span> 
     </span>
    </p>
   </div>
   <div class='ocr_carea' id='block_1_33' title="bbox 2161 1153 2600 1226">
    <p class='ocr_par' dir='ltr' id='par_1_33' title="bbox 2161 1153 2600 1226">
     <span class='ocr_line' id='line_1_33' title="bbox 2161 1153 2600 1226; baseline 0.009 -19"><span class='ocrx_word' id='word_1_170' title='bbox 2161 1153 2600 1226; x_wconf 88' lang='lat' dir='ltr'>episcoporum.</span> 
     </span>
    </p>
   </div>
   <div class='ocr_carea' id='block_1_34' title="bbox 2052 1240 3718 1317">
    <p class='ocr_par' dir='ltr' id='par_1_34' title="bbox 2052 1240 3718 1317">
     <span class='ocr_line' id='line_1_34' title="bbox 2052 1240 3718 1317; baseline 0.006 -21"><span class='ocrx_word' id='word_1_171' title='bbox 2052 1240 2147 1297; x_wconf 82' lang='grc' dir='ltr'>ΧΙ.</span> <span class='ocrx_word' id='word_1_172' title='bbox 2168 1242 2517 1300; x_wconf 78' lang='lat' dir='ltr'>Exhortatio</span> <span class='ocrx_word' id='word_1_173' title='bbox 2546 1244 2839 1302; x_wconf 88' lang='lat' dir='ltr'>Odoranni</span> <span class='ocrx_word' id='word_1_174' title='bbox 2870 1246 3370 1305; x_wconf 81' lang='lat' dir='ltr'>Masciacensibus</span> <span class='ocrx_word' id='word_1_175' title='bbox 3390 1249 3718 1317; x_wconf 85' lang='lat' dir='ltr'>monachis,</span> 
     </span>
    </p>
   </div>
   <div class='ocr_carea' id='block_1_35' title="bbox 2163 1331 3007 1405">
    <p class='ocr_par' dir='ltr' id='par_1_35' title="bbox 2163 1331 3007 1405">
     <span class='ocr_line' id='line_1_35' title="bbox 2163 1331 3007 1405; baseline 0.005 -18"><span class='ocrx_word' id='word_1_176' title='bbox 2163 1331 2235 1387; x_wconf 88' lang='lat' dir='ltr'>ab</span> <span class='ocrx_word' id='word_1_177' title='bbox 2268 1332 2490 1405; x_wconf 90' lang='lat' dir='ltr'>Ingone</span> <span class='ocrx_word' id='word_1_178' title='bbox 2522 1333 2735 1391; x_wconf 84' lang='lat' dir='ltr'>abbate</span> <span class='ocrx_word' id='word_1_179' title='bbox 2767 1336 3007 1393; x_wconf 79' lang='lat' dir='ltr'>directa.</span> 
     </span>
    </p>
   </div>
   <div class='ocr_carea' id='block_1_36' title="bbox 2056 1420 3722 1485">
    <p class='ocr_par' dir='ltr' id='par_1_36' title="bbox 2056 1420 3722 1485">
     <span class='ocr_line' id='line_1_36' title="bbox 2056 1420 3722 1485; baseline 0.007 -11"><span class='ocrx_word' id='word_1_180' title='bbox 2056 1420 2183 1475; x_wconf 87' lang='lat' dir='ltr'><strong>XII.</strong></span> <span class='ocrx_word' id='word_1_181' title='bbox 2215 1420 2669 1478; x_wconf 86' lang='lat' dir='ltr'>Testamentum</span> <span class='ocrx_word' id='word_1_182' title='bbox 2698 1424 2969 1481; x_wconf 72' lang='lat' dir='ltr'>fraterna:</span> <span class='ocrx_word' id='word_1_183' title='bbox 3000 1426 3419 1483; x_wconf 85' lang='lat' dir='ltr'>unanimitatis</span> <span class='ocrx_word' id='word_1_184' title='bbox 3467 1428 3540 1484; x_wconf 88' lang='lat' dir='ltr'>ab</span> <span class='ocrx_word' id='word_1_185' title='bbox 3564 1427 3722 1485; x_wconf 87' lang='lat' dir='ltr'>Odo-</span> 
     </span>
    </p>
   </div>
   <div class='ocr_carea' id='block_1_37' title="bbox 2164 1510 2627 1568">
    <p class='ocr_par' dir='ltr' id='par_1_37' title="bbox 2164 1510 2627 1568">
     <span class='ocr_line' id='line_1_37' title="bbox 2164 1510 2627 1568; baseline 0.009 -4"><span class='ocrx_word' id='word_1_186' title='bbox 2164 1524 2355 1565; x_wconf 88' lang='lat' dir='ltr'>ranno</span> <span class='ocrx_word' id='word_1_187' title='bbox 2380 1510 2627 1568; x_wconf 81' lang='lat' dir='ltr'>editum.</span> 
     </span>
    </p>
   </div>
   <div class='ocr_carea' id='block_1_38' title="bbox 2055 1597 3719 1677">
    <p class='ocr_par' dir='ltr' id='par_1_38' title="bbox 2055 1597 3719 1677">
     <span class='ocr_line' id='line_1_38' title="bbox 2055 1597 3719 1677; baseline 0.006 -25"><span class='ocrx_word' id='word_1_188' title='bbox 2055 1597 2199 1653; x_wconf 87' lang='lat' dir='ltr'><strong>XIII.</strong></span> <span class='ocrx_word' id='word_1_189' title='bbox 2234 1598 2536 1655; x_wconf 85' lang='lat' dir='ltr'>Odoranni</span> <span class='ocrx_word' id='word_1_190' title='bbox 2567 1600 2815 1673; x_wconf 89' lang='lat' dir='ltr'>epistola</span> <span class='ocrx_word' id='word_1_191' title='bbox 2845 1604 2915 1659; x_wconf 91' lang='lat' dir='ltr'>ad</span> <span class='ocrx_word' id='word_1_192' title='bbox 2961 1604 3309 1677; x_wconf 86' lang='lat' dir='ltr'>Ayrfrcdum</span> <span class='ocrx_word' id='word_1_193' title='bbox 3355 1604 3719 1663; x_wconf 89' lang='lat' dir='ltr'>didascalum</span> 
     </span>
    </p>
   </div>
   <div class='ocr_carea' id='block_1_39' title="bbox 2164 1688 3722 1752">
    <p class='ocr_par' dir='ltr' id='par_1_39' title="bbox 2164 1688 3722 1752">
     <span class='ocr_line' id='line_1_39' title="bbox 2164 1688 3722 1752; baseline 0.005 -9"><span class='ocrx_word' id='word_1_194' title='bbox 2164 1692 2386 1743; x_wconf 69' lang='lat' dir='ltr'>sancta:</span> <span class='ocrx_word' id='word_1_195' title='bbox 2430 1688 2870 1747; x_wconf 86' lang='lat' dir='ltr'>Aurelianensis</span> <span class='ocrx_word' id='word_1_196' title='bbox 2935 1693 3228 1751; x_wconf 62' lang='lat' dir='ltr'>Ecclesia.</span> <span class='ocrx_word' id='word_1_197' title='bbox 3282 1698 3340 1750; x_wconf 92' lang='lat' dir='ltr'>et</span> <span class='ocrx_word' id='word_1_198' title='bbox 3381 1694 3722 1752; x_wconf 84' lang='lat' dir='ltr'>monasterii</span> 
     </span>
    </p>
   </div>
   <div class='ocr_carea' id='block_1_40' title="bbox 2164 1776 3719 1856">
    <p class='ocr_par' dir='ltr' id='par_1_40' title="bbox 2164 1776 3719 1856">
     <span class='ocr_line' id='line_1_40' title="bbox 2164 1776 3719 1856; baseline 0.006 -25"><span class='ocrx_word' id='word_1_199' title='bbox 2164 1776 2354 1831; x_wconf 87' lang='lat' dir='ltr'>sancti</span> <span class='ocrx_word' id='word_1_200' title='bbox 2384 1776 2533 1833; x_wconf 84' lang='lat' dir='ltr'><strong>Aviti</strong></span> <span class='ocrx_word' id='word_1_201' title='bbox 2585 1778 3081 1850; x_wconf 65' lang='lat' dir='ltr'>archimandritas,</span> <span class='ocrx_word' id='word_1_202' title='bbox 3132 1786 3190 1838; x_wconf 88' lang='lat' dir='ltr'>et</span> <span class='ocrx_word' id='word_1_203' title='bbox 3224 1783 3456 1856; x_wconf 85' lang='lat' dir='ltr'>Hugoni</span> <span class='ocrx_word' id='word_1_204' title='bbox 3503 1788 3719 1840; x_wconf 64' lang='lat' dir='ltr'>sancta)</span> 
     </span>
    </p>
   </div>
   <div class='ocr_carea' id='block_1_41' title="bbox 2159 1865 3523 1928">
    <p class='ocr_par' dir='ltr' id='par_1_41' title="bbox 2159 1865 3523 1928">
     <span class='ocr_line' id='line_1_41' title="bbox 2159 1865 3523 1928; baseline 0.006 -8"><span class='ocrx_word' id='word_1_205' title='bbox 2159 1865 2377 1921; x_wconf 85' lang='lat' dir='ltr'>matris</span> <span class='ocrx_word' id='word_1_206' title='bbox 2406 1866 2664 1925; x_wconf 68' lang='lat' dir='ltr'>ecclesiae</span> <span class='ocrx_word' id='word_1_207' title='bbox 2696 1869 3055 1926; x_wconf 87' lang='lat' dir='ltr'>Senonensis</span> <span class='ocrx_word' id='word_1_208' title='bbox 3084 1870 3523 1928; x_wconf 85' lang='lat' dir='ltr'>archidiacono.</span> 
     </span>
    </p>
   </div>
   <div class='ocr_carea' id='block_1_42' title="bbox 2124 1952 3716 2034">
    <p class='ocr_par' dir='ltr' id='par_1_42' title="bbox 2124 1952 3716 2034">
     <span class='ocr_line' id='line_1_42' title="bbox 2124 1952 3716 2034; baseline 0.005 -26"><span class='ocrx_word' id='word_1_209' title='bbox 2124 1952 2552 2011; x_wconf 83' lang='lat' dir='ltr'>Convalescens</span> <span class='ocrx_word' id='word_1_210' title='bbox 2584 1954 3024 2028; x_wconf 85' lang='lat' dir='ltr'>aliquantulum</span> <span class='ocrx_word' id='word_1_211' title='bbox 3055 1976 3090 2014; x_wconf 91' lang='lat' dir='ltr'>a</span> <span class='ocrx_word' id='word_1_212' title='bbox 3130 1958 3359 2015; x_wconf 90' lang='lat' dir='ltr'>diutino</span> <span class='ocrx_word' id='word_1_213' title='bbox 3407 1963 3465 2016; x_wconf 86' lang='lat' dir='ltr'>et</span> <span class='ocrx_word' id='word_1_214' title='bbox 3491 1960 3716 2034; x_wconf 83' lang='lat' dir='ltr'>gravis-</span> 
     </span>
    </p>
   </div>
   <div class='ocr_carea' id='block_1_43' title="bbox 2056 2041 3717 2115">
    <p class='ocr_par' dir='ltr' id='par_1_43' title="bbox 2056 2041 3717 2115">
     <span class='ocr_line' id='line_1_43' title="bbox 2056 2041 3717 2115; baseline 0.004 -18"><span class='ocrx_word' id='word_1_215' title='bbox 2056 2041 2206 2098; x_wconf 89' lang='lat' dir='ltr'>simo</span> <span class='ocrx_word' id='word_1_216' title='bbox 2238 2043 2459 2115; x_wconf 86' lang='lat' dir='ltr'>pedum</span> <span class='ocrx_word' id='word_1_217' title='bbox 2489 2042 2862 2100; x_wconf 93' lang='lat' dir='ltr'>incommodo</span> <span class='ocrx_word' id='word_1_218' title='bbox 2892 2046 3265 2115; x_wconf 91' lang='lat' dir='ltr'>Odorannus,</span> <span class='ocrx_word' id='word_1_219' title='bbox 3294 2047 3717 2105; x_wconf 85' lang='lat' dir='ltr'>incarnationis</span> 
     </span>
    </p>
   </div>
   <div class='ocr_carea' id='block_1_44' title="bbox 2054 2131 3714 2206">
    <p class='ocr_par' dir='ltr' id='par_1_44' title="bbox 2054 2131 3714 2206">
     <span class='ocr_line' id='line_1_44' title="bbox 2054 2131 3714 2206; baseline 0.005 -21"><span class='ocrx_word' id='word_1_220' title='bbox 2054 2131 2371 2187; x_wconf 68' lang='lat' dir='ltr'>Dominicis</span> <span class='ocrx_word' id='word_1_221' title='bbox 2404 2148 2560 2189; x_wconf 86' lang='lat' dir='ltr'>anno</span> <span class='ocrx_word' id='word_1_222' title='bbox 2592 2133 2823 2201; x_wconf 85' lang='lat' dir='ltr'><strong>MXLV,</strong></span> <span class='ocrx_word' id='word_1_223' title='bbox 2855 2135 3043 2190; x_wconf 67' lang='lat' dir='ltr'>aetatis</span> <span class='ocrx_word' id='word_1_224' title='bbox 3088 2152 3223 2191; x_wconf 87' lang='lat' dir='ltr'>vero</span> <span class='ocrx_word' id='word_1_225' title='bbox 3269 2153 3389 2192; x_wconf 75' lang='lat' dir='ltr'>suae</span> <span class='ocrx_word' id='word_1_226' title='bbox 3439 2136 3557 2193; x_wconf 87' lang='lat' dir='ltr'>fere</span> <span class='ocrx_word' id='word_1_227' title='bbox 3603 2138 3714 2206; x_wconf 86' lang='lat' dir='ltr'>LX,</span> 
     </span>
    </p>
   </div>
   <div class='ocr_carea' id='block_1_45' title="bbox 2056 2220 3720 2299">
    <p class='ocr_par' dir='ltr' id='par_1_45' title="bbox 2056 2220 3720 2299">
     <span class='ocr_line' id='line_1_45' title="bbox 2056 2220 3720 2299; baseline 0.003 -24"><span class='ocrx_word' id='word_1_228' title='bbox 2056 2237 2126 2275; x_wconf 94' lang='lat' dir='ltr'>ne</span> <span class='ocrx_word' id='word_1_229' title='bbox 2158 2220 2305 2275; x_wconf 86' lang='lat' dir='ltr'>forte</span> <span class='ocrx_word' id='word_1_230' title='bbox 2336 2220 2667 2277; x_wconf 86' lang='lat' dir='ltr'>invidorum</span> <span class='ocrx_word' id='word_1_231' title='bbox 2701 2226 2830 2277; x_wconf 89' lang='lat' dir='ltr'>astu</span> <span class='ocrx_word' id='word_1_232' title='bbox 2864 2224 3177 2294; x_wconf 66' lang='lat' dir='ltr'>praesentia</span> <span class='ocrx_word' id='word_1_233' title='bbox 3197 2224 3483 2297; x_wconf 89' lang='lat' dir='ltr'>opuscula</span> <span class='ocrx_word' id='word_1_234' title='bbox 3497 2226 3720 2299; x_wconf 88' lang='lat' dir='ltr'>deperi-</span> 
     </span>
    </p>
   </div>
   <div class='ocr_carea' id='block_1_46' title="bbox 2055 2309 3720 2384">
    <p class='ocr_par' dir='ltr' id='par_1_46' title="bbox 2055 2309 3720 2384">
     <span class='ocr_line' id='line_1_46' title="bbox 2055 2309 3720 2384; baseline 0.004 -21"><span class='ocrx_word' id='word_1_235' title='bbox 2055 2313 2207 2377; x_wconf 89' lang='lat' dir='ltr'>rent,</span> <span class='ocrx_word' id='word_1_236' title='bbox 2242 2326 2311 2365; x_wconf 88' lang='lat' dir='ltr'>ea</span> <span class='ocrx_word' id='word_1_237' title='bbox 2342 2309 2402 2364; x_wconf 88' lang='lat' dir='ltr'>in</span> <span class='ocrx_word' id='word_1_238' title='bbox 2436 2326 2553 2364; x_wconf 90' lang='lat' dir='ltr'>uno</span> <span class='ocrx_word' id='word_1_239' title='bbox 2575 2327 2817 2383; x_wconf 85' lang='lat' dir='ltr'>corpore</span> <span class='ocrx_word' id='word_1_240' title='bbox 2846 2311 3393 2384; x_wconf 87' lang='lat' dir='ltr'>oollegit,etamoro</span> <span class='ocrx_word' id='word_1_241' title='bbox 3410 2314 3720 2371; x_wconf 79' lang='lat' dir='ltr'>charitatis</span> 
     </span>
    </p>
   </div>
   <div class='ocr_carea' id='block_1_47' title="bbox 2057 2397 3716 2471">
    <p class='ocr_par' dir='ltr' id='par_1_47' title="bbox 2057 2397 3716 2471">
     <span class='ocr_line' id='line_1_47' title="bbox 2057 2397 3716 2471; baseline 0.004 -18"><span class='ocrx_word' id='word_1_242' title='bbox 2057 2397 2343 2453; x_wconf 81' lang='lat' dir='ltr'>studiosis</span> <span class='ocrx_word' id='word_1_243' title='bbox 2392 2398 2694 2467; x_wconf 76' lang='lat' dir='ltr'>fratribus,</span> <span class='ocrx_word' id='word_1_244' title='bbox 2728 2404 2795 2455; x_wconf 90' lang='lat' dir='ltr'>ut</span> <span class='ocrx_word' id='word_1_245' title='bbox 2841 2400 2899 2455; x_wconf 91' lang='lat' dir='ltr'>in</span> <span class='ocrx_word' id='word_1_246' title='bbox 2954 2401 3039 2456; x_wconf 90' lang='lat' dir='ltr'>eis</span> <span class='ocrx_word' id='word_1_247' title='bbox 3092 2402 3567 2471; x_wconf 84' lang='lat' dir='ltr'>exercitarentur,</span> <span class='ocrx_word' id='word_1_248' title='bbox 3618 2420 3716 2460; x_wconf 83' lang='lat' dir='ltr'>re-</span> 
     </span>
    </p>
   </div>
   <div class='ocr_carea' id='block_1_48' title="bbox 2055 2484 2253 2558">
    <p class='ocr_par' dir='ltr' id='par_1_48' title="bbox 2055 2484 2253 2558">
     <span class='ocr_line' id='line_1_48' title="bbox 2055 2484 2253 2558; baseline 0 -17"><span class='ocrx_word' id='word_1_249' title='bbox 2055 2484 2253 2558; x_wconf 87' lang='lat' dir='ltr'>liquit.</span> 
     </span>
    </p>
   </div>
   <div class='ocr_carea' id='block_1_49' title="bbox 1650 2627 2357 2669">
    <p class='ocr_par' dir='ltr' id='par_1_49' title="bbox 1650 2627 2357 2669">
     <span class='ocr_line' id='line_1_49' title="bbox 1650 2627 2357 2669; baseline 0 -3"><span class='ocrx_word' id='word_1_250' title='bbox 1650 2628 1903 2667; x_wconf 75' lang='lat' dir='ltr'>EXPLICIT</span> <span class='ocrx_word' id='word_1_251' title='bbox 1940 2627 2357 2669; x_wconf 68' lang='grc' dir='ltr'>Αιιδυιιεκτυκ.</span> 
     </span>
    </p>
   </div>
   <div class='ocr_carea' id='block_1_50' title="bbox 1300 2903 2714 3017">
    <p class='ocr_par' dir='ltr' id='par_1_50' title="bbox 1300 2903 2714 3017">
     <span class='ocr_line' id='line_1_50' title="bbox 1300 2903 2714 3017; baseline 0.001 -23"><span class='ocrx_word' id='word_1_252' title='bbox 1300 2903 1431 2994; x_wconf 89' lang='lat' dir='ltr'>IN</span> <span class='ocrx_word' id='word_1_253' title='bbox 1524 2903 2083 2998; x_wconf 75' lang='lat' dir='ltr'>CHRISTI</span> <span class='ocrx_word' id='word_1_254' title='bbox 2178 2904 2714 3017; x_wconf 85' lang='lat' dir='ltr'>NOMINE</span> 
     </span>
    </p>
   </div>
   <div class='ocr_carea' id='block_1_51' title="bbox 1845 3085 2145 3147">
    <p class='ocr_par' dir='ltr' id='par_1_51' title="bbox 1845 3085 2145 3147">
     <span class='ocr_line' id='line_1_51' title="bbox 1845 3085 2145 3147; baseline 0.01 -3"><span class='ocrx_word' id='word_1_255' title='bbox 1845 3085 2145 3147; x_wconf 82' lang='lat' dir='ltr'><strong>INCIPIT</strong></span> 
     </span>
    </p>
   </div>
   <div class='ocr_carea' id='block_1_52' title="bbox 737 3241 3251 3361">
    <p class='ocr_par' dir='ltr' id='par_1_52' title="bbox 737 3241 3251 3361">
     <span class='ocr_line' id='line_1_52' title="bbox 737 3241 3251 3361; baseline 0.002 -5"><span class='ocrx_word' id='word_1_256' title='bbox 737 3247 1077 3356; x_wconf 77' lang='lat' dir='ltr'><strong>LIBER</strong></span> <span class='ocrx_word' id='word_1_257' title='bbox 1144 3242 1999 3359; x_wconf 78' lang='lat' dir='ltr'>OPUSCULOIIUM</span> <span class='ocrx_word' id='word_1_258' title='bbox 2067 3241 2660 3359; x_wconf 76' lang='lat' dir='ltr'><strong>ODOIIANNI</strong></span> <span class='ocrx_word' id='word_1_259' title='bbox 2729 3246 3251 3361; x_wconf 81' lang='lat' dir='ltr'><strong>MONACIII</strong></span> 
     </span>
    </p>
   </div>
   <div class='ocr_carea' id='block_1_53' title="bbox 1761 3448 2192 3463">
    <p class='ocr_par' dir='ltr' id='par_1_53' title="bbox 1761 3448 2192 3463">
     <span class='ocr_line' id='line_1_53' title="bbox 1761 3448 2192 3463; baseline 0.007 -3"><span class='ocrx_word' id='word_1_260' title='bbox 1761 3448 2192 3463; x_wconf 52' lang='lat' dir='ltr'>m—</span> 
     </span>
    </p>
   </div>
   <div class='ocr_carea' id='block_1_54' title="bbox 1352 3576 2628 3670">
    <p class='ocr_par' dir='ltr' id='par_1_54' title="bbox 1352 3576 2628 3670">
     <span class='ocr_line' id='line_1_54' title="bbox 1352 3576 2628 3670; baseline -0.002 -4"><span class='ocrx_word' id='word_1_261' title='bbox 1352 3576 2090 3669; x_wconf 62' lang='lat' dir='ltr'>OPISCULUM</span> <span class='ocrx_word' id='word_1_262' title='bbox 2145 3580 2628 3670; x_wconf 76' lang='lat' dir='ltr'><strong>PRIMUM.</strong></span> 
     </span>
    </p>
   </div>
   <div class='ocr_carea' id='block_1_55' title="bbox 266 3779 3702 3863">
    <p class='ocr_par' dir='ltr' id='par_1_55' title="bbox 266 3779 3702 3863">
     <span class='ocr_line' id='line_1_55' title="bbox 266 3779 3702 3863; baseline 0.002 -26"><span class='ocrx_word' id='word_1_263' title='bbox 266 3814 271 3821; x_wconf 98' lang='lat'><strong><em>-</em></strong></span> <span class='ocrx_word' id='word_1_264' title='bbox 358 3782 667 3856; x_wconf 86' lang='lat' dir='ltr'>Postquam</span> <span class='ocrx_word' id='word_1_265' title='bbox 716 3799 749 3837; x_wconf 88' lang='lat' dir='ltr'>a</span> <span class='ocrx_word' id='word_1_266' title='bbox 796 3781 1203 3837; x_wconf 83' lang='lat' dir='ltr'>Valentiniano</span> <span class='ocrx_word' id='word_1_267' title='bbox 1250 3780 1603 3854; x_wconf 89' lang='lat' dir='ltr'>imperatore</span> <span class='ocrx_word' id='word_1_268' title='bbox 1651 3779 1857 3836; x_wconf 86' lang='lat' dir='ltr'>Franci</span> <span class='ocrx_word' id='word_1_269' title='bbox 1903 3799 1938 3838; x_wconf 93' lang='lat' dir='ltr'>a</span> <span class='ocrx_word' id='word_1_270' title='bbox 1969 3795 2014 3863; x_wconf 65' lang='grc' dir='ltr'><strong>(ς</strong></span> <span class='ocrx_word' id='word_1_271' title='bbox 2052 3787 2392 3845; x_wconf 75' lang='lat' dir='ltr'>sanctorum</span> <span class='ocrx_word' id='word_1_272' title='bbox 2424 3786 2823 3858; x_wconf 84' lang='lat' dir='ltr'>apostolorum</span> <span class='ocrx_word' id='word_1_273' title='bbox 2844 3784 3250 3841; x_wconf 78' lang='lat' dir='ltr'>PetrietPauli</span> <span class='ocrx_word' id='word_1_274' title='bbox 3278 3787 3702 3844; x_wconf 72' lang='lat' dir='ltr'>monasterium</span> 
     </span>
    </p>
   </div>
   <div class='ocr_carea' id='block_1_56' title="bbox 291 3868 1941 3945">
    <p class='ocr_par' dir='ltr' id='par_1_56' title="bbox 291 3868 1941 3945">
     <span class='ocr_line' id='line_1_56' title="bbox 291 3868 1941 3945; baseline 0.001 -20"><span class='ocrx_word' id='word_1_275' title='bbox 291 3869 611 3928; x_wconf 87' lang='lat' dir='ltr'>Sicambria</span> <span class='ocrx_word' id='word_1_276' title='bbox 636 3870 885 3945; x_wconf 85' lang='lat' dir='ltr'>expulsi,</span> <span class='ocrx_word' id='word_1_277' title='bbox 919 3872 977 3927; x_wconf 91' lang='lat' dir='ltr'>in</span> <span class='ocrx_word' id='word_1_278' title='bbox 1007 3872 1284 3929; x_wconf 85' lang='lat' dir='ltr'>extremis</span> <span class='ocrx_word' id='word_1_279' title='bbox 1314 3871 1583 3943; x_wconf 87' lang='lat' dir='ltr'>partibus</span> <span class='ocrx_word' id='word_1_280' title='bbox 1616 3868 1804 3925; x_wconf 84' lang='lat' dir='ltr'>Rheni</span> <span class='ocrx_word' id='word_1_281' title='bbox 1836 3870 1941 3926; x_wconf 83' lang='lat' dir='ltr'>flu-</span> 
     </span>
    </p>
   </div>
   <div class='ocr_carea' id='block_1_57' title="bbox 294 3957 1941 4033">
    <p class='ocr_par' dir='ltr' id='par_1_57' title="bbox 294 3957 1941 4033">
     <span class='ocr_line' id='line_1_57' title="bbox 294 3957 1941 4033; baseline 0.002 -20"><span class='ocrx_word' id='word_1_282' title='bbox 294 3961 464 4016; x_wconf 91' lang='lat' dir='ltr'>minis</span> <span class='ocrx_word' id='word_1_283' title='bbox 494 3961 758 4017; x_wconf 87' lang='lat' dir='ltr'>habitare</span> <span class='ocrx_word' id='word_1_284' title='bbox 789 3964 1109 4033; x_wconf 77' lang='lat' dir='ltr'>cmperuht,</span> <span class='ocrx_word' id='word_1_285' title='bbox 1144 3960 1445 4016; x_wconf 89' lang='lat' dir='ltr'>communi</span> <span class='ocrx_word' id='word_1_286' title='bbox 1478 3958 1724 4015; x_wconf 70' lang='lat' dir='ltr'>consitio</span> <span class='ocrx_word' id='word_1_287' title='bbox 1755 3957 1941 4031; x_wconf 86' lang='lat' dir='ltr'>elege-</span> 
     </span>
    </p>
   </div>
   <div class='ocr_carea' id='block_1_58' title="bbox 293 4048 1939 4125">
    <p class='ocr_par' dir='ltr' id='par_1_58' title="bbox 293 4048 1939 4125">
     <span class='ocr_line' id='line_1_58' title="bbox 293 4048 1939 4125; baseline 0.003 -24"><span class='ocrx_word' id='word_1_288' title='bbox 293 4056 425 4105; x_wconf 86' lang='lat' dir='ltr'>runt</span> <span class='ocrx_word' id='word_1_289' title='bbox 446 4051 550 4106; x_wconf 85' lang='lat' dir='ltr'>sibi</span> <span class='ocrx_word' id='word_1_290' title='bbox 585 4067 779 4125; x_wconf 87' lang='lat' dir='ltr'>regem</span> <span class='ocrx_word' id='word_1_291' title='bbox 814 4051 1251 4107; x_wconf 87' lang='lat' dir='ltr'>Faramundum</span> <span class='ocrx_word' id='word_1_292' title='bbox 1288 4050 1542 4116; x_wconf 89' lang='lat' dir='ltr'>nomine,</span> <span class='ocrx_word' id='word_1_293' title='bbox 1578 4048 1768 4104; x_wconf 82' lang='lat' dir='ltr'>tilium</span> <span class='ocrx_word' id='word_1_294' title='bbox 1790 4049 1939 4106; x_wconf 70' lang='lat' dir='ltr'>Mar-</span> 
     </span>
    </p>
   </div>
   <div class='ocr_carea' id='block_1_59' title="bbox 294 4137 1935 4213">
    <p class='ocr_par' dir='ltr' id='par_1_59' title="bbox 294 4137 1935 4213">
     <span class='ocr_line' id='line_1_59' title="bbox 294 4137 1935 4213; baseline 0.003 -23"><span class='ocrx_word' id='word_1_295' title='bbox 294 4137 579 4206; x_wconf 86' lang='lat' dir='ltr'>chomiris,</span> <span class='ocrx_word' id='word_1_296' title='bbox 623 4140 724 4213; x_wconf 84' lang='lat' dir='ltr'>qui</span> <span class='ocrx_word' id='word_1_297' title='bbox 776 4138 885 4194; x_wconf 88' lang='lat' dir='ltr'>fuit</span> <span class='ocrx_word' id='word_1_298' title='bbox 929 4140 1000 4195; x_wconf 91' lang='lat' dir='ltr'>de</span> <span class='ocrx_word' id='word_1_299' title='bbox 1048 4138 1230 4212; x_wconf 87' lang='lat' dir='ltr'>stirpe</span> <span class='ocrx_word' id='word_1_300' title='bbox 1277 4138 1495 4194; x_wconf 88' lang='lat' dir='ltr'>Priami</span> <span class='ocrx_word' id='word_1_301' title='bbox 1541 4138 1935 4209; x_wconf 87' lang='lat' dir='ltr'>Trojanorum</span> 
     </span>
    </p>
   </div>
   <div class='ocr_carea' id='block_1_60' title="bbox 296 4225 1934 4299">
    <p class='ocr_par' dir='ltr' id='par_1_60' title="bbox 296 4225 1934 4299">
     <span class='ocr_line' id='line_1_60' title="bbox 296 4225 1934 4299; baseline 0.002 -20"><span class='ocrx_word' id='word_1_302' title='bbox 296 4228 460 4299; x_wconf 83' lang='lat' dir='ltr'>regis.</span> <span class='ocrx_word' id='word_1_303' title='bbox 484 4228 713 4285; x_wconf 80' lang='lat' dir='ltr'><strong>Mortuo</strong></span> <span class='ocrx_word' id='word_1_304' title='bbox 754 4246 887 4284; x_wconf 89' lang='lat' dir='ltr'>vero</span> <span class='ocrx_word' id='word_1_305' title='bbox 930 4229 1321 4294; x_wconf 85' lang='lat' dir='ltr'>Faramundo,</span> <span class='ocrx_word' id='word_1_306' title='bbox 1358 4227 1701 4282; x_wconf 90' lang='lat' dir='ltr'>Clodionem</span> <span class='ocrx_word' id='word_1_307' title='bbox 1744 4225 1934 4283; x_wconf 79' lang='lat' dir='ltr'>filium</span> 
     </span>
    </p>
   </div>
   <div class='ocr_carea' id='block_1_61' title="bbox 295 4316 1934 4391">
    <p class='ocr_par' dir='ltr' id='par_1_61' title="bbox 295 4316 1934 4391">
     <span class='ocr_line' id='line_1_61' title="bbox 295 4316 1934 4391; baseline 0.002 -22"><span class='ocrx_word' id='word_1_308' title='bbox 295 4316 417 4385; x_wconf 87' lang='lat' dir='ltr'>ejus</span> <span class='ocrx_word' id='word_1_309' title='bbox 456 4335 641 4391; x_wconf 86' lang='lat' dir='ltr'>regem</span> <span class='ocrx_word' id='word_1_310' title='bbox 676 4317 787 4374; x_wconf 89' lang='lat' dir='ltr'>sibi</span> <span class='ocrx_word' id='word_1_311' title='bbox 833 4319 1121 4385; x_wconf 83' lang='lat' dir='ltr'>fecerunt;</span> <span class='ocrx_word' id='word_1_312' title='bbox 1155 4333 1270 4389; x_wconf 91' lang='lat' dir='ltr'>quo</span> <span class='ocrx_word' id='word_1_313' title='bbox 1302 4317 1598 4381; x_wconf 90' lang='lat' dir='ltr'>defuncto,</span> <span class='ocrx_word' id='word_1_314' title='bbox 1632 4316 1934 4373; x_wconf 89' lang='lat' dir='ltr'>Meroveus</span> 
     </span>
    </p>
   </div>
   <div class='ocr_carea' id='block_1_62' title="bbox 297 4402 1933 4479">
    <p class='ocr_par' dir='ltr' id='par_1_62' title="bbox 297 4402 1933 4479">
     <span class='ocr_line' id='line_1_62' title="bbox 297 4402 1933 4479; baseline 0.004 -23"><span class='ocrx_word' id='word_1_315' title='bbox 297 4402 445 4459; x_wconf 81' lang='lat' dir='ltr'>filius</span> <span class='ocrx_word' id='word_1_316' title='bbox 473 4408 596 4479; x_wconf 88' lang='lat' dir='ltr'>ejus</span> <span class='ocrx_word' id='word_1_317' title='bbox 644 4407 702 4462; x_wconf 94' lang='lat' dir='ltr'>in</span> <span class='ocrx_word' id='word_1_318' title='bbox 751 4423 928 4479; x_wconf 89' lang='lat' dir='ltr'>regno</span> <span class='ocrx_word' id='word_1_319' title='bbox 974 4406 1333 4462; x_wconf 80' lang='lat' dir='ltr'>sublimatus</span> <span class='ocrx_word' id='word_1_320' title='bbox 1382 4410 1491 4462; x_wconf 89' lang='lat' dir='ltr'>est.</span> <span class='ocrx_word' id='word_1_321' title='bbox 1548 4404 1652 4460; x_wconf 93' lang='lat' dir='ltr'>Illo</span> <span class='ocrx_word' id='word_1_322' title='bbox 1700 4421 1933 4478; x_wconf 89' lang='lat' dir='ltr'>quoque</span> 
     </span>
    </p>
   </div>
   <div class='ocr_carea' id='block_1_63' title="bbox 296 4492 1924 4567">
    <p class='ocr_par' dir='ltr' id='par_1_63' title="bbox 296 4492 1924 4567">
     <span class='ocr_line' id='line_1_63' title="bbox 296 4492 1924 4567; baseline 0.004 -22"><span class='ocrx_word' id='word_1_323' title='bbox 296 4492 550 4563; x_wconf 84' lang='lat' dir='ltr'>obeunte,</span> <span class='ocrx_word' id='word_1_324' title='bbox 581 4495 739 4551; x_wconf 85' lang='lat' dir='ltr'>filius</span> <span class='ocrx_word' id='word_1_325' title='bbox 782 4497 911 4566; x_wconf 89' lang='lat' dir='ltr'>ejus</span> <span class='ocrx_word' id='word_1_326' title='bbox 955 4494 1320 4550; x_wconf 88' lang='lat' dir='ltr'>Cbildericus</span> <span class='ocrx_word' id='word_1_327' title='bbox 1365 4511 1614 4567; x_wconf 87' lang='lat' dir='ltr'>regnum</span> <span class='ocrx_word' id='word_1_328' title='bbox 1647 4495 1924 4565; x_wconf 83' lang='lat' dir='ltr'>suscepit.</span> 
     </span>
    </p>
   </div>
   <div class='ocr_carea' id='block_1_64' title="bbox 296 4578 1928 4656">
    <p class='ocr_par' dir='ltr' id='par_1_64' title="bbox 296 4578 1928 4656">
     <span class='ocr_line' id='line_1_64' title="bbox 296 4578 1928 4656; baseline 0.003 -23"><span class='ocrx_word' id='word_1_329' title='bbox 296 4578 422 4637; x_wconf 87' lang='lat' dir='ltr'>Post</span> <span class='ocrx_word' id='word_1_330' title='bbox 470 4585 636 4656; x_wconf 89' lang='lat' dir='ltr'>cujus</span> <span class='ocrx_word' id='word_1_331' title='bbox 684 4585 1038 4649; x_wconf 87' lang='lat' dir='ltr'>discessum,</span> <span class='ocrx_word' id='word_1_332' title='bbox 1091 4583 1278 4639; x_wconf 82' lang='lat' dir='ltr'>ﬁlium</span> <span class='ocrx_word' id='word_1_333' title='bbox 1327 4582 1488 4639; x_wconf 88' lang='lat' dir='ltr'>illius</span> <span class='ocrx_word' id='word_1_334' title='bbox 1530 4580 1928 4638; x_wconf 88' lang='lat' dir='ltr'>Chlodoveum</span> 
     </span>
    </p>
   </div>
   <div class='ocr_carea' id='block_1_65' title="bbox 298 4668 1930 4744">
    <p class='ocr_par' dir='ltr' id='par_1_65' title="bbox 298 4668 1930 4744">
     <span class='ocr_line' id='line_1_65' title="bbox 298 4668 1930 4744; baseline 0.002 -20"><span class='ocrx_word' id='word_1_335' title='bbox 298 4668 512 4744; x_wconf 90' lang='lat' dir='ltr'>ingenio</span> <span class='ocrx_word' id='word_1_336' title='bbox 559 4673 861 4741; x_wconf 87' lang='lat' dir='ltr'>callidum,</span> <span class='ocrx_word' id='word_1_337' title='bbox 894 4673 1075 4729; x_wconf 89' lang='lat' dir='ltr'>armis</span> <span class='ocrx_word' id='word_1_338' title='bbox 1101 4671 1442 4728; x_wconf 88' lang='lat' dir='ltr'>bellatorem</span> <span class='ocrx_word' id='word_1_339' title='bbox 1493 4676 1826 4741; x_wconf 90' lang='lat' dir='ltr'>strenuum,</span> <span class='ocrx_word' id='word_1_340' title='bbox 1873 4677 1930 4728; x_wconf 89' lang='lat' dir='ltr'>et</span> 
     </span>
    </p>
   </div>
   <div class='ocr_carea' id='block_1_66' title="bbox 296 4761 1925 4837">
    <p class='ocr_par' dir='ltr' id='par_1_66' title="bbox 296 4761 1925 4837">
     <span class='ocr_line' id='line_1_66' title="bbox 296 4761 1925 4837; baseline 0.002 -23"><span class='ocrx_word' id='word_1_341' title='bbox 296 4762 518 4818; x_wconf 73' lang='lat' dir='ltr'>consﬂio</span> <span class='ocrx_word' id='word_1_342' title='bbox 551 4762 927 4837; x_wconf 89' lang='lat' dir='ltr'>prudentem,</span> <span class='ocrx_word' id='word_1_343' title='bbox 979 4761 1183 4817; x_wconf 88' lang='lat' dir='ltr'>Franci</span> <span class='ocrx_word' id='word_1_344' title='bbox 1231 4761 1340 4816; x_wconf 89' lang='lat' dir='ltr'>sibi</span> <span class='ocrx_word' id='word_1_345' title='bbox 1394 4778 1590 4834; x_wconf 89' lang='lat' dir='ltr'>regem</span> <span class='ocrx_word' id='word_1_346' title='bbox 1634 4764 1925 4817; x_wconf 88' lang='lat' dir='ltr'>statuunt.</span> 
     </span>
    </p>
   </div>
   <div class='ocr_carea' id='block_1_67' title="bbox 295 4844 1924 4925">
    <p class='ocr_par' dir='ltr' id='par_1_67' title="bbox 295 4844 1924 4925">
     <span class='ocr_line' id='line_1_67' title="bbox 295 4844 1924 4925; baseline 0.003 -25"><span class='ocrx_word' id='word_1_347' title='bbox 295 4844 389 4903; x_wconf 80' lang='lat' dir='ltr'>I-lic</span> <span class='ocrx_word' id='word_1_348' title='bbox 415 4851 597 4907; x_wconf 87' lang='lat' dir='ltr'>adhuc</span> <span class='ocrx_word' id='word_1_349' title='bbox 628 4868 895 4925; x_wconf 85' lang='lat' dir='ltr'>paganus</span> <span class='ocrx_word' id='word_1_350' title='bbox 925 4850 1093 4906; x_wconf 89' lang='lat' dir='ltr'>duxit</span> <span class='ocrx_word' id='word_1_351' title='bbox 1123 4867 1361 4905; x_wconf 86' lang='lat' dir='ltr'>uxorem</span> <span class='ocrx_word' id='word_1_352' title='bbox 1385 4850 1800 4916; x_wconf 84' lang='lat' dir='ltr'>Christianam,</span> <span class='ocrx_word' id='word_1_353' title='bbox 1822 4867 1924 4905; x_wconf 94' lang='lat' dir='ltr'>no-</span> 
     </span>
    </p>
   </div>
   <div class='ocr_carea' id='block_1_68' title="bbox 295 4934 1926 5010">
    <p class='ocr_par' dir='ltr' id='par_1_68' title="bbox 295 4934 1926 5010">
     <span class='ocr_line' id='line_1_68' title="bbox 295 4934 1926 5010; baseline 0.004 -24"><span class='ocrx_word' id='word_1_354' title='bbox 295 4934 437 4991; x_wconf 89' lang='lat' dir='ltr'>mine</span> <span class='ocrx_word' id='word_1_355' title='bbox 462 4937 887 5005; x_wconf 88' lang='lat' dir='ltr'>Chrochildem,</span> <span class='ocrx_word' id='word_1_356' title='bbox 921 4936 1105 4992; x_wconf 84' lang='lat' dir='ltr'>ﬁliam</span> <span class='ocrx_word' id='word_1_357' title='bbox 1136 4936 1444 5010; x_wconf 88' lang='lat' dir='ltr'>Chilperici</span> <span class='ocrx_word' id='word_1_358' title='bbox 1467 4936 1624 5010; x_wconf 90' lang='lat' dir='ltr'>regis</span> <span class='ocrx_word' id='word_1_359' title='bbox 1655 4941 1926 5009; x_wconf 85' lang='lat' dir='ltr'>Burgun-</span> 
     </span>
    </p>
   </div>
   <div class='ocr_carea' id='block_1_69' title="bbox 294 5021 1926 5098">
    <p class='ocr_par' dir='ltr' id='par_1_69' title="bbox 294 5021 1926 5098">
     <span class='ocr_line' id='line_1_69' title="bbox 294 5021 1926 5098; baseline 0.004 -22"><span class='ocrx_word' id='word_1_360' title='bbox 294 5021 539 5098; x_wconf 88' lang='lat' dir='ltr'>dionum,</span> <span class='ocrx_word' id='word_1_361' title='bbox 569 5026 769 5082; x_wconf 86' lang='lat' dir='ltr'>fratris</span> <span class='ocrx_word' id='word_1_362' title='bbox 827 5025 1172 5082; x_wconf 86' lang='lat' dir='ltr'>Gundebodi</span> <span class='ocrx_word' id='word_1_363' title='bbox 1214 5024 1401 5092; x_wconf 90' lang='lat' dir='ltr'>ducis,</span> <span class='ocrx_word' id='word_1_364' title='bbox 1462 5041 1714 5098; x_wconf 89' lang='lat' dir='ltr'>quorum</span> <span class='ocrx_word' id='word_1_365' title='bbox 1762 5030 1926 5098; x_wconf 89' lang='lat' dir='ltr'>pater</span> 
     </span>
    </p>
   </div>
   <div class='ocr_carea' id='block_1_70' title="bbox 2051 3872 3700 3945">
    <p class='ocr_par' dir='ltr' id='par_1_70' title="bbox 2051 3872 3700 3945">
     <span class='ocr_line' id='line_1_70' title="bbox 2051 3872 3700 3945; baseline 0.002 -17"><span class='ocrx_word' id='word_1_366' title='bbox 2051 3873 2301 3930; x_wconf 82' lang='lat' dir='ltr'>miriﬁco</span> <span class='ocrx_word' id='word_1_367' title='bbox 2332 3890 2504 3945; x_wconf 83' lang='lat' dir='ltr'>opere</span> <span class='ocrx_word' id='word_1_368' title='bbox 2533 3872 2878 3929; x_wconf 76' lang='lat' dir='ltr'>construxit.</span> <span class='ocrx_word' id='word_1_369' title='bbox 2922 3872 3240 3931; x_wconf 86' lang='lat' dir='ltr'>Debellatis</span> <span class='ocrx_word' id='word_1_370' title='bbox 3284 3879 3485 3931; x_wconf 72' lang='lat' dir='ltr'>autem</span> <span class='ocrx_word' id='word_1_371' title='bbox 3530 3876 3700 3933; x_wconf 81' lang='lat' dir='ltr'>Chlo-</span> 
     </span>
    </p>
   </div>
   <div class='ocr_carea' id='block_1_71' title="bbox 2052 3961 3699 4034">
    <p class='ocr_par' dir='ltr' id='par_1_71' title="bbox 2052 3961 3699 4034">
     <span class='ocr_line' id='line_1_71' title="bbox 2052 3961 3699 4034; baseline 0.002 -17"><span class='ocrx_word' id='word_1_372' title='bbox 2052 3962 2269 4019; x_wconf 89' lang='lat' dir='ltr'>doveus</span> <span class='ocrx_word' id='word_1_373' title='bbox 2300 3962 2506 4018; x_wconf 89' lang='lat' dir='ltr'>multis</span> <span class='ocrx_word' id='word_1_374' title='bbox 2535 3966 2591 4017; x_wconf 91' lang='lat' dir='ltr'>et</span> <span class='ocrx_word' id='word_1_375' title='bbox 2621 3961 2852 4033; x_wconf 79' lang='lat' dir='ltr'>magnis</span> <span class='ocrx_word' id='word_1_376' title='bbox 2890 3962 3149 4034; x_wconf 87' lang='lat' dir='ltr'>regibus,</span> <span class='ocrx_word' id='word_1_377' title='bbox 3205 3968 3475 4021; x_wconf 82' lang='lat' dir='ltr'>mortuus</span> <span class='ocrx_word' id='word_1_378' title='bbox 3514 3969 3612 4021; x_wconf 77' lang='lat' dir='ltr'>est</span> <span class='ocrx_word' id='word_1_379' title='bbox 3636 3966 3699 4021; x_wconf 73' lang='lat' dir='ltr'>in</span> 
     </span>
    </p>
   </div>
   <div class='ocr_carea' id='block_1_72' title="bbox 2050 4049 3698 4123">
    <p class='ocr_par' dir='ltr' id='par_1_72' title="bbox 2050 4049 3698 4123">
     <span class='ocr_line' id='line_1_72' title="bbox 2050 4049 3698 4123; baseline 0.002 -18"><span class='ocrx_word' id='word_1_380' title='bbox 2050 4068 2213 4123; x_wconf 87' lang='lat' dir='ltr'>pace,</span> <span class='ocrx_word' id='word_1_381' title='bbox 2242 4055 2299 4106; x_wconf 90' lang='lat' dir='ltr'>et</span> <span class='ocrx_word' id='word_1_382' title='bbox 2328 4049 2593 4123; x_wconf 90' lang='lat' dir='ltr'>sepultus</span> <span class='ocrx_word' id='word_1_383' title='bbox 2622 4054 2712 4106; x_wconf 86' lang='lat' dir='ltr'>est</span> <span class='ocrx_word' id='word_1_384' title='bbox 2761 4050 2818 4104; x_wconf 87' lang='lat' dir='ltr'>in</span> <span class='ocrx_word' id='word_1_385' title='bbox 2844 4050 2971 4121; x_wconf 87' lang='lat' dir='ltr'>jam</span> <span class='ocrx_word' id='word_1_386' title='bbox 3017 4050 3174 4105; x_wconf 79' lang='lat' dir='ltr'>dicta</span> <span class='ocrx_word' id='word_1_387' title='bbox 3216 4050 3463 4107; x_wconf 81' lang='lat' dir='ltr'>basilica</span> <span class='ocrx_word' id='word_1_388' title='bbox 3509 4055 3698 4109; x_wconf 68' lang='lat' dir='ltr'>sancti</span> 
     </span>
    </p>
   </div>
   <div class='ocr_carea' id='block_1_73' title="bbox 2047 4138 3693 4211">
    <p class='ocr_par' dir='ltr' id='par_1_73' title="bbox 2047 4138 3693 4211">
     <span class='ocr_line' id='line_1_73' title="bbox 2047 4138 3693 4211; baseline 0.002 -17"><span class='ocrx_word' id='word_1_389' title='bbox 2047 4139 2223 4205; x_wconf 85' lang='lat' dir='ltr'>Petri,</span> <span class='ocrx_word' id='word_1_390' title='bbox 2275 4139 2375 4195; x_wconf 92' lang='lat' dir='ltr'>ubi</span> <span class='ocrx_word' id='word_1_391' title='bbox 2426 4144 2483 4194; x_wconf 90' lang='lat' dir='ltr'>et</span> <span class='ocrx_word' id='word_1_392' title='bbox 2529 4140 2699 4195; x_wconf 84' lang='lat' dir='ltr'>beata</span> <span class='ocrx_word' id='word_1_393' title='bbox 2728 4138 3018 4195; x_wconf 83' lang='lat' dir='ltr'>Genovet‘a</span> <span class='ocrx_word' id='word_1_394' title='bbox 3078 4138 3420 4211; x_wconf 80' lang='lat' dir='ltr'>consepqu</span> <span class='ocrx_word' id='word_1_395' title='bbox 3472 4147 3693 4198; x_wconf 81' lang='lat' dir='ltr'>manet.</span> 
     </span>
    </p>
   </div>
   <div class='ocr_carea' id='block_1_74' title="bbox 2048 4226 3693 4300">
    <p class='ocr_par' dir='ltr' id='par_1_74' title="bbox 2048 4226 3693 4300">
     <span class='ocr_line' id='line_1_74' title="bbox 2048 4226 3693 4300; baseline 0.002 -17"><span class='ocrx_word' id='word_1_396' title='bbox 2048 4228 2315 4283; x_wconf 79' lang='lat' dir='ltr'>Mortuus</span> <span class='ocrx_word' id='word_1_397' title='bbox 2343 4233 2431 4284; x_wconf 86' lang='lat' dir='ltr'>est</span> <span class='ocrx_word' id='word_1_398' title='bbox 2452 4232 2649 4283; x_wconf 89' lang='lat' dir='ltr'>autem</span> <span class='ocrx_word' id='word_1_399' title='bbox 2682 4244 2835 4283; x_wconf 81' lang='lat' dir='ltr'>anno</span> <span class='ocrx_word' id='word_1_400' title='bbox 2855 4226 3063 4300; x_wconf 80' lang='lat' dir='ltr'>quinto</span> <span class='ocrx_word' id='word_1_401' title='bbox 3074 4232 3384 4300; x_wconf 83' lang='lat' dir='ltr'>postquam</span> <span class='ocrx_word' id='word_1_402' title='bbox 3397 4228 3693 4286; x_wconf 75' lang='lat' dir='ltr'>Alarieum</span> 
     </span>
    </p>
   </div>
   <div class='ocr_carea' id='block_1_75' title="bbox 2044 4315 3691 4392">
    <p class='ocr_par' dir='ltr' id='par_1_75' title="bbox 2044 4315 3691 4392">
     <span class='ocr_line' id='line_1_75' title="bbox 2044 4315 3691 4392; baseline 0.001 -21"><span class='ocrx_word' id='word_1_403' title='bbox 2044 4332 2241 4389; x_wconf 88' lang='lat' dir='ltr'>regem</span> <span class='ocrx_word' id='word_1_404' title='bbox 2272 4316 2591 4372; x_wconf 80' lang='lat' dir='ltr'>Gothorum</span> <span class='ocrx_word' id='word_1_405' title='bbox 2638 4315 2949 4383; x_wconf 83' lang='lat' dir='ltr'>interfecit,</span> <span class='ocrx_word' id='word_1_406' title='bbox 2983 4333 3136 4372; x_wconf 80' lang='lat' dir='ltr'>anno</span> <span class='ocrx_word' id='word_1_407' title='bbox 3181 4316 3482 4389; x_wconf 84' lang='lat' dir='ltr'>trigesimo</span> <span class='ocrx_word' id='word_1_408' title='bbox 3524 4319 3691 4392; x_wconf 80' lang='lat' dir='ltr'>regni</span> 
     </span>
    </p>
   </div>
   <div class='ocr_carea' id='block_1_76' title="bbox 2043 4403 3694 4477">
    <p class='ocr_par' dir='ltr' id='par_1_76' title="bbox 2043 4403 3694 4477">
     <span class='ocr_line' id='line_1_76' title="bbox 2043 4403 3694 4477; baseline 0.002 -19"><span class='ocrx_word' id='word_1_409' title='bbox 2043 4405 2155 4459; x_wconf 91' lang='lat' dir='ltr'>sui.</span> <span class='ocrx_word' id='word_1_410' title='bbox 2190 4406 2232 4458; x_wconf 86' lang='lat' dir='ltr'><strong>A</strong></span> <span class='ocrx_word' id='word_1_411' title='bbox 2266 4404 2516 4459; x_wconf 87' lang='lat' dir='ltr'>transitu</span> <span class='ocrx_word' id='word_1_412' title='bbox 2546 4421 2680 4459; x_wconf 83' lang='lat' dir='ltr'>vero</span> <span class='ocrx_word' id='word_1_413' title='bbox 2709 4403 2895 4459; x_wconf 84' lang='lat' dir='ltr'>sancti</span> <span class='ocrx_word' id='word_1_414' title='bbox 2928 4403 3160 4460; x_wconf 82' lang='lat' dir='ltr'>Martini</span> <span class='ocrx_word' id='word_1_415' title='bbox 3193 4420 3380 4477; x_wconf 87' lang='lat' dir='ltr'>usque</span> <span class='ocrx_word' id='word_1_416' title='bbox 3412 4404 3484 4459; x_wconf 87' lang='lat' dir='ltr'>ad</span> <span class='ocrx_word' id='word_1_417' title='bbox 3498 4410 3694 4462; x_wconf 62' lang='lat' dir='ltr'>trans»</span> 
     </span>
    </p>
   </div>
   <div class='ocr_carea' id='block_1_77' title="bbox 2042 4493 3693 4566">
    <p class='ocr_par' dir='ltr' id='par_1_77' title="bbox 2042 4493 3693 4566">
     <span class='ocr_line' id='line_1_77' title="bbox 2042 4493 3693 4566; baseline 0.002 -19"><span class='ocrx_word' id='word_1_418' title='bbox 2042 4493 2191 4548; x_wconf 87' lang='lat' dir='ltr'>itum</span> <span class='ocrx_word' id='word_1_419' title='bbox 2223 4493 2531 4549; x_wconf 89' lang='lat' dir='ltr'>Chlodovei</span> <span class='ocrx_word' id='word_1_420' title='bbox 2564 4493 2741 4566; x_wconf 89' lang='lat' dir='ltr'>regis,</span> <span class='ocrx_word' id='word_1_421' title='bbox 2775 4493 3011 4547; x_wconf 86' lang='lat' dir='ltr'>fuerunt</span> <span class='ocrx_word' id='word_1_422' title='bbox 3035 4494 3173 4548; x_wconf 89' lang='lat' dir='ltr'>anni</span> <span class='ocrx_word' id='word_1_423' title='bbox 3195 4493 3361 4551; x_wconf 79' lang='lat' dir='ltr'><strong>CXII.</strong></span> <span class='ocrx_word' id='word_1_424' title='bbox 3383 4493 3518 4550; x_wconf 72' lang='lat' dir='ltr'>Post</span> <span class='ocrx_word' id='word_1_425' title='bbox 3538 4511 3693 4550; x_wconf 55' lang='lat' dir='ltr'>morr</span> 
     </span>
    </p>
   </div>
   <div class='ocr_carea' id='block_1_78' title="bbox 2041 4581 3688 4655">
    <p class='ocr_par' dir='ltr' id='par_1_78' title="bbox 2041 4581 3688 4655">
     <span class='ocr_line' id='line_1_78' title="bbox 2041 4581 3688 4655; baseline 0.002 -18"><span class='ocrx_word' id='word_1_426' title='bbox 2041 4587 2157 4637; x_wconf 91' lang='lat' dir='ltr'>tem</span> <span class='ocrx_word' id='word_1_427' title='bbox 2191 4598 2424 4654; x_wconf 88' lang='lat' dir='ltr'>quoque</span> <span class='ocrx_word' id='word_1_428' title='bbox 2453 4582 2604 4654; x_wconf 87' lang='lat' dir='ltr'>ejus,</span> <span class='ocrx_word' id='word_1_429' title='bbox 2637 4586 2890 4653; x_wconf 91' lang='lat' dir='ltr'>quatuor</span> <span class='ocrx_word' id='word_1_430' title='bbox 2921 4581 3023 4636; x_wconf 85' lang='lat' dir='ltr'>filii</span> <span class='ocrx_word' id='word_1_431' title='bbox 3057 4581 3266 4655; x_wconf 90' lang='lat' dir='ltr'>ipsius,</span> <span class='ocrx_word' id='word_1_432' title='bbox 3290 4583 3688 4641; x_wconf 71' lang='lat' dir='ltr'>Theodoricuc</span> 
     </span>
    </p>
   </div>
   <div class='ocr_carea' id='block_1_79' title="bbox 2036 4669 3689 4738">
    <p class='ocr_par' dir='ltr' id='par_1_79' title="bbox 2036 4669 3689 4738">
     <span class='ocr_line' id='line_1_79' title="bbox 2036 4669 3689 4738; baseline 0.002 -13"><span class='ocrx_word' id='word_1_433' title='bbox 2036 4670 2327 4737; x_wconf 87' lang='lat' dir='ltr'>videlicet,</span> <span class='ocrx_word' id='word_1_434' title='bbox 2358 4675 2417 4726; x_wconf 83' lang='lat' dir='ltr'>et</span> <span class='ocrx_word' id='word_1_435' title='bbox 2444 4669 2851 4738; x_wconf 85' lang='lat' dir='ltr'>Chlodomiris,</span> <span class='ocrx_word' id='word_1_436' title='bbox 2902 4670 3328 4738; x_wconf 88' lang='lat' dir='ltr'>Childebertus,</span> <span class='ocrx_word' id='word_1_437' title='bbox 3377 4676 3435 4727; x_wconf 88' lang='lat' dir='ltr'>et</span> <span class='ocrx_word' id='word_1_438' title='bbox 3460 4672 3689 4729; x_wconf 59' lang='lat' dir='ltr'>Chlotap</span> 
     </span>
    </p>
   </div>
   <div class='ocr_carea' id='block_1_80' title="bbox 2038 4758 3685 4833">
    <p class='ocr_par' dir='ltr' id='par_1_80' title="bbox 2038 4758 3685 4833">
     <span class='ocr_line' id='line_1_80' title="bbox 2038 4758 3685 4833; baseline 0.003 -20"><span class='ocrx_word' id='word_1_439' title='bbox 2038 4759 2183 4822; x_wconf 84' lang='lat' dir='ltr'>rius,</span> <span class='ocrx_word' id='word_1_440' title='bbox 2217 4776 2462 4833; x_wconf 87' lang='lat' dir='ltr'>regnum</span> <span class='ocrx_word' id='word_1_441' title='bbox 2495 4759 2792 4830; x_wconf 88' lang='lat' dir='ltr'>ejusinter</span> <span class='ocrx_word' id='word_1_442' title='bbox 2820 4775 2883 4814; x_wconf 84' lang='lat' dir='ltr'>se</span> <span class='ocrx_word' id='word_1_443' title='bbox 2901 4758 3246 4815; x_wconf 84' lang='lat' dir='ltr'>diviserunt.</span> <span class='ocrx_word' id='word_1_444' title='bbox 3266 4760 3470 4816; x_wconf 87' lang='lat' dir='ltr'>Adhuc</span> <span class='ocrx_word' id='word_1_445' title='bbox 3488 4765 3685 4818; x_wconf 83' lang='lat' dir='ltr'>autem</span> 
     </span>
    </p>
   </div>
   <div class='ocr_carea' id='block_1_81' title="bbox 2035 4847 3688 4922">
    <p class='ocr_par' dir='ltr' id='par_1_81' title="bbox 2035 4847 3688 4922">
     <span class='ocr_line' id='line_1_81' title="bbox 2035 4847 3688 4922; baseline 0.002 -18"><span class='ocrx_word' id='word_1_446' title='bbox 2035 4848 2331 4904; x_wconf 86' lang='lat' dir='ltr'>Chlotario</span> <span class='ocrx_word' id='word_1_447' title='bbox 2352 4848 2607 4919; x_wconf 89' lang='lat' dir='ltr'>juniore,</span> <span class='ocrx_word' id='word_1_448' title='bbox 2638 4848 2831 4903; x_wconf 88' lang='lat' dir='ltr'>tribus</span> <span class='ocrx_word' id='word_1_449' title='bbox 2858 4847 3136 4903; x_wconf 86' lang='lat' dir='ltr'>fratribus</span> <span class='ocrx_word' id='word_1_450' title='bbox 3167 4847 3459 4905; x_wconf 83' lang='lat' dir='ltr'>defunctis</span> <span class='ocrx_word' id='word_1_451' title='bbox 3484 4865 3688 4922; x_wconf 81' lang='lat' dir='ltr'>supcr-</span> 
     </span>
    </p>
   </div>
   <div class='ocr_carea' id='block_1_82' title="bbox 2035 4934 3681 5008">
    <p class='ocr_par' dir='ltr' id='par_1_82' title="bbox 2035 4934 3681 5008">
     <span class='ocr_line' id='line_1_82' title="bbox 2035 4934 3681 5008; baseline 0.002 -17"><span class='ocrx_word' id='word_1_452' title='bbox 2035 4936 2192 5003; x_wconf 88' lang='lat' dir='ltr'>stitc,</span> <span class='ocrx_word' id='word_1_453' title='bbox 2225 4952 2390 4991; x_wconf 90' lang='lat' dir='ltr'>soror</span> <span class='ocrx_word' id='word_1_454' title='bbox 2422 4938 2551 5008; x_wconf 90' lang='lat' dir='ltr'>ejus</span> <span class='ocrx_word' id='word_1_455' title='bbox 2581 4934 3035 4992; x_wconf 85' lang='lat' dir='ltr'>Theudechildis</span> <span class='ocrx_word' id='word_1_456' title='bbox 3053 4936 3310 5005; x_wconf 84' lang='lat' dir='ltr'>nomine,</span> <span class='ocrx_word' id='word_1_457' title='bbox 3332 4952 3400 4992; x_wconf 89' lang='lat' dir='ltr'>eo</span> <span class='ocrx_word' id='word_1_458' title='bbox 3430 4936 3681 5008; x_wconf 83' lang='lat' dir='ltr'>favente,</span> 
     </span>
    </p>
   </div>
   <div class='ocr_carea' id='block_1_83' title="bbox 2033 5024 3682 5099">
    <p class='ocr_par' dir='ltr' id='par_1_83' title="bbox 2033 5024 3682 5099">
     <span class='ocr_line' id='line_1_83' title="bbox 2033 5024 3682 5099; baseline 0.004 -19"><span class='ocrx_word' id='word_1_459' title='bbox 2033 5026 2092 5080; x_wconf 84' lang='lat' dir='ltr'>in</span> <span class='ocrx_word' id='word_1_460' title='bbox 2125 5029 2441 5098; x_wconf 87' lang='lat' dir='ltr'>conspectu</span> <span class='ocrx_word' id='word_1_461' title='bbox 2472 5025 2795 5081; x_wconf 87' lang='lat' dir='ltr'>Sennensis</span> <span class='ocrx_word' id='word_1_462' title='bbox 2819 5024 3004 5093; x_wconf 88' lang='lat' dir='ltr'>urbis,</span> <span class='ocrx_word' id='word_1_463' title='bbox 3039 5025 3111 5080; x_wconf 88' lang='lat' dir='ltr'>ad</span> <span class='ocrx_word' id='word_1_464' title='bbox 3138 5024 3327 5081; x_wconf 88' lang='lat' dir='ltr'>instar</span> <span class='ocrx_word' id='word_1_465' title='bbox 3345 5024 3507 5083; x_wconf 86' lang='lat' dir='ltr'>illius</span> <span class='ocrx_word' id='word_1_466' title='bbox 3525 5029 3682 5099; x_wconf 84' lang='lat' dir='ltr'>quod</span> 
     </span>
    </p>
   </div>
   <div class='ocr_carea' id='block_1_84' title="bbox 292 5109 3683 5188">
    <p class='ocr_par' dir='ltr' id='par_1_84' title="bbox 292 5109 3683 5188">
     <span class='ocr_line' id='line_1_84' title="bbox 292 5109 3683 5188; baseline 0.003 -23"><span class='ocrx_word' id='word_1_467' title='bbox 292 5109 624 5172; x_wconf 88' lang='lat' dir='ltr'>Gundoveus</span> <span class='ocrx_word' id='word_1_468' title='bbox 652 5132 754 5171; x_wconf 83' lang='lat' dir='ltr'>rex</span> <span class='ocrx_word' id='word_1_469' title='bbox 778 5114 1264 5188; x_wconf 88' lang='lat' dir='ltr'>Burgundionum</span> <span class='ocrx_word' id='word_1_470' title='bbox 1292 5113 1421 5169; x_wconf 89' lang='lat' dir='ltr'>fuit.</span> <span class='ocrx_word' id='word_1_471' title='bbox 1450 5118 1769 5186; x_wconf 87' lang='lat' dir='ltr'>Postquam</span> <span class='ocrx_word' id='word_1_472' title='bbox 1790 5131 1922 5172; x_wconf 90' lang='lat' dir='ltr'>vero</span> <span class='ocrx_word' id='word_1_473' title='bbox 1958 5168 1996 5188; x_wconf 62' lang='grc' dir='ltr'><strong><em>η</em></strong></span> <span class='ocrx_word' id='word_1_474' title='bbox 2033 5114 2328 5187; x_wconf 89' lang='lat' dir='ltr'>genitores</span> <span class='ocrx_word' id='word_1_475' title='bbox 2385 5114 2513 5185; x_wconf 91' lang='lat' dir='ltr'>ejus</span> <span class='ocrx_word' id='word_1_476' title='bbox 2560 5113 2797 5170; x_wconf 82' lang='lat' dir='ltr'>Parisiis</span> <span class='ocrx_word' id='word_1_477' title='bbox 2841 5118 3310 5183; x_wconf 74' lang='lat' dir='ltr'>construxerant,</span> <span class='ocrx_word' id='word_1_478' title='bbox 3354 5114 3419 5172; x_wconf 83' lang='lat' dir='ltr'>in</span> <span class='ocrx_word' id='word_1_479' title='bbox 3464 5114 3683 5174; x_wconf 76' lang='lat' dir='ltr'>honoro</span> 
     </span>
    </p>
   </div>
   <div class='ocr_carea' id='block_1_85' title="bbox 289 5168 3679 5275">
    <p class='ocr_par' dir='ltr' id='par_1_85' title="bbox 289 5168 3679 5275">
     <span class='ocr_line' id='line_1_85' title="bbox 289 5168 3679 5275; baseline -0.003 -16"><span class='ocrx_word' id='word_1_480' title='bbox 289 5168 633 5271; x_wconf 49' lang='grc' dir='ltr'>(ιωοάὸὲὲῖλὲ</span> <span class='ocrx_word' id='word_1_481' title='bbox 654 5168 786 5275; x_wconf 46' lang='grc' dir='ltr'>ἐξ,</span> <span class='ocrx_word' id='word_1_482' title='bbox 832 5168 1574 5271; x_wconf 46' lang='grc' dir='ltr'>ὖὲέἔεὶιᾏβχιιοι-ωιηε,</span> <span class='ocrx_word' id='word_1_483' title='bbox 1611 5168 1682 5259; x_wconf 62' lang='lat' dir='ltr'>‘a</span> <span class='ocrx_word' id='word_1_484' title='bbox 1716 5168 1920 5261; x_wconf 49' lang='lat' dir='ltr'>ius;</span> <span class='ocrx_word' id='word_1_485' title='bbox 1953 5168 1998 5233; x_wconf 74' lang='grc' dir='ltr'>Β</span> <span class='ocrx_word' id='word_1_486' title='bbox 2030 5168 2507 5274; x_wconf 59' lang='grc' dir='ltr'>ἔυρναάίξιοιιῖιαέ</span> <span class='ocrx_word' id='word_1_487' title='bbox 2560 5168 2959 5275; x_wconf 50' lang='lat' dir='ltr'>amiciorem</span> <span class='ocrx_word' id='word_1_488' title='bbox 3027 5168 3449 5260; x_wconf 49' lang='lat' dir='ltr'>egissit}.</span> <span class='ocrx_word' id='word_1_489' title='bbox 3466 5168 3679 5261; x_wconf 56' lang='lat' dir='ltr'>&quot;sia:</span> 
     </span>
    </p>
   </div>
   <div class='ocr_carea' id='block_1_86' title="bbox 292 5288 3678 5367">
    <p class='ocr_par' dir='ltr' id='par_1_86' title="bbox 292 5288 3678 5367">
     <span class='ocr_line' id='line_1_86' title="bbox 292 5288 3678 5367; baseline 0.001 -20"><span class='ocrx_word' id='word_1_490' title='bbox 292 5288 531 5367; x_wconf 77' lang='lat' dir='ltr'>Remigio</span> <span class='ocrx_word' id='word_1_491' title='bbox 586 5294 973 5351; x_wconf 65' lang='lat' dir='ltr'>Remensium</span> <span class='ocrx_word' id='word_1_492' title='bbox 1032 5293 1306 5366; x_wconf 86' lang='lat' dir='ltr'>episcopo</span> <span class='ocrx_word' id='word_1_493' title='bbox 1365 5292 1735 5365; x_wconf 64' lang='lat' dir='ltr'>praedicante,</span> <span class='ocrx_word' id='word_1_494' title='bbox 1808 5295 1918 5349; x_wconf 91' lang='lat' dir='ltr'>sub</span> <span class='ocrx_word' id='word_1_495' title='bbox 2029 5291 2207 5360; x_wconf 87' lang='lat' dir='ltr'>cavit;</span> <span class='ocrx_word' id='word_1_496' title='bbox 2240 5295 2298 5347; x_wconf 89' lang='lat' dir='ltr'>et</span> <span class='ocrx_word' id='word_1_497' title='bbox 2326 5294 2391 5346; x_wconf 90' lang='lat' dir='ltr'>ut</span> <span class='ocrx_word' id='word_1_498' title='bbox 2411 5291 2522 5347; x_wconf 92' lang='lat' dir='ltr'>sub</span> <span class='ocrx_word' id='word_1_499' title='bbox 2553 5296 2757 5347; x_wconf 86' lang='lat' dir='ltr'>sancta</span> <span class='ocrx_word' id='word_1_500' title='bbox 2786 5290 3067 5365; x_wconf 80' lang='lat' dir='ltr'>religiose</span> <span class='ocrx_word' id='word_1_501' title='bbox 3096 5297 3154 5348; x_wconf 78' lang='lat' dir='ltr'>et</span> <span class='ocrx_word' id='word_1_502' title='bbox 3174 5292 3406 5350; x_wconf 84' lang='lat' dir='ltr'>abbatis</span> <span class='ocrx_word' id='word_1_503' title='bbox 3431 5292 3678 5367; x_wconf 85' lang='lat' dir='ltr'>imperio</span> 
     </span>
    </p>
   </div>
   <div class='ocr_carea' id='block_1_87' title="bbox 289 5379 3676 5455">
    <p class='ocr_par' dir='ltr' id='par_1_87' title="bbox 289 5379 3676 5455">
     <span class='ocr_line' id='line_1_87' title="bbox 289 5379 3676 5455; baseline 0.002 -21"><span class='ocrx_word' id='word_1_504' title='bbox 289 5387 482 5449; x_wconf 57' lang='lat' dir='ltr'>sanctae</span> <span class='ocrx_word' id='word_1_505' title='bbox 512 5382 1074 5451; x_wconf 62' lang='lat' dir='ltr'>I‘riaitatisnomine</span> <span class='ocrx_word' id='word_1_506' title='bbox 1092 5382 1421 5455; x_wconf 63' lang='lat' dir='ltr'>baptizatus</span> <span class='ocrx_word' id='word_1_507' title='bbox 1443 5381 1915 5454; x_wconf 79' lang='lat' dir='ltr'>est,eo-jubente,</span> <span class='ocrx_word' id='word_1_508' title='bbox 2029 5380 2246 5437; x_wconf 81' lang='lat' dir='ltr'>ibidem</span> <span class='ocrx_word' id='word_1_509' title='bbox 2280 5379 2553 5437; x_wconf 85' lang='lat' dir='ltr'>monachi</span> <span class='ocrx_word' id='word_1_510' title='bbox 2602 5384 2718 5436; x_wconf 87' lang='lat' dir='ltr'>Deo</span> <span class='ocrx_word' id='word_1_511' title='bbox 2762 5380 2989 5437; x_wconf 86' lang='lat' dir='ltr'>cunctis</span> <span class='ocrx_word' id='word_1_512' title='bbox 3038 5380 3246 5439; x_wconf 87' lang='lat' dir='ltr'>diebus</span> <span class='ocrx_word' id='word_1_513' title='bbox 3295 5382 3676 5451; x_wconf 83' lang='lat' dir='ltr'>deservirent,</span> 
     </span>
    </p>
   </div>
   <div class='ocr_carea' id='block_1_88' title="bbox 289 5467 3676 5546">
    <p class='ocr_par' dir='ltr' id='par_1_88' title="bbox 289 5467 3676 5546">
     <span class='ocr_line' id='line_1_88' title="bbox 289 5467 3676 5546; baseline 0.001 -23"><span class='ocrx_word' id='word_1_514' title='bbox 289 5467 629 5529; x_wconf 77' lang='lat' dir='ltr'>Chrochildis</span> <span class='ocrx_word' id='word_1_515' title='bbox 679 5472 884 5546; x_wconf 89' lang='lat' dir='ltr'>regina</span> <span class='ocrx_word' id='word_1_516' title='bbox 930 5473 1003 5529; x_wconf 86' lang='lat' dir='ltr'>ad</span> <span class='ocrx_word' id='word_1_517' title='bbox 1033 5470 1421 5528; x_wconf 85' lang='lat' dir='ltr'>meridianam</span> <span class='ocrx_word' id='word_1_518' title='bbox 1471 5468 1705 5545; x_wconf 82' lang='lat' dir='ltr'>plagam</span> <span class='ocrx_word' id='word_1_519' title='bbox 1755 5472 1919 5529; x_wconf 91' lang='lat' dir='ltr'>urbis</span> <span class='ocrx_word' id='word_1_520' title='bbox 2026 5469 2662 5542; x_wconf 87' lang='lat' dir='ltr'>instituit;corpusque</span> <span class='ocrx_word' id='word_1_521' title='bbox 2679 5486 2853 5526; x_wconf 84' lang='lat' dir='ltr'>suum</span> <span class='ocrx_word' id='word_1_522' title='bbox 2873 5469 3087 5527; x_wconf 82' lang='lat' dir='ltr'>ibidem</span> <span class='ocrx_word' id='word_1_523' title='bbox 3111 5470 3425 5544; x_wconf 60' lang='lat' dir='ltr'>sepultura:</span> <span class='ocrx_word' id='word_1_524' title='bbox 3446 5471 3676 5528; x_wconf 76' lang='lat' dir='ltr'>tradere</span> 
     </span>
    </p>
   </div>
   <div class='ocr_carea' id='block_1_89' title="bbox 289 5555 3670 5639">
    <p class='ocr_par' dir='ltr' id='par_1_89' title="bbox 289 5555 3670 5639">
     <span class='ocr_line' id='line_1_89' title="bbox 289 5555 3670 5639; baseline 0.001 -25"><span class='ocrx_word' id='word_1_525' title='bbox 289 5555 588 5633; x_wconf 72' lang='lat' dir='ltr'>Parisiacae,</span> <span class='ocrx_word' id='word_1_526' title='bbox 619 5561 966 5639; x_wconf 88' lang='lat' dir='ltr'>interposito</span> <span class='ocrx_word' id='word_1_527' title='bbox 995 5561 1267 5637; x_wconf 86' lang='lat' dir='ltr'>Sequana</span> <span class='ocrx_word' id='word_1_528' title='bbox 1296 5559 1558 5634; x_wconf 87' lang='lat' dir='ltr'>ﬂumine,</span> <span class='ocrx_word' id='word_1_529' title='bbox 1605 5559 1663 5617; x_wconf 90' lang='lat' dir='ltr'>in</span> <span class='ocrx_word' id='word_1_530' title='bbox 1697 5560 1917 5618; x_wconf 88' lang='lat' dir='ltr'>honore</span> <span class='ocrx_word' id='word_1_531' title='bbox 2026 5558 2344 5618; x_wconf 88' lang='lat' dir='ltr'>mandavit.</span> <span class='ocrx_word' id='word_1_532' title='bbox 2374 5557 2665 5636; x_wconf 84' lang='lat' dir='ltr'>Quicquid</span> <span class='ocrx_word' id='word_1_533' title='bbox 2697 5575 2830 5619; x_wconf 84' lang='lat' dir='ltr'>vero</span> <span class='ocrx_word' id='word_1_534' title='bbox 2880 5560 3026 5619; x_wconf 82' lang='lat' dir='ltr'>citra</span> <span class='ocrx_word' id='word_1_535' title='bbox 3063 5560 3339 5637; x_wconf 88' lang='lat' dir='ltr'>Ligerim,</span> <span class='ocrx_word' id='word_1_536' title='bbox 3388 5560 3447 5619; x_wconf 89' lang='lat' dir='ltr'>id</span> <span class='ocrx_word' id='word_1_537' title='bbox 3476 5566 3566 5620; x_wconf 83' lang='lat' dir='ltr'>est</span> <span class='ocrx_word' id='word_1_538' title='bbox 3610 5559 3670 5617; x_wconf 88' lang='lat' dir='ltr'>in</span> 
     </span>
    </p>
   </div>
  </div>
