4036 6172
236 268 353 331 805

1723 270 2156 339 OPUSCULA.

3525 281 3641 345 806

305 402 922 484 mana’_(t7).Qu_inmm
953 403 1059 461 hoc
1087 404 1881 462 lanlmnmodoleslimonium
1916 414 1961 477 Α
1995 404 2298 461 dominum
2352 405 2423 460 de
2471 406 2716 463 crimine
2750 406 3073 478 majestatis
3118 412 3400 467 tractasse
3431 414 3641 484 proba-

306 476 680 531 recilubimus
717 478 755 547 ε)

303 604 333 633 ‹‹
367 582 428 637 Si
460 581 601 653 quid
632 582 815 638 iratus
846 582 1066 638 crimen
1097 582 1334 654 aliquod
1381 587 1598 639 temere
1646 584 1886 641 cuilibet

236 669 861 743 objecerit,convicium
893 688 1009 727 non
1035 674 1125 727 est
1154 688 1257 744 pro
1280 672 1649 729 accusatione
1670 672 1886 729 haben-

236 760 515 828 dum;sed
544 760 846 831 praemisso
876 761 1162 816 tractandi
1193 761 1402 834 spatio,
1428 761 1482 817 id
1515 763 1673 834 quod
1702 762 1885 818 iratus

235 849 400 915 dixit,
436 865 542 922 per
570 848 921 921 scripturam
953 866 1015 905 se
1046 850 1431 922 probaturum
1462 867 1590 906 esse
1615 852 1882 907 fateatur.

235 938 394 1005 Quod
423 936 474 993 si
504 937 750 994 fortasse
780 938 1305 1011 resipiscens,post
1332 939 1696 994 iracundiam
1726 940 1885 1013 quod

234 1028 379 1083 dixit
405 1026 617 1083 iterare
647 1033 749 1082 aut
779 1027 1034 1083 scribere
1080 1028 1327 1084 fortasse
1375 1027 1647 1095 noluerit,
1679 1046 1794 1085 non
1823 1032 1889 1085 ut

236 1133 370 1172 reus
402 1115 672 1171 criminis
703 1119 992 1171 teneatur.
1026 1139 1054 1165 »
1086 1116 1252 1173 Item.
1287 1140 1315 1167 «
1348 1118 1470 1173 Nisi
1505 1117 1886 1190 inscriptione

235 1204 549 1271 celebrata,
584 1221 748 1260 reum
780 1221 1138 1277 quemquam
1172 1223 1286 1261 non
1317 1206 1460 1271 fieri,
1494 1223 1597 1262 nec
1629 1208 1698 1261 ad
1722 1207 1884 1277 judi-

234 1295 392 1349 cium
424 1293 852 1366 exhiberi;quia
877 1294 1031 1349 sicut
1062 1295 1390 1351 convictum
1413 1312 1582 1368 pmna
1603 1297 1889 1351 constrin-

235 1384 432 1455 git,ita
462 1386 518 1439 et
546 1382 1023 1448 accusatorem,si
1057 1402 1171 1457 non
1206 1384 1534 1457 probaverit
1555 1385 1709 1457 quod
1736 1385 1889 1455 obje-

234 1471 373 1526 cit.»
402 1472 608 1527 Item.«
643 1471 766 1526 Non
797 1471 1154 1527 credendum
1187 1477 1275 1528 est
1304 1488 1503 1527 eorum
1537 1472 1888 1528 confessioni

234 1565 443 1616 contra
472 1560 635 1628 alios,
670 1560 771 1632 qui
801 1560 860 1615 in
891 1561 1238 1616 criminibus
1280 1566 1651 1629 accusantur,
1681 1562 1794 1618 nisi
1826 1578 1889 1617 se

233 1649 403 1721 prius
433 1647 804 1721 probaverint
837 1649 1210 1717 innocentes;
1244 1650 1385 1722 quia
1424 1649 1749 1722 periculosa
1800 1655 1891 1707 est

231 1743 289 1794 et
305 1738 547 1793 admitti
566 1754 681 1793 non
699 1737 870 1794 debet
885 1738 965 1793 rei
983 1737 1263 1795 adversus
1297 1739 1635 1812 quempiam
1658 1740 1883 1795 confes-

229 1826 342 1883 sio.
382 1849 413 1875 »
442 1827 650 1883 ltem.«
684 1828 830 1881 Ante
854 1826 1295 1899 inscriptionem
1329 1844 1499 1883 nemo
1530 1831 1767 1883 vocetur
1781 1828 1892 1883 cri-

231 1915 682 1971 minosus.Nam
717 1915 1095 1988 inscriptione
1126 1933 1230 1988 per
1260 1916 1523 1973 ordinem
1558 1918 1730 1988 facta,
1753 1921 1893 1973 tunc

230 2022 266 2060 a
277 2004 486 2076 judice
516 2003 930 2077 suspiciendus
958 2009 1049 2060 est
1079 2022 1233 2072 reus;
1251 2022 1319 2061 ea
1346 2008 1544 2061 tamen
1577 2006 1800 2061 ratione
1831 2010 1897 2061 ut

229 2099 357 2149 tam
388 2093 647 2150 accusati
673 2110 849 2166 quam
882 2093 1241 2150 accusatoris
1264 2094 1523 2167 dignitas
1547 2095 1892 2163 aestimetur;

231 2187 289 2238 et
320 2199 809 2255 unumquemque
823 2187 955 2238 ante
982 2181 1408 2239 discussionem
1435 2183 1516 2237 ita
1524 2184 1703 2255 judcx
1725 2184 1897 2239 iaciat

233 2271 542 2340 custodiri,
562 2277 626 2327 ut
655 2289 856 2329 eorum
889 2272 1115 2327 natales
1147 2276 1249 2327 aut
1277 2271 1534 2345 dignitas
1559 2273 1892 2345 patiuntur.

237 2363 393 2419 Sane
422 2361 518 2418 his
548 2362 647 2434 qui
666 2362 915 2418 crimina
929 2363 1113 2418 suain
1130 2362 1450 2434 quaestione
1468 2363 1717 2419 confessi
1734 2365 1892 2431 sunt,

242 2452 315 2507 de
344 2450 475 2507 aliis
506 2451 556 2506 si
588 2451 778 2507 dicere
803 2450 1117 2519 voluerint,
1142 2469 1175 2506 a
1197 2451 1396 2523 judice
1428 2468 1546 2507 non
1575 2453 1847 2508 credatur
1879 2470 1892 2507 :

246 2541 384 2613 quia
400 2541 538 2611 jure
565 2540 795 2613 legibus
824 2540 1207 2597 constitutum
1231 2545 1895 2614 est,utspontaneapro-

251 2630 495 2686 fessione
526 2646 660 2685 reus
687 2646 849 2685 reum
886 2647 1000 2685 non
1033 2629 1244 2699 faciat;
1278 2647 1465 2703 neque
1505 2629 1585 2685 illi
1618 2630 1691 2686 de
1716 2629 1895 2685 altero

253 2719 536 2786 credatur,
568 2718 668 2791 qui
702 2734 763 2774 se
792 2718 1175 2775 criminosum
1204 2736 1334 2775 esse
1387 2719 1691 2776 confessus
1722 2722 1829 2775 est.
1866 2742 1895 2768 »

258 2807 411 2863 Item.
444 2830 471 2859 ‹‹
510 2808 723 2864 Servus
754 2807 1061 2863 dominum
1092 2823 1396 2875 accusans,
1421 2825 1536 2863 non
1569 2806 1758 2864 solum
1791 2825 1894 2863 au-

260 2896 494 2954 diendus
519 2913 636 2953 non
668 2901 982 2965 est,verum
1008 2897 1183 2954 etiam
1216 2897 1574 2969 puniendus,
1601 2897 1716 2953 nisi
1750 2898 1897 2954 forte

1993 496 2157 549 verit.
2193 518 2219 543 ››
2257 496 2416 549 ltem.
2453 519 2480 545 ς(
2519 496 2576 551 Si
2606 514 2809 551 servus
2840 498 3144 553 dominum
3177 504 3277 554 aut
3308 500 3535 557 amicus
3557 502 3643 557 vel

1993 582 2351 639 domesticus
2384 583 2504 640 sive
2534 583 2778 641 libertus
2808 590 3117 656 patronum
3151 590 3529 656 accusaverit,
3557 590 3643 647 vel

1993 671 2266 728 detulerit
2289 672 2606 744 cujuslibet
2636 689 2824 739 reum,
2851 674 3051 730 statim
3083 675 3144 730 in
3191 676 3321 748 ipso
3351 677 3519 734 initio
3548 696 3643 735 ac-

1994 760 2336 829 cusationis,
2365 761 2561 834 gladio
2591 762 2900 835 puniatur;
2935 764 3076 836 quia
3103 781 3211 821 nos
3240 782 3437 824 vocem
3466 768 3645 825 talem

1994 850 2285 924 exstingui
2313 851 2730 917 volumus,non
2760 852 2983 919 audiri;
3019 854 3131 909 nisi
3164 855 3310 911 forte
3338 855 3645 913 dominum

1997 944 2099 996 aut
2127 945 2440 1012 patronum
2473 941 2543 996 de
2572 940 2817 997 crimine
2847 942 3175 1013 majestatis
3201 947 3482 1000 tractasse
3513 962 3645 1018 pro-

1993 1029 2240 1085 haverit.
2282 1052 2310 1079 ››

1996 1119 2070 1191 (6.
2105 1119 2200 1173 Ea:
2225 1118 2464 1175 concilio
2492 1118 2841 1190 Agat/censi,-
2881 1122 2933 1175 7.
2969 1137 3045 1176 ea:
3090 1121 3337 1178 decreti:
3379 1123 3650 1180 Silvestri

2066 1206 2276 1267 papae;
2305 1194 2357 1246 8.
2390 1208 2483 1267 exA
2508 1191 2751 1267 concilio
2797 1194 3258 1263 Carthagincnsi,
3289 1209 3415 1267 qua
3452 1196 3649 1251 omnia
3726 1204 3731 1213 ‘

2065 1262 2382 1404 gniiuiipus
2404 1280 2422 1315 :
2454 1262 2508 1317 9.
2548 1267 2683 1319 [nec
2710 1262 2941 1319 demum
2969 1262 3252 1321 habentur
3291 1262 3420 1338 quae
3461 1268 3646 1324 ascri-

2104 1349 2273 1388 imus.

2069 1422 2149 1476 De
2179 1420 2749 1477 accusationibusvcl
2766 1423 3648 1496 inscriptionibusconstitutum

1998 1513 2086 1565 est
2119 1510 2189 1566 ab
2218 1510 2673 1584 imperatoribus
2705 1512 3033 1568 Theodosio
3050 1518 3108 1569 et
3135 1514 3651 1585 Constantino,Ar-

1997 1599 2183 1666 cadio,
2216 1604 2273 1655 et
2301 1600 2576 1667 Honorio,
2609 1600 2697 1657 vel
2726 1601 2955 1669 ceteris,
2984 1607 3187 1659 contra
3223 1602 3523 1677 improbos
3553 1622 3648 1661 ac-

1998 1692 2318 1755 cusatores,
2350 1693 2415 1743 ut
2443 1688 2503 1743 in
2537 1687 2700 1745 falsis
2732 1689 3077 1747 criminibus
3106 1708 3207 1749 eos
3239 1707 3515 1749 accusare
3534 1710 3652 1749 non

1922 1780 1971 1845 Β
2001 1776 2262 1833 delectet.
2297 1776 2481 1850 Igitur
2510 1794 2615 1851 ego
2646 1777 2743 1834 ille
2774 1779 3087 1835 adversum
3118 1785 3175 1836 te
3213 1780 3273 1837 in
3324 1782 3652 1840 rationibus

2003 1865 2255 1938 publicis
2285 1866 2531 1923 adsisto.
2565 1866 2624 1922 Si
2658 1867 2875 1939 injuste
2906 1867 3435 1942 interpellavero,et
3462 1872 3653 1928 victus

2005 1953 2210 2010 exinde
2242 1970 2588 2027 apparuero,
2620 1955 2824 2010 eadem
2856 1972 3045 2028 poma,
3074 1974 3253 2029 quam
3284 1956 3345 2013 in
3375 1961 3434 2014 te
3460 1957 3654 2014 vindi-

2004 2059 2135 2100 care
2164 2043 2414 2117 pulsavi,
2448 2060 2539 2099 me
2566 2043 2903 2118 constringo
2935 2049 3108 2117 atque
3138 2046 3442 2103 conscribo
3473 2047 3654 2120 parti-

2006 2133 2115 2187 bus
2147 2132 2264 2203 tuis
2297 2149 2425 2187 esse
2456 2132 2859 2189 damnandum
2893 2138 3067 2206 atque
3100 2135 3533 2191 subiturum.Et
3549 2153 3653 2209 pro

2006 2222 2083 2276 rei
2120 2221 2299 2276 totius
2331 2221 2605 2277 ﬁrmitate
2636 2239 2815 2277 manu
2849 2222 3083 2295 propria
3100 2225 3652 2293 ﬁrmo,etbonorum

2003 2309 2262 2365 virorum
2296 2309 2513 2381 iudicio
2545 2310 2943 2367 roborandum
2976 2313 3163 2368 trado.

2007 2417 2116 2488 (10.
2141 2420 2236 2491 Ea:
2263 2418 2543 2491 Gregorio
2570 2433 2725 2487 papa
2751 2418 2830 2473 ad
2858 2417 3278 2491 Sccundinu'm;
3316 2422 3402 2477 tt.
3425 2421 3512 2477 Ea:
3539 2420 3657 2491 epi-

2075 2490 2224 2544 stola
2257 2489 2475 2563 [sideri
2521 2490 2777 2563 episcopi
2821 2491 2927 2563 ad,
2951 2489 3274 2548 Massonem'
3304 2489 3653 2563 episcopum,

2076 2576 2201 2632 qua:
2249 2560 2493 2628 incipit:
2548 2560 2813 2617 veniente
2862 2562 2934 2616 ad
2985 2580 3093 2617 nos
3148 2560 3368 2620 famulo
3419 2560 3650 2633 vestro;

2079 2634 2165 2707 t2.
2199 2633 2294 2686 Ea:
2344 2632 2603 2707 concilio
2635 2633 2954 2707 Ancyrano.
3002 2635 3252 2707 Denique
3293 2632 3657 2693 concluditur

2076 2703 2375 2760 Odoranni
2402 2704 2643 2773 epistola
2663 2704 2751 2759 his
2780 2705 3121 2777 versiculis.)

2078 2809 2181 2864 Hic
2211 2807 2515 2865 monachis
2544 2809 2751 2881 longos
2781 2810 3009 2866 tribuas
3040 2810 3135 2883 pia
3163 2814 3297 2867 vota
3339 2828 3442 2885 per
3469 2829 3655 2870 annos

2148 2898 2218 2953 Et
2248 2914 2485 2953 maneas
2516 2900 2715 2969 pastor
2742 2914 2813 2954 ne
2847 2897 3176 2955 lacerentur
3204 2916 3360 2956 oves.

1497 3085 2233 3176 OPUSCULUM
2292 3087 2414 3172 IV

322 3264 606 3363 ‘Domz'no
629 3263 825 3344 fratri
846 3274 902 3325 et
932 3262 1341 3326 consacerdoti
1363 3265 1653 3327 EunAaDo
1682 3262 2147 3349 syncellytarum
2190 3264 2430 3346 infimus
2457 3263 2657 3345 frater
2684 3267 3056 3328 ODOBANNUS
3084 3264 3376 3347 quicquid
3408 3266 3546 3328 sibi.

333 3425 488 3489 Quod
518 3425 713 3480 omnis
743 3423 1034 3481 medicina
1074 3428 1173 3480 aut
1222 3441 1291 3479 ex
1340 3424 1636 3482 similibus
1685 3429 1788 3481 aut
1834 3441 1905 3480 ex
1934 3426 1977 3494 C
2010 3425 2134 3480 Non
2161 3443 2174 3494 ;
2209 3426 2309 3479 sed
2343 3424 2655 3481 mulierum
2687 3425 2875 3482 amori
2905 3427 2977 3482 ad
3008 3426 3119 3482 hoc
3149 3425 3372 3482 malum
3406 3426 3657 3483 trahenti

266 3513 558 3568 contrariis
584 3514 775 3582 flat,ut
804 3514 1191 3585 comperi,tua
1221 3514 1555 3570 fraternitas
1586 3531 1701 3569 non
1734 3514 1896 3587 igno-

270 3601 529 3667 rat.Quod
561 3617 698 3657 vero
726 3600 978 3674 qualiter
1006 3619 1074 3657 ex
1103 3601 1895 3670 similibusetdissimilibus,

272 3687 439 3759 deque
468 3706 573 3745 nec
602 3707 670 3744 ex
700 3695 818 3746 toto
850 3690 1365 3763 similibus,neqne
1396 3708 1464 3746 ex
1495 3696 1613 3746 toto
1644 3691 1901 3746 dissimi-

272 3773 409 3833 libus
436 3778 628 3834 omnis
656 3778 963 3834 harmonia
984 3780 1291 3853 jungatur,
1326 3779 1461 3835 licet
1490 3783 1657 3836 astate
1684 3784 1739 3835 et
1778 3796 1899 3835 me-

275 3863 371 3919 rito
399 3882 486 3921 me
516 3868 869 3939 praecedas,a
895 3884 988 3923 me
1018 3868 1208 3923 doceri
1240 3868 1513 3941 cupis.Ne
1542 3884 1693 3941 aegre
1726 3869 1898 3937 feras,

278 3956 561 4011 reverende
592 3957 781 4025 Pater,
818 3958 867 4012 si
910 3956 1155 4025 differo;
1189 3958 1325 4029 quia
1371 3958 1526 4030 quod
1578 3957 1752 4029 petis,
1787 3956 1899 4012 nisi

277 4041 442 4108 fallor,
472 4062 587 4100 non
621 4050 711 4100 est
741 4050 851 4100 tua!
890 4046 1076 4102 astatis
1105 4064 1294 4119 neque
1343 4046 1706 4102 valitudinis.
1734 4046 1904 4101 Sulli-

276 4132 377 4187 ciat
400 4134 497 4188 tibi
533 4135 590 4189 in
626 4140 910 4207 quantum
944 4135 1191 4190 facultas
1231 4136 1511 4209 suppetit,
1543 4134 1903 4207 regularium

246 4223 564 4279 ’modorum
596 4224 766 4279 initia
803 4229 861 4279 et
907 4225 1073 4292 ﬁnes,
1108 4225 1499 4296 ascensiones,
1533 4241 1638 4280 nec
1688 4242 1800 4279 non
1848 4228 1907 4279 et

278 4309 667 4368 descensiones
698 4313 757 4368 in
786 4313 1164 4370 monochordi
1184 4313 1357 4386 plana
1382 4314 1691 4387 superficie
1709 4329 1903 4379 nosse,

278 4402 327 4451 et
352 4400 602 4472 gravium
636 4404 1061 4474 auctorumque
1092 4418 1369 4458 sonorum
1401 4401 1719 4458 demulceri
1749 4400 1906 4457 dulci

278 4488 675 4545 modulamine.
717 4489 987 4545 Ceterum
1045 4491 1435 4562 quaestionum
1494 4496 1731 4547 tuarum
1788 4507 1905 4546 non

277 4574 589 4645 immemor,
614 4577 754 4651 quid
784 4580 856 4634 de
904 4578 1378 4651 praevaricatione
1429 4580 1759 4636 Salomonis
1785 4585 1905 4635 Au-

276 4666 531 4735 gustinus
561 4668 769 4724 doctor
788 4667 1056 4740 egregius
1069 4668 1603 4741 senserit,quidquc
1620 4668 1909 4738 interpres

277 4758 327 4806 et
353 4757 638 4828 expositor
688 4756 895 4811 divinze
928 4757 1073 4829 legis
1105 4756 1491 4830 Hieronymus
1523 4758 1593 4813 de
1636 4759 1765 4829 ejus
1797 4775 1910 4830 pae-

279 4841 505 4900 nitentia
532 4844 855 4918 scripserit,
880 4844 969 4900 vel
1002 4844 1098 4900 ubi
1130 4845 1298 4901 illum
1326 4845 1622 4901 catholica:
1654 4846 1787 4901 fidei
1819 4848 1912 4901 de-

281 4929 458 4989 fensor
484 4934 829 4991 Ambrosius
861 4938 1130 4990 sanctum
1163 4934 1540 5008 appellaverit
1588 4934 1791 5008 paucis
1822 4935 1911 4989 in-

282 5017 503 5078 timabo.

347 5107 401 5164 In
430 5110 786 5183 expositione
820 5110 949 5167 libri
980 5111 1223 5168 Genesis
1271 5112 1343 5168 ad
1386 5112 1663 5178 litteram,
1698 5112 1846 5168 libro
1877 5129 1913 5167 x

277 5196 625 5271 Augustinus
669 5200 740 5257 de
781 5216 891 5256 eo:
943 5222 971 5249 «
1005 5200 1302 5269 Salomon,
1353 5199 1567 5274 inquit,
1607 5200 1697 5256 vir
1740 5204 1911 5256 tantm

279 5287 581 5359 sapientiae,
629 5278 1085 5362 numquidnaiﬂg
1111 5290 1465 5346 credendum
1509 5293 1598 5345 est
1645 5290 1799 5361 quod
1850 5288 1910 5344 in

273 5375 712 5434 simulacrorum
735 5376 898 5434 cultu
925 5378 1174 5434 credidit
1202 5394 1332 5435 esse
1358 5377 1581 5450 aliquid
1611 5377 1912 5433 utilitatis?

339 5494 445 5567 (t7)
472 5495 737 5567 Sequens
760 5493 906 5567 legis
936 5494 1206 5567 Romanis
1238 5496 1458 5567 tractus
1489 5511 1604 5550 non
1635 5492 1910 5567 exstat__i_n

268 5563 519 5639 ejusdem
551 5563 697 5643 legis
726 5563 979 5624 editione
1020 5566 1177 5644 apud
1226 5565 1582 5624 Cancianum
1630 5569 1774 5622 tom.
1808 5563 1903 5636 IV,

2007 3515 2281 3597 resistere
2312 3531 2426 3569 non
2459 3513 2657 3582 valuit,
2687 3514 2908 3571 faciens
2948 3515 3105 3587 quod
3136 3514 3357 3571 sciebat
3386 3531 3500 3572 non
3530 3532 3659 3573 esse

2008 3603 2371 3670 faciendum;
2396 3620 2466 3657 ne
2498 3620 2637 3659 suas
2667 3604 2885 3676 quibus
2917 3603 3216 3677 deperibat
3244 3608 3419 3676 atque
3449 3604 3661 3660 deflue-

2010 3692 2110 3747 bat
2130 3690 2370 3747 delicias
2392 3691 2784 3747 contristaret.
2802 3714 2830 3742 »
2853 3692 2996 3748 Item
3028 3692 3418 3765 Hieronymus
3434 3692 3493 3747 in
3510 3692 3657 3747 libro

2010 3779 2490 3853 explanationum
2519 3798 2697 3853 super
2727 3780 3027 3837 Ezechihel
3059 3798 3158 3837 xm
3188 3798 3201 3837 :
3238 3803 3267 3832 «
3299 3780 3553 3849 Domini,
3576 3780 3661 3837 in-

2011 3869 2158 3940 quit,
2194 3868 2409 3929 Israhel
2442 3885 2655 3947 eorum
2676 3869 2776 3940 qui
2808 3868 3003 3924 animo
3036 3868 3407 3942 conspiciunt
3449 3869 3656 3936 Deum,

2010 3957 2341 4013 ostenditur
2370 3956 2719 4023 domus,hoc
2751 3962 2840 4012 est
2854 3956 3162 4029 templum,
3183 3958 3336 4029 quod
3353 3956 3658 4013 Ezechihel

2012 4046 2190 4100 situm
2224 4044 2282 4099 in
2316 4048 2513 4100 monte
2543 4046 2861 4117 conspexit.
2881 4046 2952 4101 Et
2980 4062 3095 4100 non
3127 4045 3317 4101 solum
3350 4045 3409 4099 in
3440 4052 3657 4112 monte,

2012 4133 2297 4199 sed,sicut
2327 4151 2482 4189 nunc
2512 4134 2813 4201 dicitur,in
2844 4134 3185 4190 summitate
3216 4134 3449 4189 montis.
3475 4134 3660 4198 Quam

2015 4238 2386 4293 nequaquam
2417 4221 2576 4277 illam
2610 4227 2905 4294 putemus,
2939 4239 3068 4295 quae
3099 4239 3133 4277 a
3170 4221 3480 4278 Salomone
3524 4237 3661 4277 con-

2014 4314 2238 4366 structa
2264 4316 2534 4365 narratur
2562 4310 2620 4366 in
2643 4311 2857 4383 Regem
2885 4315 2943 4367 et
2958 4308 3441 4383 Paralipomenon
3461 4308 3661 4378 libris;

2013 4399 2115 4454 illa
2143 4398 2299 4453 enim
2332 4397 2574 4455 alterius
2604 4399 2828 4454 ordinis
2858 4402 3033 4471 atque
3062 4416 3352 4454 mensura:
3383 4402 3491 4461 est,
3517 4401 3575 4453 et
3603 4397 3664 4452 in

2013 4486 2267 4560 singulis
2288 4503 2563 4560 magnam
2596 4488 2819 4543 habens
2851 4486 3284 4555 diversitatem;
3317 4490 3666 4559 tantumque

2016 4576 2255 4632 inferior
2286 4575 2502 4649 templo
2529 4577 2683 4648 quod
2714 4593 2870 4632 nunc
2901 4575 3229 4633 ostenditur
3247 4574 3668 4645 Ezechiheli,ut

2017 4683 2133 4721 non
2157 4664 2348 4721 solum
2380 4664 2634 4720 cultores
2663 4665 2792 4736 ejus
2817 4663 2906 4721 vel
2932 4664 3259 4733 mditui,sed
3272 4669 3330 4721 et
3353 4664 3476 4737 ipse
3498 4662 3670 4719 fabri-

2019 4760 2182 4810 cator
2209 4755 2338 4826 ejus
2369 4753 2645 4810 Salomon
2678 4753 3021 4826 peccaverit,
3041 4758 3098 4809 et
3126 4752 3430 4809 offenderit
3459 4752 3666 4817 Deum,

2020 4843 2155 4900 licet
2186 4848 2387 4915 postea
2415 4843 2599 4917 egerit
2628 4842 3332 4915 pcenitentiam,scribens
3361 4839 3671 4896 Proverbia

2019 4933 2078 4988 in
2111 4932 2327 5006 quibus
2358 4932 2441 4988 ait
2471 4948 2485 4987 :
2518 4931 2845 4988 Novissime
2874 4947 3010 5004 ergo
3040 4930 3132 5003 egi
3164 4929 3591 5002 pmnitentiam,
3612 4933 3671 4984 et

2020 5021 2247 5096 respexi
2280 5025 2345 5077 ut
2374 5019 2649 5095 eligerem
2680 5019 3075 5092 disciplinam.
3101 5041 3130 5068 »
3157 5017 3502 5074 Ambrosius
3524 5033 3667 5091 quo-

2021 5128 2134 5184 que
2160 5111 2218 5166 in
2252 5109 2399 5167 libro
2431 5110 2791 5166 Hexameron
2823 5106 3180 5164 mentionem
3218 5106 3407 5179 ipsius
3452 5105 3670 5163 faciens

2023 5223 2049 5249 «
2085 5197 2667 5272 quoniam,inquit,et
2695 5196 3039 5270 elephantos
3054 5196 3218 5251 vides
3248 5195 3354 5250 tibi
3377 5196 3666 5261 subditos,

2020 5292 2077 5343 et
2105 5287 2304 5343 leones
2334 5287 2649 5357 subjectos,
2684 5301 2860 5341 nosce
2889 5288 2944 5340 te
2974 5284 3193 5357 ipsum,
3225 5300 3259 5341 o
3300 5283 3497 5353 homo,
3531 5284 3669 5357 quia

2021 5394 2136 5432 non
2194 5381 2260 5431 ut
2312 5376 2506 5431 ferunt
2569 5372 2855 5446 Apollinis
2910 5373 3122 5447 Pythii,
3179 5374 3281 5431 sed
3339 5373 3669 5431 Salomonis

2022 5492 2123 5548 ubi
2166 5490 2315 5547 liber
2342 5507 2399 5547 ix
2443 5488 2496 5545 le
2540 5489 2659 5545 itur
2702 5506 2760 5562 p.
2792 5490 3053 5546 490-494.
3086 5489 3316 5547 Similia
3344 5493 3541 5547 tamen
3574 5486 3666 5544 his

2022 5563 2302 5619 dicuntur
2330 5561 2390 5619 in
2422 5505 2560 5619 00%.
2590 5560 2881 5619 Theodos.
2915 5578 2993 5619 1x.
3029 5562 3080 5619 1.
3117 5563 3205 5619 19.

2022 5563 2302 5622 dicuntur
2330 5561 2390 5620 in
2422 5560 2560 5620 Cod.
2590 5560 2881 5622 Theodos.
2915 5578 2993 5633 1x,
3029 5562 3080 5635 1,
3117 5563 3205 5624 19.
