4036 6172
171 348 276 415 817

1653 345 2086 411 OPUSCULA.

3450 345 3569 411 8l8

173 448 430 547 Ceterum
464 501 564 542 rex
592 481 888 554 Salomon,
923 481 1025 556 qui
1066 482 1331 555 paciﬁcus
1372 480 1803 554 interpretatur.
1834 480 1893 549 Α
1922 478 2427 554 appellatur,dum
2444 478 2863 538 conventiculis
2881 496 3186 555 synagoga:
3207 487 3567 555 comparata,

173 580 353 651 cujus,
381 580 446 632 ut
470 576 695 648 Regum
715 572 962 630 historia
976 572 1172 640 refert,
1193 570 1387 628 omnis
1413 575 1569 627 terra
1587 569 1811 627 deside-

172 668 331 726 rabat
358 664 567 721 faciem
594 663 810 731 videre,
852 663 1021 734 cujus
1052 661 1229 718 etiam
1261 664 1406 716 nutu
1436 658 1693 716 Adonias
1720 657 1810 715 in-

173 757 443 815 terfectus
474 758 584 820 est,
618 751 897 825 paciﬁcus
949 752 1070 808 Rex
1098 753 1297 806 noster
1324 750 1498 806 Jesus
1544 748 1811 805 Christus

172 845 347 904 Filius
368 844 468 900 Dei
490 843 627 909 vivi,
649 842 750 897 «in
773 858 1005 914 quem,»
1028 836 1404 912 utapostolus
1427 836 1527 904 ait,
1547 861 1573 887 «
1592 838 1813 893 deside-

171 939 299 993 rant
313 931 506 1006 angeli
529 919 913 1004 prospicere,»
928 928 1027 1000 qui
1043 926 1482 1001 paeiﬁcavitper
1494 943 1665 982 suum
1680 944 1812 981 san-

167 1024 405 1098 guinem
438 1039 565 1093 quae
594 1018 657 1075 in
701 1017 856 1075 caelis
886 1022 1026 1074 sunt
1054 1020 1111 1073 et
1140 1034 1268 1089 quae
1298 1015 1356 1071 in
1390 1020 1563 1084 terra,
1596 1013 1810 1088 allego-

168 1113 282 1169 rice
314 1109 559 1183 intelligi
592 1112 820 1182 potest;
870 1107 971 1180 qui
1003 1106 1311 1178 antiquum
1360 1104 1589 1160 hostem
1628 1120 1811 1175 expu-

164 1206 328 1277 gnat,
352 1200 495 1257 dum
518 1196 921 1256 habitaculum
943 1195 1212 1268 nequitia:
1236 1194 1367 1266 ejus
1385 1192 1812 1249 Antichristum

162 1289 513 1365 perditionis
543 1286 753 1355 ﬁlium,
785 1284 886 1359 qui
916 1283 1174 1341 elevatur
1202 1287 1258 1340 et
1285 1281 1583 1338 extollitur
1634 1298 1814 1354 supra

161 1396 338 1438 omne
369 1378 526 1451 quod
557 1376 771 1433 dicitur
796 1375 952 1431 Deus
970 1377 1073 1430 aut
1102 1373 1257 1445 quod
1290 1371 1521 1439 colitur,
1550 1370 1815 1426 extermi-

161 1476 287 1535 nat,
333 1472 401 1524 ut
447 1465 761 1540 Apostolus
813 1462 1186 1519 manifestat:
1247 1485 1273 1512 ‹‹
1307 1462 1487 1526 Quem
1530 1459 1815 1516 Dominus

157 1559 362 1625 Jesus,
379 1555 597 1628 inquit,
619 1551 926 1610 interﬁciet
954 1551 1165 1625 spiritu
1186 1551 1303 1608 oris
1324 1550 1437 1618 Sui,
1468 1554 1527 1606 et
1554 1550 1816 1606 destruet

159 1645 562 1704 illustratione
592 1645 878 1701 adventus
908 1641 1019 1698 sui.
1046 1662 1076 1692 »

228 1734 509 1809 Amplius
550 1739 745 1804 (marg.
806 1730 1040 1801 dicam].
1100 1728 1391 1803 Expeditis
1449 1729 1543 1786 his
1582 1747 1709 1801 qua:
1742 1730 1815 1785 ad

163 1827 479 1899 mysticam
526 1820 1063 1894 interpretationem
1112 1818 1501 1875 Sunamitidis
1532 1817 1817 1890 pertinere

162 1914 539 1978 videbantur,
563 1927 749 1983 opera:
771 1908 1027 1982 pretium
1046 1908 1324 1964 duximus
1346 1906 1661 1964 moralitati
1682 1924 1815 1963 con-

163 2000 462 2059 venientia
502 1999 642 2055 huic
671 1997 955 2070 opusculo
1000 1997 1210 2052 addere
1241 2012 1446 2068 pauca.
1479 1997 1542 2052 In
1566 1996 1694 2067 jam
1726 1995 1813 2051 di-

164 2092 275 2149 ctis
304 2089 671 2147 canticorum
698 2086 974 2157 Canticis,
1006 2086 1115 2141 sub
1154 2102 1403 2157 persona
1429 2084 1815 2142 Sunamitidis

170 2179 253 2236 sic
280 2197 344 2236 se
372 2178 594 2235 habent
615 2177 790 2233 verba
814 2174 1095 2248 sapientis
1127 2174 1196 2230 de
1218 2173 1447 2230 Christo
1478 2178 1535 2230 et
1559 2173 1817 2231 Ecclesia

174 2266 591 2341 prophetantis.
625 2290 651 2316 α
676 2265 734 2320 Si
770 2265 1005 2338 ignoras
1026 2267 1101 2333 te,
1138 2263 1348 2336 inquit,
1377 2280 1410 2319 o
1432 2262 1637 2336 pulcra
1666 2263 1818 2320 inter

181 2357 467 2425 mulieres,
517 2356 791 2429 egredere
820 2358 877 2409 et
923 2352 1018 2409 abi
1068 2355 1201 2426 post
1245 2352 1492 2425 vestigia
1545 2369 1811 2425 gregum,

185 2449 238 2501 et
262 2463 426 2519 pasce
464 2445 663 2500 haedos
690 2448 880 2509 tuos,»
903 2459 1051 2514 quos
1082 2441 1197 2497 alia
1228 2440 1531 2497 translatio
1562 2441 1817 2514 appellat

183 2534 634 2607 agnos.Ecclesia
661 2534 873 2600 Grzsec,
913 2532 1114 2588 Latine
1152 2533 1495 2603 congregatio
1533 2532 1814 2603 justorum

183 2620 534 2696 dicitur,quze
558 2622 825 2696 ignorare
841 2637 902 2677 se
921 2620 1154 2685 dicitur,
1177 2621 1342 2687 dum,
1363 2619 1665 2692 originalis
1688 2637 1815 2693 pec-

183 2710 285 2767 cati
312 2712 539 2785 pompis
561 2709 886 2784 abnegatis,
906 2717 965 2766 et
993 2707 1333 2766 idololatriae
1364 2708 1619 2766 cultibus
1651 2714 1811 2782 post-

182 2800 393 2872 positis,
416 2799 708 2874 praaterita
737 2815 872 2854 cum
892 2797 1169 2871 Apostolo
1192 2798 1548 2871 relinquens,
1573 2798 1632 2854 in
1659 2800 1810 2855 t'utu-

183 2886 256 2944 ris
285 2905 407 2946 sese
451 2888 757 2946 extendere
798 2886 1024 2944 nititur.
1069 2885 1319 2944 Pulchra
1348 2886 1500 2943 inter
1530 2887 1808 2945 mulieres

1920 568 2197 627 mundior
2224 587 2327 643 per
2355 570 2718 644 baptismum
2749 569 3059 626 invenitur.
3092 571 3405 644 Egreditur
3430 588 3566 629 eum

1918 659 2213 717 Abraham
2237 659 2435 716 anima
2452 660 2601 733 justi
2634 660 2704 716 de
2723 664 2877 716 terra
2904 664 2960 716 et
2979 660 3050 716 de
3072 660 3417 734 cognatione
3437 679 3565 731 sua,

1921 749 2064 805 dum
2094 747 2315 823 pr0prii
2347 749 2605 822 corporis
2634 747 2959 818 illecebras,
2983 748 3331 821 voluptates,
3355 754 3412 807 et
3441 768 3566 808 car-

1921 837 2145 894 nalium
2163 854 2447 895 sensuum
2470 837 2808 895 transiliens
2820 837 3128 905 desideria,
3146 838 3356 895 humili
3372 844 3567 897 mente

1920 927 2159 984 festinat
2206 928 2279 984 ad
2326 943 2560 1000 supera.
2594 927 2815 983 Incedit
2844 931 2977 1000 post
3023 926 3270 1001 vestigia
3295 945 3564 1003 gregum,

1921 1017 2156 1088 quando
2181 1016 2631 1090 prazcedentium
2654 1016 3071 1089 prophetarum
3093 1021 3150 1073 et
3170 1017 3566 1090 apostolorum

1919 1105 2164 1179 vestigia
2196 1123 2472 1179 sequens,
2504 1104 2857 1178 spiritalium
2880 1106 3182 1162 doctorum
3215 1105 3387 1165 dictis
3412 1113 3471 1164 et
3492 1109 3568 1164 l'a-

1921 1195 2034 1251 ctis
2064 1194 2343 1252 inhaerere
2365 1194 2675 1251 desiderat.
2710 1194 2899 1252 Pascit
2920 1212 3102 1269 agnos
3122 1213 3281 1265 suos,
3305 1196 3469 1265 dum,
3497 1198 3568 1253 de

1920 1287 2133 1342 virtute
2164 1284 2224 1339 in
2254 1283 2528 1341 virtutem
2558 1286 2978 1351 conscendens,
3010 1284 3122 1340 sibi
3156 1290 3213 1342 et
3237 1286 3362 1343 suis
3382 1287 3568 1359 pabu-

1922 1375 1981 1432 la
2008 1374 2185 1431 divini
2219 1374 2377 1430 verbi
2398 1372 2745 1431 lectionibus
2772 1374 3109 1431 inhaerendo
3133 1374 3565 1432 subministrat.

1923 1464 2166 1531 Quibus,
2200 1480 2422 1536 pascua
2449 1462 2632 1518 divini
2654 1462 2810 1519 verbi
2833 1464 3139 1535 decerpere
3158 1464 3566 1537 gestientibus,

1925 1552 2006 1610 ait
2025 1553 2356 1625 Apostolus:
2380 1553 2713 1623 «Tanquam
2731 1551 3396 1624 parvulisinChristolac
3407 1553 3571 1611 vobis

1924 1646 2128 1715 potum
2160 1642 2315 1710 dedi,
2349 1658 2466 1697 non
2495 1658 2711 1698 escam.
2736 1664 2763 1691 »
2794 1643 2858 1696 Et
2880 1641 3222 1699 Psalmista:
3257 1665 3285 1693 «
3306 1642 3569 1710 Gustate,

1925 1735 1982 1787 et
2010 1731 2197 1787 videte
2227 1729 2504 1804 quoniam
2528 1731 2725 1788 suavis
2756 1736 2845 1788 est
2869 1731 3175 1788 Dominus.
3203 1754 3232 1781 ››

1994 1819 2235 1877 Talibus
2247 1824 2304 1875 et
2322 1819 2417 1876 his
2428 1819 2723 1876 similibus
2736 1819 2934 1876 anima
2948 1820 3264 1879 virtutibus
3277 1823 3567 1890 decorata,

1923 1908 2046 1964 ﬁlia
2075 1907 2177 1964 Dei
2208 1912 2462 1965 meretur
2492 1907 2801 1981 appellari;
2837 1911 2901 1964 ut
2925 1908 3178 1981 Spiritus
3207 1917 3450 1966 sanctus
3470 1928 3574 1983 per

1924 2014 1989 2053 os
2011 1997 2186 2053 David
2204 1997 2253 2053 ei
2279 1998 2644 2071 suggerendo
2668 1996 2868 2053 intulit
2891 2014 2904 2053 :
2939 2020 2967 2048 «
2985 1997 3157 2066 Audi,
3182 1997 3322 2065 ﬁlia,
3344 2003 3401 2055 et
3420 1999 3571 2069 vide,

1923 2085 2206 2143 etinclina
2229 2103 2453 2149 aurem,
2474 2091 2532 2142 et
2550 2086 2891 2143 obliviscere
2907 2084 3189 2159 populum
3202 2091 3395 2155 tuum,
3411 2111 3439 2139 ››
3457 2089 3575 2145 ido-

1921 2173 2165 2231 lolatriaa
2196 2176 2315 2231 sive
2362 2175 2774 2232 titilationibus
2804 2175 2998 2232 carnis
3042 2175 3422 2244 reluctando;
3456 2201 3483 2228 «
3518 2182 3577 2235 et

1924 2265 2167 2320 domum
2205 2265 2387 2337 patris
2411 2248 2514 2330 tu‘i,
2548 2287 2575 2313 ››
2607 2281 2832 2320 naevum
2864 2263 3165 2337 originalis
3196 2265 3436 2338 peccati,
3470 2284 3573 2327 seu

1925 2353 2338 2409 delectationes
2364 2352 2644 2426 corporis,
2668 2370 2739 2409 ne
2764 2353 2835 2409 ad
2858 2370 3211 2410 consensum
3240 2370 3427 2426 usque
3452 2372 3576 2427 per-

1924 2442 2180 2508 veniant,
2206 2442 2499 2514 fugiendo.
2534 2444 2605 2498 Et
2634 2448 2773 2498 tunc
2804 2441 2981 2516 digna
3002 2442 3117 2498 eris
3142 2442 3346 2498 audire
3373 2460 3572 2500 vocem

1923 2532 2123 2604 sponsi
2148 2532 2205 2585 in
2236 2531 2330 2586 die
2355 2530 2559 2587 ultimo
2584 2548 2596 2586 :
2625 2532 2811 2587 «Tota
2827 2531 3030 2603 pulcra
3045 2549 3127 2600 es,
3152 2531 3342 2587 amica
3364 2538 3575 2600 mea,et

1923 2620 2153 2676 macula
2176 2636 2290 2675 non
2312 2625 2402 2676 est
2422 2620 2480 2675 in
2502 2624 2586 2675 te:
2603 2621 2729 2676 veni
2752 2622 2823 2676 de
2844 2620 3215 2688 libano,veni.
3240 2642 3268 2670 ιι
3293 2620 3571 2685 Quaestio-

1920 2726 2064 2766 num
2095 2709 2398 2765 caritativa
2454 2708 2688 2776 solutio,
2723 2726 2827 2781 spe
2866 2710 3039 2765 ﬁrma
3084 2709 3163 2765 sit
3218 2707 3278 2764 in
3339 2708 3566 2767 Christo

1919 2798 2096 2855 unius
2124 2797 2260 2853 ﬁdei
2288 2801 2499 2854 nostrae
2530 2796 2808 2853 valitudo.

1377 3074 2107 3165 OPUSCULUM
2172 3048 2373 3166 VIII

251 3255 405 3324 Quod
428 3255 623 3310 omnis
645 3252 1012 3326 inaequalitas
1042 3254 1116 3310 ab
1138 3252 1467 3326 aequalitate
1489 3269 1817 3327 progressa,
1853 3256 1896 3323 C
1999 3254 2179 3324 Cujus
2211 3254 2406 3327 vigore
2439 3254 2713 3311 nobiliter
2744 3253 2968 3327 pollens
2998 3256 3201 3311 sancta
3221 3253 3583 3311 Senonensis

187 3342 425 3415 qualiter
452 3343 526 3398 ad
559 3342 952 3415 aqualitatem
1000 3343 1219 3410 redeat,
1272 3343 1421 3398 inter
1459 3343 1659 3398 doctos
1706 3342 1819 3399 ali-

187 3433 411 3504 quando
457 3432 536 3487 sit
582 3430 926 3497 dubitabile,
958 3431 1192 3503 puriore
1234 3432 1451 3488 mentis
1482 3432 1705 3487 ratione
1733 3431 1823 3486 vi-

179 3519 369 3593 gentis
406 3524 495 3576 est
523 3518 830 3575 disserere.
858 3518 1116 3592 Vulgnm
1149 3536 1283 3575 vero
1332 3521 1488 3591 quod
1537 3519 1824 3576 dubitatio

180 3608 310 3680 ipsa
335 3612 655 3681 praetereat,
681 3608 848 3663 Pater
868 3607 1066 3680 patriae
1086 3609 1201 3680 (23)
1225 3608 1519 3664 evidenter
1547 3608 1821 3664 declarat.

186 3696 555 3769 Proportione
570 3695 752 3768 igitur
766 3695 1419 3765 immortalitatis,0mni
1427 3696 1681 3769 potentis
1694 3714 1824 3769 pro-

187 3785 438 3842 videntia
464 3785 764 3841 hominem
787 3784 847 3839 in
878 3784 1164 3859 principio
1195 3785 1412 3841 creavit
1430 3784 1713 3857 aequalem
1732 3802 1830 3840 an-

193 3874 350 3946 gelis,
366 3875 487 3947 qui,
513 3872 905 3930 inobedientia
930 3874 1342 3930 mandatorum
1364 3875 1485 3941 Dei,
1507 3892 1576 3931 ex
1596 3875 1833 3931 immor-

197 3961 319 4018 talis
337 3962 601 4020 mortalis
622 3964 833 4029 i‘actus,
858 3962 1002 4034 proh
1029 3963 1219 4019 dolor!
1248 3964 1307 4019 in
1327 3964 1507 4035 hujus
1528 3963 1629 4019 aevi
1651 3980 1827 4036 quam

201 4052 445 4121 patimur
471 4068 795 4108 aerumnam
826 4055 917 4107 est
944 4049 1243 4124 expulsus.
1278 4052 1390 4108 Sed
1422 4056 1646 4108 creator
1674 4051 1833 4108 illius

206 4138 393 4196 nolens
420 4157 558 4196 eum
590 4140 711 4212 pati
735 4138 1247 4212 sempiternaliter,
1266 4140 1553 4195 mittendo
1576 4140 1833 4196 Verbum

1933 3347 2121 3399 mater
2138 3342 2414 3410 Ecclesia,
2438 3343 2802 3400 ChristiJesu
2822 3348 3007 3400 morte
3025 3343 3345 3415 redempta,
3364 3345 3424 3399 et
3442 3342 3583 3398 almi

1934 3431 2207 3505 martyris
2225 3431 2523 3488 Saviniani
2536 3432 2858 3489 Galliarum
2874 3430 3344 3505 primatisverbis
3354 3431 3584 3497 edocta,

1932 3520 2087 3576 beati
2114 3520 2290 3577 etiam
2322 3522 2766 3593 protomartyris
2799 3520 3079 3593 Stephani
3110 3519 3399 3588 sanguine
3429 3519 3587 3575 dedi-

1935 3614 2084 3677 cata,
2119 3610 2193 3664 ad
2225 3626 2480 3681 praesens
2526 3627 2641 3665 una
2673 3626 2810 3665 cum
2842 3625 3133 3665 consensu
3183 3612 3242 3664 et
3285 3608 3585 3664 voluntate

1934 3696 2372 3771 illius(24)regis
2386 3697 2584 3771 inclyti
2604 3695 3589 3770 Francorum,eomprovincialium-

1938 3803 2052 3859 que
2080 3786 2490 3858 episcoporum
2520 3791 2579 3842 et
2607 3802 2914 3859 procerum
2936 3787 3337 3858 abbatumque
3351 3789 3409 3841 et
3427 3784 3588 3841 cleri-

1939 3892 2165 3946 corum,
2188 3893 2293 3931 nec
2316 3892 2430 3930 non
2452 3876 2759 3946 utriusque
2774 3890 2951 3931 sexus
2968 3873 3253 3941 ﬁdelium,
3267 3872 3591 3946 proclamat

1942 3964 2052 4020 sibi
2072 3964 2354 4020 domnum
2373 3963 2538 4018 illum
2557 3964 2645 4033 25)
2662 3962 2783 4017 ﬁeri
2808 3962 3143 4035 pontiﬁcem
3162 3978 3494 4028 summum;
3519 3962 3592 4017 de

1943 4053 2115 4123 cujus
2146 4052 2314 4108 bonis
2346 4052 2574 4107 actibus
2616 4051 2880 4123 gaudens
2908 4051 3130 4117 effecta,
3165 4050 3237 4105 ad
3288 4048 3398 4104 hoc
3445 4065 3595 4120 opus

1946 4141 2192 4214 dignum
2224 4146 2282 4195 et
2310 4140 2608 4207 idoneum,
2637 4139 2696 4194 in
2717 4143 3004 4211 quantum
3026 4137 3289 4194 humana
3308 4135 3597 4210 fragilitas

211 4242 365 4285 suum
382 4246 497 4285 non
516 4227 710 4285 solum
723 4229 795 4284 ad
808 4226 1199 4300 aequalitatem
1211 4245 1602 4300 supernorum
1622 4228 1835 4285 civium
1947 4246 2122 4285 nosse
2144 4228 2452 4301 permittit,
2466 4245 2600 4284 eum
2618 4230 2735 4283 fore
2757 4227 3093 4283 denunciat.
3109 4225 3406 4282 Subillius
3420 4224 3601 4298 igitur

212 4312 358 4374 illum
401 4316 622 4375 revexit
650 4316 1126 4382 misericorditer,
1174 4332 1377 4372 verum
1435 4317 1614 4373 etiam
1663 4333 1841 4388 super
1950 4317 2346 4390 praevidentia,
2388 4316 2625 4390 explosa
2652 4316 2815 4373 omni
2846 4314 3259 4385 controversia,
3292 4314 3353 4369 in
3379 4312 3599 4371 summi

215 4406 388 4463 omnia
423 4410 619 4463 creata
655 4404 881 4471 extulit,
914 4408 981 4460 ut
1010 4405 1093 4460 ait
1112 4405 1423 4477 Propheta,
1457 4404 1836 4461 mirabiliter:

1951 4406 2179 4479 opificis
2212 4405 2443 4463 servitio
2475 4405 2724 4461 militare
2755 4405 3164 4470 deliberantes,
3196 4403 3299 4476 qui
3337 4419 3439 4475 per
3475 4402 3601 4457 ino-

219 4494 454 4551 IOmnia
475 4494 777 4566 subjecisti
792 4494 904 4550 sub
924 4494 1174 4565 pedibus
1194 4494 1342 4565 ejus.
1361 4516 1389 4543 ››
1404 4493 1551 4549 Illud
1564 4492 1845 4550 verolicet
1953 4494 2328 4550 boedientiam
2351 4495 2423 4550 ad
2445 4494 2565 4549 ima
2587 4494 2837 4561 ruimus,
2863 4492 3206 4550 oboediendo
3222 4491 3474 4566 aequales
3496 4507 3601 4546 an-

218 4578 270 4694 ile
290 4583 526 4694 homine
566 4583 799 4640 Christo
820 4582 970 4694 1ιξθειι
1005 4582 1338 4655 specialiter
1368 4582 1444 4639 sit
1478 4582 1841 4694 praedictum,
1880 4628 1927 4694 Β
1956 4584 2102 4694 gelis
2118 4577 3605 4694 ﬁeriobiamps,quatinus,digitodiscretionistacti,

220 4669 387 4728 tamen
418 4672 565 4729 illud
597 4671 999 4744 evangelicum
1044 4673 1283 4728 adtente
1328 4675 1523 4726 mente
1571 4672 1643 4726 de
1690 4670 1849 4727 illius
1882 4666 1927 4694 υ
1959 4677 2018 4729 et
2046 4672 2262 4745 plectro
2287 4672 2395 4743 pia;
2412 4670 2831 4727 admonitionis
2846 4670 3333 4743 repercussi,una
3354 4685 3489 4725 cum
3511 4666 3610 4722 illo

224 4761 580 4818 membrisest
594 4758 1851 4832 recolendum.«Quodcumque,»dixitidem
1962 4761 2023 4817 in
2056 4759 2423 4817 abstinentiae
2456 4764 2734 4833 tympano
2762 4764 2818 4815 et
2848 4758 3254 4815 unanimitatis
3285 4757 3460 4813 choro
3492 4771 3613 4810 me-

222 4839 501 4917 Dominus,
525 4872 553 4898 «
572 4847 892 4921 ligaveritis
910 4848 972 4904 in
999 4847 1294 4916 terra,erit
1314 4848 1559 4922 ligatum
1582 4847 1642 4903 in
1661 4847 1851 4914 cretis;

1966 4867 2202 4906 reamur
2230 4848 2533 4922 gratulari.
2559 4849 2769 4920 Sicque
2789 4848 3087 4920 conjuncti
3110 4850 3386 4919 quattuor
3403 4842 3617 4917 princi-

221 4936 265 4989 ει
288 4940 701 5010 quodcumque
733 4937 1020 4994 solveritis
1055 4938 1114 4993 in
1147 4942 1322 5006 terra,
1359 4937 1472 4993 erit
1500 4936 1763 4993 solutum
1793 4937 1855 4992 in
1964 4938 2189 5012 palium
2207 4938 2491 4993 virtutum
2510 4935 3155 5006 harmonia,valeamus
3172 4950 3404 5006 semper
3423 4931 3619 4989 istius-

219 5025 373 5082 caelis.
409 5050 436 5076 »
466 5026 821 5098 Hujusmodi
850 5030 1133 5099 potestas,
1160 5026 1384 5100 Spiritu
1417 5030 1618 5083 saneto
1650 5042 1857 5098 coope-

218 5118 385 5181 1‘inte,
417 5114 701 5187 apostolis
722 5132 826 5188 per
845 5115 1155 5171 intervalla
1175 5119 1508 5187 temporum
1538 5131 1860 5187 eorumque

212 5204 641 5261 8ticcessoribus
666 5205 900 5272 tradita,
934 5222 969 5260 a
998 5204 1270 5261 ﬁdelibus
1300 5205 1472 5260 corde
1502 5205 1855 5260 credendum

205 5289 265 5343 et
289 5310 381 5349 ore
408 5293 815 5349 conﬁtendum
848 5298 939 5350 est
968 5294 1125 5366 quod
1153 5298 1387 5350 maneat
1415 5292 1774 5349 ineonvulsa.

262 5425 383 5500 '(23)
399 5427 617 5500 Supra,
640 5426 747 5481 col.
764 5427 1131 5500 809,Pat_rem
1156 5427 1353 5500 patria:
1368 5426 1515 5483 dixit
1528 5426 1831 5500 Boethium
1843 5470 1856 5482 .

236 5559 263 5575 δ
281 5498 387 5575 (μ)
414 5498 746 5575 Pronomen
778 5498 1049 5575 generale
1073 5498 1313 5571 ponitur
1341 5517 1444 5571 pro
1468 5498 1702 5555 nomine
1735 5515 1861 5569 spe-

181 5564 371 5633 ciali,
390 5574 457 5625 ut
488 5570 554 5624 ﬁt
584 5569 645 5625 in
677 5564 966 5626 formulis.

289 5641 389 5712 (25)
418 5641 565 5696 Item
596 5645 662 5697 ut
691 5640 750 5697 in
782 5642 1149 5714 praecedenti.

1970 5028 2126 5084 modi
2149 5026 2390 5082 laudare
2422 5031 2604 5082 Deum
2637 5025 3019 5081 consonantia
3047 5042 3059 5079 :
3091 5022 3343 5079 «Omnis
3374 5020 3619 5094 spiritus

1970 5116 2167 5172 laudet
2196 5114 2534 5171 Dominum.
2565 5116 2645 5184 (Si
2678 5116 2749 5170 de
2776 5116 2983 5169 abbate
3027 5112 3240 5185 agitur,
3275 5110 3623 5167 conveniens

1970 5207 2118 5263 ratio
2148 5204 2259 5261 loci
2284 5209 2341 5260 et
2371 5220 2757 5276 personarum
2789 5204 3030 5259 honeste
3051 5202 3398 5257 immutetur
3416 5200 3553 5272 (26.)

2042 5429 2155 5499 (26)
2187 5424 2722 5507 Animadvertimus
2745 5424 2811 5506 in_
2828 5425 2938 5507 hoc
2960 5429 3023 5507 et
3036 5427 3318 5507 sequente
3337 5419 3623 5503 opusculo

1971 5496 2194 5555 mercm
2227 5515 2293 5553 ac
2314 5497 2623 5569 formulam
2642 5501 2783 5552 tunc
2800 5497 2855 5552 in
2880 5496 3067 5569 Gallia
3087 5496 3622 5569 vigent_em_epis_co_-

1975 5588 2079 5641 pos
2112 5568 2533 5641 proclamandi.
2552 5568 2859 5641 Diversam
2880 5567 3058 5625 aliam
3078 5561 3180 5625 dat
3197 5561 3482 5623 Acherius
3501 5561 3627 5633 Spi-

1976 5639 2144 5714 eileg.
2177 5641 2266 5697 ed.
2302 5658 2432 5696 nov.
2466 5643 2507 5696 t.
2542 5639 2639 5709 III,
2672 5657 2729 5713 p.
2763 5641 2887 5696 379.
