4036 6172
456 363 578 425 819
1300 365 1701 429 ODORANNI
1744 364 2100 433 MONACHI
2143 365 2209 428 S.
2255 366 2491 429 PETRI
2533 365 2693 429 VIVI
2739 365 3022 430 SENON.
3667 375 3757 436 820

1725 563 2435 657 OPUSCULUM
2502 566 2630 656 IX

531 773 798 832 Seniores
827 777 884 829 et
911 775 1140 838 fratres,
1165 773 1367 830 audire
1393 771 1616 829 debetis
1641 789 1818 844 quare
1847 771 1943 828 hic
1963 772 2106 830 estis
2135 773 2192 840 Α
2219 771 2375 828 tione
2394 789 2530 845 erga
2547 772 2874 828 humanum
2893 790 3080 846 genus
3097 773 3248 830 Deus
3265 775 3590 848 omnipotens
3608 780 3764 850 utitur,

462 865 815 940 congregati.
852 865 1007 920 Deus
1037 864 1408 935 omnipotens
1435 864 1669 934 quando
1709 863 1967 936 primum
2000 862 2106 917 ho-
2220 861 2364 916 dum
2399 879 2510 916 non
2545 861 2886 918 hominibus
2917 862 3177 934 angelos,
3211 864 3572 939 archangelos,
3593 870 3673 924 sed
3695 869 3766 925 ho-

465 957 684 1014 minem
717 953 952 1018 creavit,
971 953 1220 1008 liberum
1249 951 1332 1006 illi
1359 953 1668 1007 arbitrium
1691 951 1957 1008 contulit.
1985 953 2112 1022 Ipse
2222 949 2411 1005 mines
2443 951 2552 1005 sibi
2586 956 2797 1007 natura
2827 951 3161 1008 consimiles
3209 969 3514 1025 praeponere
3539 956 3766 1029 dignatur.

462 1064 598 1102 vero
629 1045 809 1100 libero
833 1042 1072 1099 arbitrio
1105 1042 1257 1097 male
1278 1059 1443 1108 usus,
1477 1059 1580 1096 esu
1614 1041 1769 1114 pomi
1795 1040 1978 1105 vetiti,
2012 1041 2112 1095 de-
2221 1039 2466 1111 Expedit
2494 1057 2629 1112 ergo
2659 1041 2823 1097 vobis
2857 1046 2920 1098 ut
2940 1039 3291 1098 exhibitione
3315 1043 3566 1100 bonorum
3586 1063 3769 1118 operum

463 1135 730 1192 liciarum
752 1134 906 1198 sede,
937 1135 1209 1188 manente
1231 1131 1412 1186 libero
1433 1131 1694 1195 arbitrio,
1721 1135 1808 1184 est
1831 1129 2111 1202 privatus,
2223 1129 2338 1183 Deo
2371 1127 2670 1200 placeatis,
2705 1131 2985 1202 quatinus
3007 1131 3334 1186 sacerdotes
3353 1136 3406 1186 et
3426 1133 3674 1206 principes
3690 1137 3771 1190 Deo

465 1225 646 1296 Cujus
677 1239 960 1294 sequaces
991 1238 1094 1292 per
1141 1219 1328 1276 multa
1356 1222 1624 1291 tempora
1653 1237 1689 1274 a'
1714 1219 1807 1274 via
1853 1217 2114 1274 veritatis
2223 1217 2451 1290 dignos,
2488 1218 2585 1290 qui
2617 1218 2780 1275 vobis
2827 1219 3001 1276 verbo
3033 1224 3091 1276 et
3121 1219 3374 1292 exemplo
3399 1221 3464 1276 ad
3493 1221 3684 1280 cmleste
3707 1241 3772 1280 re-

467 1316 827 1377 oberrantes,
860 1309 1110 1366 etidolis
1133 1308 1470 1373 servientes,
1495 1312 1788 1363 auctorem
1814 1324 1988 1362 suum
2023 1325 2116 1379 pe-
2223 1323 2404 1378 gnum
2460 1307 2757 1378 przebeant
2803 1308 3080 1381 pergendi
3113 1309 3408 1377 ducatum,
3452 1309 3636 1368 habere
3680 1329 3774 1384 pos-

467 1402 626 1458 nitus
657 1399 1042 1473 ignorabant:
1079 1397 1270 1469 quoad
1315 1413 1503 1468 usque
1533 1397 1906 1468 omnipotens
1936 1397 2114 1462 Deus,
2224 1393 2375 1450 sitis.
2436 1395 2718 1452 Praeterea
2785 1398 3009 1454 noverit
3075 1398 3401 1453 fraternitas
3459 1403 3627 1455 vestra
3679 1418 3776 1456 san-

473 1488 824 1546 obcedientia
842 1487 1044 1544 famuli
1077 1486 1168 1542 sui
1189 1484 1432 1541 Abrahae
1465 1484 1750 1557 placatus,
1775 1485 2114 1540 circumcidi
2225 1487 2378 1538 ctam
2413 1484 2896 1542 Trecasinensem
2926 1485 3270 1556 Ecclesium,
3303 1491 3478 1543 morte
3504 1487 3584 1544 sui
3610 1507 3780 1560 presu-

468 1578 632 1634 illum
664 1575 866 1632 voluit.
895 1576 966 1630 Et
1007 1575 1382 1646 postmodum
1416 1591 1519 1646 per
1561 1577 1830 1629 sanctum
1879 1574 2115 1646 Moysen
2223 1569 2298 1626 lis
2315 1571 2634 1639 viduatam,
2659 1575 2946 1646 expetisse
2963 1575 3780 1650 domniGilduiniarchiepiscopi

469 1666 725 1722 amicum
747 1682 922 1720 suum
940 1681 1136 1720 semen
1157 1664 1285 1734 ejus
1303 1663 1373 1718 de
1395 1664 1674 1718 servitute
1687 1663 1953 1736 ZEgyptia
1970 1662 2115 1718 libe-
2226 1661 2408 1715 nostri
2443 1662 2554 1732 (27)
2597 1664 2988 1735 praesentiam,
3014 1665 3185 1734 juxta
3215 1669 3534 1721 sanctorum
3561 1682 3786 1721 canonum

469 1773 627 1822 rans,
659 1759 717 1810 et
745 1753 996 1809 eundem
1027 1752 1223 1824 ipsum
1249 1767 1498 1824 praeesse
1518 1751 1733 1824 populo
1755 1768 1862 1807 suo
1893 1750 2116 1818 volens,
2225 1765 2556 1815 censuram,
2591 1749 2872 1824 quatinus
2894 1752 2977 1808 illi
3001 1753 3282 1809 concedat
3302 1771 3564 1827 sponsum
3584 1758 3633 1809 et
3647 1758 3788 1826 pasto-

469 1861 572 1918 per
601 1859 841 1900 manum
866 1841 1025 1897 illius
1047 1841 1097 1898 ei
1121 1841 1307 1914 legem
1331 1840 1589 1896 tradidit.
1611 1841 1689 1896 De
1715 1842 1886 1912 cujus
1905 1839 2115 1912 Spiritu
2225 1855 2346 1892 rem
2361 1841 3787 1914 congruum.Cujuspetitionilibentissimeannuens,

467 1937 782 2006 postquam
815 1933 1003 1986 Aaron
1037 1933 1094 1986 et
1125 1929 1276 1986 ﬁlios
1299 1930 1426 2001 ejus
1449 1929 1520 1984 ad
1546 1929 2117 2000 pontiiicatushono-
2225 1943 2344 1980 una
2373 1944 2506 1982 eum
2530 1945 2819 1985 consensu
2849 1933 2907 1984 et
2933 1929 3232 1985 voluntate
3263 1929 3454 1986 domui
3482 1929 3642 1987 nostri
3669 1929 3791 1985 Hein-

469 2039 591 2078 rem
613 2021 808 2094 elegit,
832 2019 1303 2094 Deiprovidentia
1319 2034 1563 2073 sumens
1583 2019 1953 2090 septuaginta
1964 2019 2014 2072 vi
2022 2037 2117 2075 ros
2225 2015 2327 2070 rici
2352 2017 2826 2086 (28)Francorum
2843 2018 3079 2091 regis,et
3091 2036 3156 2074 su
3166 2019 3576 2092 tl‘raganeorum
3588 2033 3790 2079 suorum.

470 2111 571 2184 qui
587 2129 707 2167 una
727 2109 974 2165 cumillo
993 2107 1208 2180 populo
1224 2111 1558 2179 praeessent,
1577 2107 1837 2179 replevit.
1859 2110 2114 2174 Quorum
2149 2143 2196 2208 Β
2225 2104 2598 2160 Carnotensis
2629 2105 2848 2161 scilicet
2884 2105 3163 2179 epiSCOpi,
3208 2106 3638 2172 Aurelianensis,
3679 2103 3794 2160 Pari-

469 2199 783 2272 posteritas
805 2199 945 2254 dum
961 2214 1063 2270 per
1075 2195 1475 2252 successiones
1491 2201 1818 2267 temporum
1836 2213 2022 2269 usque
2045 2198 2115 2252 ad
2149 2191 2195 2208 "
2230 2191 2462 2262 siensis,
2513 2193 2848 2262 Meldensis,
2890 2195 3300 2262 Nevernensis,
3331 2193 3796 2256 Autissiodurensis.

469 2287 843 2344 Samuhelem
875 2286 1217 2358 pr‘ophetam
1241 2285 1604 2356 perduraret,
1623 2285 1800 2340 David
1827 2303 2023 2358 regem
2051 2286 2122 2340 de
2231 2296 2336 2335 nec
2374 2297 2486 2336 non
2519 2285 2576 2336 et
2605 2299 2912 2354 procerum
2936 2284 3318 2351 Francorum,
3343 2284 3616 2356 totiusque
3634 2281 3741 2338 clcri
3761 2284 3800 2334 et

473 2395 588 2450 quo
611 2374 1205 2432 dieitDeuszulnveni
1223 2373 1395 2428 David
1412 2374 1734 2428 secundum
1754 2391 2118 2437 cormeum,»
2229 2369 2429 2441 populi
2472 2369 2783 2442 adplausu,
2835 2372 2935 2426 dat
2973 2372 3023 2428 ei
3058 2389 3231 2445 quem
3270 2377 3592 2446 praesentem
3621 2367 3799 2426 cernitis

473 2466 662 2522 eidem
686 2464 842 2539 genti
867 2463 1136 2519 contulit.
1161 2463 1242 2518 De
1263 2463 1434 2532 cujus
1453 2461 1630 2534 stirpe
1648 2461 1930 2517 Dominus
1949 2461 2120 2518 Jesus
2231 2457 2513 2514 domuum
2537 2459 2921 2524 Mainardum,
2946 2461 3128 2532 hujus
3149 2468 3370 2518 sanctas
3393 2461 3580 2516 matris
3598 2457 3800 2518 Ecclesia!

473 2573 577 2630 per
603 2555 962 2610 voluntatem
1010 2551 1220 2617 Patris,
1267 2555 1614 2624 cooperante
1645 2555 1846 2605 sancto
1877 2551 2117 2623 Spiritu,
2231 2547 3120 2619 sanctiStcphaniarchiclavum
3141 2550 3282 2619 (29),
3303 2554 3598 2622 pastorem.
3617 2551 3802 2618 etspon-

471 2638 2118 2712 inmaculatamcarnemexinmaculataVirginesumens,
2231 2653 2386 2704 sum,
2421 2637 2600 2690 nobili
2653 2637 2834 2710 stirpe
2864 2639 3268 2710 progenitum,
3303 2645 3360 2694 et
3401 2637 3560 2694 bonis
3603 2635 3804 2691 moribus

473 2731 781 2792 duodecim
811 2729 1104 2804 apostolos
1122 2728 1316 2802 elegit,
1349 2734 1408 2784 et
1427 2726 1704 2800 appellari
1728 2728 1798 2782 ab
1821 2727 1906 2783 cis
1928 2728 2120 2784 Domi-
2231 2731 2522 2780 ornatum.
2539 2725 2702 2781 Unde
2718 2727 3088 2798 postulamus
3100 2727 3404 2784 caritatem
3418 2721 3808 2791 vestram,karis-

475 2839 589 2878 nus
619 2824 676 2878 et
707 2819 985 2892 Magister
1015 2817 1214 2873 voluit.
1249 2816 1472 2880 Quibus
1504 2817 1574 2872 ab
1608 2832 1674 2871 eo
1705 2829 1908 2872 sancta
1939 2820 2124 2872 mater
2233 2813 2366 2868 simi
2399 2813 2627 2882 fratres,
2661 2819 2728 2870 ut
2759 2815 2816 2870 in
2849 2815 3075 2872 excelso
3123 2833 3299 2874 voces
3351 2815 3681 2878 extollentes,
3707 2809 3808 2882 quid

472 2909 732 2970 Ecclesia
764 2908 1028 2980 ejusdem
1053 2905 1288 2962 Domini
1309 2905 1445 2961 Jesu
1469 2922 1685 2976 sponsa
1705 2905 2044 2972 commissa,
2067 2911 2124 2962 et
2232 2919 2410 2973 super
2437 2901 2547 2958 hoc
2579 2903 2744 2958 vobis
2775 2903 2999 2976 placeat
3023 2905 3422 2976 proclametis.
3451 2907 3598 2959 Hunc
3613 2899 3807 2956 versicu-

472 2997 694 3072 ligandi
727 3001 902 3070 atque
941 2993 1199 3053 solvendi
1246 2997 1504 3066 potestas
1555 2991 1786 3059 collata,
1838 2994 2120 3064 quamdiu
2230 2989 2352 3044 lum
2377 2985 3808 3066 repetitumtertio,prosequaturdecentissimacleri

473 3087 679 3144 mundi
713 3087 894 3157 hujus
923 3084 1110 3141 orbita
1139 3081 1406 3146 volvitur,
1435 3083 1493 3136 in
1524 3097 1728 3137 eorum
1771 3082 2122 3138 successori-
2231 3077 2456 3146 electio,
2487 3080 2700 3136 deinde
2732 3081 3157 3154 metropolitani
3189 3086 3253 3139 et
3303 3082 3558 3140 omnium
3603 3090 3809 3148 compro-

471 3177 602 3244 bus,
636 3175 720 3232 eis
751 3172 974 3232 scilicet
1003 3171 1102 3246 qui
1132 3171 1390 3244 episcopi
1439 3175 1738 3238 vocantur,
1771 3174 1970 3225 manet
1999 3175 2121 3226 sta-
2229 3168 2592 3237 vincialium,
2627 3169 2676 3224 si
2729 3169 2852 3226 fieri
2884 3174 3111 3243 potest:
3145 3172 3254 3228 sed
3309 3189 3424 3228 non
3469 3170 3648 3226 minus
3679 3179 3811 3239 quam

471 3265 610 3320 bilis
639 3267 699 3320 et
729 3265 918 3318 firma.
2231 3257 2412 3313 trium
2445 3258 2877 3332 episcoporum,
2911 3259 3368 3333 metropolitano
3390 3261 3668 3335 praesente,
3688 3255 3812 3309 bene-

541 3349 1039 3408 Anidmadvertite
1069 3347 1266 3422 igitur,
1297 3347 1504 3403 fratres
1529 3346 1848 3414 karissimi,
1885 3365 2001 3420 qua
2033 3365 2122 3403 ra-
2235 3347 2430 3403 dictio.

471 3440 648 3510 tione,
681 3457 800 3513 qua
827 3439 1062 3512 pietate,
1093 3455 1211 3511 qua
1239 3436 1660 3505 misericordia,
1704 3454 1822 3510 qua
1855 3437 2117 3494 modera-

1746 3623 2453 3718 OPUSCULUM
2517 3627 2594 3716 Χ
2638 3712 2643 3717 ,

555 3784 795 3844 Sancta
824 3779 1032 3840 matris
1063 3777 1678 3861 Ecclesz'wgSenonum
1709 3777 2146 3861 archiepiscopo
2179 3777 2484 3861 Gg'ldm'no,
2512 3781 2776 3861 maxima
2817 3780 3084 3861 corporis
3114 3779 3519 3860 invaliludipe
3542 3776 3765 3837 delenita

1326 3857 1678 3921 Odorannus
1703 3857 2036 3940 syncelh’la,
2068 3857 2346 3920 aemulari
2367 3858 2614 3920 meliora
2643 3857 3024 3922 charismata.

540 4013 703 4078 Quod
735 4011 930 4070 studio
951 4009 1268 4067 lectionum
1289 4008 1621 4066 divinarum
1643 4007 1902 4064 obtinere
1923 4007 2111 4065 valea-
2143 4009 2186 4076 C
2225 4013 2350 4066 tera
2365 4013 2578 4066 sanctae
2597 4009 3015 4067 exhortationis
3032 4007 3698 4082 aﬂ'amina,DominiJesu
3717 4013 3814 4056 cum

467 4121 622 4173 mus,
658 4102 810 4158 unde
838 4117 986 4157 nova
1015 4104 1072 4155 et
1101 4103 1294 4155 vetera
1323 4098 1580 4171 proferre
1612 4115 1918 4170 queamus,
1953 4098 2026 4153 ad
2055 4097 2112 4152 id
2225 4097 2508 4170 apostolis
2528 4097 2825 4170 loquentis
2843 4098 2928 4154 sic
2950 4117 3012 4156 se
3029 4099 3376 4156 habuerunt
3396 4099 3592 4155 verba:
3617 4090 3824 4158 «Ουίνοε

464 4192 796 4250 faciendum
829 4192 1146 4262 provocant
1193 4205 1298 4244 nos
1339 4188 1517 4243 beata:
1549 4185 1842 4243 memoriae
1897 4187 2114 4259 praede-
2224 4187 2467 4258 spernit,
2518 4203 2612 4242 me
2653 4187 2892 4259 spernit.
2933 4211 2960 4237 ››
3010 4189 3275 4252 Quorum
3321 4187 3507 4244 vicem
3555 4180 3822 4240 sacerdotes

461 4273 2111 4349 cessorisvestriLeuthericiarchiepiscopimiriﬁciactus,
2223 4274 2492 4332 Ecclesiae
2521 4276 3022 4350 tenentes,majori
3043 4277 3266 4350 injuria
3294 4295 3410 4334 non
3437 4277 3669 4350 possunt
3685 4269 3824 4325 luces

461 4369 563 4444 qui
595 4385 828 4440 semper
847 4367 1018 4439 juxta
1055 4365 1400 4440 Apostolum
1436 4365 1493 4418 in
1524 4364 1783 4420 oratione
1813 4363 2111 4429 assiduus,
2223 4363 2532 4436 siri,quam
2547 4365 2862 4432 si,verbum
2882 4366 3146 4422 divinum
3162 4366 3823 4428 subministrantcs,sper-

461 4465 520 4516 et
548 4459 609 4514 in
643 4457 1021 4514 meditatione
1049 4456 1196 4527 legis
1229 4454 1328 4510 Dei
1363 4453 1689 4526 permansit
1736 4453 2069 4509 indefessus
2095 4470 2108 4519 ;
2222 4458 2438 4509 nantur
2468 4471 2504 4510 θ.
2536 4455 2805 4511 subditis.
2832 4454 3074 4524 Quibus,
3101 4472 3172 4512 ne
3187 4455 3588 4529 vilipendatur
3604 4449 3824 4521 vigeren-

461 4549 632 4619 cujus
650 4542 1252 4619 praesentiacorporali
1275 4543 1326 4600 si
1345 4543 1417 4598 ad
1438 4559 1693 4616 praesens
1714 4541 1958 4614 dignum
1975 4541 2113 4596 fuis-
2222 4541 2607 4611 clesiastieus,
2641 4559 2672 4600 e
2703 4543 2930 4600 diverso
2961 4549 3282 4601 occurrunt
3313 4545 3477 4617 leges
3506 4538 3779 4596 mundanae
3801 4544 3826 4582 ι

459 4640 550 4690 set
569 4633 791 4708 perfrui
822 4632 1127 4701 saeculum,
1159 4647 1530 4704 nequaquam
1571 4628 1918 4702 pullulasset
1964 4645 2114 4684 nova
2219 4629 2568 4688 Christianis
2593 4631 3044 4705 imperatoribus
3061 4631 3286 4705 Spiritu
3323 4635 3528 4689 sancto
3556 4621 3828 4699 inspirante

457 4719 1194 4796 haeresisBurgundionum
1211 4719 1344 4792 (30),
1359 4719 1482 4789 qui,
1503 4723 1566 4774 ut
1582 4717 1722 4773 mihi
1743 4716 2106 4786 innotuistis,
2217 4719 2624 4793 promulgatas,
2649 4719 2866 4793 quibus
2883 4720 3219 4794 praecipitur
3242 4727 3311 4778 ut
3331 4718 3509 4793 triplo
3529 4724 3828 4786 componan-

456 4820 726 4870 asserunt
757 4827 822 4868 se
848 4809 1050 4867 rebelli
1083 4812 1277 4866 mente
1307 4807 1389 4862 nil
1419 4807 1628 4863 debere
1651 4805 1774 4862 suis
1793 4804 2105 4879 episcopis,
2216 4813 2314 4864 tur
2343 4825 2545 4866 omnes
2569 4811 2940 4867 sacerdotum
2963 4809 3213 4882 injuriae.
3241 4807 3503 4868 Gloriosi
3521 4796 3830 4880 quoqueim-

456 4901 506 4958 si
533 4903 605 4958 ab
639 4901 757 4958 illis
787 4902 860 4958 ad
904 4899 1374 4957 emendationem
1414 4901 1479 4952 ut
1525 4896 1779 4962 veniant,
1829 4895 2108 4952 canonice
2217 4897 2501 4971 peratoris
2551 4897 2738 4955 Karoli
2768 4897 2896 4955 luce
2948 4898 3195 4956 clariora
3249 4903 3461 4956 extant
3509 4883 3828 4968 capituli,in

453 4992 664 5060 vocati,
699 4991 894 5046 venire
925 4987 1266 5045 distulerint
1293 5005 1397 5060 pro
1429 4986 1553 5043 suis
1576 4985 1830 5060 ﬂagitiis.
1858 4985 2107 5055 Quibus,
2216 4986 2433 5059 quibus
2462 4987 2836 5044 continentur
2867 4987 3211 5060 hujusmodi
3240 4987 3506 5062 scripta:
3540 5007 3566 5036 «
3593 4981 3667 5038 De
3692 4988 3825 5032 voca-

457 5095 528 5132 ne
560 5084 900 5134 remaneant
930 5079 988 5135 in
1019 5083 1176 5136 tanto
1199 5094 1416 5146 errore,
1447 5075 1860 5150 proferendum
1889 5079 1978 5131 est
2003 5092 2106 5130 an-
2219 5098 2246 5128 α
2279 5075 2562 5142 tionibus,
2614 5093 2762 5150 quas
2793 5077 3016 5132 faciunt
3044 5077 3330 5150 episcopi,
3363 5071 3720 5150 praecipimus
3748 5064 3828 5156 Διιῑτ

456 5165 706 5222 tidotum
739 5183 809 5222 ex
837 5168 1170 5225 divinarum
1199 5167 1396 5240 legum
1425 5164 1788 5222 auctoritate.
1823 5165 1983 5221 Inter
2013 5180 2104 5220 ce-
2216 5188 2242 5216 ‹‹
2277 5163 2377 5238 qui
2408 5182 2506 5222 eas
2547 5165 2885 5238 neglexerit,
2919 5163 3224 5239 tripliciter
3253 5165 3592 5238 componat.
3621 5151 3765 5222 Ουοά
3789 5151 3829 5205 εί

530 5291 644 5362 (27)
674 5291 754 5346 De
785 5291 1056 5347 Gilduino
1079 5291 1332 5364 archiep.
1363 5292 1555 5348 Senon
1578 5290 1637 5345 in
1657 5289 1868 5346 Annal.
1889 5289 2102 5346 Bened.
2211 5289 2502 5364 cjclavum,
2526 5305 2676 5364 orcae
2697 5292 2874 5364 claves
2895 5291 3202 5364 habentem.
3225 5289 3333 5346 Hic
3355 5276 3828 5364 enimﬂaiqafdﬁs

456 5344 1332 5435 ad‘an:iussused;""""
1839 5344 1843 5345 ⁷
1897 5344 1908 5345 ”
2094 5344 2100 5346 ⁷
2213 5344 3856 5435 essentessetsalsassesesese...vacum.-

528 5437 642 5502 (28)
674 5433 819 5506 Hinc
848 5432 1115 5506 videmus
1168 5435 1349 5506 hujus
1377 5433 1576 5506 scripti
1611 5435 1861 5500 aetatem,
1897 5449 2105 5506 nempe
2213 5432 2544 5506 citqadian.
2583 5435 2740 5491 1032.
3160 5505 3169 5506 7
3354 5504 3363 5506 _
3618 5497 3649 5506 __
3751 5487 3784 5506 ι,

455 5491 702 5578 regnum
739 5504 966 5578 llenriei
1000 5505 1042 5574 l,
1078 5506 1176 5578 qui
1207 5491 1353 5578 patri
1388 5491 1660 5570 Robcrto,
1693 5506 1764 5560 de
1809 5491 1924 5575 quo
1955 5491 2103 5558 Odh-
2285 5504 2400 5578 (30)
2423 5505 2505 5578 De
2525 5504 2631 5561 hac
2655 5506 3137 5578 Burgundionum
3158 5504 3367 5562 haeresi
3392 5497 3719 5574 diligentius
3736 5491 3830 5545 dis-

459 5575 683 5650 raunus
718 5578 775 5632 in
808 5576 1068 5650 prologo,
1097 5575 1388 5650 successit
1419 5594 1570 5632 anno
1603 5578 1762 5650 17031.
1860 5647 1895 5650 __
2215 5576 2370 5647 quiri
2400 5575 2595 5632 velim.

529 5649 642 5723 (29)
677 5645 854 5717 Quasi
884 5645 1188 5706 summum
1219 5645 1591 5716 clavigerum.
1615 5647 1727 5703 Sed
1760 5647 1962 5704 malim
2011 5663 2101 5702 ar-

3946 3565 3947 3598 ι

3945 3699 3947 3752 l

3946 3771 3947 3812 l

3946 3859 3947 3910 l
