4020 6180
497 351 614 416 827

1337 352 1739 418 ODORANNI
1780 351 2135 419 MONAGHI
2179 354 2244 418 S.
2289 355 2527 422 PETRI
2571 358 2734 426 VIVI
2778 361 3061 426 SENON.
3706 376 3799 440 828

499 495 609 559 tes,
641 487 910 554 caelestia,
929 489 1040 544 etc.
1062 485 1314 576 Sanctus
1345 488 1615 576 princeps
1645 486 1911 545 Ecclesia
1939 487 2147 545 Petrus
2175 489 2225 557 Α
2257 491 2408 549 Dum
2439 493 2626 551 cernit
2655 493 2848 553 cultus
2870 496 3314 558 simulacrorum
3332 505 3384 558 et
3403 500 3798 576 iaqueossuima.

498 581 610 637 hos
640 577 946 636 admonuit
973 575 1032 632 in
1083 575 1270 634 Gallia
1314 575 1494 633 divini
1526 577 1685 632 verbi
1718 576 1944 634 semina
1977 593 2140 650 spar-

499 685 654 744 gere,
687 669 858 740 cujus
913 666 1158 738 imperio
1215 665 1367 722 hanc
1415 683 1554 723 arcu
1589 665 1722 722 fidei
1751 667 2138 739 expetierunt,

499 761 810 818 Famosam
840 757 1045 812 urbem
1094 755 1391 812 Senonum
1448 755 1664 811 diaboli
1723 755 2076 812 abstrahunt
2108 773 2142 812 a

495 847 816 914 cultura,et
839 863 942 919 pro
973 862 1108 900 vera
1137 861 1204 900 ac
1234 843 1522 900 cetholica
1550 843 1846 914 ﬁde,hanc
1878 851 2141 912 arcu,etc

492 937 644 993 Dum
675 937 916 992 devotus
947 931 1320 1004 archiprasul
1353 932 1704 988 Savinianus
1732 934 2012 1006 oppidum
2045 935 2141 990 Se-

493 1043 714 1083 nonum
748 1024 966 1080 adisset
986 1021 1168 1076 armis
1193 1019 1558 1092 spiritalibus
1576 1023 1834 1094 undique
1854 1023 2137 1090 munitus,

493 1114 818 1172 inﬁdelium
837 1112 1068 1167 animos
1085 1111 1152 1164 ad
1189 1126 1446 1164 amorem
1471 1109 1563 1164 sui
1586 1111 1887 1175 convertit,
1907 1128 2138 1167 eorum-

491 1222 606 1279 que
637 1201 960 1260 cervicibus
981 1201 1194 1270 jugum
1228 1198 1438 1254 Christi
1470 1215 1646 1253 suave
1667 1203 1724 1254 et
1744 1217 1893 1256 onus
1917 1199 2137 1255 levein-

490 1293 658 1350 didit.
679 1291 940 1350 Nefanria
968 1287 1256 1360 siquidem
1290 1303 1651 1358 paganorum
1674 1286 1983 1343 conamina
2001 1304 2137 1343 con-

491 1383 674 1453 trivit,
707 1384 759 1436 et
794 1381 862 1432 vi»
892 1377 1163 1431 im“tibus
1197 1375 1441 1432 feliciter
1457 1373 1858 1446 triumphavit.
1891 1376 2138 1448 Superni

491 1472 708 1546 quippe
733 1467 1065 1542 pncumatis
1083 1463 1398 1535 insignitus
1421 1465 2004 1537 prasagio,summus
2028 1482 2132 1520 an-

490 1561 658 1617 tistes
688 1557 835 1615 adiit
871 1557 1267 1612 Senonensem
1297 1569 1432 1608 mox
1487 1552 1877 1625 metropolim.
1914 1551 2129 1610 Eveva.

559 1645 809 1704 Virtutis
827 1645 996 1716 cujus
1017 1642 1312 1716 specimen
1335 1641 1498 1698 electi
1523 1640 1738 1697 Christi
1755 1640 1970 1697 milites
1993 1659 2136 1714 pra-

491 1738 688 1797 clarus
700 1730 2134 1804 PotentianusAltinusquepresequuntur.-Evova.

489 1828 778 1886 Insistunt
803 1838 973 1898 porro
1005 1824 1216 1877 conatu
1249 1819 1626 1892 magnanimo
1660 1818 2002 1892 gentilibus,
2037 1821 2135 1876 de-

487 1917 780 1976 struentes
840 1909 1172 1985 phanatica,
1223 1909 1644 1980 ﬁrmantesque
1709 1908 1921 1964 Christi
1974 1910 2133 1981 jura.

483 2009 704 2064 Evova.
733 2001 982 2059 Miratur
1009 1997 1218 2055 cohors
1253 1998 1498 2070 profana
1539 1997 1870 2054 inauditum
1921 1997 2135 2054 Christi

483 2096 718 2169 dogma,
749 2095 924 2163 atque
952 2089 1184 2144 venisse
1211 2085 1469 2143 celebres
1516 2085 1815 2158 sapientia
1846 2103 2130 2158 proceres.

479 2184 700 2240 Eveva.
731 2178 880 2234 Hinc
909 2175 1168 2248 fulgente
1215 2173 1500 2246 praconio
1533 2173 1952 2232 miraculorum
1997 2175 2130 2248 plu-

483 2265 936 2336 rimo,certatim
969 2266 1176 2336 petunt
1202 2261 1400 2335 pepuli
1434 2256 1728 2334 baptisma
1755 2263 1966 2319 Christi
1999 2281 2132 2320 con-

482 2359 669 2432 sequi.
700 2353 1156 2413 Eveva.Herum
1187 2350 1448 2424 antiquis
1477 2351 1796 2424 triumphis
1827 2369 1889 2408 se
1915 2351 2132 2409 dolens

481 2447 674 2504 hostis
703 2441 976 2518 opprimi,
1009 2441 1181 2496 savis
1213 2439 1614 2510 improborum
1665 2439 1818 2495 dolis
1871 2440 2130 2518 athletas

480 2535 696 2593 Christi
737 2530 990 2604 perimit.
1024 2531 1242 2584 Eveva.
1277 2528 1500 2600 Pauper
1529 2527 1736 2600 spiritu
1758 2529 2128 2597 Savinianus,

480 2629 538 2681 et
557 2619 815 2695 locuples
835 2618 1189 2692 pinguedine
1202 2620 1366 2672 terra
1385 2617 1682 2672 Senonum
1701 2616 1972 2689 populus,
1987 2618 2128 2673 dum

478 2713 540 2770 in
561 2711 654 2768 via
682 2711 862 2781 hujus
894 2705 1379 2781 peregrinationis
1401 2705 1642 2762 sibimet
1669 2705 1970 2762 obviantes
2001 2723 2132 2763 con-

481 2801 812 2865 cerdarent,
845 2795 1111 2868 utrisque
1154 2797 1499 2866 coeperatus
1557 2797 1645 2850 est
1695 2793 2012 2863 Dominus;
2045 2794 2127 2850 illi

477 2887 833 2946 instruenda
862 2884 1123 2942 veritatis
1141 2887 1201 2939 et
1231 2883 1366 2940 fidei
1396 2881 1809 2950 constantiam,
1843 2882 1978 2938 huic
2005 2900 2130 2940 cre-

433 3029 444 3034 _
476 2977 653 3036 dendi
683 2981 743 3034 et
773 2970 1208 3032 obsecundandi
1241 2972 1544 3028 conferens
1571 2971 1918 3028 efﬁcaciam.
1953 2972 2130 3030 Utris-

475 3071 732 3142 que,etc.
753 3063 1040 3137 Inciytum
1063 3061 1468 3118 Petentianum
1500 3060 1830 3133 prasuiem,
1847 3061 2128 3135 piumque

476 3155 740 3214 Altinum
770 3153 870 3210 Dei
900 3151 1062 3208 verbi
1091 3149 1566 3208 comministrum
1597 3149 1778 3204 mittit
1810 3151 1994 3206 Roma
2025 3168 2128 3207 au-

2249 582 2608 640 chinamenti
2632 586 2922 643 denodare
2944 587 3134 644 hostis
3153 589 3799 665 antiquus,ministms,etc.

2249 672 2530 746 Egregius
2562 674 2930 744 Savinianus,
2961 676 3019 732 in
3041 694 3225 750 agone
3242 679 3802 749 decertans,novissima

2249 759 2376 815 diro
2405 760 2728 834 impiorum
2760 780 3038 824 mucrone
3067 781 3170 837 pro
3201 766 3436 824 Domino
3463 769 3804 846 subiitegregia

2249 849 2460 906 tradite
2475 851 2684 923 capite,
2699 851 2854 908 illico
2877 852 3046 909 cales
3067 855 3350 912 scandens
3372 857 3802 928 pramialaborum

2248 937 2528 1010 consequi
2560 939 2791 996 meruit.
2822 941 3022 998 Funus
3045 943 3307 1014 ejusdem
3341 943 3578 1002 ﬁdelium
3604 947 3804 1022 discipu-

2247 1023 2436 1081 lorum
2487 1027 2760 1084 manibus
2806 1029 3054 1084 infertur
3099 1030 3410 1088 mausoleo.
3455 1036 3684 1103 Praemia,
3721 1047 3801 1094 etc.

2247 1113 2430 1170 Hodie
2459 1117 2665 1171 beatus
2696 1117 3048 1174 Savinianus
3078 1135 3212 1174 cum
3245 1119 3711 1194 coliegie'fratrum
3733 1143 3804 1183 cu-

2247 1202 2429 1258 currit
2458 1204 2661 1259 mundi
2695 1206 3048 1274 certamina;
3083 1206 3252 1263 hodie
3278 1209 3402 1264 fuso
3431 1212 3678 1283 sanguine
3693 1231 3808 1269 suin-

2248 1290 2364 1362 psit
2395 1291 2650 1363 palmam
2679 1293 2914 1366 gioria;
2949 1294 3120 1352 hodie
3151 1313 3322 1352 carne
3350 1296 3563 1356 solutus
3580 1298 3632 1355 in
3649 1302 3807 1358 calum

2243 1379 2752 1454 sequiturAgnum
2765 1382 2866 1440 Dei
2879 1383 3381 1442 Filium.Mirabiie
3391 1391 3444 1442 et
3456 1387 3660 1444 beatum
3671 1390 3802 1446 decus

2247 1473 2607 1538 sanctorum,
2639 1469 2697 1525 in
2727 1470 2883 1528 caiis
2913 1473 3262 1539 cerenabile,
3283 1479 3339 1530 et
3362 1475 3417 1530 in
3450 1475 3602 1532 terris
3629 1494 3806 1534 venem-

2246 1556 2388 1613 bile!
2424 1557 2603 1615 Hodie
2633 1576 2806 1616 carne
2837 1560 3090 1627 solutus,
3123 1565 3232 1618 etc.

2314 1646 2607 1703 Athletam
2639 1647 2872 1705 Domini
2901 1649 3283 1707 Savinianum
3323 1668 3423 1725 per
3467 1653 3568 1709 iter
3611 1654 3810 1728 martyrii

2244 1735 2608 1807 gradientem
2639 1737 2922 1816 sequitur.
2934 1743 3105 1812 grata
3119 1740 3440 1798 amicorum
3459 1740 3811 1811 ciienteia,san-

2246 1831 2375 1880 ctus
2405 1824 2675 1883 videlicet
2721 1827 3123 1898 Potentianus,
3156 1847 3323 1902 aeque
3369 1830 3571 1888 nobilis
3619 1831 3808 1896 Altinus,

2244 1913 2500 1988 inclytus
2549 1915 2865 1984 Eodaldus,
2909 1922 2968 1973 et
3023 1922 3265 1975 sanctus
3312 1919 3614 1977 Seretinus.
3661 1919 3810 1976 Mortis

2244 2020 2500 2076 namque
2555 2005 2628 2060 ab
2681 2005 2882 2078 impiis
2928 2005 3272 2063 discrimine
3330 2007 3568 2076 multati,
3611 2008 3811 2082 martyrii

2241 2092 2489 2165 gloriam
2545 2093 2782 2166 assequi
2841 2099 3203 2152 meruerunt.
3238 2096 3502 2165 Sanctus,
3531 2102 3627 2154 etc.
3666 2097 3812 2154 Gloria

2242 2181 2396 2236 Patri
2436 2186 2494 2237 et
2545 2181 2686 2238 Filio
2735 2186 2792 2238 et
2832 2183 3076 2256 Spiritui
3127 2189 3352 2242 sancte.
3386 2185 3580 2243 Messis
3619 2185 3812 2242 cultores

2244 2261 2496 2330 Domini,
2531 2261 2882 2320 Savinianus
2913 2269 2970 2321 et
3008 2264 3397 2324 Potentianus
3436 2265 3636 2340 inclyti,
3663 2282 3812 2338 repor-

2240 2353 2442 2406 tarunt
2479 2349 2706 2407 semina
2743 2369 2778 2408 a
2807 2352 3034 2410 Christo
3075 2354 3215 2410 data
3263 2354 3532 2429 duplicia.
3561 2355 3739 2411 Eveva.
3761 2353 3812 2409 Hi

2242 2439 2511 2495 karitatis
2539 2440 2785 2510 gemina
2817 2441 3258 2513 resplendentes
3290 2461 3540 2511 munere,
3557 2443 3645 2500 Dei
3668 2458 3815 2500 amore

2239 2531 2296 2582 et
2325 2527 2570 2599 proximi
2598 2527 2936 2584 enituerunt
2965 2530 3334 2602 plenissime.
3365 2534 3571 2589 Evova.
3589 2533 3644 2588 In
3672 2530 3813 2586 medio

2239 2615 2510 2688 luporum
2542 2616 2676 2689 agni
2700 2616 2872 2690 positi
2889 2635 2923 2674 a
2944 2619 3194 2676 Domino
3217 2622 3402 2678 sancti
3433 2625 3685 2695 martyres
3701 2617 3818 2676 Chri-

2239 2705 2334 2770 sti,
2369 2704 2671 2761 sacculum
2721 2711 2778 2761 et
2825 2723 3026 2779 peram
3076 2713 3390 2782 ceteraque
3435 2710 3593 2767 xenia
3635 2724 3815 2781 spreve-

2237 2799 2375 2850 runt
2407 2812 2508 2866 pro
2539 2793 2768 2851 Christo
2799 2800 2990 2852 mente
3023 2797 3484 2870 promptissima.
3513 2799 3702 2854 Evova.
3728 2795 3818 2852 Itu-

2236 2883 2470 2940 tiiantes
2501 2883 2802 2941 miraculis
2833 2887 3044 2942 reversi
3079 2892 3225 2944 sunt
3255 2887 3432 2944 iidem
3464 2887 3634 2944 sancti
3681 2883 3816 2942 dieci-

2234 2973 2356 3044 puli
2390 2973 2824 3045 congaudentes
2855 2991 2920 3030 ac
2951 2973 3214 3032 dicentes
3237 2976 3483 3034 Domine
3507 2994 3518 3034 :
3541 2977 3677 3037 Ecce,
3693 2972 3820 3030 nobis

2235 3059 2632 3132 subjiciuntur
2662 3061 2949 3118 damonia
2972 3061 3032 3118 in
3061 3063 3300 3120 virtutis
3331 3069 3442 3122 tua
3468 3062 3820 3138 petentia.Evo-

2234 3166 2336 3204 va.
2368 3148 2578 3216 Nolite,
2612 3148 2810 3222 inquit
2839 3150 3126 3220 Christus,
3163 3153 3424 3225 gaudere
3451 3152 3596 3226 quod
3620 3151 3821 3206 domina-

475 3262 594 3312 rea,
618 3243 684 3300 Hi
719 3241 894 3299 simul
926 3257 1030 3313 pro
1049 3240 1166 3296 Deo
1192 3238 1484 3311 exquisita
1505 3239 2122 3312 perferuntsupplicia,
2157 3226 2200 3294 C
2239 3236 2383 3292 mini
2415 3236 2740 3310 spiritibus,
2765 3239 2868 3294 sed
2927 3238 3181 3310 gaudete
3246 3241 3388 3313 quia
3434 3240 3657 3297 nomina
3678 3240 3820 3292 vestra

473 3330 808 3404 exemplum
841 3328 1132 3400 patientia
1153 3331 1211 3383 et
1235 3325 1472 3382 virtutis
1496 3325 1556 3380 in
1589 3342 1822 3381 summe
1855 3328 2128 3398 pontifice

475 3424 800 3478 cernentes.
819 3417 888 3474 Hi
919 3415 1116 3483 simul,
1139 3420 1249 3472 etc.
1270 3413 1606 3470 Laudabilis
1636 3414 2014 3472 Potentianus
2035 3433 2127 3489 ge-

475 3526 616 3566 nera
645 3510 1071 3564 tormentorum
1093 3505 1246 3560 ultro
1277 3519 1540 3574 currens,
1560 3503 1673 3558 ﬁde
1694 3504 1933 3559 tandem
1957 3505 2125 3560 rebo-

475 3603 642 3655 ratus
657 3596 720 3652 in
740 3593 1285 3660 Christe,cervicem
1304 3592 1540 3664 prabet,
1556 3591 1816 3648 animum
1839 3594 2128 3666 sanguine

474 3687 774 3744 laureatus
802 3681 1050 3740 Domino
1082 3681 1352 3737 reddens.
1385 3680 1610 3752 Corpus
1639 3681 1788 3751 ejus,
1824 3681 2025 3738 bestiis
2071 3687 2130 3738 et

477 3775 684 3832 avibus
713 3771 1066 3846 expositum,
1100 3769 1226 3827 sola
1254 3768 1355 3826 Dei
1387 3767 1750 3841 providentia
1801 3769 2128 3842 permansit

476 3865 786 3921 intactum.
817 3860 1111 3927 Animam,
1146 3863 1255 3916 etc.
1288 3855 1592 3914 Gloriosus
1623 3856 1846 3912 athleta
1897 3859 2126 3915 Domini

475 3950 830 4010 Savinianus
878 3947 1156 4021 pontifex,
1183 3945 1428 4003 feliciter
1467 3963 1572 4019 pro
1623 3945 1851 4003 Christo
1911 3947 2128 4005 multos

475 4056 694 4114 agones
723 4054 1057 4112 perpessus,
1080 4037 1317 4093 tandem
1349 4052 1712 4109 paganorum
1744 4053 2044 4104 mucrone,
2065 4041 2129 4094 ut

475 4129 573 4186 diu
588 4130 910 4202 optaverat,
919 4124 1178 4199 jugulari
1205 4142 1320 4181 non
1348 4125 1644 4193 diﬂ'erens,
1661 4125 1838 4182 rebus
1849 4124 2128 4208 humanis

474 4221 780 4291 exemptus
809 4217 882 4272 ad
913 4215 1180 4272 laborum
1213 4213 1453 4285 pramia
1493 4213 1859 4285 demigravit.
1891 4215 2127 4271 Accitus

474 4322 731 4380 namque
757 4305 816 4360 in
838 4321 1042 4361 eorum
1073 4301 1366 4376 pestilenti
1383 4301 1648 4370 concilio,
1663 4319 1728 4358 ac
1750 4301 1982 4374 capitali
2001 4319 2128 4360 sen-

475 4394 657 4453 tentia
685 4395 1044 4466 dampnatus
1077 4408 1180 4464 pro
1212 4391 1462 4459 Christo,
1496 4391 1696 4459 rebus,
1729 4396 1839 4448 etc.
2059 4451 2065 4456 ,

545 4484 591 4540 Ο
620 4481 760 4539 felix
790 4485 848 4538 et
876 4481 1056 4554 digna
1097 4479 1280 4537 'laude
1328 4484 1666 4536 sanctorum
1717 4485 2130 4538 mementanea

2237 3326 2456 3398 scripta
2483 3330 2624 3382 sunt
2652 3325 2711 3381 in
2754 3323 2930 3382 calis.
2963 3327 3186 3385 Eveva.
3221 3334 3267 3386 0
3298 3328 3614 3386 clarissima
3657 3328 3819 3396 marty-

2237 3431 2368 3470 rum
2415 3430 2670 3488 gemma,
2699 3415 3028 3484 Saviniane,
3061 3417 3298 3474 veniam
3351 3419 3516 3475 nobis
3560 3415 3724 3472 obtine
3747 3417 3818 3467 tua

2235 3508 2440 3560 sancta
2470 3502 2905 3570 intercessione,
2923 3508 2978 3560 et
3001 3503 3248 3561 subveni
3281 3506 3342 3562 in
3365 3503 3642 3580 angustiis
3659 3505 3706 3558 et
3717 3497 3820 3557 allii-

2235 3591 2445 3648 ctione.
2462 3591 2545 3646 Da
2564 3591 2755 3657 nobis,
2769 3596 2991 3665 martyr
3002 3592 3114 3664 pie,
3137 3593 3428 3651 auxilium
3445 3595 3513 3652 de
3524 3602 3819 3666 quacumque

2237 3678 2704 3748 tribulatione,et
2731 3679 2998 3736 subveni.
3015 3681 3214 3738 Gloria
3235 3683 3391 3740 Patri
3424 3687 3480 3740 et
3509 3681 3638 3740 Filio
3656 3683 3702 3735 et
3725 3675 3816 3748 Spi-

2236 3769 2322 3825 tui
2355 3772 2577 3826 sancte.
2615 3768 2794 3825 iledie
2841 3768 3065 3826 athleta
3109 3771 3348 3829 Domini
3388 3771 3676 3846 gloriosus,
3701 3761 3819 3822 Savi-

2237 3858 2452 3914 nianus
2483 3856 2940 3931 pentifex,grata
2969 3859 3302 3917 amicorum
3332 3859 3590 3918 clientela
3614 3867 3819 3930 prosecu-

2235 3951 2353 4017 tus,
2383 3947 2454 4001 ad
2483 3945 2752 4002 laborum
2783 3963 3029 4004 suorum
3050 3948 3296 4021 praemia
3317 3945 3672 4022 demigravit;
3697 3941 3820 4037 cuiu?

2237 4034 2394 4108 apud
2425 4034 2609 4090 Deum
2633 4034 2728 4106 pia
2755 4034 3096 4094 intercessio
3129 4037 3401 4096 absolvat
3449 4054 3550 4094 nos
3593 4035 3656 4091 ab
3697 4034 3814 4087 omni

2237 4121 2492 4195 periculo
2513 4121 2525 4177 l
2560 4123 2780 4179 Eveva.

2309 4209 2528 4266 Celebri
2559 4209 2803 4266 laudum
2825 4211 3019 4284 jubile
3050 4213 3456 4285 perselvamus
3485 4205 3818 4276 edasChristo,

2236 4303 2605 4355 recensentes
2615 4297 2936 4371 gloriosum
2951 4299 3246 4357 Saviniani
3266 4301 3602 4375 trophaum,
3615 4293 3819 4370 ejusdem

2239 4403 2472 4460 quoque
2519 4386 2799 4444 clientum
2850 4388 3210 4463 triumphale
3263 4389 3582 4464 tripudium
3659 4384 3819 4439 herum

2239 4481 2498 4549 precatu,
2541 4475 2732 4532 calice
2793 4493 2908 4550 quo
2969 4477 3238 4534 fruamur
3291 4477 3573 4535 subsidio.
3600 4468 3822 4547 Egregius

476 4570 693 4645 passio,
734 4571 886 4625 facta
932 4567 1205 4624 fidelibus
1256 4567 1488 4640 populis
1537 4567 1746 4624 salutis
1797 4569 2124 4642 reparatio!
2160 4594 2207 4660 Ι)
2239 4565 2634 4660 triumphator
2697 4565 3050 4660 Savinianus
3084 4583 3249 4660 cum
3323 4572 3547 4660 caterva
3585 4560 3819 4660 sociorum

475 4661 694 4718 Eveva.
726 4661 902 4713 Beate
933 4655 1245 4726 Saviniano
1275 4655 1608 4730 gratulante
1640 4656 1700 4712 in
1750 4657 1991 4714 milibus
2023 4676 2125 4732 pe-

474 4747 599 4823 puli
631 4747 705 4806 ad
761 4743 1057 4820 baptisma
1103 4743 1560 4817 pervolantibus,
1593 4746 1803 4819 anguis
1849 4751 2126 4805 veternus

475 4837 780 4902 ministros
791 4832 1004 4892 erroris
1021 4832 1113 4891 sui
1133 4831 1195 4890 in
1207 4835 1475 4890 sanctum
1487 4833 1809 4891 antistitem
1831 4834 2122 4893 excitavit.

2238 4655 2550 4712 tormentis
2581 4654 2935 4726 insequitur,
2969 4656 3157 4728 capite
3187 4655 3468 4730 plectitur
3493 4671 3510 4724 3
3539 4651 3726 4726 quibus
3747 4660 3818 4702 su-

2240 4743 2477 4818 peratis,
2510 4743 2773 4801 exultant
2801 4743 2928 4802 sine
2957 4745 3073 4801 fine
3103 4745 3163 4800 in
3195 4748 3508 4820 conspectu
3530 4740 3638 4799 Dei.

1328 4983 1517 5041 FINIS
1555 4983 1782 5042 HUJUS
1821 4985 2073 5046 OPERIS
2110 4989 2204 5048 ET
2240 4984 2644 5045 ADMONITIO
2684 4983 3014 5042 LECTORI.

544 5109 880 5188 Auctoreet
907 5109 1299 5188 gubernatore
1344 5109 1481 5178 Deo,
1515 5109 1692 5178 hunc,
1727 5109 1862 5168 licet
1904 5112 2142 5188 _vigente
2185 5113 2444 5188 ingenio,
2476 5111 2840 5188 tamen_jam
2889 5109 3178 5188 caligante
3225 5111 3397 5188 ocule
3440 5113 3495 5166 et
3535 5098 3819 5179 frigescunte

478 5179 744 5251 articulo,
773 5179 990 5238 iibru'm
1011 5183 1360 5240 Oderannus
1390 5199 1552 5256 pane
1579 5179 2003 5256 sexagenarius
2021 5179 2286 5244 exaravit
2304 5182 2648 5243 monachus.

2729 5199 2798 5240 os
2827 5181 2928 5256 qui
2952 5181 3168 5256 legitis,
3197 5187 3363 5241 orate
3393 5197 3496 5256 pro
3530 5195 3610 5237 eo.
