4020 6180
160 379 279 440 839
1645 378 2090 441 EPl'l‘APHIA.
3451 379 3573 443 830

1210 712 1781 800 EPITAPHIA
1847 712 2536 803 SENONENSIA

241 891 317 952 In
344 891 724 975 suoseqnente
748 889 1014 975 ejusdem
1039 889 1253 951 codicis
1279 891 1529 975 pagina,
1567 900 1756 975 vetere
1775 908 1938 975 atque
1966 911 2147 951 manu
2176 892 2521 975 scribuntur
2550 895 2954 975 episcoporum
2975 894 3244 975 quinque
3268 895 3573 975 Senonem

157 974 316 1032 siam
347 970 698 1053 epitap/u'a,’
727 970 959 1052 duoque
989 973 1224 1053 insuper
1255 970 1378 1031 alia
1410 970 2316 1053 nionactmruniSenonensi'um.
2346 993 2557 1053 nempe
2576 970 2893 1034 Ytaz'nardi
2920 970 3170 1044 abbatis,
3203 984 3258 1033 et
3286 973 3585 1036 Ludovici

161 1053 311 1112 olim
341 1050 589 1112 conatis.
616 1052 827 1113 Utrum
846 1050 969 1133 tiam
990 1051 1377 1133 collegeritgin
1400 1052 1506 1112 hoc
1531 1050 1724 1133 codice
1757 1052 1876 1133 ipse
1894 1050 2249 1133 Odorannus
2266 1050 2563 1133 (quicei-te
2582 1055 2806 1114 cunctis
2825 1054 3210 1133 fuz'tjunior),
3232 1074 3307 1115 an
3324 1055 3579 1133 quilibet

160 1133 340 1225 alius.
376 1133 662 1225 incertum
687 1141 807 1225 ρει..
842 1132 957 1225 νᾳ,
970 1130 1401 1225 catenidubito
1428 1133 1577 1225 gain
1606 1131 1727 1225 haec
1746 1130 2047 1225 epitaphii;
2078 1133 2259 1225 doctis
2278 1130 2743 1225 Gallicanorum
2776 1130 3206 1225 antiquitatum
3247 1130 3576 1225 cultoribus

161 1212 482 1293 explorata
507 1214 646 1272 sint.
675 1211 807 1294 _.\_ed
825 1211 983 1294 nihil
1007 1213 1249 1294 interim
1282 1211 1458 1283 vetat,
1494 1211 1804 1294 quominus
1840 1211 1934 1273 hic
1962 1232 2000 1273 a
2030 1232 2120 1273 me
2149 1222 2522 1274 attexuntur.
2555 1211 2935 1275 Mortuarios
2967 1222 3157 1276 autem
3205 1215 3577 1294 singulorum

161 1291 350 1354 annos
378 1313 454 1353 ex
483 1292 815 1354 Annalibus
843 1291 1370 1353 Benedictinorum
1399 1291 1671 1374 ascripsi.

308 1467 663 1509 EPITAPHIUM
703 1468 885 1507 DOMNI
923 1467 1180 1508 EGILONIS
1219 1468 1667 1508 ARCHIEPISCOPI.

752 1541 925 1613 (oon:
956 1557 1052 1596 an.
1083 1543 1234 1609 870.)

360 1648 538 1702 Artus
567 1646 816 1702 almiﬂui
848 1649 1183 1703 conduntur
1212 1648 1309 1705 hic
1345 1648 1620 1704 tumulati

458 1734 727 1791 Praesulis
758 1735 958 1807 Egilis,
992 1753 1167 1808 quem
1200 1736 1355 1809 capit
1384 1736 1519 1792 aula
1546 1737 1683 1808 poli.

356 1842 707 1881 aranearum
735 1841 991 1881 nascens:
1031 1842 1456 1882 ARCHIEPISCOPI
1498 1826 1629 1898 (35).

165 1914 455 1970 Anseisus
485 1913 785 1969 Senonum
818 1912 1028 1985 priesul
1060 1913 1154 1969 hic
1184 1913 1423 1970 clausus
1452 1914 1718 1970 habetur.

231 2002 473 2059 Judicio
504 2002 719 2058 Christi
754 2009 957 2075 surget
981 2008 1038 2058 et
1067 2002 1192 2075 ipse
1223 2002 1336 2059 sui.
1442 2004 1445 2007 ’

167 2092 493 2149 Galliarum
524 2092 752 2165 primax
779 2093 888 2161 (ita
916 2093 1057 2149 tteic.
1090 2093 1243 2164 cod.)
1289 2109 1441 2165 papa
1486 2092 1709 2149 Joanne
1739 2093 1822 2150 le-

1607 2185 1820 2255 [vatus,

1845 1453 1899 1521 Α
1930 1450 2227 1524 Quidquid
2253 1455 2412 1508 amat
2440 1452 2721 1519 mundus,
2755 1452 3201 1526 sprevitvirtute
3230 1453 3503 1528 benigna,

2002 1541 2297 1597 Daviticus
2326 1545 2486 1598 vates
2516 1542 2703 1597 adfuit
2729 1559 2824 1598 ore
2855 1542 2969 1615 pio.

1928 1630 2077 1685 Dum
2113 1634 2273 1686 sexto
2305 1630 2530 1686 bifrons
2560 1629 2695 1686 idus
2718 1631 3033 1702 janu'arius
3064 1631 3201 1704 egit,

2002 1718 2246 1775 Decidit.
2281 1719 2464 1791 Unde,
2498 1736 2721 1792 precor,
2755 1737 2949 1794 parce,
2976 1721 3151 1790 Deus,
3177 1720 3419 1777 famulo.

2048 1868 2405 1909 EPITAPIIIUM
2446 1870 2632 1909 sevmr
2672 1870 2948 1910 muscam.
2981 1854 3153 1926 (Obiit
3179 1870 3273 1909 an.
3304 1854 3454 1927 995.)

1932 1959 2037 2014 Hic
2067 1959 2307 2014 humilis
2337 1959 2628 2026 tumulus,
2662 1958 2868 2016 merito
2918 1959 3145 2015 cunctis
3191 1961 3580 2028 venerandus,

2002 2047 2191 2103 Sevini
2226 2048 2490 2103 membra
2518 2048 2782 2103 continet
2814 2049 3066 2121 egregia.

1933 2134 2270 2207 Angelicam
2304 2137 2475 2206 cujus
2505 2136 2644 2191 felix
2674 2136 2931 2191 animam
2965 2137 3276 2209 paradisus

2005 2224 2315 2279 Pastorum
2347 2229 2548 2280 sancto
2579 2225 2842 2297 possidet
2871 2225 2930 2280 in
2962 2242 3227 2281 numero.

1938 2313 2046 2377 Qui
2082 2312 2244 2367 mitis
2275 2317 2488 2368 sancta:
2520 2331 2622 2384 pro
2656 2312 2977 2385 relligionis
3008 2313 3225 2369 honore

2009 2403 2126 2456 llac
2158 2400 2215 2456 in
2248 2402 2383 2456 sedc
2413 2402 2622 2456 sedens
2653 2401 2839 2457 multa
2864 2401 3000 2457 tulit
3029 2401 3256 2473 patiens
3286 2405 3433 2475 (37);

1935 2491 2186 2561 Jamque
2213 2507 2387 2546 senex
2420 2490 2607 2546 factus
2639 2490 2913 2562 migravit
2942 2490 3002 2546 in
3031 2496 3190 2546 astra
3211 2490 3513 2548 locandus.

2009 2579 2113 2633 Cui
2146 2584 2364 2651 parcat,
2401 2578 2674 2650 petimus,
2710 2579 3115 2653 cunctipotens
3146 2579 3451 2636 Dominus.

235 2270 510 2343 Egregiis
538 2270 763 2327 meritis
792 2271 902 2327 hoc
934 2271 1054 2326 fieri
1090 2271 1324 2327 meruit.

172 2359 270 2415 Hic
308 2359 589 2415 Karolum
622 2376 817 2432 regem
853 2360 1131 2416 Romanis
1165 2360 1577 2433 imperatorem

251 2449 602 2517 Constituit,
634 2449 872 2504 Francis
899 2449 1264 2522 principibus
1299 2448 1536 2522 placuit.

179 2536 446 2610 Gregorii
480 2554 641 2610 papa:
674 2554 873 2592 secum
907 2544 1080 2609 caput
1111 2537 1323 2593 adtulit
1354 2538 1525 2593 istuc.

246 2625 419 2681 Pacis
449 2630 697 2693 amator,
730 2626 853 2682 obit
881 2626 1089 2682 ﬂebilis
1124 2627 1245 2699 ipse
1276 2626 1407 2699 piis.

176 2750 536 2789 EPITAPHIUM
559 2750 927 2789 HELDEMANNI
949 2751 1200 2789 EPISCOPI
1220 2735 1351 2807 (36).
1377 2734 1528 2793 Obiit
1557 2752 1654 2790 an.
1678 2735 1760 2790 951

2203 2729 2549 2768 EPITAPHIUM
2589 2729 2862 2768 nmmum
2905 2712 3027 2785 (38)
3063 2730 3319 2769 ADBATIS.

1857 2824 1905 2888 B
1935 2825 2178 2875 Gemma
2210 2822 2471 2892 patrum,
2507 2836 2610 2874 nec
2630 2835 2744 2874 non
2764 2819 3036 2875 diadema
3062 2819 3257 2875 nitens
3280 2820 3592 2877 monacho-

178 2840 446 2896 ροηηοδῇ
477 2846 661 2897 caelus
692 2845 912 2914 pastor,
946 2841 1240 2897 formosus
1273 2846 1329 2897 et
1359 2841 1505 2914 ipse,
1857 2840 1905 2888 υ
1935 2840 2178 2875 υθιιιωθ.
2210 2840 2471 2892 patrum,
2507 2840 2610 2874 nec
2630 2840 2744 2874 non
2764 2840 3036 2875 diadema
3062 2840 3257 2875 nitens
3280 2840 3372 2876 m0

238 2930 646 2981 Heldemanus
680 2930 739 2981 in
772 2929 881 2981 hoc
911 2946 1044 2981 ecce
1078 2931 1226 2981 iacet
1256 2930 1506 2981 tumulo.
2016 2979 2055 2981 ,-
2264 2978 2271 2981 _
2581 2976 2595 2981 _
2677 2979 2690 2981 _
2842 2978 2852 2981 _
2968 2979 3008 2981 ,ν
3060 2977 3069 2981 _
3354 2910 3372 2981 [

3380 2926 3511 2965 rum

238 2930 646 2986 Heldemanus
680 2930 739 2984 in
772 2929 881 2985 hoc
911 2946 1044 2985 ecce
1066 2931 1226 3001 jacet
1256 2930 1506 2985 tumulo.

174 3018 451 3091 Martyris
479 3018 696 3092 egregii
730 3019 954 3091 pridem
989 3018 1313 3075 monachus
1344 3018 1601 3090 Dionysi,

240 3108 388 3163 Post
418 3107 581 3163 urbis
612 3107 824 3179 praisul
853 3106 1104 3163 eximius
1136 3107 1456 3163 Senonum.

174 3196 451 3252 Solamen
485 3196 691 3250 tribuit
722 3195 954 3251 miseris
986 3195 1120 3251 felix
1152 3213 1260 3251 sua
1288 3195 1423 3262 vita,

240 3284 472 3340 Idcirco
504 3285 785 3357 astrigero
819 3300 975 3338 nunc
1005 3285 1223 3339 fruitur
1252 3284 1420 3340 solio.

177 3372 411 3429 Dedicit
439 3373 676 3447 augusti
709 3389 934 3428 nomas.
969 3374 1100 3440 Ora,
1129 3389 1288 3445 rogo,
1322 3372 1502 3429 lector

240 3461 482 3518 Caelitus
509 3465 577 3518 ut
600 3461 754 3517 vivat
784 3478 917 3516 cum
953 3461 1200 3517 Domino
1223 3461 1467 3534 jugiter.

241 3583 602 3624 amur»an
639 3581 892 3624 ANSTASII
931 3583 1205 3625 EPISCOPI.
1247 3569 1420 3637 (Gbiit
1462 3585 1559 3625 an.
1600 3568 1755 3637 977.)

177 3674 381 3733 Pastor
410 3672 558 3731 ovile
586 3672 686 3729 Dei
720 3690 959 3729 servans
991 3673 1269 3731 Antasius
1299 3674 1460 3744 olim,

242 3765 511 3821 Pneuma
536 3762 689 3819 locat
718 3763 970 3836 superis,
1001 3768 1059 3819 et
1089 3764 1329 3820 recubat
1357 3764 1506 3820 cinis
1533 3763 1646 3819 hic.

177 3852 380 3909 Extitit
402 3852 528 3926 ipse
560 3851 714 3925 pius,
749 3852 915 3907 fortis
948 3856 1258 3926 pugnator,
1291 3857 1349 3909 et
1377 3852 1518 3908 almi

240 3941 545 4014 Colloquio
575 3940 755 4008 verbi,
786 3940 973 3997 fultus
1001 3958 1199 3997 amore
1229 3941 1352 3998 Dei.

2013 2979 2130 3035 Hoc
2162 2978 2377 3052 legitur
2410 2976 2635 3035 tumulo
2671 2978 2887 3034 funeris
2918 2977 3130 3034 oflicio.

1941 3069 2123 3139 Cujus
2156 3071 2280 3123 erat
2314 3084 2525 3122 nomen
2560 3066 2911 3131 Rainardus,
2945 3072 3138 3123 mente
3170 3068 3482 3141 benignus,

2014 3156 2187 3212 Dulce
2217 3156 2394 3211 decus
2426 3155 2731 3211 monachis
2762 3156 2950 3211 extitit
2978 3160 3035 3211 et
3058 3155 3319 3212 famulis.

1942 3249 2066 3312 Quo
2098 3246 2306 3302 melior
2334 3245 2548 3318 pietate
2578 3244 2732 3318 viget
2760 3261 2865 3318 per
2894 3244 3106 3301 saecula
3135 3261 3327 3314 nemo,

2011 3334 2236 3391 Nobilis
2268 3335 2327 3389 in
2363 3334 2665 3402 membris,
2700 3333 2952 3390 nobilior
2984 3333 3229 3389 meritis.

1937 3423 2141 3480 Vivere
2171 3427 2303 3496 post
2334 3428 2582 3479 mortem
2615 3423 2707 3479 cui
2734 3423 3014 3479 concedat
3043 3423 3170 3479 sine
3200 3424 3315 3479 fine

2011 3513 2425 3585 Cunctipotens
2456 3511 2742 3569 Dominus
2775 3527 3006 3586 semper
3035 3512 3252 3585 ubique
3284 3512 3437 3586 pius.

1940 3761 2139 3836 Regali
2174 3761 2246 3817 de
2279 3760 2460 3833 stirpe
2491 3764 2678 3829 satus,
2710 3759 3039 3816 tumulatus
3069 3759 3341 3830 habetur,

1937 3849 2207 3907 Consulis
2238 3849 2431 3907 ofﬁcio
2466 3849 2701 3905 functus
2733 3850 2955 3903 mundo
2991 3849 3341 3919 Ludovicus,

1938 3943 2121 4008 Quem
2135 3940 2337 4014 genuit
2348 3938 2518 3995 nobis
2532 3936 2886 3994 monachum
2898 3936 3249 3995 Alamannia
3259 3939 3441 4012 gratis
3455 3940 3588 4013 (39).

242 4086 365 4153 (35)
393 4084 457 4140 In
489 4084 685 4140 codice
712 4083 834 4139 haec
866 4084 931 4138 ﬁt
958 4084 1161 4155 prisca
1186 4084 1514 4139 adnotatio:
1564 4085 1721 4139 Anno
1757 4085 1831 4139 ab
1941 4082 2338 4141 Mabillonius.
2369 4081 2428 4136 in
2459 4079 2670 4155 Annal.
2705 4080 2917 4137 Bened.
2949 4081 3037 4155 ad
3055 4098 3130 4155 an
3159 4081 3285 4155 995,

180 4152 579 4212 inearnatione
607 4156 839 4213 Domini
870 4152 1337 4212 DGCCLXXXIII
1365 4156 1502 4211 obiii
1523 4156 1825 4225 Ansegisus
2012 4156 2126 4225 (38)
2162 4160 2224 4208 lu
2257 4170 2441 4225 marg.
2474 4153 2717 4224 antiqua
2730 4168 2937 4225 manu:
2961 4153 3069 4208 Hic
3088 4152 3283 4225 Sevini
3306 4153 3593 4225 archiepig

180 4228 689 4307 archiepiscopus,_
715 4226 1162 4307 tofin§__(;_atli(e_
1198 4236 1253 4281 et
1301 4227 1626 4307 (few-inania:
1660 4223 1826 4307 papa
1931 4223 2245 4307 scopif‘uitn
2261 4241 2335 4307 ea:
2362 4223 3226 4307 sororenepos;'Monasterium
3258 4228 3454 4307 autem
3496 4223 3590 4279 cui

181 4294 482 4364 secundus,
531 4294 782 4370 feliciter
833 4300 932 4370 νη
963 4298 1073 4370 kal.
1123 4298 1371 4370 decente.
1424 4298 1725 4370 Consentit
1752 4294 1827 4353 de
1935 4294 2184 4370 praefuit,
2220 4295 2328 4350 fuit
2356 4295 2541 4370 sancti
2574 4295 2723 4370 Petri
2754 4294 3359 4370 Vivi_Senon_en_sis,ut
3389 4308 3589 4370 PE;ng-

181 4387 336 4426 anno
365 4365 560 4426 obitus
592 4368 944 4425 Mabilonius
975 4369 1033 4424 in
1067 4368 1275 4424 Annal.
1314 4368 1524 4424 Bened.
1558 4370 1630 4425 ad
1672 4369 1828 4425 hunc
1935 4365 2081 4423 tiore
2114 4384 2291 4421 manu
2323 4366 2602 4421 scribitur
2628 4365 2689 4420 in
2723 4365 3007 4437 margine.
3048 4365 3204 4437 Obiit
3250 4383 3387 4421 ann.
3424 4368 3584 4422 1015.

185 4458 427 4497 annum.
2011 4439 2122 4510 (39)
2157 4439 2236 4494 De
2266 4437 2699 4510 hociLudovico
2747 4436 2970 4510 comite
3007 4436 3491 4510 Alamannorum,
3526 4441 3586 4493 et

248 4514 367 4599 (36)
395 4513 498 4598 llic
529 4516 588 4568 et
618 4517 932 4599 sequentes
961 4511 1242 4596 dicuntur
1291 4527 1490 4567 revera
1521 4510 1580 4565 in
1631 4511 1830 4569 codice
1938 4507 2471 4599 deindenmpnacho
2488 4507 3213 4599 geuonensi,ohlabilh_op.
3241 4509 3339 4564 cit.
3374 4508 3447 4564 ad
3484 4526 3589 4565 an-

182 4579 430 4653 episcopi
458 4601 576 4639 non
604 4579 1043 4654 archiepiscopi.
1940 4598 2083 4637 num
2120 4582 2281 4649 lOl5,
2313 4580 2414 4654 qui
2445 4579 2555 4636 fuit
2586 4580 2862 4638 Ludovici
2894 4583 3206 4636 extremus.

254 4657 372 4727 (37)
391 4654 582 4712 Sevini
603 4655 857 4728 episCOpi
874 4653 1271 4711 calamitatem
1295 4654 1614 4727 quamdam
1634 4657 1835 4709 narrat

1974 3662 2318 3731 EPITAPllIUN
2357 3661 2562 3702 DOMINI
2605 3662 2866 3703 LUDOVICI
2907 3662 3135 3702 COMITIS
3172 3662 3240 3702 ET
3278 3663 3553 3704 IONACHI.
3638 3676 3646 3684 ‘

3606 6102 3911 6148 Α...
3974 6056 3986 6148 Ι
