4020 6180
204 305 333 366 833

276 438 432 488 Odilo
458 438 569 502 jam
597 437 796 497 valeas,
824 439 1042 489 Jotsaldi
1068 439 1177 502 jam
1210 453 1419 489 memor
1448 444 1584 497 esto,

276 503 598 566 Almanique
626 502 705 551 tui
736 502 871 550 votis
899 503 984 565 pie
1016 516 1225 566 semper
1252 502 1434 553 adesto

286 600 341 654 4.
373 597 534 654 Alter
562 599 718 654 beati
750 598 1014 656 Odilonis
1034 600 1179 656 Vita
1212 601 1461 674 scriptor
1488 601 1596 657 fuit
1626 606 1866 658 sanctus

208 688 427 743 Petrus
460 686 746 757 Damiani,
775 688 1427 763 cardinalis,episcopus
1455 690 1868 759 Ostiensis,vir

209 775 305 831 vel
339 792 448 832 suo
474 776 713 832 nomine
744 776 887 833 satis
916 777 1183 835 celebris.
1217 779 1378 846 Quod
1411 780 1866 852 Opus,hortante

214 865 462 938 Hugone
491 864 701 920 abbate
738 865 890 921 beati
937 866 1198 924 Odilonis
1243 884 1597 937 successore,
1630 885 1866 943 aggres-

213 972 323 1011 sus
353 961 464 1021 est,
486 958 553 1010 ut
577 971 706 1027 qua
738 955 796 1010 in
830 955 1006 1027 priori
1036 956 1167 1013 Vita
1200 957 1388 1013 fusius
1418 959 1863 1027 enarrabantur,

214 1042 532 1117 superﬂuis
575 1043 834 1109 resectis,
868 1046 1341 1117 compendiosius
1390 1048 1645 1103 referret.
1680 1047 1863 1117 Unde,

215 1149 353 1189 cum
386 1131 534 1187 nihil
572 1132 632 1187 in
680 1132 790 1188 hac
841 1133 1147 1205 posteriori
1195 1134 1329 1191 Vita
1376 1135 1662 1191 habeatur
1709 1137 1865 1208 quod

213 1220 532 1278 Jodsaldus
562 1224 737 1276 antea
780 1239 895 1277 non
928 1222 1206 1288 retulerit,
1240 1224 1430 1279 visum
1478 1229 1568 1280 est
1612 1226 1863 1297 priorem

215 1311 508 1367 sufﬁcere.
540 1310 610 1366 Et
639 1309 902 1382 quidem,
935 1310 1064 1384 ipso
1094 1316 1403 1369 attestante
1436 1314 1704 1380 Baronio,
1733 1314 1868 1370 Vita

216 1399 338 1454 hac
362 1400 647 1471 pertenuis
678 1407 775 1465 est,
809 1399 1071 1472 longeque
1101 1402 1282 1473 impar
1308 1404 1520 1458 meritis
1568 1405 1710 1458 tanti
1735 1405 1862 1459 viri.

215 1487 274 1546 Si
305 1491 503 1543 tamen
536 1487 594 1542 in
628 1504 696 1543 ea
726 1487 951 1561 aliquid
978 1489 1380 1546 observatione
1402 1491 1646 1564 dignum
1670 1509 1868 1548 occur-

213 1575 377 1643 rerit,
410 1574 520 1631 hoc
546 1575 766 1648 ipsum,
799 1577 936 1632 data
974 1577 1296 1646 occasione,
1330 1579 1391 1634 in
1441 1579 1627 1653 elogio
1676 1585 1776 1637 aut
1804 1581 1863 1635 in

209 1669 370 1719 notis
431 1664 503 1719 ad
548 1663 790 1720 alteram
841 1664 1033 1720 Vitam
1083 1667 1467 1739 proferemus.
1501 1669 1711 1724 Prater
1757 1669 1866 1726 hos

213 1752 360 1807 Vita
393 1751 706 1825 scriptores
732 1752 900 1808 multi
944 1752 1040 1809 alii
1073 1755 1227 1810 beati
1258 1756 1523 1813 Odilonis
1553 1774 1643 1813 res
1669 1762 1864 1831 gestas

208 1840 453 1913 scriptis
487 1842 613 1896 suis
644 1841 1035 1911 celebrarunt,
1068 1860 1342 1915 quorum,
1372 1849 1475 1901 aut
1516 1851 1669 1902 certe
1718 1846 1865 1902 cele-

206 1929 682 1995 hriorum,verba
711 1931 835 1986 suis
865 1931 1009 1986 locis
1038 1949 1143 2003 pro
1184 1934 1620 2006 opportunitate
1664 1935 1723 1989 in
1754 1935 1865 1990 hu-

200 2019 311 2089 jus
340 2016 515 2092 elogii
545 2019 793 2074 decursu
826 2019 1041 2075 referre
1063 2038 1177 2076 non
1200 2021 1866 2080 omittemus.llabemus

207 2109 392 2164 etiam
426 2125 541 2181 pra
574 2108 847 2165 manibus
891 2126 1223 2165 sermonem
1271 2113 1550 2185 Anonymi
1599 2113 1670 2167 de
1712 2113 1865 2168 beati

206 2196 479 2254 Odilonis
506 2197 802 2263 laudibus,
836 2215 904 2253 ex
937 2199 1132 2267 cedjce
1164 2216 1275 2254 ms.
1310 2200 1649 2256 monasterii
1697 2201 1865 2256 Silvi-

206 2286 512 2342 niacensis
542 2286 921 2359 descriptum.
956 2287 1067 2343 Sed
1098 2305 1233 2344 cum
1265 2289 1412 2345 nihil
1455 2290 1667 2346 habeat
1691 2291 1763 2345 ad
1796 2289 1865 2344 il-

204 2374 584 2431 lustrandam
614 2377 761 2431 tanti
784 2376 892 2431 viri
923 2377 1454 2451 historiam,ipsum
1486 2379 1753 2435 omittere
1783 2379 1864 2434 vi-

205 2481 351 2520 sum
382 2468 492 2521 est.

469 2571 539 2626 Η.
570 2572 728 2627 Beati
756 2572 1001 2629 Odilonis
1046 2575 1230 2644 patria
1260 2578 1312 2628 et
1336 2584 1613 2646 parentes.

279 2661 342 2714 5.
378 2658 683 2716 Odilonem
719 2661 908 2733 patria
934 2664 1256 2718 Arvernum
1289 2663 1469 2720 fuisse
1514 2681 1717 2720 omnes
1750 2683 1867 2721 uno

205 2764 316 2803 ore
347 2747 805 2821 fatentur,qucm
821 2748 1044 2805 enobili
1066 2751 1473 2807 Mercoriorum
1497 2751 1719 2808 familia
1741 2770 1869 2826 pro-

204 2837 398 2894 diisse
426 2836 645 2910 vulgati
693 2842 959 2894 auctores
1008 2839 1305 2895 afﬁrmant
1337 2858 1350 2896 :
1386 2845 1443 2896 et
1474 2841 1710 2913 quidem
1751 2859 1866 2898 non

203 2926 433 2982 desunt
450 2927 522 2982 ad
550 2927 606 2981 id
629 2927 995 2999 probandum
1019 2927 1282 3001 legitima
1307 2931 1867 3003 argumenta.llujus

188 3015 293 3093 rei
358 3015 762 3088 probationem
819 3017 985 3072 affert
1036 3018 1298 3073 Andreas
1352 3019 1741 3086 Duchesnius,
1783 3020 1870 3075 vir

209 3104 620 3174 doctissimus,
652 3104 710 3160 in
742 3106 895 3162 notis
925 3106 997 3162 ad
1030 3106 1219 3179 ipsius
1241 3107 1435 3163 Vitam
1457 3109 1515 3163 in
1537 3109 1868 3182 Appendice

1732 306 2113 371 ELOGIUM.

1897 443 1949 507 Α
1981 442 2063 514 git
2094 442 2350 509 Petrum,
2383 441 2644 511 ejusdem
2697 444 2868 501 tanta
2924 445 3310 503 recordationis
3362 448 3628 522 Stephani

3505 316 3627 382 834
3648 274 3651 277 ’

1975 533 2211 603 episcopi
2240 537 2508 602 nepotem
2540 537 2596 586 et
2624 532 2681 586 in
2723 534 3060 605 OplSCOpalU
3112 553 3531 606 successorem,
3567 540 3624 596 in

1976 620 2180 675 eodem
2212 619 2391 677 Volta
2423 622 2778 677 monasterio
2811 639 2944 677 cum
2974 641 3079 677 suo
3125 626 3411 681 avunculo
3444 628 3627 685 fuisse

1976 708 2296 781 sepultum.
2330 708 2410 764 De
2440 707 2619 764 Volta
2653 711 3006 767 monasterio
3050 712 3292 770 inferius
3339 715 3507 788 plura
3538 717 3627 773 di-

1976 797 2367 854 cemus.Certc
2399 797 2634 853 beatum
2666 798 2971 856 Odilonem
3001 818 3070 857 ex
3097 801 3501 861 illustrissima
3528 807 3630 863 Ar-

1974 903 2284 943 vernorum
2319 885 2542 942 familia
2570 887 2855 960 originem
2887 889 3133 946 traxisse
3165 891 3491 949 observavit
3519 895 3624 951 Pe-

1974 979 2102 1031 trus
2132 975 2399 1032 Damiani
2449 975 2508 1031 in
2558 976 2746 1049 ipsius
2792 977 2947 1044 Vita,
2976 978 3075 1033 ubi
3125 996 3260 1035 eum
3291 997 3359 1036 ex
3389 985 3629 1055 equestri

1972 1066 2195 1137 familia
2224 1081 2392 1137 genus
2422 1065 2642 1123 duxisse
2672 1071 2985 1123 asseverat.
3018 1067 3079 1123 Id
3112 1084 3348 1141 quoque
3377 1073 3629 1129 testatur

1974 1154 2298 1222 Jotsaldus,
2328 1153 2429 1209 ubi
2461 1154 2543 1210 ait
2573 1153 2885 1211 Beraldurn
2915 1162 3301 1230 cognomento
3347 1157 3622 1231 Majorem,

1975 1241 2129 1298 beati
2155 1240 2419 1298 Odilonis
2449 1246 2696 1314 patrem,
2728 1242 2879 1298 inter
2905 1245 3193 1300 Arvernia
3225 1263 3494 1319 proceres
3522 1266 3626 1305 no-

1976 1330 2333 1386 bilissimum
2366 1331 2569 1398 fuisse,
2597 1331 3072 1403 possessionibus
3101 1337 3158 1389 et
3181 1338 3411 1392 terrena
3440 1342 3628 1410 potes-

1974 1423 2092 1475 tate
2123 1419 2518 1487 ditissimum;
2551 1424 2797 1475 matrem
2831 1437 2963 1476 vero
2985 1421 3328 1496 Girbergam
3350 1426 3624 1499 appellat,

1977 1525 2092 1563 non
2113 1508 2312 1563 minus
2332 1508 2542 1581 pietate
2560 1526 2735 1580 quam
2757 1508 3060 1565 nobilitate
3083 1510 3624 1587 pollentem,quam,

1975 1597 2248 1653 defuncto
2278 1597 2400 1653 viro
2432 1598 2831 1670 superstitem,
2865 1599 3370 1658 sanctimonialem
3412 1603 3471 1658 in
3506 1606 3629 1660 Au-

1974 1687 2400 1758 gustodunensi
2460 1688 2645 1743 sancti
2706 1687 2951 1744 Joannis
3008 1691 3366 1746 monasterio
3414 1692 3626 1748 factam

1977 1775 2158 1830 fuisse
2212 1775 2436 1831 scribit.
2470 1776 2700 1832 Fratres
2731 1776 2905 1832 etiam
2938 1781 2997 1832 et
3026 1777 3263 1850 quidem
3295 1781 3628 1855 complures

1974 1864 2182 1921 habuit
2210 1863 2506 1935 0dilo,sed
2534 1881 2738 1920 eorum
2766 1866 3008 1921 nomina
3036 1867 3271 1924 reticuit
3288 1869 3624 1940 Jotsaldus;

1974 1969 2233 2008 sororem
2263 1969 2397 2008 vero
2425 1954 2555 2024 ejus
2587 1952 2998 2009 Blitsemodem
3023 1954 3380 2013 abbatissam
3405 1957 3625 2028 laudat,

1975 2042 2076 2096 sed
2091 2040 2183 2097 cui
2200 2040 2299 2096 illa
2315 2042 2670 2097 monasterio
2688 2042 3303 2116 prafuerit,nusquam
3320 2049 3625 2119 expressit.

2045 2132 2099 2184 6.
2133 2133 2207 2184 At
2232 2130 2403 2202 plura
2433 2130 2716 2193 discimus
2746 2132 2817 2187 de
2848 2132 2999 2187 beati
3032 2132 3294 2191 Odilonis
3315 2136 3539 2193 familia
3560 2154 3631 2193 ex

1975 2220 2206 2274 duabus
2239 2218 2477 2286 chartis,
2509 2220 2569 2274 in
2597 2219 2815 2291 quibus
2848 2220 2971 2292 ipse
3001 2220 3090 2276 vir
3129 2228 3370 2280 sanctus
3418 2225 3628 2281 fratres

1976 2324 2137 2376 suos,
2171 2307 2607 2380 nonnullosque
2640 2324 2844 2363 eorum
2892 2307 3105 2365 liberos
3158 2316 3436 2369 recenset.
3468 2314 3632 2372 Prior

1976 2403 2065 2453 est
2094 2397 2281 2470 ipsius
2311 2396 3087 2470 Odilonis,qua,priusquam
3119 2404 3276 2457 veste
3307 2403 3631 2460 monastica

1975 2485 2746 2557 indueretur,possessiones
2777 2486 3001 2559 aliquot
3022 2490 3377 2547 monasterio
3398 2492 3630 2548 Clunia-

1977 2575 2134 2630 censi
2166 2575 2540 2631 contuliLEst
2569 2575 2793 2647 absque
2824 2576 2961 2631 data
2989 2576 3049 2633 in
3079 2578 3372 2636 chartario
3402 2580 3631 2638 Clunia-

1976 2663 2316 2736 censi,quod
2346 2663 2519 2735 vulgo
2551 2664 2736 2719 sancti
2771 2663 2965 2720 Maioli
3005 2666 3350 2738 appellatur,
3384 2685 3628 2725 numero

1978 2754 2078 2820 11;
2112 2753 2197 2807 sic
2227 2755 2420 2807 autem
2462 2752 2640 2807 habet
2673 2770 2685 2807 :
2720 2776 2746 2802 ‹‹
2781 2753 3175 2809 Sacrosancta
3223 2756 3323 2811 Dei
3372 2756 3627 2813 ecclesia

1976 2840 2376 2896 Cluniacensis
2406 2839 2675 2905 coenobii,
2708 2840 2766 2895 in
2798 2840 3016 2896 honore
3047 2842 3198 2898 beati
3224 2843 3371 2899 Petri
3394 2850 3625 2918 aposto-

1975 2928 2167 2985 lorum
2200 2928 2481 3001 principis
2513 2928 2876 2995 dedicata,in
2907 2929 3007 2986 Dei
3039 2930 3275 2987 nomine
3303 2948 3410 3005 ego
3436 2933 3624 3001 0dilo,

1977 3018 2134 3073 ﬁlius
2166 3016 2415 3083 Beraldi,
2445 3016 2840 3072 consentiente
2871 3022 3057 3074 matre
3102 3036 3233 3076 mea
3260 3026 3317 3076 et
3345 3023 3626 3081 fratribus

1977 3106 2148 3175 meis,
2178 3106 2472 3179 Stephano
2504 3104 2966 3177 scilicet,Ebone,
3000 3106 3261 3177 Beraldo,
3282 3113 3622 3179 Bertranno,

213 3193 290 3247 ad
315 3192 736 3250 Bibliothecam
764 3193 1335 3262 Cluniacensem,ubi
1360 3195 1560 3252 laudat
1578 3202 1746 3254 vetus
1767 3199 1868 3254 Ne—
1898 3185 1941 3251 C
1978 3197 2119 3252 cedo
2149 3192 2371 3269 aliquid
2401 3212 2470 3250 ex
2496 3195 2670 3250 rebus
2720 3195 3090 3268 proprietatis
3121 3213 3282 3265 mea,
3316 3214 3443 3270 qua
3476 3200 3623 3270 mihi

213 3280 543 3355 crologium
574 3283 1067 3339 Claromontensis
1094 3284 1358 3341 Ecclesia
1390 3285 1499 3341 sibi
1524 3304 1558 3341 a
1577 3287 1867 3343 Savarone

220 3374 427 3426 mutuo
457 3371 684 3440 datum,
716 3371 776 3427 in
809 3388 925 3444 quo
956 3372 1048 3428 die
1078 3390 1136 3427 IV
1163 3373 1356 3429 Nonas
1388 3374 1651 3431 Januarii
1699 3375 1866 3432 Odilo

224 3458 295 3515 de
327 3459 622 3529 Mercorio,
642 3461 959 3517 canonicus
985 3461 1481 3519 Claromontensis
1509 3468 1566 3519 et
1588 3465 1865 3537 prapusi-

221 3551 318 3604 tus
334 3548 863 3622 Brivatensis,quad
873 3550 1101 3624 raginta
1116 3550 1334 3608 solidos
1351 3552 1655 3610 censuales
1676 3553 1864 3610 eidem

223 3636 473 3694 ecclesia
524 3638 822 3695 dimisisse
872 3639 1107 3707 dicitur,
1141 3641 1211 3695 ad
1257 3641 1662 3698 celebrandam
1713 3643 1864 3699 beati

225 3724 480 3783 Odilonis
511 3728 882 3783 festivitatem
909 3729 967 3784 in
1000 3729 1246 3785 ecclesia
1276 3730 1863 3789 Claromontensi.Ad

229 3816 358 3886 quid
380 3816 765 3882 enim,subdit
783 3818 869 3872 vir
883 3817 1339 3887 eruditus,0dilo
1355 3819 1454 3876 ille
1470 3821 1865 3879 Mercorianus

232 3908 439 3961 tantam
476 3907 731 3978 pecunia
778 3922 1074 3963 summam
1124 3908 1512 3979 expendisset,
1544 3910 1659 3965 nisi
1706 3912 1863 3982 quod

235 3991 426 4049 beatus
473 3994 640 4050 Odilo
688 3996 817 4066 ejus
874 3995 1048 4052 fuerit
1099 3998 1616 4071 consanguineus?
1646 4000 1864 4056 Deinde

238 4080 550 4155 Stephanus
580 4083 913 4157 episcopus,
946 4085 1039 4141 cui
1071 4084 1370 4142 Jotsaldus
1399 4087 1552 4143 beati
1601 4087 1865 4146 Odilonis

240 4168 413 4226 Vitam
444 4174 822 4244 nuncupavit,
857 4190 1152 4246 quemque
1198 4174 1352 4230 idem
1404 4180 1607 4232 auctor
1654 4177 1866 4233 asserit

245 4256 402 4316 fuisse
430 4261 583 4318 beati
613 4261 717 4316 viri
754 4263 1099 4335 nepotem,is
1129 4267 1220 4320 est
1245 4264 1370 4336 ipse
1399 4264 1499 4336 qui
1524 4265 1582 4319 in
1609 4265 1864 4339 vulgatis

246 4348 562 4417 pontiﬁcum
591 4349 990 4407 Aniciensium
1024 4368 1127 4408 seu
1159 4353 1532 4410 Podiensium
1582 4354 1863 4429 catalogis

246 4434 520 4508 Stephanus
547 4439 614 4495 de
643 4439 899 4497 Hercerio
929 4440 1123 4496 dictus
1152 4441 1423 4498 occurrit.
1456 4442 1617 4507 Quod
1648 4444 1864 4501 diserte

1976 3268 2473 3359 legitimoordine
2504 3288 2935 3352 successerunt,
2955 3301 3304 3357 cessumque
3333 3268 3393 3342 in
3425 3268 3624 3361 pcipe-

1975 3379 2141 3431 tuum
2174 3391 2303 3431 esse
2330 3373 2459 3429 volo
2489 3378 2545 3429 et
2583 3373 2870 3429 desidero.
2902 3374 3051 3430 Sunt
3097 3379 3294 3430 autem
3343 3375 3482 3448 ipsa
3530 3394 3622 3434 res

1975 3465 2097 3520 sita
2128 3463 2186 3519 in
2220 3462 2412 3536 patria
2437 3461 2832 3529 Arvernica,in
2862 3462 3141 3519 comitatu
3176 3463 3529 3535 Brivatense,
3560 3466 3622 3522 in

1974 3553 2192 3609 vicaria
2221 3554 2292 3608 de
2319 3553 2557 3621 Aurata,
2582 3551 2641 3606 in
2663 3550 2803 3606 villa
2822 3568 2948 3623 qua
2973 3556 3211 3608 vocatur
3230 3553 3581 3611 Saruoiacus
3607 3574 3620 3612 :

1975 3644 2035 3698 in
2065 3643 2194 3714 ipsa
2222 3640 2358 3696 villa
2388 3640 2528 3695 cedo
2559 3639 2674 3695 Deo
2700 3645 3019 3713 sanctoque
3042 3640 3295 3709 Petro,in
3330 3643 3626 3716 stipendia

1975 3730 2351 3788 servientium
2383 3728 2733 3802 supradicta
2780 3727 3056 3797 ecclesia,
3087 3734 3269 3787 totam
3317 3732 3622 3789 ecclesiam

1974 3820 2032 3875 in
2061 3820 2279 3875 honore
2312 3819 2516 3874 mundi
2549 3816 2862 3874 Salvatoris
2893 3823 3310 3889 constructam,
3341 3826 3401 3877 et
3435 3838 3623 3894 quan-

1973 3914 2100 3964 tum
2132 3926 2260 3975 sors
2290 3906 2643 3963 hareditatis
2662 3923 2801 3962 mea
2819 3906 2878 3961 in
2897 3905 3024 3978 ipso
3046 3907 3170 3963 loco
3190 3908 3333 3965 mihi
3352 3909 3621 3983 largitur,

1972 4002 2030 4054 et
2058 3997 2301 4069 insuper
2328 4011 2513 4051 unum
2549 3994 2961 4065 mansum,qui
2983 3994 3263 4051 excolitur
3286 4015 3321 4054 a
3342 3998 3623 4056 Leotardo

1974 4086 2093 4143 ﬁlio
2122 4084 2416 4151 Gerbaldi,
2452 4100 2626 4154 quem
2656 4082 2795 4137 olim
2828 4082 3176 4140 donavimus
3218 4101 3326 4157 ego
3353 4091 3410 4141 et
3436 4092 3623 4143 mater

1972 4192 2105 4232 mea
2155 4179 2212 4230 et
2261 4174 2467 4228 fratres
2504 4172 2618 4226 mei
2673 4188 2775 4243 pro
2833 4170 3136 4243 sepultura
3190 4172 3386 4230 fratris
3438 4175 3621 4231 nostri

1973 4263 2233 4330 Hicterii,
2264 4278 2439 4334 quem
2471 4276 2577 4332 ego
2608 4264 2810 4332 postea
2836 4260 2952 4316 emi
2996 4275 3065 4315 ex
3113 4261 3395 4318 fratribus
3442 4264 3623 4337 patri-

1973 4355 2202 4425 busque
2226 4358 2283 4408 et
2310 4349 2566 4405 dominis
2598 4348 2764 4416 meis,
2789 4348 3088 4405 canonicis
3116 4349 3384 4407 videlicet
3415 4352 3622 4409 beatis-

1972 4443 2106 4499 simi
2137 4440 2359 4497 domini
2393 4437 2505 4494 mei
2539 4437 2811 4510 martyris
2840 4436 3147 4506 Juliani,et
3176 4439 3387 4495 donavi
3418 4440 3477 4497 in
3500 4458 3625 4514 pre-

247 4524 514 4584 afﬁrmant
544 4528 811 4585 Gisseius
837 4528 896 4584 in
920 4529 1173 4586 Historia
1192 4530 1598 4604 episcoporum
1625 4532 1865 4588 Podien-
1898 4554 1941 4620 Β
1972 4533 2053 4588 tio
2098 4530 2317 4587 solidos
2364 4532 2635 4596 centum;
2668 4526 2983 4599 ipsumque
3031 4544 3304 4584 mansum
3352 4529 3624 4587 similiter

248 4612 399 4682 siam,
433 4616 870 4673 Sammartbani
919 4618 979 4673 in
1028 4617 1215 4674 Gallia
1261 4618 1612 4689 Christiana,
1647 4620 1866 4694 aliique
1898 4612 1934 4620 ⁷
1975 4622 2116 4677 cedo
2124 4622 2248 4693 jam
2267 4618 2432 4673 dicta
2448 4615 2851 4683 ecclesia,non
2871 4615 3061 4672 solum
3079 4633 3182 4689 pro
3201 4619 3422 4686 me,sed
3444 4618 3623 4675 etiam

249 4707 481 4763 auctores
512 4706 612 4780 qui
634 4706 706 4761 de
725 4705 799 4762 iis
825 4706 1001 4764 rebus
1021 4707 1592 4780 scripserunt.0mne
1612 4710 1862 4766 dubium

249 4790 371 4849 tollit
396 4800 559 4852 vetus
591 4794 912 4851 Chronicon
946 4797 1251 4852 ms.sancti
1284 4797 1435 4853 Petri
1466 4797 1865 4868 Podiensis,ex

248 4896 348 4952 qua
391 4883 511 4940 hac
558 4885 735 4940 verba
784 4889 981 4941 noster
1036 4885 1452 4958 Stephanotius
1504 4887 1859 4959 descripsit:

1972 4726 2075 4783 pro
2116 4712 2279 4782 patre
2326 4721 2455 4762 meo
2503 4708 2561 4760 et
2608 4708 2794 4759 matre
2843 4720 2973 4759 mea
3018 4709 3075 4759 et
3122 4704 3403 4761 fratribus
3453 4706 3619 4769 meis.

1969 4799 2117 4854 vivis
2145 4803 2318 4869 atque
2348 4793 2659 4861 defunctis,
2687 4796 2745 4847 et
2772 4792 3039 4848 omnium
3071 4797 3380 4865 parentum
3403 4798 3461 4850 et
3483 4794 3621 4849 ﬁde-

1971 4888 2117 4942 lium
2148 4888 2482 4942 nostrorum
2512 4881 2719 4938 salute.
2754 4880 2904 4936 lstas
2934 4897 3027 4936 res
3069 4879 3437 4953 supradictas
3480 4881 3622 4938 cedo

244 4972 522 5043 Stephanus
550 4974 860 5029 Aniciensis
887 4981 1074 5046 pastor
1111 4976 1320 5031 exstitit
1365 4975 1541 5031 nobili
1581 4977 1866 5048 parentela
1965 4977 2091 5049 jam
2149 4990 2301 5046 sape
2356 4972 2523 5027 dicta
2581 4967 2858 5037 ecclesia,
2892 4984 2962 5024 ea
3014 4967 3237 5024 scilicet
3287 4969 3509 5025 ratione
3560 4975 3624 5025 ut

245 5064 368 5116 ortus
419 5062 485 5118 de
537 5066 716 5119 castra
768 5063 930 5133 vulgo
985 5071 1298 5136 nuncupata
1360 5062 1645 5133 Mercurio,
1703 5081 1867 5139 nepos

247 5147 366 5207 beati
391 5151 639 5208 Odilonis
674 5152 891 5208 abbatis
941 5153 1380 5209 Cluniacensis...
1414 5155 1571 5223 obiit,
1602 5162 1654 5209 et
1679 5155 1862 5227 sepul-

244 5246 309 5294 tus
359 5248 434 5296 est
484 5240 633 5314 apud
686 5242 989 5297 canobium
1024 5242 1229 5299 Voltam
1278 5251 1676 5315 nuncupatum,
1722 5244 1864 5315 quod

245 5328 336 5399 ipse
354 5345 479 5385 cum
510 5331 665 5386 beato
696 5330 925 5387 Odilone
952 5332 1224 5388 avunculo
1253 5348 1351 5387 suo
1383 5335 1444 5387 in
1467 5334 1695 5405 propria
1731 5349 1861 5391 con-

240 5426 494 5475 struxerat
532 5420 747 5476 tellure.
792 5420 940 5476 Obiit
985 5428 1167 5477 autem
1208 5437 1266 5476 1v
1310 5422 1568 5490 Augusti,
1600 5430 1864 5491 regnante

238 5506 442 5565 Henrico
488 5524 615 5581 rege
668 5510 1041 5578 Francorum,-
1067 5510 1325 5581 ﬂentibus
1374 5512 1594 5584 populis
1634 5527 1699 5566 ac
1725 5528 1862 5583 gau-

236 5595 461 5657 dentibus
489 5598 701 5678 angelis
721 5600 983 5674 migravit
1010 5599 1080 5658 ad
1110 5600 1406 5660 Christum.
1438 5601 1586 5658 Tum
1618 5600 1863 5677 subjun-

1976 5069 2174 5139 pastor
2201 5060 2387 5136 ipsius
2417 5057 2695 5126 ecclesia,
2729 5058 2983 5114 domnus
3014 5057 3234 5113 scilicet
3264 5058 3415 5114 abba
3443 5058 3622 5115 Maio-

1970 5155 2086 5221 lus,
2120 5151 2382 5226 quandiu
2408 5148 2635 5214 vixerit,
2670 5147 2879 5219 suique
2909 5147 3069 5202 omni
3101 5150 3361 5219 tempore
3389 5164 3622 5204 succes-

1972 5247 2225 5311 sores,et
2251 5240 2437 5314 ipsius
2464 5236 2719 5294 ecclesia
2750 5234 3057 5291 servitores
3082 5235 3356 5303 habeant,
3387 5240 3624 5293 teneant

1971 5337 2147 5405 atque
2177 5329 2538 5403 possideant,
2572 5330 2629 5382 et
2650 5327 2814 5397 justo
2847 5324 3049 5380 ordine
3099 5325 3384 5399 quidquid
3436 5325 3623 5382 facere

1970 5420 2281 5489 voluerint,
2331 5416 2589 5473 faciant:
2624 5420 2821 5470 tamen
2876 5412 3151 5482 alienare,
3211 5431 3317 5470 nec
3374 5416 3623 5471 vendere

1972 5510 2351 5584 prasumant,
2400 5502 2515 5560 nisi
2570 5504 2644 5558 ad
2704 5502 2911 5559 fratres
2969 5518 3151 5559 meos.
3185 5504 3245 5559 Si
3302 5504 3437 5577 quis
3488 5519 3621 5559 vero

1971 5599 2150 5678 (quod
2182 5598 2445 5656 futurum
2467 5591 2708 5653 minime
2729 5592 2926 5666 credo)
2947 5591 3262 5671 aliquando
3284 5590 3619 5668 surrexerit,
