4036 6160
144 274 237 392 an

1628 323 1696 384 E
1708 323 1990 391 LOGIUM
1998 371 2012 387 .

3424 329 3544 390 842

148 462 743 533 successisse,eumque
766 464 885 517 tam
913 463 980 517 ab
1011 462 1139 535 ipso
1153 463 1388 537 llugone
1410 473 1547 532 rege
1573 470 1776 525 Quam
1803 461 1857 528 Α
1887 460 2074 534 cmpit,
2099 462 2346 534 quidam
2385 464 2725 535 Ayroardus
2774 463 3129 521 monasterio
3172 460 3546 519 Cluniacensi
3584 490 3589 491 ν

150 573 179 611 a
197 557 371 609 cuncta
395 550 854 623 congregatione
882 551 1146 607 electum.

482 638 579 695 ιν.
614 640 752 695 Acta
778 640 875 695 sub
901 647 1083 697 sancto
1114 639 1364 697 Odilone.

202 734 268 788 i3.
297 727 599 802 Superiori
633 728 996 801 paragrapho
1026 727 1258 784 chartas
1305 726 1519 800 aliquot
1549 722 1771 782 lauda-

144 823 293 878 vimus
318 835 471 874 anno
502 818 615 872 992
649 821 752 872 aut
783 816 1046 889 sequenti
1077 818 1265 886 datas,
1297 834 1446 889 quae,
1479 829 1621 871 cum
1658 817 1769 872 sub

142 909 294 968 Maioli
315 915 370 965 et
388 905 666 963 Odilonis
688 906 986 962 communi
1008 906 1511 962 administratione
1533 903 1767 977 scripta:

138 995 489 1066 fuerint,nihil
526 995 749 1051 mirum
782 1000 871 1052 est
919 995 969 1051 si
1001 994 1342 1051 alterutrius
1373 1012 1585 1050 nomen
1619 1012 1764 1067 pra;-

132 1090 304 1145 [erant.
329 1088 637 1152 Quantum
670 1101 804 1140 vero
836 1084 946 1140 sub
995 1082 1172 1139 tantis
1201 1083 1344 1139 viris
1384 1083 1603 1157 vigeret
1634 1082 1765 1139 reli-

128 1180 209 1251 gio
236 1174 578 1241 monastica,
634 1172 829 1246 colligi
877 1176 1067 1246 potest
1122 1189 1191 1228 ex
1248 1173 1452 1228 charta
1497 1171 1765 1228 Walterii

124 1266 400 1324 .Eduensis
433 1262 701 1337 episcopi
735 1262 940 1319 eodem
973 1266 1252 1334 tempore,
1305 1279 1459 1320 anno
1499 1260 1767 1318 videlicet

118 1376 171 1414 vn
198 1355 445 1430 Hugonis
476 1352 663 1426 regis,
696 1368 897 1408 mense
932 1351 1103 1418 Maio,
1135 1352 1294 1420 data,
1329 1351 1388 1406 in
1434 1367 1551 1423 qua
1588 1366 1764 1407 emno-

122 1448 256 1503 bium
281 1444 651 1502 Cluniacense
670 1442 782 1496 sibi
807 1458 923 1512 prae
951 1440 1163 1496 cwteris
1193 1456 1377 1496 amore
1414 1440 1765 1512 conjunctum

118 1536 259 1603 dicit,
285 1534 388 1590 ubi
404 1532 583 1605 pollet
604 1531 821 1600 religio,
847 1533 981 1598 etc.;
999 1533 1126 1584 tum
1140 1527 1189 1585 ei
1206 1527 1454 1584 dimittit
1475 1527 1763 1600 quidquid

117 1626 185 1681 ad
208 1642 259 1682 se
285 1622 370 1679 vel
402 1622 478 1678 ad
512 1619 960 1676 archidiaconus
990 1622 1254 1690 spectare
1285 1621 1483 1690 posset
1503 1617 1563 1672 in
1586 1616 1766 1673 eccle-

118 1715 211 1771 siis
235 1713 299 1769 ad
349 1711 582 1767 dictum
634 1707 969 1763 cmnobium
1002 1707 1453 1779 pertinentibus,
1505 1705 1764 1778 exceptis

116 1808 291 1859 tamen
320 1797 708 1874 synodalibus
758 1795 1029 1869 eulogiis.
1070 1794 1360 1852 Ecclesiae
1410 1799 1606 1852 autem
1654 1794 1762 1850 has

120 1891 385 1966 exprimit,
417 1888 648 1946 scilicet
678 1887 748 1942 de
777 1885 982 1959 Algaio
1017 1890 1234 1950 monte,
1270 1885 1340 1941 de
1370 1883 1764 1950 Tresela,san-

118 1977 567 2052 ctiLeodegarii,
601 1975 817 2032 Montis
868 1974 1119 2043 Malarii,
1170 1974 1415 2041 Tcrvisi,
1464 1972 1670 2043 Vallis,
1703 1977 1763 2030 et

116 2074 307 2127 sanctae
338 2064 954 2125 MarieSubscribunt
966 2067 1175 2137 praeter
1188 2064 1385 2136 ipsum
1402 2062 1760 2118 Walterium

114 2158 387 2214 Elinardis
419 2156 626 2224 abbas,
688 2159 812 2210 tum
857 2152 1177 2226 praepositi,
1238 2156 1458 2219 cantor,
1509 2153 1760 2224 Epertus

108 2248 300 2315 abbas,
358 2244 482 2319 Ugo
549 2245 753 2311 abbas,
814 2242 1072 2314 deinque
1144 2240 1636 2314 archipresbyteri
1703 2246 1760 2298 et

102 2335 378 2392 canonici.
438 2334 599 2390 ldem
656 2332 991 2405 episcopus,
1063 2346 1215 2385 anno
1270 2348 1425 2397 xxxx,
1501 2328 1757 2385 Lotharii

94 2425 271 2498 aegis,
301 2429 502 2481 sancto
525 2421 735 2478 Maiolo
759 2422 1000 2477 dederat
1021 2418 1300 2476 ecclesias
1324 2425 1537 2475 sancta:
1563 2419 1757 2475 Maria

90 2514 177 2569 de
205 2509 687 2578 Monte-Melardi,
721 2513 778 2566 et
808 2514 1025 2566 sanctae
1059 2507 1250 2563 Maria:
1290 2507 1350 2564 in
1385 2507 1755 2585 villa‘Vallis,

86 2619 321 2659 necnon
350 2608 408 2659 et
427 2601 572 2658 alios
596 2604 913 2672 proventus
930 2601 989 2654 et
1010 2596 1270 2654 decimas
1292 2596 1545 2653 ecclesia:
1570 2596 1759 2653 sancti

90 2690 370 2747 (lcrmani
403 2688 551 2746 villa:
581 2687 873 2762 'l‘yrinaci,
906 2687 1008 2743 ubi
1042 2686 1311 2742 monachi
1344 2685 1758 2743 Cluniacenses

114 2781 176 2833 in
212 2780 515 2837 obedientia
565 2777 802 2850 quotidie
848 2777 1195 2832 assistebant.
1256 2774 1335 2830 De
1390 2774 1759 2847 Magabrensi

132 2875 292 2926 autem
326 2865 770 2940 cacnobio,quod
808 2866 964 2923 idem
998 2864 1243 2920 antistes
1275 2868 1477 2919 sancto
1526 2863 1759 2920 Odiloni

134 2959 405 3016 meliorem
436 2957 496 3013 in
530 2960 749 3011 statum
782 2954 1176 3011 revocandum
1218 2952 1481 3021 tradidit,
1512 2952 1759 3009 inferius

133 3045 402 3116 dicemus;
440 3046 674 3101 interim
694 3045 764 3100 de
778 3042 1197 3100 donationibus
1212 3044 1340 3115 post
1360 3041 1545 3097 sancti
1564 3041 1759 3098 Maioli

130 3137 327 3193 obitum
359 3135 595 3192 Odiloni
640 3132 804 3190 factis
849 3133 1146 3205 agendum
1190 3137 1278 3188 est
1311 3149 1323 3186 :
1361 3130 1576 3203 quippe
1624 3147 1758 3189 cum

1876 550 2037 606 dedit
2053 568 2332 607 mansum
2349 552 2842 609 indominieatum
2863 554 2922 609 in
2942 570 3089 627 pago
3109 551 3541 610 Matisconensi.

1877 642 2041 696 Anno
2088 639 2229 697 item
2262 659 2281 696 ι
2329 642 2591 709 Roberti,
2638 643 2806 699 Odilo
2852 644 3120 716 quaedam
3163 640 3548 699 commutavit

1879 747 2011 786 cum
2045 729 2257 786 Maiolo
2290 730 2607 803 praeposito
2628 732 3200 804 Matisconensi,qun:
3224 733 3547 787 commuta-

1879 819 1959 875 tio
1991 819 2084 875 die
2113 823 2148 874 2
2178 819 2395 889 Martii,
2450 818 2811 894 proindeque
2861 838 3012 877 anno
3053 820 3156 875 997
3190 837 3222 876 a
3250 817 3545 877 Willelmo

1875 911 1932 964 et
1961 908 2212 964 Widone
2238 909 2567 980 approbata
2599 911 2711 966 fuit

1948 999 2033 1052 17.
2068 1000 2237 1053 Anno
2268 998 2796 1072 937,consignatur
2819 1000 3021 1057 charta
3051 998 3284 1056 Rodulﬁ
3310 997 3544 1072 regisin

1876 1085 2235 1142 Bibliotheca
2266 1085 2662 1164 Cluniacensi,
2696 1089 2799 1144 ubi
2837 1088 2952 1157 ille,
2984 1106 3138 1145 anno
3188 1104 3341 1143 nono
3380 1082 3544 1161 regni

1876 1175 1991 1241 sui,
2018 1173 2431 1247 compluribus
2453 1175 2623 1232 bonis
2640 1177 2997 1235 monasterio
3019 1177 3391 1235 Cluniacensi
3414 1194 3547 1233 cons

1876 1263 2144 1331 ﬁrmatis,
2182 1263 2473 1320 nonnulla
2498 1265 2846 1339 largitur,ad
2883 1269 3101 1324 Emma:
3125 1266 3394 1339 conjugis
3424 1285 3542 1323 suae

1874 1352 2397 1425 petitionem.Data
2423 1358 2511 1408 est
2531 1357 2686 1427 apud
2709 1359 2931 1413 Ansam
2951 1356 3234 1423 villam,x1
3254 1355 3544 1413 Kalendas

1873 1441 2033 1508 Julii,
2067 1441 2394 1497 indictione
2425 1460 2509 1508 III,
2543 1449 2655 1500 etc.
2689 1445 3078 1503 Reamundus
3110 1446 3182 1501 ad
3212 1445 3397 1501 vicem
3426 1448 3542 1501 An-

1874 1531 1998 1588 susi
2030 1530 2295 1603 episcopi
2327 1533 2680 1604 recognovit.
2713 1534 2829 1591 Sed
2864 1534 3215 1591 manifestus
3252 1551 3413 1591 error
3437 1538 3543 1593 est.

1875 1621 2115 1677 Constat
2145 1619 2369 1691 quippe
2400 1619 2551 1676 hanc
2584 1621 2857 1678 chartam
2874 1640 3004 1680 esse
3026 1622 3277 1694 Rodulﬁ,
3311 1623 3545 1696 qui,Ca-

1874 1708 1997 1765 rolo
2029 1707 2311 1780 Simplice
2344 1708 2402 1762 in
2449 1724 2678 1767 carcere
2729 1710 2992 1780 detento,
3048 1713 3403 1770 Francorum
3448 1729 3548 1771 rex

1874 1797 2206 1871 appellatus
2238 1800 2330 1852 est
2359 1814 2511 1853 anno
2541 1798 2668 1856 923.

1948 1888 2035 1943 18.
2068 1885 2223 1941 Anni
2254 1885 2383 1957 998,
2417 1887 2518 1959 qui
2551 1887 2786 1944 Rodulﬁ
2832 1889 2992 1963 regis
3022 1890 3267 1961 quintus
3296 1890 3543 1959 fuit,ini-

1875 1976 1977 2044 tio,
2009 1975 2168 2030 idem
2201 1990 2322 2042 rex,
2347 1978 2477 2046 post
2507 1992 2821 2032 concessas
2856 1978 2989 2048 jam
3019 1982 3189 2034 antea
3216 1978 3278 2035 in
3309 1978 3545 2036 Clunia-

1874 2064 2141 2121 censium
2173 2062 2425 2135 gratiam
2480 2062 2707 2135 aliquot
2737 2064 3002 2134 chartas,
3026 2085 3207 2124 unam
3236 2069 3399 2125 dedit
3428 2085 3547 2141 qua

1872 2153 2063 2209 varias
2108 2152 2192 2207 eis
2221 2152 2628 2224 possessiones
2676 2153 2995 2211 conﬁrmat
3051 2156 3111 2212 in
3167 2157 3547 2214 comitatibus

1873 2241 2275 2317 Lugdunensi,
2308 2242 2544 2298 Forensi
2579 2245 2636 2296 et
2665 2240 3012 2300 Viennensi.
3042 2245 3190 2301 Data
3229 2251 3319 2303 est
3349 2248 3407 2302 in
3437 2249 3548 2304 Pa-

1870 2333 2134 2398 terniaco,
2169 2347 2321 2387 anno
2350 2330 2480 2397 998,
2515 2328 2748 2386 Rodulﬁ
2800 2333 2960 2405 regis
3010 2333 3236 2406 quinto.
3290 2336 3553 2393 Pudicius

1868 2420 2234 2477 cancellarius
2263 2420 2332 2475 ad
2362 2422 2535 2477 vicem
2559 2420 2843 2489 Purganti
2871 2424 3275 2498 archiepiscopi
3296 2434 3347 2481 et
3375 2428 3555 2483 archi-

1869 2510 2195 2568 cancellarii
2226 2508 2717 2581 recognovitldem
2743 2526 3030 2578 rex,anno
3058 2514 3223 2586 regni
3245 2515 3338 2569 sui
3364 2522 3550 2589 sexto,

1868 2599 1980 2656 sub
2012 2598 2187 2653 ﬁnem
2236 2597 2458 2654 scilicet
2504 2596 2773 2668 ejusdem
2828 2602 2973 2656 anni
3023 2602 3151 2669 998,
3196 2603 3396 2658 uxoris
3428 2622 3551 2663 suae

1868 2685 2182 2759 Agildrudis
2212 2686 2423 2758 regina:
2454 2690 2510 2741 et
2539 2686 2855 2742 Purehardi
2897 2689 3324 2762 archiepiscopi
3365 2690 3546 2751 inter.

1868 2780 2044 2833 ventu
2075 2775 2439 2830 conﬁrmavit
2459 2772 2657 2829 omnia
2677 2786 2961 2848 praecepta
2990 2780 3206 2848 regalia
3234 2788 3287 2835 et
3320 2780 3542 2843 chartas

1867 2882 1961 2921 seu
2003 2863 2319 2918 donationes
2368 2865 2436 2918 ab
2487 2862 2617 2917 aliis
2644 2862 2904 2931 ﬁdelibus
2944 2868 3307 2924 Cluniacensi
3350 2886 3538 2931 mona.

1867 2954 2035 3010 sterio
2068 2950 2222 3006 intra
2251 2951 2413 3022 regni
2437 2950 2528 3006 sui
2560 2950 2707 3006 ﬁnes
2731 2951 3161 3028 factas,easque
3187 2973 3338 3013 more
3351 2965 3540 3030 patris

1867 3044 1959 3098 sui
1986 3042 2141 3097 bonae
2160 3042 2444 3098 memoria:
2474 3041 2532 3096 in
2564 3041 2820 3097 omnibus
2847 3045 3033 3101 missis
3066 3048 3393 3114 renovat,ac
3422 3049 3544 3106 sin-

1869 3128 2117 3205 gillatim
2147 3133 2427 3185 recenset.

129 3226 407 3298 subhujus
430 3223 616 3282 sancti
634 3224 737 3279 viri
759 3220 1045 3296 regimine
1061 3220 1532 3277 Cluniacensium
1558 3238 1762 3277 mona-
1791 3207 1833 3274 C
1944 3220 2031 3276 49.
2065 3220 2231 3274 Anno
2263 3216 2405 3274 item
2435 3218 2542 3274 998
2576 3222 2684 3275 aut
2709 3222 3145 3293 sequenti,nam
3176 3222 3381 3280 charta
3399 3227 3542 3284 data

126 3313 344 3372 chorum
374 3313 705 3372 sanctitatis
737 3313 893 3369 fama
925 3327 1041 3365 non
1072 3309 1267 3366 minus
1310 3326 1487 3381 quam
1522 3326 1763 3366 suorum

124 3404 480 3463 decessorum
512 3406 771 3474 tempore
799 3398 1048 3456 celebris
1072 3397 1524 3471 fuerit,episcopi
1551 3398 1765 3471 aliique

122 3494 206 3550 viri
227 3494 459 3552 nobiles
490 3491 678 3547 multa
697 3490 780 3546 eis
803 3490 959 3546 bona
979 3490 1489 3554 concesserunt,ex
1511 3504 1762 3560 quorum

120 3582 325 3641 chartis
355 3581 547 3658 multa
577 3579 862 3636 discimus
914 3578 986 3634 ad
1021 3576 1326 3635 historiam
1350 3575 1763 3635 illustrandum

120 3670 257 3729 haud
291 3687 504 3746 parum
538 3668 722 3725 utilia.

178 3765 260 3819 14.
296 3765 467 3819 Anno
499 3777 540 3815 ιι
565 3758 794 3816 Rodulti
847 3756 1198 3830 Burgundiae
1230 3756 1640 3827 Transjuranae
1672 3773 1760 3813 re-

119 3850 214 3921 gis,
246 3867 456 3908 mense
482 3847 688 3922 Aprili,
728 3846 1092 3922 proindeque
1142 3862 1294 3901 anno
1325 3844 1451 3913 995,
1479 3846 1529 3900 si
1557 3863 1761 3902 verum

120 3938 185 3993 sit
209 3940 547 3997 Conradum
579 3936 809 3992 Rodulfi
844 3938 1068 4009 patrem
1100 3935 1192 3990 die
1223 3934 1291 3988 19
1327 3933 1591 3990 Octobris
1621 3935 1761 3991 anni

118 4027 209 4085 993
237 4046 272 4084 e
302 4027 449 4084 vivis
473 4021 1103 4090 excessisse,Artaldus
1149 4037 1344 4078 comes
1371 4020 1531 4077 dedit
1559 4026 1760 4079 sancto

120 4112 342 4171 Odiloni
372 4111 680 4170 ecclesiam
711 4110 897 4168 sancti
948 4109 1099 4165 Petri
1132 4110 1191 4165 in
1220 4107 1357 4165 villa
1389 4108 1757 4183 Marogliaeo,

118 4218 240 4260 cum
275 4199 959 4277 presbyteratu,decimis
989 4203 1048 4255 et
1068 4198 1357 4255 universis
1386 4199 1759 4271 appenditiis,

117 4295 240 4358 etc.,
274 4293 337 4349 in
368 4308 510 4364 agro
540 4288 917 4363 Lugdunensi
948 4291 1005 4344 et
1036 4286 1449 4344 RodcnensiJs
1473 4289 1615 4344 forte
1636 4288 1763 4360 ipse

114 4387 196 4437 est
222 4381 503 4438 Artaldus
531 4380 628 4453 qui
661 4379 719 4434 in
752 4376 934 4434 altera
959 4378 1315 4448 charta,qu&s
1339 4382 1427 4433 est
1456 4378 1583 4433 sine
1604 4378 1760 4445 data,

112 4468 347 4527 donavit
375 4470 571 4527 villam
594 4467 780 4524 sancti
804 4466 1058 4538 Prmjccti
1088 4465 1364 4522 Memboli
1394 4466 1449 4521 in
1480 4484 1628 4540 pago
1658 4467 1766 4522 Va-

1877 3315 1965 3367 est
1994 3324 2145 3365 anno
2186 3321 2251 3362 ιιι
2285 3305 2520 3362 Robcrti
2565 3305 2739 3380 regis,
2793 3310 2894 3381 qui
2940 3326 3094 3366 anno
3147 3311 3273 3380 996,
3325 3312 3419 3369 die
3468 3319 3540 3373 24

1875 3396 2161 3464 Octobris,
2195 3395 2490 3464 defuncto,
2523 3399 2588 3450 ut
2617 3395 2857 3468 quidem
2889 3415 3217 3472 censemus,
3234 3404 3397 3472 patre
3427 3421 3539 3462 suo

1873 3489 2116 3561 Hugone
2148 3484 2550 3541 monarchiam
2581 3484 3196 3560 obtinuit,Bernardus
3218 3489 3379 3546 dedit
3407 3491 3542 3549 Odi-

1872 3577 1991 3633 loni
2023 3579 2080 3631 et
2110 3573 2462 3630 monasterio
2511 3573 2882 3633 Cluniacensi
2930 3577 3307 3635 medietatem
3356 3579 3535 3637 alodii

1873 3666 1965 3723 sui
1993 3664 2053 3721 in
2087 3661 2223 3719 villa
2249 3661 2527 3719 Buxerias
2557 3680 2661 3736 pro
2714 3664 2913 3735 anima
2942 3666 3137 3723 fratris
3169 3668 3260 3723 sui
3294 3667 3529 3727 Israelis

1873 3755 2065 3811 adhuc
2093 3751 2359 3808 viventis.
2396 3751 2554 3807 Idem
2606 3752 2937 3811 Bernardus
2981 3755 3272 3814 in'altera
3301 3758 3526 3829 charta,

1872 3861 1999 3917 quze
2032 3843 2169 3898 data
2198 3846 2288 3895 est
2320 3858 2474 3896 anno
2506 3858 2537 3895 v
2568 3839 2803 3898 Roberti
2834 3844 3011 3916 regis,
3043 3844 3259 3900 dicitur
3283 3847 3443 3905 miles
3475 3854 3534 3906 et

1868 3932 2165 3990 secundum
2195 3930 2392 3986 saeculi
2418 3929 2746 3998 dignitatem
2790 3932 2877 3986 vir
2920 3932 3284 4002 clarissimus,
3309 3938 3365 3990 et
3395 3952 3531 3994 cum

1870 4024 2078 4079 Emma
2111 4035 2287 4075 uxore
2318 4036 2427 4074 sua
2446 4019 2625 4074 donat
2657 4034 2724 4074 ea
2755 4036 2882 4091 qua:
2914 4019 3165 4077 habebat
3187 4021 3246 4076 in
3270 4021 3407 4078 villa
3422 4023 3535 4084 Bu-

1870 4111 2061 4168 xerias
2084 4111 2142 4165 in
2167 4124 2316 4181 pago
2348 4107 2785 4177 Matisconensi,
2812 4108 2871 4162 in
2900 4107 3114 4181 pignus
3138 4126 3242 4182 pro
3264 4110 3535 4169 ducentis

1872 4196 2514 4268 solidis.0uinquennio
2544 4200 2742 4268 postea
2771 4195 2990 4268 elapso,
3024 4196 3082 4252 id
3133 4203 3222 4254 est
3247 4216 3401 4254 anno
3430 4201 3529 4258 de-

1872 4290 2023 4346 cimo
2068 4286 2221 4359 regis
2269 4284 2525 4350 Roberti,
2578 4284 2702 4341 haec
2739 4286 2942 4341 eadem
2989 4286 3198 4343 Emma
3250 4283 3532 4345 Bernardi

1872 4396 2019 4435 uxor
2047 4393 2182 4432 cum
2214 4373 2444 4443 Maiolo,
2492 4374 2690 4430 mariti
2738 4374 2831 4430 sui
2872 4375 3068 4445 fratre,
3103 4381 3327 4450 partem
3359 4394 3529 4434 suam

1873 4468 2140 4540 ejusdem
2169 4462 2316 4520 villa:
2360 4463 2661 4531 Buxerias,
2694 4481 2872 4537 quam
2916 4482 3050 4521 cum
3084 4464 3315 4533 Israele,
3349 4466 3531 4525 altero

112 4555 446 4629 lentinensi,
479 4558 573 4613 cui
605 4555 953 4627 subscripsit
977 4555 1218 4611 Pontius
1239 4554 1508 4610 Ademari
1532 4554 1764 4610 comitis
1794 4578 1841 4642 Ι)
1876 4554 2155 4614 Bernardi
2202 4554 2398 4618 fratre,
2452 4551 2665 4624 partita
2708 4553 2914 4620 fuerat,
2956 4553 3145 4610 eidem
3177 4556 3531 4612 monasterio

114 4644 291 4704 illius.

190 4738 272 4794 15.
304 4742 470 4793 Anno
502 4753 563 4791 ιιι
613 4727 877 4808 ejusdem
935 4732 1088 4806 regis
1121 4731 1374 4800 Rodulfi,
1409 4732 1766 4790 Humbertus

114 4824 424 4899 episcopus
451 4822 1027 4896 Gratianopolitanus
1057 4821 1219 4876 dedit
1239 4821 1501 4876 ccenobio
1534 4821 1766 4877 Clunia-

96 4928 270 4983 Cens,
305 4917 425 4982 ubi,
458 4914 669 4986 inquit,
704 4913 935 4968 domnus
987 4911 1151 4968 Odilo
1200 4911 1367 4965 abbas
1395 4917 1612 4981 przv'est,
1645 4928 1765 4966 me-

75 4998 117 5051 d
134 5004 393 5062 Eetatem
424 5002 599 5060 castri
628 5003 700 5059 de
720 5001 927 5058 Visilia
947 5018 1079 5057 cum
1103 5003 1218 5055 toto
1241 5000 1426 5072 burgo
1450 5004 1506 5055 et
1526 4999 1769 5056 ecclesia

94 5100 326 5151 sancta:
379 5092 595 5149 Mariae.
628 5093 772 5149 Item
824 5088 1367 5161 ecelesinmsancti
1418 5088 1651 5144 Martini
1697 5090 1769 5146 de

110 5178 488 5241 Ponte-Rose
536 5199 671 5239 cum
702 5180 966 5249 decimis,
999 5177 1395 5236 oblationibus
1427 5182 1484 5237 et
1513 5179 1770 5235 coemite-

116 5269 239 5328 riis.
266 5271 762 5344 Subscripserunt
792 5268 1189 5341 Frideburgis,
1223 5267 1487 5339 ejusdem
1516 5268 1771 5341 episcopi

114 5366 322 5435 mater,
355 5361 555 5434 Wigo,
590 5361 767 5417 frater
795 5360 942 5431 ejus,
977 5363 1033 5414 et
1079 5357 1435 5413 Humbertus
1464 5356 1773 5430 episcopus

111 5447 193 5503 de
216 5450 509 5523 Valentia,
540 5452 669 5522 ejus
701 5465 900 5521 nepos.

192 5537 268 5598 46.
303 5543 478 5598 Anno
508 5557 526 5595 ι
559 5537 794 5595 Roberti
848 5538 1200 5593 Francorum
1232 5533 1410 5608 regis,
1451 5535 1551 5608 qui
1583 5533 1767 5605 solus,

106 5624 393 5692 defuncto
421 5631 585 5705 patre
615 5644 769 5685 anno
797 5625 924 5695 996,
957 5625 1049 5684 die
1076 5625 1148 5683 24
1189 5621 1475 5697 Octobris,
1526 5639 1771 5698 regnare

440 5756 710 5824 Ρηιιοι..
758 5752 995 5820 CXLII.

1875 4640 2449 4713 concessit.Denique
2482 4640 2766 4696 eademin
2800 4641 2916 4699 alia
2946 4642 3170 4713 charta,
3196 4645 3295 4701 ubi
3318 4644 3535 4701 dicitur

1875 4732 2148 4793 Bernardi
2174 4731 2475 4787 clarissimi
2500 4731 2700 4786 militis
2729 4748 2891 4799 uxor,
2917 4732 3078 4787 dedit
3106 4750 3241 4788 cum
3274 4732 3393 4789 ﬁlio
3423 4750 3530 4789 suo

1877 4826 2256 4883 Gauceranno
2283 4824 2339 4876 et
2374 4818 2493 4876 ﬁlia
2526 4820 2748 4889 Emma,
2770 4839 2874 4893 pro
2906 4821 3207 4893 sepultura
3237 4839 3346 4879 sua
3374 4822 3530 4893 apud

1876 4912 2343 4976 Cluniacum,rcs
2376 4926 2523 4981 quas
2555 4909 2891 4965 habebatin
2916 4928 3055 4984 agro
3085 4910 3453 4967 Ammacensi
3471 4909 3531 4965 in

1876 5019 2026 5077 pago
2058 4998 2491 5056 Matisconensi.
2511 4997 2674 5053 Unde
2707 5002 2866 5070 patet
2895 4999 3046 5055 hanc
3078 5000 3360 5056 familiam
3394 5015 3534 5073 erga

1877 5089 2215 5146 Cluniacum
2248 5086 2842 5143 beneficentissimam
2875 5088 3187 5144 fuisse.[lic
3216 5105 3387 5162 porro
3406 5087 3535 5145 Ber-

1880 5181 2101 5237 nardus
2131 5179 2203 5233 ab
2235 5175 2348 5233 alio
2381 5176 2645 5248 ejusdem
2672 5176 2929 5232 nominis
2950 5176 3533 5252 distinguendus,qui

1881 5270 2081 5328 eodem
2111 5272 2373 5340 tempore
2402 5282 2469 5322 ac
2499 5267 2700 5322 eadem
2734 5267 2791 5322 in
2816 5265 3048 5341 regione
3062 5266 3534 5339 vivebat,quique

1881 5376 2018 5432 erga
2048 5356 2390 5414 Cluniaeum
2441 5354 2739 5411 beneficus
2793 5356 2922 5427 fuit,
2982 5360 3045 5413 ut
3103 5360 3262 5429 patet
3307 5373 3377 5413 ex
3404 5355 3534 5427 ejus

1883 5448 2229 5517 charta,qua
2259 5460 2393 5499 cum
2421 5459 2597 5500 uxore
2622 5461 2731 5500 sua
2759 5446 2884 5502 Ade
2914 5446 3136 5502 confert
3178 5443 3533 5502 monasterio

1883 5534 2170 5594 coloniam
2203 5548 2380 5588 unam
2415 5531 2474 5587 in
2507 5548 2644 5607 agro
2676 5533 3092 5592 Mediolanensi
3139 5535 3200 5590 in
3230 5548 3380 5608 pago
3411 5532 3533 5590 Ma-

1882 5622 2220 5696 tisconensi,
2252 5620 2312 5679 in
2345 5619 2482 5681 villa
2502 5620 2759 5684 Curtilis.
2787 5622 2890 5686 Hic
2911 5623 3130 5688 ibidem
3152 5622 3364 5683 dicitur
3383 5619 3534 5697 duo;

3138 5751 3212 5816 97
