4020 6180
187 324 299 389 840

1694 320 2073 388 ELOGIUM.

3468 324 3590 394 850

189 458 367 519 sancti
401 458 653 533 Georgii,
699 456 811 516 sita
862 455 921 515 in
966 456 1411 517 Villa-Domina.
1461 458 1605 515 Item
1661 455 1834 516 vinea
1862 455 1917 525 Α
1946 474 2097 515 rum.
2140 461 2318 518 Porro
2367 458 2657 535 ejusmodi
2719 457 2937 518 chartis
2990 477 3106 519 non
3160 461 3359 536 plures
3414 479 3594 539 quam

190 551 424 620 ibidem,
461 555 518 606 et
548 566 664 605 una
712 549 1063 606 condamina
1110 550 1167 605 in
1213 566 1362 623 pago
1410 548 1839 622 Gratianopoli-

190 646 342 699 tano.

255 733 343 786 47.
368 732 535 785 Anno
565 746 752 785 xxxvn
786 728 1017 785 Rodulﬁ
1069 728 1243 803 regis,
1282 729 1574 785 Amedeus
1623 744 1840 795 comes,

184 820 342 876 ﬁlius
374 818 681 874 Humberti
710 818 962 886 comitis,
989 818 1166 875 simul
1199 836 1333 875 cum
1366 836 1544 875 uxore
1567 835 1675 875 sua
1698 817 1844 872 Ada-

180 908 399 975 lheida,
431 907 591 962 dedit
648 908 1003 964 monasterio
1055 907 1445 976 Cluniacensi,
1489 910 1589 963 ubi
1643 899 1844 979 precest

183 1000 411 1055 domnus
464 1005 619 1067 pater
659 996 836 1064 0dilo,
864 997 1171 1053 ecclesiam
1223 998 1409 1053 sancti
1468 996 1733 1053 Mauricii
1783 997 1839 1051 in

180 1087 325 1142 villa
379 1084 720 1152 Maltacena,
755 1089 811 1141 et
841 1085 957 1141 alia
1014 1086 1223 1156 multa,
1256 1089 1548 1142 reservato
1608 1085 1718 1141 sibi
1774 1103 1841 1141 ac

181 1174 627 1233 successoribus
684 1175 810 1231 suis
856 1177 992 1246 jure
1049 1179 1415 1248 patronatus.
1451 1177 1581 1231 Haec
1639 1176 1841 1231 charta

180 1267 432 1322 habetur
481 1265 537 1318 in
591 1264 946 1321 Bibliotheca
993 1265 1382 1330 Cluniacensi,
1417 1264 1525 1320 col.
1565 1267 1687 1331 412,
1738 1266 1836 1320 ubi

180 1358 320 1411 data
350 1354 565 1409 dicitur
593 1370 747 1409 anno
777 1372 988 1420 xxxvu,
1023 1359 1304 1427 regnante
1351 1354 1620 1420 Rodult‘o,
1646 1354 1837 1410 incar-

180 1443 438 1501 nationis
486 1442 718 1498 Domini
771 1443 929 1508 1025,
986 1444 1108 1499 Kal.
1146 1443 1508 1511 Novembris,
1559 1444 1698 1499 luna
1742 1462 1835 1510 xx,

177 1535 287 1599 Qui
341 1533 702 1588 characteres
747 1532 1138 1605 chronologici
1199 1551 1312 1589 non
1365 1534 1475 1589 sibi
1527 1534 1836 1597 cohaerent,

176 1639 320 1678 nam
353 1638 543 1676 annus
576 1638 765 1676 xxxvu
792 1622 1020 1677 Rodulti
1052 1622 1204 1694 regis
1236 1640 1390 1677 anno
1425 1624 1562 1678 1029
1590 1621 1837 1695 vulgatae

178 1730 305 1767 aerea
323 1728 523 1766 mense
541 1711 772 1766 Octobri
796 1710 1343 1805 incmpitﬂzeterum
1365 1729 1503 1784 erga
1520 1711 1840 1768 monachos

1952 554 2202 622 quatuor
2230 555 2329 607 aut
2356 551 2619 624 quinque
2648 551 2917 608 monachi
2940 551 3207 610 solebant
3230 554 3595 612 suscribere:

1952 657 2131 696 unam
2160 644 2358 697 tamen
2411 658 2526 714 prae
2586 641 2860 698 manibus
2904 642 3212 711 habemus,
3244 644 3340 700 cui
3390 643 3600 719 viginti

1952 729 2225 785 monachi
2257 729 2656 802 subscripsere
2672 728 2695 798 ;'
2718 731 2820 787 sed
2851 735 2940 788 est
2970 733 3192 805 absque
3218 733 3373 789 data.

2022 820 2113 874 52.
2139 821 2304 875 Anno
2351 820 2509 886 1032,
2544 820 2863 877 indictione
2913 839 3003 885 xv,
3030 821 3173 878 feria
3218 823 3454 879 v'infra
3495 841 3605 897 pa-

1952 907 2210 964 schalem
2234 907 3022 974 hebdomadam,Girbardus
3041 912 3365 985 presbyter,
3376 913 3450 969 ad
3473 930 3605 970 eon-

1949 996 2275 1053 versionem
2306 997 2566 1064 venicns,
2599 997 2883 1054 nonnulla
2935 999 3184 1055 contulit
3224 1002 3600 1071 monasterio,

1952 1102 2100 1157 quas,
2126 1085 2316 1141 tribus
2342 1085 2644 1141 mensibus.
2667 1085 2903 1158 elapsis,
2930 1088 3037 1144 Aia
3065 1088 3281 1145 nobilis
3301 1091 3519 1147 femina
3540 1091 3600 1146 in

1952 1174 2314 1248 praestariam
2338 1176 2449 1229 sud
2480 1190 2657 1230 censu
2677 1175 2854 1231 trium
2876 1176 3200 1235 solidorum
3222 1178 3476 1234 obtinuit
3496 1196 3600 1251 pro

1948 1281 2056 1319 sua
2085 1281 2150 1319 ac
2184 1263 2435 1319 ﬁliorum
2468 1281 2708 1319 suorum
2731 1265 2869 1333 vita,
2894 1268 3148 1339 acceptis
3168 1268 3241 1323 ab
3265 1285 3334 1325 ea
3355 1272 3602 1341 quadra-

1946 1354 2111 1426 ginta
2140 1352 2366 1417 solidis,
2390 1354 2537 1409 mulo
2582 1354 2795 1410 valente
2820 1357 2863 1412 C
2890 1356 3146 1426 adjuncto
3193 1374 3303 1414 uno
3352 1360 3596 1416 bancale.

1946 1441 2360 1513 Subscripsere
2380 1440 2544 1496 Odilo
2580 1442 2785 1508 abbas,
2811 1444 3100 1500 Robertus
3126 1446 3284 1518 prior
3302 1464 3436 1503 cum
3469 1448 3600 1505 aliis

1947 1530 2207 1603 quinque
2242 1531 2567 1599 monachis,
2590 1548 2620 1586 e
2646 1531 2863 1603 quibus
2895 1551 3051 1588 unus
3082 1535 3484 1607 appellabatur
3509 1539 3602 1594 Jo-

1947 1620 2175 1680 saldua.
2210 1620 2259 1675 is
2307 1619 2555 1676 fortasse
2586 1620 2683 1693 qui
2727 1621 2876 1681 beati
2926 1621 3188 1680 0dilonis
3237 1623 3413 1682 vitam
3464 1645 3601 1683 con-

1949 1708 2201 1781 scripsit.

178 1798 595 1856 Cluniacenses
626 1798 684 1853 in
718 1798 854 1855 villa
880 1798 1203 1855 Maltacena
1232 1801 1509 1873 degentes
1540 1802 1835 1857 beneficus
1865 1831 1913 1897 Β
1986 1800 2106 1897 ‘53.
2136 1800 2289 1897 Ante
2321 1798 2377 1897 id
2409 1802 2645 1897 tempus
2675 1799 2863 1897 berlio
2904 1800 3073 1858 miles
3103 1803 3341 1859 dederat
3370 1804 3604 1862 0diloni

178 1889 293 1945 fuit
314 1889 466 1944 idem
495 1888 870 1955 Humbcrtus,
891 1892 956 1943 ut
977 1892 1135 1961 patet
1154 1906 1222 1944 ex
1244 1889 1461 1961 duplici
1484 1891 1612 1960 ejus
1634 1890 1838 1946 charta

177 1979 339 2051 apud
370 1977 808 2034 Guiehenonem
840 1977 900 2031 in
953 1978 1397 2049 probationibus
1438 1978 1700 2034 Historias
1732 1980 1835 2034 Sa-

176 2066 463 2133 baudicze,
514 2067 612 2122 ubi
667 2065 857 2121 multa
894 2066 1118 2122 confert
1165 2066 1355 2122 eidem
1406 2066 1549 2122 loco.
1580 2067 1836 2139 Utraque

176 2160 339 2213 caret
378 2156 534 2221 data,
565 2156 665 2210 sed
721 2155 1029 2227 utrobique
1077 2156 1461 2212 nominantur
1489 2162 1608 2212 tres
1651 2157 1834 2212 Hum-

174 2245 325 2302 bcrti
361 2245 488 2311 filii,
521 2244 746 2301 scilicet
770 2246 1083 2313 Amadeus,
1116 2247 1299 2319 Aymo
1330 2249 1386 2300 et
1415 2245 1557 2301 Odo.

244 2336 339 2389 48.
371 2336 537 2389 Anno
559 2351 672 2389 xui
704 2334 937 2390 Roberti
975 2334 1147 2407 regis,
1173 2350 1240 2389 ex
1272 2351 1387 2407 quo
1422 2334 1654 2391 scilicet
1674 2352 1708 2391 a
1739 2352 1837 2407 pa-

171 2427 259 2479 tre
284 2422 345 2477 in
370 2423 531 2495 regni
555 2422 892 2479 societatem
918 2424 1106 2479 fuerat
1125 2427 1488 2496 assumptus,
1511 2441 1575 2479 ac
1592 2425 1838 2496 proinde

169 2529 335 2568 anno
369 2512 528 2577 1029,
554 2513 728 2567 datus
757 2515 846 2567 est
875 2512 1230 2568 monasterio
1263 2512 1630 2569 Cluniacensi
1661 2514 1837 2569 curti-

168 2602 271 2657 lus
309 2601 369 2656 in
398 2600 536 2656 villa
564 2601 833 2657 Sarciaco
882 2601 939 2655 in
990 2618 1139 2675 pago
1188 2600 1622 2670 Matisconensi,
1658 2602 1839 2659 indic-

165 2691 338 2746 tione
368 2708 447 2758 xi,
482 2706 681 2745 mense
712 2689 1043 2746 Februario.

244 2780 343 2834 49.
379 2782 545 2834 Anno
592 2797 763 2834 xm"
814 2780 1079 2851 ejusdem
1129 2780 1303 2851 regis,
1338 2780 1459 2850 qui,
1496 2779 1546 2833 si
1597 2780 1668 2834 de
1718 2796 1837 2835 mo-

163 2868 430 2925 narchia
477 2868 855 2941 intelligatur,
888 2869 996 2924 erit
1027 2886 1218 2924 annus
1265 2870 1400 2923 1027
1430 2874 1533 2924 aut
1561 2885 1833 2940 sequens,

162 2959 320 3013 data
351 2957 461 3012 fuit
490 2956 971 3012 Cluniacensibus
997 2956 1218 3029 capella
1242 2962 1457 3013 sanctae
1486 2958 1678 3013 Maria
1700 2975 1835 3013 eum

162 3046 449 3111 decimis,
476 3046 689 3111 etc.,in
737 3044 876 3101 villa
927 3047 1261 3113 Quineiaco,
1294 3046 1353 3101 in
1400 3064 1547 3118 pago
1603 3046 1835 3119 Lugdu—

1950 1888 2150 1943 abbati
2181 1886 2550 1944 Cluniacensi
2590 1888 2892 1946 ecclesiam
2942 1892 3129 1948 sancti
3160 1892 3434 1950 Germani
3465 1912 3602 1951 con-

1947 1976 2207 2045 fessoris,
2240 1977 2413 2034 sitam
2465 1977 2524 2032 in
2575 1994 2723 2050 pago
2744 1978 3082 2047 Viennensi,
3114 1980 3174 2036 in
3205 1997 3345 2054 agro
3397 1987 3601 2040 Corso-

1946 2065 2218 2130 riaeensi,
2251 2066 2311 2121 in
2364 2066 2559 2122 insula
2606 2066 2759 2123 inter
2800 2068 3125 2125 Bulburum
3169 2074 3226 2126 et
3269 2072 3597 2131 Carusium.

1946 2155 2158 2211 Charta
2188 2154 2408 2210 nullam
2444 2157 2639 2211 datam
2687 2155 2937 2223 exhibet,
2965 2160 3066 2214 sed
3117 2159 3167 2215 ei
3218 2157 3603 2220 subs'cribunt

1948 2245 2343 2317 Leodegarius
2360 2244 2837 2317 archiepiscopus
2848 2246 3401 2321 Viennensis,atque
3419 2253 3601 2325 Aymo

1946 2332 2259 2405 episcopus
2279 2333 2548 2397 Beicnsis,
2570 2333 2629 2388 id
2660 2337 2751 2389 est
2780 2333 3136 2392 Bellicensis.

2018 2424 2109 2476 5-1.
2135 2424 2276 2477 Cum
2330 2421 2441 2477 hoc
2472 2421 2600 2494 ipso
2630 2438 2784 2477 anno
2815 2424 2955 2479 1032
2998 2424 3284 2481 Rodull‘us
3334 2428 3600 2502 Burgun-

1946 2511 2190 2567 dionum
2240 2527 2337 2566 rex
2367 2509 2541 2566 viiam
2584 2510 2818 2578 finierit,
2845 2512 3039 2568 visum
3093 2518 3183 2570 est
3230 2515 3347 2571 huc
3388 2517 3602 2574 referre

1946 2599 2171 2671 aliquot
2207 2599 2442 2655 chartas
2499 2617 2628 2671 quae
2686 2599 2813 2671 ipso
2872 2606 3171 2674 regnante,
3205 2604 3429 2678 absque
3485 2607 3601 2663 alia
3704 2618 3715 2621 '

1944 2688 2227 2761 temporis
2259 2692 2416 2754 nota,
2449 2689 2596 2743 data:
2637 2689 2860 2760 passim
2892 2695 3226 2748 occurrunt.
3262 2693 3339 2748 Ex
3386 2694 3481 2751 bis
3510 2701 3601 2753 est

1945 2778 2149 2834 charta
2172 2777 2440 2849 Wigonis
2469 2777 2846 2843 vicccomitis,
2866 2778 2967 2850 qui
2993 2778 3170 2836 simul
3200 2797 3336 2837 cum
3368 2783 3597 2856 Euphe-

1938 2866 2065 2923 mia
2115 2883 2290 2922 uxore
2348 2883 2478 2931 sua,
2512 2866 2632 2921 ﬁlia
2688 2867 2970 2923 Nardumi
3026 2868 3406 2938 vicecomitis,
3437 2872 3600 2929 dedit

1946 2954 2173 3010 0diloni
2195 2954 2389 3009 abbati
2414 2953 3097 3029 Cluniacensi,regnante
3121 2957 3389 3028 Rodulfo,
3408 2963 3595 3019 terras

1945 3042 2006 3098 in
2035 3042 2315 3100 comitatu
2363 3044 2738 3114 Lugdunensi
2771 3047 2828 3099 et
2860 3044 3290 3115 Matisconensi,
3320 3048 3465 3105 sitas
3494 3067 3591 3106 su-

162 3135 379 3202 nensi,
410 3143 459 3190 et
488 3143 701 3191 tantum
731 3145 898 3193 terrae
910 3137 1077 3208 juxta
1094 3135 1338 3192 eamdem
1369 3135 1674 3207 capellam,
1697 3136 1837 3207 quod
1875 3202 1906 3208 _
1945 3149 2049 3204 per
2076 3130 2303 3187 Ararim
2334 3135 2392 3187 et
2418 3131 2700 3186 Voianam
2733 3131 2957 3197 ﬂuvios,
2989 3132 3050 3188 in
3079 3132 3216 3189 villa
3257 3135 3589 3195 Konneuco.

162 3225 427 3297 sufﬁciat
452 3224 639 3279 domui
664 3202 1005 3295 .rdi/icun'dce
1030 3229 1083 3279 et
1112 3226 1351 3296 ofﬁcinis
1368 3202 1624 3296 hortoque
1650 3202 1835 3279 mona-
1865 3202 1907 3269 C
1946 3202 2105 3276 lianc
2136 3225 2329 3275 autem
2362 3220 2734 3275 donationem
2765 3221 2899 3278 fecit
2930 3222 3096 3296 Wigo
3127 3240 3231 3296 pro
3261 3225 3460 3281 anima
3490 3244 3592 3301 pa-

165 3314 290 3369 chi.
318 3314 401 3368 Ad
424 3313 579 3368 idem
608 3314 722 3370 fere
747 3319 978 3386 tempus
1001 3313 1255 3369 revocari
1278 3315 1451 3369 debet
1477 3312 1591 3369 alia
1610 3313 1832 3381 charta,

170 3419 304 3474 qua
333 3403 553 3457 dantur
591 3402 943 3458 monasterio
976 3401 1343 3457 Cluniacensi
1382 3406 1604 3475 septem
1637 3401 1835 3458 rasciae

173 3492 487 3546 vinearum
520 3490 580 3545 in
611 3508 759 3564 pago
790 3490 1220 3558 Matisconensi,
1256 3491 1504 3547 Roberto
1537 3506 1668 3562 rege
1701 3508 1833 3546 cum

181 3578 307 3634 filio
338 3579 583 3635 Henrico
628 3584 926 3651 regnante.
957 3581 1123 3635 Anno
1170 3580 1327 3649 1027,
1358 3575 1642 3635 Henricus
1674 3580 1833 3653 regni

187 3668 385 3724 socius
416 3686 449 3721 a
480 3672 643 3740 patre
674 3669 866 3724 dictus
895 3670 1002 3724 est.

258 3758 349 3810 50.
376 3765 543 3811 Anno
595 3758 751 3823 1031,
786 3757 917 3812 Otto
967 3773 1183 3823 comes,
1216 3761 1455 3829 rogatus
1503 3774 1537 3812 a
1584 3758 1836 3813 Roberto

194 3844 381 3914 priore
397 3844 786 3911 Cluniacensi,
804 3845 964 3901 venit
984 3845 1043 3900 in
1067 3844 1411 3917 capitulum,
1430 3844 1628 3917 ibique
1651 3863 1837 3901 amor-

187 3932 384 3989 tiz‘avit
427 3934 628 3990 omnia
660 3950 787 4005 quae
826 3934 911 3990 eis
944 3935 1081 3990 data
1111 3934 1198 3990 vel
1247 3935 1320 3990 ab
1376 3935 1446 3989 iis
1501 3940 1837 4007 comparata

194 4017 472 4078 hactenus
524 4021 821 4078 habebant
864 4022 924 4077 in
975 4023 1257 4078 comitatu
1309 4022 1837 4093 Matisconensi,ae

191 4110 392 4172 silvam
424 4113 709 4179 Cerviam,
744 4129 922 4184 quam
972 4111 1109 4168 olim
1144 4112 1234 4169 sui
1275 4111 1465 4185 ipsius
1509 4116 1835 4169 antecesso-

192 4215 286 4256 res
318 4201 665 4257 monasterio
718 4201 1105 4268 contulerant,
1153 4202 1539 4258 confirmavit.
1569 4201 1836 4257 Subscri-

190 4294 433 4360 pserunt
464 4291 596 4347 Otto
626 4306 843 4358 comes,
867 4290 1196 4346 Gaul‘redus
1226 4290 1382 4346 ﬁlius
1409 4291 1558 4362 ejus,
1581 4295 1638 4345 et
1667 4290 1838 4347 Wido

192 4376 351 4435 ﬁlius
399 4378 676 4434 Gaufredi
734 4378 983 4435 comitis.
1037 4380 1226 4434 Actum
1278 4378 1551 4447 Cluniaci,
1597 4396 1661 4434 III
1716 4381 1840 4435 Idus

191 4466 437 4536 Augusti,
497 4484 645 4523 anno
701 4469 1100 4524 incarnationis
1156 4469 1315 4533 1031,
1374 4468 1673 4524 indictione
1722 4485 1836 4537 xxv,

1946 3310 2053 3365 tris
2085 3309 2175 3364 sui
2210 3309 2465 3376 Berardi,
2490 3313 2547 3364 et
2578 3309 2781 3366 matris
2805 3327 2924 3366 suae
2945 3311 3282 3381 Blismodis,
3304 3330 3372 3371 ae
3398 3315 3596 3374 fratris

1944 3398 2037 3455 sui
2089 3397 2406 3453 Wichardi.
2459 3398 2599 3452 Item
2650 3397 2890 3468 quidam
2945 3398 3183 3466 milites,
3221 3401 3333 3457 sub
3390 3405 3594 3461 eodem

1946 3485 2193 3544 Rodult‘o
2252 3502 2412 3558 rege,
2471 3486 2840 3542 Cluniacensi
2901 3489 3255 3545 monasterio
3311 3490 3599 3550 dederunt

1945 3575 2220 3632 ecclesias
2250 3574 2433 3631 sancti
2465 3575 2732 3639 Joannis,
2765 3575 2955 3632 sancti
3002 3578 3282 3634 Antonini
3311 3582 3369 3636 et
3406 3585 3596 3640 sancti

1947 3664 2220 3731 Leuterii,
2252 3663 2311 3718 in
2345 3663 2624 3719 comitatu
2652 3664 3063 3734 V’indascensi,
3092 3666 3153 3722 in
3184 3667 3474 3726 territorio
3505 3670 3598 3726 Di-
3684 3730 3687 3731 ν

1946 3759 2133 3821 mont,
2156 3770 2304 3826 quas
2335 3772 2369 3808 a
2389 3754 2616 3809 seniore
2638 3771 2745 3809 suo
2769 3753 3064 3811 Willelmo
3086 3755 3300 3813 comite
3313 3757 3599 3831 (videlicet

1945 3842 2278 3914 Provinciae)
2303 3847 2360 3897 et
2388 3843 2516 3913 ejus
2567 3859 2743 3897 uxore
2792 3844 2971 3900 Lucia
3011 3844 3314 3903 comitissa
3360 3864 3595 3922 accepe-

1944 3937 2097 3989 rant.
2129 3931 2449 3987 Walterius
2494 3930 2968 4004 archiepiscopus
3009 3935 3489 3994 Vesontionensis
3519 3937 3597 3993 al-

1945 4025 2068 4078 tare
2097 4026 2155 4077 et
2184 4021 2443 4077 decimas
2488 4019 2743 4075 ecclesiae
2794 4020 2978 4075 sancti
3020 4022 3302 4094 Stephani
3350 4024 3411 4080 in
3455 4025 3597 4082 villa
3634 4032 3647 4043 '

1948 4108 2208 4165 Portensi
2240 4107 2723 4163 Cluniacensibus
2763 4108 3068 4165 monachis
3099 4110 3432 4182 petentibus
3462 4129 3598 4169 con-

1948 4199 2141 4265 cessit,
2167 4196 2325 4253 salvo
2361 4195 2723 4267 eulogiarum
2757 4201 2813 4252 et
2852 4202 3189 4270 paratarum
3219 4215 3417 4256 censu.
3452 4201 3599 4258 Data

1948 4292 2037 4344 est
2066 4290 2347 4359 regnante
2379 4284 2648 4353 Rodulfo,
2673 4290 2730 4340 et
2748 4291 3173 4343 consenserunt
3191 4288 3479 4359 canonici,
3505 4291 3599 4347 de—

1949 4392 2153 4441 eanus,
2186 4375 2474 4430 Robertus
2504 4374 2706 4439 abbas,
2740 4378 2849 4430 etc.

2018 4467 2108 4519 55.
2141 4464 2264 4519 Huc
2294 4474 2527 4535 quoque
2554 4461 2794 4520 laudare
2841 4463 3013 4520 liceat
3054 4464 3318 4521 chartam
3348 4466 3599 4524 Ottonis-

190 4553 282 4610 die
324 4559 392 4611 25
440 4565 560 4629 post
607 4558 902 4613 transitum
959 4558 1177 4613 Roberti
1231 4557 1456 4628 gloriosi
1507 4557 1841 4613 Francorum
1871 4570 1917 4635 D
1946 4552 2250 4617 Willelmi,
2277 4552 2430 4623 quod
2476 4551 2626 4606 hanc
2664 4551 2851 4607 solam
2882 4552 3206 4611 clausulam
3238 4554 3485 4613 habeat:
3514 4574 3598 4614 re-

194 4647 357 4712 regis,
388 4663 531 4702 anno
563 4645 975 4718 quadragesimo
1015 4648 1171 4718 regni
1203 4648 1395 4718 ipsius,
1429 4648 1527 4717 qui
1552 4654 1629 4702 est
1656 4654 1842 4702 sextus

196 4733 306 4802 ﬁlii
330 4736 440 4800 eius
466 4736 715 4808 piissimi
740 4736 930 4791 domui
948 4737 1190 4801 Henrici,
1222 4752 1293 4791 ea:
1320 4752 1424 4806 quo
1454 4743 1649 4789 unctus
1675 4743 1751 4790 est
1780 4736 1841 4790 in

198 4835 371 4889 regem
412 4841 579 4895 super
621 4832 835 4892 gentem
874 4829 1214 4880 Francorum
1260 4831 1311 4879 et
1358 4823 1835 4893 Burgundionum.

202 4907 457 4967 Labbeus
482 4912 677 4980 habet,
701 4916 757 4968 et
776 4913 1014 4985 quidem
1040 4913 1278 4981 rectius,
1299 4913 1388 4968 die
1406 4916 1497 4983 22,
1520 4929 1665 4968 anno
1687 4929 1834 4980 xuv,

203 5000 294 5066 qui
318 5008 392 5054 est
416 5019 452 5056 v
477 5003 606 5072 ﬁlii,
640 5006 749 5057 etc.

269 5089 351 5142 51.
374 5089 570 5145 Eidem
590 5107 744 5146 anno
765 5091 1165 5165 consignanda
1178 5090 1409 5146 videtur
1429 5090 1629 5146 charta
1649 5090 1836 5162 ipsius

211 5171 451 5232 0dilonis
500 5180 869 5236 concedentis
899 5180 1159 5252 aliquam
1219 5183 1431 5234 terram
1493 5180 1603 5235 sub
1661 5195 1838 5235 censu

214 5259 479 5323 Joscelino
510 5268 739 5338 clerico,
768 5276 825 5326 ct
861 5270 1092 5325 duobus
1139 5269 1267 5340 ejus
1313 5268 1661 5324 hazredibus.
1695 5269 1840 5325 Cen-

218 5361 501 5412 senserunt
544 5358 641 5413 alii
692 5359 985 5426 monachi,
1019 5375 1087 5414 ex
1137 5358 1351 5430 quibus
1405 5358 1664 5429 quinque
1714 5362 1846 5430 post

222 5437 508 5501 ltobertum
544 5448 795 5519 priorem
844 5447 1341 5518 subscripserunt,
1376 5450 1499 5501 tum
1550 5453 1683 5519 post
1713 5448 1844 5504 illos

215 5526 321 5601 .Ugo
348 5534 545 5591 abbas.
580 5537 724 5593 Data
752 5542 843 5592 est
871 5537 1027 5609 apud
1078 5541 1347 5592 sanctum
1377 5536 1738 5600 Marcellum,
1767 5556 1843 5593 vn

214 5617 484 5678 Kalendas
522 5624 885 5693 Novembris,
916 5642 1069 5682 anno
1102 5643 1117 5680 ι
1151 5624 1379 5680 Henrici
1414 5626 1563 5696 regis
1598 5627 1844 5682 Franco-

1950 4650 2154 4714 gnante
2178 4641 2407 4712 Rodulfo
2426 4656 2568 4711 rege.
2586 4641 2730 4696 Nam
2758 4658 2891 4697 cum
2922 4641 3047 4716 ipse
3069 4642 3199 4700 Otto
3220 4660 3415 4702 comes
3446 4662 3600 4702 anno

1950 4734 2109 4799 1027,
2134 4734 2190 4786 et
2219 4728 2317 4784 alii
2346 4728 2444 4800 qui
2474 4728 2533 4783 in
2564 4746 2632 4784 ea
2663 4729 2974 4801 habentur,
3002 4731 3171 4806 longe
3201 4737 3336 4790 ante
3385 4734 3600 4790 Rodul-

1947 4822 2070 4877 fum
2102 4835 2296 4892 regem
2329 4818 2597 4873 obierint.
2623 4835 2737 4874 non
2769 4823 2962 4893 potest
2990 4838 3176 4893 usque
3206 4822 3277 4876 ad
3308 4826 3599 4881 extremos

1947 4908 2176 4966 Rodulﬁ
2210 4923 2393 4962 annos
2424 4906 2604 4978 rejici.
2630 4909 2691 4962 In
2723 4924 2791 4963 ea
2809 4908 3012 4964 charta
3031 4909 3184 4980 Otto,
3212 4913 3598 4982 cognomento

1943 4996 2300 5062 Willelmus,
2334 4996 2415 5050 ait
2445 5011 2506 5050 se
2542 4996 2642 5050 diu
2685 5013 2825 5052 aure
2862 4998 3043 5053 surda
3087 4997 3436 5070 praeteriisse
3487 4998 3603 5056 ela-

1946 5101 2168 5143 morem
2196 5083 2381 5139 sancti
2414 5083 2609 5138 Maioli
2641 5088 2699 5139 et
2729 5084 2926 5140 domni
2959 5085 3220 5141 0dilonis
3241 5087 3600 5145 successoris

1948 5175 2157 5248 ipsius,
2187 5172 2258 5227 de
2314 5172 2546 5227 duabus
2602 5173 2786 5229 sancti
2841 5173 2993 5229 Petri
3044 5174 3447 5232 Cluniacensis
3505 5195 3603 5251 po-

1949 5262 2283 5327 testatibus,
2309 5260 2653 5316 Ambariaco
2678 5261 2899 5318 scilicet
2920 5268 2977 5320 et
2999 5263 3254 5334 Juliaco;
3280 5266 3381 5321 sed
3414 5266 3602 5323 decla-

1954 5358 2042 5409 rat
2072 5350 2307 5407 tandem
2337 5366 2435 5404 cas
2467 5366 2529 5405 se
2561 5350 2867 5406 restituere
2913 5351 3090 5408 simul
3128 5370 3275 5431 .cum
3326 5356 3602 5412 omnibus

1953 5441 2136 5507 silvis,
2169 5436 2344 5503 villis,
2394 5442 2527 5505 ete.,
2569 5439 2639 5494 ad
2689 5455 2788 5495 eas
2840 5441 3289 5513 pertinentibus.
3341 5444 3605 5500 Subscri-

1955 5547 2122 5605 psere
2152 5528 2303 5593 Otto,
2339 5525 2658 5583 Rainaldus
2686 5530 2816 5600 ejus
2864 5528 3045 5598 filius,
3075 5530 3227 5601 Otto,
3275 5532 3606 5590 Gauslenus

1957 5620 2289 5693 episcopus,
2321 5620 2377 5670 et
2406 5615 2718 5673 Adselinus
2763 5618 2964 5676 abbas.
2998 5622 3208 5678 Actum
3251 5621 3488 5689 Ledoni,
3521 5637 3606 5677 rer-
