4020 6180
473 288 586 352 851

472 431 688 502 gnante
719 428 965 488 Rodulfo
1008 445 1160 503 rege.
1194 430 1260 486 In
1302 429 1482 486 altero
1513 429 1692 504 hujus
1737 431 1949 488 chartae
1981 447 2118 504 apo-
2148 431 2202 499 Α

485 517 715 591 grapho
744 519 996 576 habetur
1017 524 1074 576 et
1096 519 1789 577 aliusOttonis-Willelmi
1820 521 2000 591 ﬁlius,
2035 538 2130 576 no-

479 607 638 664 mine
665 609 868 678 Wido;
903 614 962 666 et
989 611 1114 682 ipse
1135 610 1264 666 Otto
1295 610 1611 666 Henricum
1644 611 1993 684 Burgundiae
2020 611 2129 666 du-

481 713 608 754 cem
639 697 930 754 seniorem
970 717 1147 756 suum
1187 699 1460 772 appellat,
1493 699 1794 772 multaque
1825 699 2134 774 subjungit

470 787 698 843 atrocia
727 786 1039 844 maledicta
1064 788 1124 844 in
1151 789 1243 845 sui
1285 789 1550 845 beneﬁcii
1583 788 1911 856 violatores,
1945 787 1994 844 si
2025 789 2130 844 ali-

477 875 716 949 quando
751 876 994 944 fuerint;
1029 894 1144 950 quo
1191 893 1262 933 ex
1307 877 1433 934 loco
1465 878 1728 934 chartam
1778 878 1930 934 hanc
1978 877 2132 934 ultra

479 981 703 1022 annum
755 967 916 1032 1001,
946 983 1062 1039 quo
1117 966 1401 1022 Henricus
1449 967 1800 1040 Bnrgundiaa
1849 967 1967 1022 dux
2014 967 2131 1023 fato

479 1053 716 1110 functus
744 1056 854 1122 est,
887 1055 1108 1111 differri
1138 1072 1254 1110 non
1286 1071 1458 1128 posse
1487 1055 1894 1129 intelligimus.

547 1146 640 1200 56.
673 1144 810 1201 Post
839 1144 1069 1203 Rodulﬁ
1096 1145 1249 1218 regis
1275 1145 1520 1213 obitum,
1544 1145 1958 1219 Ermengardis
1987 1147 2135 1219 regi-

481 1251 576 1301 na,
599 1235 728 1304 ejus
750 1232 970 1302 relicta,
993 1233 1346 1290 monasterio
1366 1232 1755 1303 Cluniacensi,
1779 1236 1892 1304 ubi,
1917 1235 2132 1308 inquit,

478 1327 679 1396 malest
707 1323 936 1380 domnus
969 1322 1124 1379 Odilo
1153 1323 1338 1389 abbas,
1363 1323 1599 1378 donavit
1635 1340 1738 1396 per
1787 1325 2131 1380 advocatum

480 1430 680 1483 suum,
721 1413 959 1468 nomine
1006 1413 1354 1480 IIubertum,
1385 1413 1535 1468 duos
1584 1429 1824 1469 mansos
1870 1413 1928 1468 in
1983 1431 2131 1486 pago

480 1501 800 1559 Genevensi
835 1519 848 1558 :
885 1519 1068 1558 unum
1121 1502 1179 1556 in
1229 1501 1367 1556 villa
1414 1500 1748 1574 Silvigiaco,
1775 1501 2025 1558 alterum
2071 1503 2131 1558 in

479 1591 618 1647 villa
667 1590 984 1657 Cicuilatis,
1023 1607 1158 1646 cum
1219 1591 1494 1646 omnibus
1549 1591 1622 1648 ad
1681 1607 1781 1648 eos
1837 1592 2132 1662 pertinen-

480 1681 643 1737 tibus
699 1679 874 1750 casis,
930 1679 1244 1744 casalibus,
1291 1679 1498 1735 vineis.
1560 1679 1761 1752 pratis,
1813 1684 1920 1736 etc.
1963 1679 2132 1736 Caret

481 1769 638 1826 data.

550 1861 640 1916 57.
693 1861 860 1915 Anno
905 1859 1042 1915 1036
1105 1856 1435 1914 Willelmus
1483 1857 1890 1915 nobilissimus
1938 1874 2131 1914 comes

481 1949 858 2022 (Provinciae),
891 1951 950 2006 et
989 1949 1119 2020 ejus
1171 1964 1315 2004 uxor
1362 1947 1557 2015 Lucia,
1591 1947 1971 2004 reddiderunt
1999 1948 2130 2004 Clu-

480 2039 738 2097 niacensi
780 2036 1155 2104 monasterio,
1188 2038 1288 2092 ubi
1323 2045 1542 2109 pravast,
1577 2037 1872 2108 inquiunt,
1903 2037 2132 2094 dom-nus

481 2129 637 2186 Odilo
691 2129 878 2194 abbas,
939 2127 1338 2182 haereditatcm
1395 2125 1581 2181 sancti
1639 2125 1854 2194 Maioli,
1907 2126 2132 2182 scilicet

479 2216 768 2272 Diliadam
800 2221 858 2272 et
884 2216 1118 2287 Septem
1150 2214 1362 2270 Fontes
1390 2211 1452 2267 in
1485 2212 1825 2286 episcopatu
1858 2214 2126 2290 Itegensi.

478 2311 688 2365 Actum
721 2305 876 2378 apud
908 2300 1368 2359 Podiiodolinem
1414 2303 1860 2369 monasterium,
1892 2303 2035 2360 feria
2064 2323 2124 2376 ii,

373 2425 385 2430 ε
481 2414 635 2454 anno
694 2391 1116 2450 incarnationis
1175 2390 1334 2455 1036,
1379 2387 1698 2445 indictione
1745 2407 1799 2458 v,
1851 2393 2130 2451 Chunone

480 2487 834 2559 imperatore
881 2482 1162 2553 regnante
1209 2493 1362 2533 anno
1411 2477 1656 2534 decimo.
1688 2479 1884 2536 Altera
1929 2481 2130 2540 charta

455 2577 554 2632 .de
584 2573 786 2631 eadem
817 2587 879 2628 re
909 2569 992 2626 sic
1041 2567 1218 2624 habet
1250 2583 1264 2622 :
1293 2573 1408 2624 Duo
1452 2568 1656 2637 fratres
1701 2570 2013 2630 Provmciw
2039 2589 2128 2629 co-

477 2667 667 2730 mites,
737 2659 1038 2733 Gaufredus
1103 2665 1263 2728 atque
1327 2659 1729 2722 Bertrannus,.
1763 2663 2128 2731 wcrpiverunt

479 2759 590 2812 Deo
647 2751 700 2810 et
749 2757 936 2808 sancto
982 2750 1144 2804 Petro
1199 2745 1506 2810 Clunicnsz',
1539 2745 1600 2800 in
1653 2762 1825 2802 mnu
1881 2750 2128 2809 Odilonz's

477 2844 722 2908 abbatis,
778 2838 1058 2896 Diliadam
1109 2851 1160 2892 ei
1214 2835 1657 2906 Septem-Fontes.
1711 2836 1912 2894 Testes
1967 2839 2129 2897 fuere

480 2929 863 2990 Raimbaldus
911 2923 1405 2996 archiepiscopus,
1461 2922 1736 2980 Feraldus
1795 2927 2126 3001 episcopus,

467 3022 683 3078 Petrus
713 3017 1023 3092 episcopus
1071 3010 1508 3080 Sextericensis,
1549 3012 1768 3068 Franco
1795 3015 2124 3088 episcopus,

472 3117 535 3169 et
555 3109 655 3168 alii
676 3107 847 3165 multi
881 3103 1106 3161 nobiles
1133 3101 1262 3156 viri.
1291 3101 1354 3156 In
1384 3098 1568 3156 altero
1595 3103 1954 3174 apographo,
1975 3107 2128 3163 inter

465 3167 788 3258 Feraldum
809 3200 866 3251 et
885 3196 1118 3250 Petrum
1141 3189 1619 3257 Sextericensem,
1635 3167 1954 3248 subscribit
1972 3194 2125 3252 alius
2156 3167 2199 3235 α

471 3273 619 3346 item
650 3289 858 3344 Petrus
885 3283 1216 3355 episcopus,
1237 3279 1408 3349 cujus
1427 3278 1595 3334 sedes
1617 3295 1732 3334 non
1753 3280 2124 3354 designatur;

477 3383 536 3434 et
565 3377 767 3432 charta
787 3373 926 3427 data
943 3369 1159 3426 dicitur
1186 3367 1339 3440 apud
1362 3364 1698 3422 Serrianum
1725 3367 1958 3439 Villam,
1984 3372 2128 3429 feria

471 3485 509 3524 v
535 3460 910 3521 Ascensionis
942 3455 1172 3514 Domini
1206 3460 1486 3528 regnante
1514 3455 1747 3512 Conone
1778 3457 2126 3530 imperatore

472 3571 629 3612 anno
658 3571 712 3608 x.
749 3551 922 3606 Porro
970 3547 1125 3602 Cone
1173 3561 1276 3600 seu
1329 3543 1555 3611 Chuno,
1587 3543 1646 3600 in
1699 3547 1828 3602 istis
1875 3547 2122 3623 aliisque

462 3640 762 3717 ejusmodi
795 3631 1026 3694 chartis
1060 3636 1440 3698 memoratus,
1473 3638 1562 3688 est
1606 3633 1908 3692 Conradus
1938 3639 2120 3712 impe-

357 3765 360 3774 -
471 3735 650 3798 rator,
683 3728 1065 3801 cognomento
1095 3721 1342 3789 Salicus,
1366 3738 1543 3793 quem
1594 3723 1876 3780 Rodull’us
1907 3728 2122 3785 Trans-

462 3823 690 3894 jurame
713 3814 1060 3884 Burgundiaa
1085 3810 1246 3885 regni
1269 3810 1554 3866 hazredem
1588 3809 1861 3870 instituit.
1883 3817 2118 3873 Annum

468 3912 609 3967 1037
640 3906 873 3980 prestert
918 3903 1101 3959 altera
1137 3900 1360 3968 charta,
1393 3917 1546 3956 anno
1594 3901 1732 3956 item
1777 3919 1812 3957 χ
1860 3903 2119 3964 Cononis

465 3993 837 4070 imperatoris
865 3993 1020 4057 data,
1053 3989 1370 4045 indictione
1417 4005 1471 4056 ν,
1523 3989 1779 4045 secundo
1828 3991 2115 4052 Kalendas

462 4083 826 4144 Novembris.
863 4084 924 4138 ln
953 4097 1022 4137 ea
1049 4077 1289 4134 Pontius
1329 4083 1711 4149 cognomento
1741 4077 2111 4150 Valnerudis,

461 4181 522 4234 et
577 4177 756 4231 frater
811 4173 942 4244 ejus
997 4172 1353 4242 Armannus,
1397 4182 1462 4221 ac
1519 4165 1850 4238 Rostagnus
1905 4186 2114 4227 conso-

459 4265 670 4320 brinus
725 4277 951 4327 eorum,
1003 4257 1148 4312 dant
1191 4251 1545 4310 monasterio
1593 4254 1981 4327 Cluniacensi,
2013 4263 2114 4318 ubi

453 4361 654 4426 praeest
698 4350 854 4408 Odilo
911 4347 1096 4412 abbas,
1133 4343 1504 4398 medietatem
1561 4349 1764 4400 eorum
1821 4363 1948 4418 quae
2007 4349 2108 4406 ha-

457 4443 598 4516 bent
626 4441 685 4496 in
716 4437 854 4495 villa
881 4431 1362 4498 Salabaldemari,
1393 4431 1454 4486 in
1499 4447 1646 4503 pago
1679 4437 1736 4488 et
1772 4433 2108 4509 episcopatu

459 4529 675 4586 Diensi.
935 4563 944 4572 -

525 4620 616 4674 58.
648 4619 814 4672 Anno
872 4615 1032 4678 1037,
1067 4608 1516 4668 Archimbaldus
1573 4609 1891 4668 vicecomes
1945 4614 2107 4671 dedit

451 4708 670 4763 domno
700 4701 934 4762 Odiloni
977 4700 1174 4757 abbati
1215 4697 1520 4756 ecclesiam
1571 4699 1758 4754 sancti
1807 4701 2103 4760 Laurentii

451 4813 585 4852 cum
626 4793 902 4852 omnibus
949 4787 1323 4864 appenditiis,
1356 4787 1416 4842 in
1466 4803 1614 4858 pago
1664 4787 2100 4849 Matisconensi.

447 4885 618 4942 Dedit
646 4899 882 4959 quoque
915 4882 973 4937 in
1006 4880 1220 4953 pignus
1250 4877 1456 4932 silvam
1493 4873 2012 4935 Planacassaneam
2045 4887 2102 4938 et

448 4992 722 5031 mansum
755 4975 814 5029 in
845 4969 985 5027 villa
1009 4970 1301 5040 Vigoseto,
1325 4967 1508 5020 donec
1539 4982 1804 5020 reversus
1836 4968 2100 5026 fueritex

445 5063 794 5119 Jerusalem.
827 5061 961 5117 Post
1003 5058 1256 5114 reditum
1289 5054 1450 5110 dedit
1495 5057 1550 5108 et
1599 5054 1966 5112 conﬁrmavit
1995 5059 2096 5114 do-

448 5131 747 5206 nationem
791 5150 972 5205 curtis
1003 5142 1462 5210 Mommalardis,
1487 5159 1664 5212 quam
1717 5142 1880 5214 Hngo
1911 5144 2098 5218 ipsius

447 5255 594 5294 avus
615 5246 672 5293 et
693 5237 966 5293 Artaldus
984 5237 1112 5306 ejus
1142 5238 1306 5307 pater
1335 5233 1590 5288 fecerant
1610 5228 1904 5298 Cluniaco,
1927 5236 2097 5291 modo

441 5331 640 5383 tamen
673 5327 799 5398 ipse
828 5326 1050 5396 absque
1098 5323 1323 5379 hacrede
1363 5319 1666 5376 moriatur.
1697 5321 1906 5375 Actum
1939 5326 2095 5395 apud

441 5415 810 5482 Cluniacum,
852 5430 1006 5468 anno
1056 5413 1212 5479 1037,
1265 5409 1580 5466 indictione
1609 5425 1662 5474 ν,
1713 5408 1958 5466 Henrico
2006 5430 2095 5468 re-

441 5512 676 5580 gnante.
703 5502 1016 5560 Walterius
1041 5501 1348 5572 episcopus
1377 5503 1437 5554 et
1460 5497 1558 5554 alii
1591 5497 2092 5569 subscripserunt.

440 5594 602 5652 Idem
633 5589 1088 5650 Archimbaldus
1119 5589 1350 5644 biennio
1381 5592 1580 5659 postea
1612 5585 1670 5640 in
1702 5584 1947 5644 ecclesia
1967 5608 2094 5646 san-

2141 4535 2185 4599 ll

1391 297 1456 358 S.
1502 296 1862 360 ODILONIS
1906 296 2470 384 CLUNIACENSIS
2517 299 2850 363 ABBATIS
2895 298 2969 363 V.

2159 1802 2207 1867 Β

2232 429 2307 488 cti
2341 431 2635 489 Laurentii
2667 433 2987 492 monachos
3017 431 3290 505 instituit,
3321 439 3385 492 ut
3421 452 3518 494 suo
3543 435 3654 496 loco
3675 439 3796 500 diee-

2240 536 2392 576 mus.
2426 521 2568 593 Ejus
2596 537 2728 578 vero
2778 540 2942 590 uxor,
2970 523 3207 580 nomine
3242 524 3474 592 Beatrix,
3499 531 3615 598 post
3652 528 3802 602 ipsius

2238 610 2460 666 obitum
2493 610 2998 681 Cluniacensibus,
3023 613 3238 685 quibus
3267 617 3388 670 tum
3415 614 3564 672 Odilo
3591 626 3802 689 praerat,

2239 699 2402 755 dedit
2430 717 2707 756 mansum
2738 719 2921 756 unum
2953 701 3013 757 in
3045 701 3170 758 loco
3197 703 3295 774 qui
3323 703 3523 759 dicitur
3548 705 3806 774 Salsetum,

2238 785 2300 842 in
2331 805 2479 862 pago
2510 789 2909 862 Lugdunensi.
2942 790 3154 847 Charta
3182 791 3318 848 data
3346 796 3431 848 est
3457 793 3595 864 apud
3623 794 3810 853 Clunia-

2239 892 2374 932 cum
2426 894 2628 934 mense
2675 878 2850 948 Maio,
2883 885 3161 952 regnante
3205 879 3444 938 Domino
3487 886 3666 939 nostro
3701 885 3810 941 Jesu

2239 965 2490 1022 Christo.

2308 1054 2398 1108 59.
2429 1056 2596 1111 Anno
2646 1057 2784 1112 1038
2839 1057 2978 1112 data
3032 1055 3247 1114 dicitur
3297 1058 3492 1116 charta
3543 1059 3812 1119 donationis

2239 1141 2467 1198 Odiloni
2499 1144 2660 1199 factae
2703 1144 2878 1202 unius
2921 1145 3167 1214 curtilis,
3199 1153 3258 1202 et
3285 1147 3459 1202 trium
3508 1165 3740 1205 raxarum
3764 1151 3814 1207 de

2238 1231 2408 1287 vinea
2437 1231 2496 1287 in
2528 1249 2677 1306 pago
2721 1234 3156 1306 Matisconensi,
3185 1234 3246 1292 iu
3275 1237 3410 1291 vina
3455 1236 3748 1306 Manisiaco,
3772 1240 3814 1294 in

2239 1337 2376 1393 agro
2427 1321 2660 1394 Itgiaco,
2693 1339 2756 1378 III
2809 1323 2944 1379 Idus
2989 1323 3276 1392 Januarii,
3328 1323 3817 1399 indictionev(que

2239 1426 2372 1465 cum
2403 1427 2555 1466 anno
2586 1410 2921 1484 supradicto
2950 1429 3066 1468 non
3097 1413 3451 1482 concordat),
3481 1414 3614 1470 feria
3639 1423 3816 1487 quarta,

2239 1505 2519 1571 regnante
2559 1501 2810 1558 Chonone
2857 1500 3228 1574 imperatore.
3263 1506 3561 1570 Ceterum,
3592 1520 3707 1560 cum
3743 1505 3820 1561 hoc

2237 1587 2366 1660 ipso
2405 1606 2558 1646 anno
2603 1589 2906 1646 Conradus
2956 1590 3276 1664 imperator
3303 1589 3422 1647 ﬁlio
3479 1609 3579 1648 suo
3630 1593 3820 1649 Henrico

2239 1675 2589 1750 Burgundim
2621 1695 2867 1752 regnum
2889 1678 3198 1748 dimiserit,
3223 1679 3340 1735 huc
3367 1696 3685 1738 revocamus
3700 1681 3822 1738 char-

2237 1769 2358 1823 tam
2391 1784 2525 1838 qua,
2559 1768 2762 1825 eodem
2815 1768 3159 1848 Chunrado'
3187 1769 3536 1842 imperatore
3584 1775 3820 1842 regnante,

2238 1853 2482 1912 Odilone
2511 1857 2742 1925 abbate,
2771 1862 2828 1913 et
2875 1857 3174 1914 Leutfrido
3204 1858 3440 1928 comite,
3483 1857 3763 1916 Richuinus
3783 1864 3825 1916 et

2239 1961 2384 2000 uxor
2411 1946 2540 2017 ejus
2572 1947 2832 2002 Lanzede
2853 1947 3141 2002 dederunt
3167 1947 3476 2004 monachis
3504 1946 3827 2003 Cluniacensi-

2237 2033 2350 2090 bus
2383 2034 2442 2090 in
2473 2053 2621 2108 pago
2651 2040 2708 2092 et
2736 2035 3075 2108 episcopatu
3106 2037 3382 2093 Santensi
3414 2041 3669 2110 quartam
3691 2035 3826 2093 cccle-

2239 2123 2337 2178 siae
2368 2123 2441 2178 de
2469 2124 2808 2180 Dombasila
2835 2129 2891 2181 et
2919 2123 3175 2181 ecclesia:
3204 2125 3276 2181 de
3313 2125 3634 2199 Gingivilla.

2307 2214 2396 2269 60.
2420 2214 2586 2290 Anno
2609 2231 2707 2270 V111
2741 2213 2968 2270 Henrici
3003 2214 3364 2270 Francorum
3397 2214 3566 2288 regis,
3587 2214 3692 2288 qui,
3719 2214 3758 2271 si
3780 2214 3830 2270 de

2238 2303 2580 2358 monarchia
2600 2301 2981 2376 intelligatur,
3005 2309 3093 2360 est
3115 2320 3316 2360 annus
3342 2305 3482 2360 1038
3501 2309 3598 2360 aut
3615 2321 3829 2375 sequens,

2237 2389 2403 2464 Hugo
2430 2389 2962 2448 Antissiodorensis
2999 2393 3318 2464 episcopus
3349 2392 3510 2449 dedit
3533 2391 3736 2449 Odiloni
3757 2391 3830 2446 ab-

2237 2479 2357 2535 bati
2391 2479 2705 2536 Ecclesiam
2738 2480 2924 2537 sancti
2955 2479 3140 2554 Cyrici
3172 2498 3360 2553 super
3387 2483 3831 2549 Graonnam,cum

2237 2572 2522 2640 potestate
2552 2575 2610 2626 et
2633 2570 2844 2626 foreste
2865 2569 2938 2624 ad
2959 2586 3086 2625 eam
3109 2571 3468 2642 pertinente.
3489 2567 3831 2642 Subscripsere

2238 2657 2528 2714 Robertus
2555 2659 2673 2714 dux
2704 2665 2763 2714 et
2803 2659 3060 2716 Joannes
3109 2661 3319 2716 abbas.
3353 2663 3560 2717 Actum
3603 2657 3833 2716 Autissio-

2237 2746 2386 2812 dori,
2419 2747 2673 2803 dictante
2702 2746 2987 2804 Jotsaldo.

2305 2836 2398 2890 61.
2420 2837 2586 2892 Anno
2626 2835 2786 2906 1039,
2817 2836 2953 2890 data
2982 2835 3092 2891 fuit
3120 2839 3490 2894 monasterio
3535 2834 3836 2894 Cluniacensi

2235 2923 2478 2980 ecclesia
2511 2929 2726 2980 sanctae
2768 2925 2961 2980 Mariae
2996 2942 3131 2981 cum
3162 2925 3442 2995 decimis,
3484 2927 3662 2993 terris,
3696 2925 3836 2990 silvis,

2235 3017 2370 3080 etc.,
2394 3014 2452 3068 in
2483 3011 2619 3068 villa
2649 3013 2922 3085 Silviago,
2945 3013 3003 3068 in
3031 3031 3180 3088 pago
3207 3013 3580 3072 Geneviensi.
3603 3017 3665 3072 Et
3689 3031 3838 3070 mona—
3948 3011 3949 3082 ἕ

2235 3101 2328 3156 chi
2358 3101 2614 3158 investiti
2646 3101 2883 3157 fuerunt
2905 3119 3008 3173 per
3027 3103 3227 3159 funem
3258 3105 3426 3180 signi
3457 3104 3711 3161 ecclesiae.
3730 3103 3836 3158 Data

2235 3198 2326 3248 est
2356 3209 2509 3264 anno
2559 3190 2978 3246 incarnationis
3010 3193 3166 3264 1039,
3195 3192 3442 3250 Henrici
3489 3195 3633 3268 regis
3675 3191 3834 3266 primo.

2233 3281 2340 3347 Qui
2373 3281 2610 3352 quidem
2641 3280 2920 3336 llenricus
2948 3279 3074 3352 ipse
3108 3285 3199 3337 est
3227 3281 3488 3340 (kmradi
3517 3283 3682 3350 ﬁlius,
3703 3280 3836 3354 Niger
3948 3289 3949 3344 ξ

2233 3370 2448 3437 dictus,
2472 3369 2570 3442 qui
2605 3370 2755 3441 patri
2781 3369 2840 3424 in
2872 3368 3116 3441 imperio
3147 3374 3205 3425 et
3233 3369 3303 3426 in
3336 3389 3518 3446 regno
3547 3367 3835 3444 Burgundia

2233 3459 2642 3530 Transjuranas
2671 3457 2974 3514 successit.
3005 3458 3220 3514 Eodem
3267 3477 3436 3517 anno
3470 3463 3624 3517 Lisco
3653 3456 3836 3515 donavit

2231 3547 2460 3603 Odiloni
2497 3547 2693 3602 abbati
2717 3546 3086 3602 Cluniacensi
3115 3552 3232 3604 tres
3259 3549 3628 3606 condaminas
3653 3549 3773 3604 sitas
3794 3544 3838 3600 in
3947 3551 3950 3606 ἐ

2228 3637 2366 3693 villa
2423 3635 2696 3710 Silviago.
2743 3635 2888 3692 Data
2937 3639 3026 3690 est
3081 3653 3234 3693 anno
3287 3639 3519 3694 incarn.
3554 3638 3697 3704 1039,
3723 3632 3834 3690 indi-

2230 3725 2419 3782 ctione
2449 3743 2548 3792 vn,
2581 3729 2863 3798 regnante
2917 3725 3158 3781 Henrico
3221 3744 3382 3800 rege,
3419 3727 3540 3784 ﬁlio
3591 3721 3833 3784 Chuno;.is

2227 3813 2618 3886 imperatoris,
2643 3831 2797 3870 anno
2829 3831 2846 3868 1
2874 3813 3104 3887 imperii
3134 3815 3288 3886 ejus.
3317 3816 3580 3872 Termini
3601 3810 3838 3872 condami-
3948 3875 3949 3884 χ

2228 3921 2434 3959 narum
2483 3902 2542 3957 in
2591 3902 2794 3958 charta
2822 3920 2857 3958 a
2886 3907 3140 3975 quatuor
3194 3906 3393 3962 ventis
3443 3905 3834 3973 describuntur;

2226 4009 2343 4065 qua
2372 3990 2594 4048 scilicet
2626 4007 2761 4047 voce
2791 3995 3020 4048 constat
3061 3991 3328 4065 aliquam
3363 3999 3533 4050 terra;
3563 3993 3833 4072 portionem

2224 4078 2542 4152 designari.
2587 4079 2862 4135 Eamdem
2914 4081 3111 4135 datam
3174 4081 3358 4138 habet
3409 4083 3641 4140 donatio
3681 4075 3834 4138 allodii

2222 4169 2380 4242 quod
2413 4167 2628 4225 dicitur
2659 4168 3014 4234 Germinala,
3039 4170 3096 4224 in
3119 4187 3271 4242 pago
3298 4171 3643 4229 Genevensi.
3663 4168 3835 4226 Eodem
3948 4215 3949 4226 χ

2221 4276 2396 4327 anno,
2425 4256 2732 4314 Dundinus
2760 4258 3089 4328 suscipiens
3141 4261 3566 4318 monachicum
3612 4257 3832 4315 habitum

2217 4353 2318 4405 sub
2347 4365 2541 4404 norma
2567 4349 2752 4402 sancti
2786 4348 2943 4402 ‘Pctri
2989 4345 3304 4404 Cluniensis
3363 4352 3621 4415 canobii,
3643 4351 3700 4402 ut
3740 4347 3835 4416 ipse

2216 4437 2496 4510 loquitur,
2523 4453 2615 4491 res
2646 4452 2784 4491 suas
2815 4436 3170 4492 monasterio
3201 4437 3483 4508 contulit,
3507 4454 3655 4494 anno
3683 4435 3833 4491 incar-

2215 4526 2472 4582 nationis
2513 4525 2669 4589 1039,
2704 4523 3021 4581 indictione
3060 4542 3156 4590 vu,
3182 4525 3428 4583 Henrici
3476 4527 3628 4600 regis
3655 4539 3785 4581 anno
3805 4537 3833 4574 ι.

2218 4616 2374 4672 Idem
2407 4615 2650 4670 fortasse
2676 4612 2802 4685 ipse
2833 4618 2916 4669 est
2950 4613 3283 4680 Dundinus,
3311 4615 3420 4689 qui
3451 4617 3512 4672 in
3538 4615 3705 4671 altero
3730 4625 3834 4682 apo-

2213 4703 2436 4777 grapho
2469 4705 2634 4758 Divus
2661 4700 2896 4769 dicitur,
2921 4703 3020 4758 ubi
3052 4719 3203 4760 anno
3248 4705 3481 4776 pariter
3525 4704 3673 4770 1039,
3693 4707 3744 4757 et
3767 4700 3834 4752 in-

2213 4791 2466 4848 dictione
2489 4809 2582 4857 vu,
2605 4809 2623 4846 ι
2644 4790 2874 4846 Henrici
2899 4791 3286 4863 imperatoris,
3315 4793 3426 4848 lilii
3453 4790 3716 4850 Curionis.
3737 4803 3832 4842 mo-

2213 4881 2439 4938 nachus
2463 4879 2723 4936 Cluniaci
2754 4881 2940 4935 factus
2967 4886 3352 4948 memoratur,
3378 4887 3442 4939 et
3465 4898 3574 4940 sua
3591 4879 3731 4952 apud
3749 4879 3837 4932 Au-

2211 4969 2432 5026 siacum
2466 4968 2664 5024 villam
2696 4969 3061 5024 monasterio
3079 4970 3426 5028 tradidisse.

2315 5063 2368 5114 2.
2402 5060 2570 5114 Anno
2626 5059 2783 5123 1040,
2815 5058 2928 5113 sub
2985 5075 3135 5132 rege.
3178 5058 3547 5116 Francorum
3600 5053 3833 5114 Henrico.

2208 5147 2375 5221 Wigo
2408 5147 2565 5202 ﬁlius
2593 5145 2874 5201 Willelmi
2924 5146 3082 5202 dedit
3128 5146 3362 5203 Odiloni
3395 5146 3593 5203 abbati
3624 5145 3692 5200 de
3727 5140 3833 5195 Clu-

2207 5236 2374 5292 niaco
2404 5233 2679 5290 curtilum
2710 5233 2934 5300 invilla
2978 5234 3262 5303 Berziaco,
3299 5234 3364 5291 in
3399 5252 3551 5308 pago
3595 5231 3830 5290 Matisco-

2207 5325 2394 5381 nensi.
2424 5323 2806 5379 Donationem
2849 5324 3212 5380 conﬁrmavit
3253 5324 3597 5380 Gaufredus
3644 5331 3828 5376 comes.

2205 5414 2418 5470 Eodem
2451 5430 2604 5468 anno
2637 5412 2886 5467 Bernard
2899 5429 2967 5468 us
3008 5413 3320 5486 episcopus
3369 5409 3758 5474 Cadurcensis,
3785 5407 3832 5459 et

2204 5504 2491 5559 Robertus
2544 5500 2732 5572 ipsius
2793 5502 2989 5566 frater,
3034 5503 3322 5558 dederunt
3383 5499 3614 5558 Odiloni
3666 5490 3830 5550 abbati

2202 5591 2508 5648 ecclesiam
2539 5590 2724 5646 sancti
2759 5589 3020 5646 Saturini
3059 5592 3130 5647 de
3175 5591 3538 5648 Carennaco.
3571 5588 3632 5644 In
3677 5583 3830 5642 altero
