4036 6160
232 238 338 307 853

1755 204 2144 327 atomum.

3551 239 3673 303 854

234 375 508 437 chartario
539 371 847 432 habentur
873 372 1002 431 duae
1030 370 1293 447 ejusdem
1329 367 1608 427 Bernardi
1643 366 1881 435 chartae,
1910 364 1966 433 Α
1994 367 2293 442 cappellis
2309 368 2480 442 juxta
2497 369 3221 447 positis,inagroAugusto
3242 366 3677 449 dunensijuxta

235 467 492 527 donantis
520 465 801 522 eamdem
835 462 1140 521 ecclesiam
1173 459 1359 519 sancti
1390 458 1715 524 Saturnini,
1750 473 1886 514 cum

234 558 496 617 omnibus
527 554 727 628 ipsius
760 552 1149 626 pertinentiis,
1182 549 1411 608 Odiloni
1441 548 1639 606 abbati
1657 546 1890 604 Clunia-

234 648 378 706 censi
392 641 1049 707 ordinandam.0uibus
1066 640 1522 712 chartis,praeter
1542 638 1885 703 canonicos,

234 741 341 795 duo
369 736 635 800 abbates,
659 731 999 805 Stephanus
1011 728 1609 794 etAlbertus,subscri
1617 730 1889 803 pserunt;

235 829 327 886 sed
359 828 497 883 sunt
535 823 770 895 absque
817 822 972 876 data.
1025 820 1199 876 Porro
1254 818 1607 885 Bernardus,
1663 817 1726 873 in
1762 817 1890 874 istis

230 915 435 973 chartis
466 914 860 977 memoratus,
894 908 1260 964 desideratur
1282 907 1339 963 in
1364 905 1649 978 catalogis
1671 907 1893 963 Cadur-

229 1004 482 1062 censium
509 1000 949 1073 episcoporum,
984 1001 1109 1054 tum
1142 997 1299 1070 apud
1328 996 1638 1064 Cruccum,
1676 1000 1806 1052 tum
1829 995 1888 1052 in

228 1093 405 1152 Gallia
432 1089 791 1147 christiana.
826 1087 1161 1143 Bernardus
1180 1085 1414 1159 quippe,
1440 1084 1513 1140 ab
1535 1084 1671 1141 istis
1693 1090 1891 1141 aucto-

225 1182 378 1239 ribus
419 1180 810 1242 memoratus,
855 1174 980 1245 jam
1031 1178 1174 1229 tunc
1232 1174 1348 1229 fato
1396 1172 1637 1228 functus
1697 1173 1891 1229 fuerat

219 1288 347 1327 cum
379 1269 508 1325 istae
537 1263 889 1322 donationes
922 1263 1085 1319 facta
1119 1264 1382 1331 fuerunt;
1415 1261 1715 1334 siquidem
1740 1262 1886 1319 Deo-

217 1362 406 1424 datus,
438 1357 563 1413 sive
598 1352 935 1418 Deusdedit,
968 1353 1776 1424 ejussuccessor,ann01028
1799 1353 1886 1407 in-

214 1448 408 1506 terfuit
438 1441 800 1501 dedicationi
830 1440 1092 1498 ecclesia:
1127 1441 1314 1498 sancti
1363 1440 1685 1498 Salvatoris
1728 1442 1882 1514 apud

211 1535 570 1601 Lemovices,
604 1537 662 1589 et
692 1548 844 1587 anno
879 1532 1016 1586 1034
1053 1531 1345 1602 peroravit
1374 1529 1433 1585 in
1460 1530 1687 1603 synodo
1721 1548 1762 1585 11
1791 1535 1886 1585 Le-

209 1625 556 1691 movicensi;
586 1621 687 1695 qui
719 1624 774 1677 et
803 1637 954 1676 anno
988 1620 1232 1677 circiter
1252 1621 1396 1676 5040
1417 1619 1638 1675 obiisse
1664 1619 1885 1675 dicitur

204 1716 359 1790 apud
392 1713 667 1781 laudatos
689 1714 971 1802 auctores.
1098 1795 1110 1802 -
1289 1795 1300 1802 .
1397 1795 1408 1802 -
1460 1797 1475 1802 _
1787 1796 1843 1802 Η
1915 1739 1964 1802 Β

280 1807 363 1861 (.3.
401 1809 574 1858 Anno
608 1815 685 1856 xu
720 1797 947 1855 Henrici
981 1795 1169 1870 regis,
1204 1795 1326 1868 qui,
1360 1795 1409 1851 si
1443 1797 1515 1851 de
1538 1796 1887 1852 monarcbia

204 1893 595 1966 intelligatur,
628 1887 739 1945 erit
770 1883 1205 1942 incarnationis
1238 1886 1396 1951 1042,
1430 1886 1568 1940 data
1611 1886 1723 1940 fuit
1748 1885 1884 1941 Odi-

207 1984 327 2042 loni
359 1979 561 2039 abbati
614 1974 978 2034 Cluniacensi
1038 1973 1270 2047 capella
1315 1978 1530 2029 sancta:
1581 1974 1782 2029 Mariae
1813 1975 1885 2028 de

204 2081 525 2132 Bracmaco
541 2070 597 2124 in
614 2084 762 2140 pago
775 2062 1180 2134 Cabilonensi,
1196 2061 1886 2135 subscripseruntTheo-

203 2164 421 2223 baldus
454 2176 655 2216 comes
686 2160 742 2212 et
773 2152 890 2211 alii.

275 2255 367 2309 04.
403 2252 578 2307 Anno
614 2246 773 2312 1046,
805 2243 966 2316 Hugo
998 2237 1490 2312 archiepiscopus
1519 2238 1890 2313 Chrysopoli-

212 2351 391 2401 tanus
422 2333 795 2395 confirmavit
822 2332 1043 2402 Ilugoni
1062 2330 1283 2386 honesto
1300 2329 1554 2398 religioso
1584 2336 1635 2384 et
1666 2328 1887 2395 clerico,

208 2436 390 2505 atque
446 2424 605 2484 uniri
651 2421 916 2496 permisit
963 2418 1232 2475 ecclesiae
1280 2417 1672 2484 Laudonensi,
1706 2433 1886 2488 quam

208 2504 337 2596 ipse
368 2519 545 2589 Hugo
596 2514 1001 2569 construxerat
1042 2513 1104 2564 et
1150 2505 1558 2596 amplificarat,
1608 2504 1887 2596 ecclesias

210 2594 434 2669 sanctis
470 2602 670 2662 Maria:
702 2602 772 2657 de
802 2600 955 2661 Calx.
989 2594 1185 2655 sancti
1215 2594 1431 2663 Albini,
1486 2594 1674 2651 sancti
1722 2595 1888 2667 Sym-

212 2693 519 2774 phoriani,
555 2709 689 2747 cum
715 2689 990 2745 omnibus
1022 2702 1227 2742 earum
1258 2683 1632 2756 appenditiis.
1674 2685 1885 2739 Actum

216 2773 500 2851 Bisuntii,
534 2778 853 2836 indictione
874 2773 1213 2845 vi,Henrico
1237 2778 1538 2850 regnante,
1558 2790 1711 2828 anno
1726 2774 1884 2828 1046.

205 2877 324 2933 Sed
364 2888 573 2929 annus
595 2884 712 2924 non
742 2865 1055 2921 concordat
1086 2878 1220 2918 cum
1254 2861 1591 2917 Indictione.

276 2967 378 3021 65.
416 2959 669 3017 Pontius
700 2971 896 3011 comes
925 2957 980 3009 et
1000 2950 1510 3008 Rotlandusmiles
1524 2949 1888 3007 donantloco

204 3046 735 3113 Cluniaeensi,ubi
762 3044 990 3099 domnus
1022 3041 1178 3097 Odilo
1197 3047 1392 3113 praeest
1414 3041 1889 3108 abbas,ecclesias

1996 458 2364 515 Borbonium
2410 466 2693 531 castrum,
2747 481 2923 535 quam
2971 462 3276 519 ecclesiam
3307 466 3380 521 ab
3430 465 3678 543 Hugone

1997 548 2221 604 comite
2254 549 2313 604 in
2345 550 2625 608 beneficio
2659 553 2913 609 tenebat.
2947 553 3112 609 Dedit
3139 553 3319 610 etiam
3357 556 3672 617 ecclesiam

1999 638 2194 694 sancti
2222 638 2374 694 Petri
2405 639 2464 695 in
2494 641 2632 697 villa
2646 642 3296 716 Deuma,etcappellam
3316 648 3672 707 sanctiPrae-

1990 727 2140 799 jecti
2174 728 2419 797 ibidem,
2448 734 2505 786 et
2533 731 2841 789 ecclesiam
2877 734 3066 788 sancti
3098 733 3350 790 Baudilii
3400 737 3461 793 in
3496 739 3674 798 Pisti-

1999 818 2244 889 chiano,
2274 821 2382 874 etc.
2419 820 2833 895 Subscripsere
2863 821 3167 878 donationi
3198 823 3365 897 Hugo
3396 844 3597 887 comes
3617 838 3677 889 et

1998 907 2382 964 Theobaldus
2442 926 2658 966 comes.
2721 916 2867 968 Item
2929 911 3256 969 Rotbaldus
3300 902 3570 977 marchio
3616 926 3677 979 et

1998 995 2279 1053 Eimildis
2310 998 2438 1068 ejus
2470 1016 2616 1055 uxor
2647 1000 2931 1068 Cluniaco,
2976 1002 3076 1058 ubi
3121 1010 3196 1059 est
3226 1003 3394 1062 abbas
3443 1009 3678 1067 donmus

2001 1086 2185 1154 Odilo,
2220 1087 2514 1142 donarunt
2544 1093 2808 1146 castrum
2838 1091 3391 1151 Podium-Dolinum
3423 1114 3491 1154 ex
3524 1100 3672 1157 inte-

1999 1193 2128 1249 gro,
2165 1193 2303 1231 cum
2350 1177 2628 1233 omnibus
2677 1180 2802 1235 suis
2853 1180 3230 1253 appenditiis,
3278 1182 3337 1240 in
3387 1189 3672 1247 comitatu

1996 1266 2286 1322 Arausico
2318 1265 2520 1322 situm.
2572 1268 3069 1341 Subscripserunt
3099 1287 3234 1328 cum
3284 1272 3401 1332 illis
3448 1279 3673 1336 Adalax

1998 1354 2331 1421 comitissa,
2365 1359 2421 1410 ct
2455 1355 2611 1413 filius
2641 1358 2769 1429 ejus
2820 1358 3177 1428 \Villelmus,
3229 1362 3563 1440 Rostagnus
3594 1370 3670 1425 de

1996 1446 2247 1513 Sabran,
2283 1443 2613 1503 Willelmus
2642 1448 2989 1516 vicecomes,
3023 1452 3079 1504 et
3101 1449 3222 1506 alii.
3255 1454 3442 1510 'I‘etha
3457 1458 3672 1515 mulier

1998 1534 2359 1590 monasterio
2416 1533 2807 1603 Cluniacensi,
2864 1541 2964 1593 ubi
3001 1549 3220 1609 praewst
3271 1542 3425 1601 Odilo
3475 1547 3666 1615 abbas,

1995 1623 2159 1678 dedit
2192 1624 2537 1679 Durannum
2556 1624 2855 1692 clericum,
2881 1645 3117 1684 servum
3136 1647 3331 1687 suum.
3356 1635 3669 1708 Donationi

1996 1717 2427 1769 consenserunt
2442 1712 2758 1770 Walterius
2774 1717 3167 1788 episcopus,et
3179 1720 3560 1795 Warulfus,ej
3572 1743 3672 1791 us-

1998 1803 2132 1858 dem
2166 1802 2426 1875 episcopi
2460 1804 2656 1859 frater.
2693 1804 2977 1861 Defuncto
3025 1823 3158 1862 vero
3195 1809 3463 1880 Odilone,
3506 1831 3571 1871 ac
3602 1814 3667 1871 in

1997 1892 2127 1962 ejus
2157 1891 2353 1947 locum
2387 1892 2569 1973 electo
2594 1893 2854 1966 Hugone,
2884 1899 3023 1951 tunc
3042 1898 3196 1970 apud
3216 1905 3486 1957 sanctum
3514 1904 3675 1962 Mar-

1997 1982 2102 2038 cell
2114 2000 2146 2037 u
2158 2001 2212 2037 m
2228 1982 2288 2037 in
2302 1984 2334 2037 d
2346 1982 2990 2057 iehusQuadragesima:
3005 1987 3666 2061 residente,pr;cdictam

1997 2072 2379 2137 donationem
2407 2074 2907 2128 conﬁrmaverunt
2936 2074 3116 2131 iidem
3132 2076 3427 2136 Valterius
3452 2084 3508 2136 et
3523 2081 3669 2138 Wa-

1998 2160 2210 2227 rulfus,
2245 2165 2303 2217 et
2332 2160 2485 2216 alius
2521 2159 2858 2228 Walterius,
2891 2163 3156 2234 ejusdem
3187 2165 3433 2222 Warulﬁ
3475 2168 3662 2229 ﬁlius.

1997 2250 2159 2305 Idem
2171 2250 2495 2305 Walterius
2509 2248 2877 2305 confirmavit
2889 2251 3283 2321 donationem,
3304 2273 3338 2310 a
3352 2260 3536 2317 matre
3549 2276 3665 2319 sua

1996 2339 2299 2394 Tescenda
2330 2339 2566 2406 factam,
2600 2339 2670 2393 de
2702 2342 2852 2394 terra
2877 2338 2936 2394 in
2951 2339 3087 2396 villa
3103 2342 3663 2416 Cueles,proanima

1997 2428 2124 2483 Wal
2135 2427 2283 2496 terii,
2301 2428 2497 2483 fratris
2510 2426 2601 2483 sui
2616 2427 2861 2482 Warulﬁ
2879 2428 3002 2485 ﬁlii.
3019 2431 3374 2491 Consensere
3388 2435 3657 2505 ejusdem

1996 2517 2252 2589 episcopi
2288 2522 2530 2590 nepotes
2562 2516 2893 2587 Walterius,
2928 2520 3656 2599 BernardusetOtto,prae—

1997 2610 2163 2661 sente
2194 2607 2436 2678 Hugone
2468 2606 2660 2678 priore
2691 2605 3083 2663 Cluniacensi.
3522 2670 3531 2673 ,

2066 2696 2158 2748 67.
2213 2694 2541 2767 Singularis
2588 2698 2678 2748 est
2723 2695 2995 2767 werpitio
3026 2713 3062 2751 a
3110 2701 3336 2754 Bosone
3385 2700 3538 2763 facta
3579 2705 3653 2767 de
3698 2750 3703 2759 .

1996 2783 2265 2837 comanda
2290 2782 2355 2837 de
2382 2782 2644 2848 Polliaco,
2681 2799 2859 2853 quam
2890 2782 3017 2838 ideo
3048 2783 3164 2840 huc
3204 2782 3652 2848 describendam

1998 2871 2336 2926 curavimus
2365 2888 2433 2926 ex
2461 2871 2797 2942 apographo
2829 2871 3218 2941 Cluniacensi,
3251 2877 3350 2932 ubi
3373 2877 3457 2932 sic
3476 2858 3653 2938 habe-

2000 2965 2098 3015 tur
2127 2960 2350 3031 absque
2382 2958 2502 3014 ulla
2531 2959 2683 3014 data.
2711 2984 2738 3009 ‹‹
2772 2959 2943 3016 Venit
2959 2965 3105 3017 Boso
3135 2965 3207 3019 ad
3227 2965 3527 3036 placitum,
3550 2971 3654 3026 ubi

2000 3066 2134 3104 cum
2163 3047 2405 3103 Ceraldo
2436 3047 2646 3103 comite
2676 3052 2843 3103 erant
2873 3048 3224 3107 nobilissimi
3271 3053 3655 3122 homines,,et

207 3147 445 3201 sanctae
505 3135 704 3194 Maria:
752 3136 809 3189 et
847 3129 1029 3186 sancti
1074 3129 1339 3197 Joannis,
1390 3147 1522 3186 cum
1569 3130 1813 3186 decimis
1837 3139 1890 3186 et
1921 3111 1963 3177 Ο
1992 3137 2216 3209 jnravit
2236 3138 2382 3192 Boso
2404 3136 2512 3191 hoc
2532 3136 3084 3204 sacramentum,ita
3113 3140 3331 3209 dicens,
3348 3160 3524 3199 manu
3540 3162 3653 3203 sua

210 3234 620 3306 presbyterum
650 3231 773 3288 toto,
807 3224 863 3277 et
883 3219 1187 3276 duodecim
1212 3220 1667 3293 sextaradis(sic)
1699 3224 1887 3288 terrea,

216 3324 275 3378 in
309 3321 453 3376 loco
488 3313 593 3388 qui
625 3309 844 3368 dicitur
874 3307 1154 3372 Hcron,in
1190 3308 1642 3381 pagoTrevis,in
1676 3307 1894 3382 episco-

216 3414 371 3484 patu
402 3402 633 3463 Diensi.
669 3400 885 3455 Charta
914 3398 1049 3453 data
1078 3402 1170 3454 est
1207 3415 1352 3454 anno
1381 3417 1416 3453 x
1448 3400 1588 3472 Eyco
1639 3416 1782 3468 rege,
1818 3416 1891 3456 an

219 3497 559 3570 tegendum
592 3491 770 3559 Erice,
804 3504 906 3543 seu
938 3486 1205 3543 Henrico?
1234 3487 1343 3543 Sed
1375 3488 1481 3544 etsi
1512 3487 1741 3560 legatur
1760 3490 1895 3545 [lea-

226 3592 408 3653 ricus,
445 3578 871 3655 inquirendum
901 3580 1168 3650 superest
1186 3595 1259 3633 an
1284 3595 1381 3634 rex
1404 3579 1899 3645 Francorum,aut

232 3676 585 3748 imperator,
619 3667 719 3740 qui
753 3665 1099 3737 Burgundia:
1131 3681 1329 3737 regno,
1361 3669 1426 3721 ut
1447 3666 1574 3738 jam
1617 3666 1895 3737 diximus,

241 3770 391 3819 tunc
420 3760 687 3834 praeerat,
719 3754 816 3810 hic
845 3753 1204 3826 designetur.
1238 3754 1483 3811 Difficile
1506 3759 1593 3811 est
1615 3754 1770 3811 hunc
1802 3774 1900 3813 no-

246 3852 394 3906 dum
417 3850 640 3919 absque
673 3842 1039 3916 autographo
1069 3841 1307 3899 solvere.

322 3941 412 3994 66.
452 3935 555 3992 liis
603 3930 959 4003 subjicimus
1008 3930 1237 4004 aliquot
1284 3932 1516 3989 chartas
1559 3934 1669 3989 sub
1701 3937 1901 3990 sancto

258 4026 497 4082 Odilone
510 4040 617 4079 con
628 4021 829 4087 tectas,
843 4020 941 4075 sed
958 4020 1083 4077 sine
1096 4021 1254 4077 data.
1289 4021 1589 4093 Ejusmodi
1603 4027 1690 4078 est
1703 4023 1905 4079 charta

262 4112 509 4181 Geraldi,
538 4108 723 4185 patris
744 4108 1022 4164 Armanni
1045 4109 1325 4182 episcopi,
1354 4114 1589 4182 utputo,
1613 4110 1905 4167 Vivarien-

266 4202 371 4268 sis,
401 4201 492 4274 qui
524 4216 660 4257 cum
696 4215 873 4253 uxore
895 4197 1659 4255 suaValmodemonasterio
1681 4199 1907 4257 Clunia-

268 4292 441 4355 censi,
475 4292 570 4345 ubi
620 4295 819 4361 praeest
877 4286 1032 4343 Odilo
1072 4288 1257 4357 abbas,
1318 4288 1553 4344 donavit
1599 4288 1905 4346 ecclesiam

270 4379 448 4435 sancti
477 4376 725 4435 Joannis
754 4375 815 4430 in
839 4375 973 4431 villa
999 4375 1308 4444 Meissano,
1325 4376 1383 4432 in
1398 4377 1733 4451 episcopatu
1750 4378 1907 4434 Viva-

2000 3226 2261 3300 propria:
2290 3228 2400 3295 Ego
2430 3227 2583 3290 Bosa,
2617 3242 2714 3281 nec
2740 3243 2890 3283 meus
2919 3228 3236 3298 conductus,
3287 3248 3373 3288 me
3400 3232 3647 3304 jubente,

1999 3317 2174 3383 homo,
2233 3331 2332 3371 nec
2382 3316 2595 3385 femina
2641 3315 2710 3369 (ul
2744 3333 2923 3371 meam
2971 3321 3172 3385 artem,
3214 3335 3313 3376 nec
3340 3322 3411 3376 ad
3466 3340 3651 3383 meum

2002 3405 2308 3473 ingenium,
2341 3404 2402 3457 in
2425 3404 2668 3459 Polliaco
2696 3420 2792 3458 asc
2824 3405 2883 3458 in
2911 3406 3028 3475 ejus
3081 3407 3388 3465 obedientia
3431 3427 3653 3471 coman-

2002 3490 2129 3548 dam
2184 3509 2293 3548 non
2340 3494 2639 3565 requiram,
2695 3494 3041 3564 prensionem
3088 3497 3302 3552 nullam
3359 3500 3659 3569 faciamde

2010 3582 2154 3648 bove,
2184 3597 2367 3649 vacca,
2395 3585 2503 3637 etc.
2541 3582 2602 3636 Et
2634 3584 2684 3637 si
2711 3598 2805 3653 ego
2852 3584 2934 3638 vel
2962 3601 3117 3640 meus
3158 3586 3453 3644 conductus
3501 3590 3658 3649 homo

2008 3668 2089 3724 vel
2116 3668 2325 3738 femina
2353 3668 2601 3740 aliquam
2627 3669 2950 3725 comandam
2979 3673 3063 3726 vel
3086 3674 3435 3744 prensionem
3447 3677 3660 3748 fecerit;

2004 3760 2123 3831 post
2151 3756 2461 3828 quindecim
2493 3757 2608 3812 dies
2634 3766 2917 3830 postquam
2948 3762 3140 3830 sciero,
3173 3763 3256 3819 vel
3285 3763 3355 3818 ad
3392 3767 3665 3825 rationem

2010 3848 2207 3901 missus
2237 3847 2412 3916 fuero,
2440 3862 2541 3916 per
2568 3855 2639 3912 te,
2669 3846 2913 3916 Geralde,
2948 3849 3031 3903 vel
3053 3866 3156 3921 per
3186 3855 3305 3908 tuos
3335 3854 3663 3923 missaticos,

2010 3937 2123 3991 sive
2150 3951 2246 4007 per
2294 3935 2548 3989 abbatem
2602 3936 2698 4005 qui
2740 3934 2896 3990 modo
2926 3941 3023 4004 est,
3086 3941 3170 3994 vel
3211 3955 3314 4010 per
3360 3942 3539 4012 ipsum
3570 3948 3669 4016 qui

2014 4028 2072 4082 in
2102 4032 2266 4079 antea
2293 4024 2418 4087 erit,
2452 4023 2535 4077 vel
2563 4040 2662 4094 per
2689 4025 3013 4079 monachum
3063 4029 3161 4098 qui
3199 4029 3373 4098 ipsam
3410 4030 3665 4088 obedien-

2016 4116 2153 4169 tiam
2179 4112 2437 4176 tcnucrit,
2497 4120 2713 4183 captam
2768 4114 3084 4180 emendabo,
3130 4121 3183 4172 et
3196 4124 3388 4188 postea
3415 4118 3485 4173 ad
3514 4128 3665 4177 tuam

2012 4199 2471 4266 misericordiam,
2506 4200 2747 4266 Geralde,
2782 4204 3018 4270 veniam,
3049 4204 3163 4260 sive
3208 4204 3280 4260 ad
3307 4206 3556 4264 abbatem
3584 4211 3670 4268 vel

2016 4290 2340 4346 monachum
2370 4291 2466 4360 qui
2494 4289 2648 4345 modo
2677 4297 2771 4357 est,
2806 4291 2890 4345 vel
2922 4293 3148 4348 inantea
3176 4295 3300 4351 erit.
3336 4316 3363 4343 ››

2085 4381 2174 4434 68.
2210 4377 2431 4432 Ibidem
2459 4379 2727 4450 sequitur
2748 4377 2967 4445 charta,
2996 4381 3220 4453 absque
3251 4381 3665 4457 ullatemporis

271 4468 463 4524 riensi.
496 4467 873 4523 Harmannus
906 4481 1009 4520 seu
1040 4465 1407 4522 Hermannus
1437 4465 1674 4523 ineunte
1697 4468 1908 4524 saeculo
2019 4473 2156 4525 nota
2186 4467 2454 4524 ltainaldi
2485 4468 2737 4535 comitis,
2763 4467 3058 4540 quidonat
3072 4469 3443 4529 Cluniacensi
3462 4490 3666 4531 mona-

272 4557 575 4614 undecimo
597 4553 994 4610 Vivariensem
1009 4553 1312 4637 ecclesiam
1327 4554 1778 4612 administravit.
1794 4558 1909 4630 Ay-

271 4664 366 4702 mo
379 4642 746 4711 Petrefortis,
769 4644 1092 4700 saecularem
1115 4645 1375 4700 militiam
1386 4661 1597 4714 gerens,
1621 4646 1781 4701 dedit
1800 4663 1910 4701 cce-

272 4736 442 4793 nobio
484 4732 879 4800 Cluniacensi,
921 4733 1014 4788 cui
1036 4737 1235 4804 prwest
1261 4733 1514 4789 dominus
1543 4734 1698 4791 Odilo
1722 4737 1912 4801 abbas,

271 4828 420 4897 gregi
444 4824 790 4898 principans,
819 4820 1017 4876 villam
1041 4820 1213 4877 sitam
1244 4820 1302 4877 in
1326 4839 1474 4896 pago
1498 4822 1917 4897 Gratianopoli-

276 4917 429 4981 tano,
462 4913 521 4968 in
554 4910 835 4967 comitatu
861 4909 1196 4979 Sarohensi,
1229 4912 1321 4967 cui
1355 4929 1568 4967 nomen
1600 4919 1689 4969 est
1718 4913 1916 4970 Mons-

277 5002 627 5069 Ermenoldi,
676 5017 812 5056 cum
865 4998 1139 5056 omnibus
1188 5016 1314 5072 quae
1345 5000 1418 5056 ad
1450 5017 1578 5056 eam
1628 5001 1917 5074 pertinere

279 5090 558 5158 videntur,
592 5088 797 5158 vineis,
828 5089 1029 5161 pratis,
1063 5092 1117 5144 et
1149 5088 1391 5161 campis.
1429 5089 1919 5162 Subscripserunt

282 5178 523 5237 Ubertus
537 5196 733 5235 comes
751 5176 1118 5251 (Sabaudim),
1139 5177 1427 5234 Amedeus
1448 5178 1605 5234 filius
1618 5180 1918 5251 ejus,Bur-

284 5269 508 5340 cardus,
536 5269 663 5325 Odo
692 5271 750 5324 et
779 5267 898 5333 alii,
918 5265 1519 5339 apudGuichenonem
1552 5267 1610 5322 in
1625 5268 1918 5341 probatio-

287 5357 453 5414 nibus
484 5357 746 5414 Historiae
760 5354 1263 5429 Sabaudicaa.pag.
1295 5357 1664 5412 5.Ansedeus
1680 5356 1918 5429 quidam

289 5445 441 5501 dedit
469 5445 823 5503 monasterio
835 5443 1198 5519 Cluniacensi
1221 5444 1524 5501 ecclesiam
1540 5444 1726 5502 sanctl
1740 5446 1919 5501 Naza-

2019 4557 2193 4616 sterio
2227 4556 2440 4612 curtim
2473 4556 2962 4622 Bclmontis,cum
2981 4558 3359 4629 terris,villis,
3381 4566 3667 4636 etappen-

2022 4646 2203 4715 ditiis,
2236 4645 2411 4701 sitam
2446 4645 2503 4700 in
2548 4661 2694 4719 pago
2737 4645 3091 4704 Naverneusi
3141 4649 3475 4723 (legendum
3520 4651 3669 4707 torte

2021 4736 2361 4805 Nivernensi)
2396 4752 2497 4807 pro
2528 4734 2726 4790 anima
2781 4735 2964 4808 patris
2999 4737 3091 4792 sui
3125 4738 3410 4805 Landrici,
3465 4738 3671 4796 matris

2021 4843 2140 4881 suae
2185 4822 2506 4890 Matbildis,
2559 4823 2755 4879 uxoris
2795 4841 2915 4879 sua:
2958 4825 3204 4895 Advisac,
3237 4829 3294 4881 et
3341 4825 3537 4882 fratris
3579 4827 3673 4883 sui

2026 4911 2308 4971 Widonis.
2340 4912 2469 4983 Ipse
2502 4910 2841 4981 Ruinaldus,
2877 4929 3009 4966 cum
3043 4930 3220 4969 uxore
3241 4930 3345 4969 sua
3360 4913 3595 4981 Advisa,
3618 4918 3677 4973 et

2024 5000 2320 5057 Willelmo
2353 5017 2555 5056 eorum
2589 4999 2729 5072 tilio,
2763 5000 3134 5072 subscripsit.
3157 5001 3331 5057 Porro
3354 5003 3675 5061 Landricus

2027 5090 2122 5146 hic
2156 5095 2514 5146 memoratus
2545 5106 2683 5162 erga
2708 5088 3026 5145 monachos
3052 5107 3228 5162 quam
3256 5091 3404 5148 bene
3433 5092 3677 5151 affectus

2026 5180 2223 5248 fuerit,
2255 5178 2449 5251 colligi
2508 5182 2700 5251 potest
2727 5196 2794 5234 ex
2842 5176 2954 5234 alia
2999 5178 3222 5248 charta,
3275 5199 3401 5254 qua:
3452 5182 3678 5240 nullam

2028 5285 2263 5342 quoque
2293 5269 2522 5340 praefert
2553 5267 2831 5338 temporis
2891 5272 3118 5337 notam;
3155 5269 3214 5326 in
3241 5288 3311 5327 ea
3366 5275 3564 5328 autem
3596 5272 3679 5330 sic

2026 5356 2315 5430 loquitur:
2344 5357 2567 5428 Semper
2589 5356 2774 5427 optavi
2802 5358 3082 5413 monachis
3111 5359 3472 5432 tranquillam
3508 5362 3681 5418 vitam

2029 5447 2244 5512 habere,
2276 5453 2329 5501 et
2372 5445 2573 5517 absque
2624 5446 3006 5517 impedimento
3048 5452 3171 5504 vota
3195 5465 3296 5505 sua
3341 5450 3674 5522 persolvere;

290 5532 378 5602 rii,
408 5553 535 5592 cum
568 5534 735 5593 altari
765 5539 823 5591 et
851 5533 1203 5607 appenditiis
1242 5533 1539 5600 omnibus,
1585 5537 1641 5591 et
1672 5538 1922 5605 quatuor
2031 5535 2254 5608 ideoque
2284 5535 2562 5608 querelam
2605 5551 2769 5606 quam
2824 5537 3080 5594 monachi
3138 5539 3525 5596 Cluniacenses
3554 5553 3719 5599 cum;
