  <div class='ocr_page' id='page_1' title='image "/cluster/home/n/w/nwhite01/storage/ocr_20150623/142/hvd.32044054760020/433.png"; bbox 0 0 4020 6180; ppageno 0'>
   <div class='ocr_carea' id='block_1_1' title="bbox 451 211 588 278">
    <p class='ocr_par' dir='ltr' id='par_1_1' title="bbox 451 211 588 278">
     <span class='ocr_line' id='line_1_1' title="bbox 451 211 588 278; baseline 0.073 -10"><span class='ocrx_word' id='word_1_1' title='bbox 451 211 588 278; x_wconf 75' lang='lat'><strong><em>.855</em></strong></span> 
     </span>
    </p>
   </div>
   <div class='ocr_carea' id='block_1_2' title="bbox 1393 210 2973 284">
    <p class='ocr_par' dir='ltr' id='par_1_2' title="bbox 1393 210 2973 284">
     <span class='ocr_line' id='line_1_2' title="bbox 1393 210 2973 284; baseline 0.001 -4"><span class='ocrx_word' id='word_1_2' title='bbox 1393 215 1458 280; x_wconf 90' lang='lat' dir='ltr'><strong><em>S.</em></strong></span> <span class='ocrx_word' id='word_1_3' title='bbox 1505 215 1866 280; x_wconf 87' lang='lat' dir='ltr'><strong><em>ODILONIS</em></strong></span> <span class='ocrx_word' id='word_1_4' title='bbox 1912 210 2471 278; x_wconf 82' lang='lat' dir='ltr'><strong><em>CLUNIAGENSIS</em></strong></span> <span class='ocrx_word' id='word_1_5' title='bbox 2515 216 2848 280; x_wconf 79' lang='lat' dir='ltr'><strong><em>ABBATIS</em></strong></span> <span class='ocrx_word' id='word_1_6' title='bbox 2893 218 2973 284; x_wconf 79' lang='grc' dir='ltr'><strong>ν.</strong></span> 
     </span>
    </p>
   </div>
   <div class='ocr_carea' id='block_1_3' title="bbox 469 345 3784 424">
    <p class='ocr_par' dir='ltr' id='par_1_3' title="bbox 469 345 3784 424">
     <span class='ocr_line' id='line_1_3' title="bbox 469 345 3784 424; baseline 0.001 -16"><span class='ocrx_word' id='word_1_7' title='bbox 469 346 724 408; x_wconf 76' lang='lat' dir='ltr'><strong><em>Adeleide</em></strong></span> <span class='ocrx_word' id='word_1_8' title='bbox 749 345 928 406; x_wconf 80' lang='lat' dir='ltr'><strong><em>nobili</em></strong></span> <span class='ocrx_word' id='word_1_9' title='bbox 952 346 1164 422; x_wconf 79' lang='lat' dir='ltr'><strong><em>femina</em></strong></span> <span class='ocrx_word' id='word_1_10' title='bbox 1192 346 1482 417; x_wconf 80' lang='lat' dir='ltr'><strong><em>habebant,</em></strong></span> <span class='ocrx_word' id='word_1_11' title='bbox 1527 346 1592 405; x_wconf 89' lang='lat' dir='ltr'><strong><em>de</em></strong></span> <span class='ocrx_word' id='word_1_12' title='bbox 1621 356 1766 406; x_wconf 81' lang='lat' dir='ltr'><strong><em>terra</em></strong></span> <span class='ocrx_word' id='word_1_13' title='bbox 1815 365 1980 423; x_wconf 83' lang='lat' dir='ltr'><strong><em>quam</em></strong></span> <span class='ocrx_word' id='word_1_14' title='bbox 2008 348 2124 403; x_wconf 81' lang='lat' dir='ltr'><strong><em>An-</em></strong></span> <span class='ocrx_word' id='word_1_15' title='bbox 2155 346 2208 414; x_wconf 71' lang='grc' dir='ltr'><strong><em>Α,</em></strong></span> <span class='ocrx_word' id='word_1_16' title='bbox 2235 347 2484 418; x_wconf 76' lang='lat' dir='ltr'><strong><em>gratiam</em></strong></span> <span class='ocrx_word' id='word_1_17' title='bbox 2504 357 2622 422; x_wconf 73' lang='grc' dir='ltr'><strong><em>ἰη-ο</em></strong></span> <span class='ocrx_word' id='word_1_18' title='bbox 2655 349 2844 424; x_wconf 84' lang='lat' dir='ltr'><strong><em>gratia</em></strong></span> <span class='ocrx_word' id='word_1_19' title='bbox 2873 348 3153 408; x_wconf 85' lang='lat' dir='ltr'><strong><em>duximus</em></strong></span> <span class='ocrx_word' id='word_1_20' title='bbox 3196 349 3369 409; x_wconf 85' lang='lat' dir='ltr'><strong><em>eidem</em></strong></span> <span class='ocrx_word' id='word_1_21' title='bbox 3398 351 3626 420; x_wconf 76' lang='lat' dir='ltr'><strong><em>reddere,</em></strong></span> <span class='ocrx_word' id='word_1_22' title='bbox 3665 351 3784 414; x_wconf 77' lang='lat' dir='ltr'><strong><em>sicut</em></strong></span> 
     </span>
    </p>
   </div>
   <div class='ocr_carea' id='block_1_4' title="bbox 472 437 2120 510">
    <p class='ocr_par' dir='ltr' id='par_1_4' title="bbox 472 437 2120 510">
     <span class='ocr_line' id='line_1_4' title="bbox 472 437 2120 510; baseline -0.002 -14"><span class='ocrx_word' id='word_1_23' title='bbox 472 439 668 496; x_wconf 83' lang='lat' dir='ltr'><strong><em>telmus</em></strong></span> <span class='ocrx_word' id='word_1_24' title='bbox 722 439 898 510; x_wconf 78' lang='lat' dir='ltr'><strong><em>frater</em></strong></span> <span class='ocrx_word' id='word_1_25' title='bbox 949 439 1066 509; x_wconf 78' lang='lat' dir='ltr'><strong><em>ejus</em></strong></span> <span class='ocrx_word' id='word_1_26' title='bbox 1119 437 1342 494; x_wconf 84' lang='lat' dir='ltr'><strong><em>dederat</em></strong></span> <span class='ocrx_word' id='word_1_27' title='bbox 1393 441 1472 494; x_wconf 87' lang='lat' dir='ltr'><strong><em>eis</em></strong></span> <span class='ocrx_word' id='word_1_28' title='bbox 1503 440 1560 494; x_wconf 87' lang='lat' dir='ltr'><strong><em>in</em></strong></span> <span class='ocrx_word' id='word_1_29' title='bbox 1591 453 1726 510; x_wconf 84' lang='lat' dir='ltr'><strong><em>pago</em></strong></span> <span class='ocrx_word' id='word_1_30' title='bbox 1782 437 2120 510; x_wconf 79' lang='lat' dir='ltr'><strong><em>Augustodu-</em></strong></span> 
     </span>
    </p>
   </div>
   <div class='ocr_carea' id='block_1_5' title="bbox 468 525 2119 600">
    <p class='ocr_par' dir='ltr' id='par_1_5' title="bbox 468 525 2119 600">
     <span class='ocr_line' id='line_1_5' title="bbox 468 525 2119 600; baseline -0.002 -16"><span class='ocrx_word' id='word_1_31' title='bbox 468 529 651 592; x_wconf 85' lang='lat' dir='ltr'><strong><em>nensi,</em></strong></span> <span class='ocrx_word' id='word_1_32' title='bbox 677 528 740 582; x_wconf 84' lang='lat' dir='ltr'><strong><em>in</em></strong></span> <span class='ocrx_word' id='word_1_33' title='bbox 767 527 904 582; x_wconf 75' lang='lat' dir='ltr'><strong><em>villa</em></strong></span> <span class='ocrx_word' id='word_1_34' title='bbox 931 527 1344 594; x_wconf 81' lang='lat' dir='ltr'><strong><em>Fontinetlulas,</em></strong></span> <span class='ocrx_word' id='word_1_35' title='bbox 1375 543 1712 600; x_wconf 79' lang='lat' dir='ltr'><strong><em>componere,</em></strong></span> <span class='ocrx_word' id='word_1_36' title='bbox 1729 525 2119 583; x_wconf 86' lang='lat' dir='ltr'><strong><em>etc.Subscri-</em></strong></span> 
     </span>
    </p>
   </div>
   <div class='ocr_carea' id='block_1_6' title="bbox 470 614 2120 689">
    <p class='ocr_par' dir='ltr' id='par_1_6' title="bbox 470 614 2120 689">
     <span class='ocr_line' id='line_1_6' title="bbox 470 614 2120 689; baseline -0.002 -17"><span class='ocrx_word' id='word_1_37' title='bbox 470 619 714 689; x_wconf 90' lang='lat' dir='ltr'><strong><em>pserunt</em></strong></span> <span class='ocrx_word' id='word_1_38' title='bbox 734 615 1080 683; x_wconf 83' lang='lat' dir='ltr'><strong><em>Rainaldus,</em></strong></span> <span class='ocrx_word' id='word_1_39' title='bbox 1102 615 1374 672; x_wconf 88' lang='lat' dir='ltr'><strong><em>Laudrici</em></strong></span> <span class='ocrx_word' id='word_1_40' title='bbox 1398 615 1629 671; x_wconf 88' lang='lat' dir='ltr'><strong><em>comitis</em></strong></span> <span class='ocrx_word' id='word_1_41' title='bbox 1654 615 1836 680; x_wconf 81' lang='lat' dir='ltr'><strong><em>ﬁlius,</em></strong></span> <span class='ocrx_word' id='word_1_42' title='bbox 1858 614 2120 670; x_wconf 84' lang='lat' dir='ltr'><strong><em>Gauzt‘ri-</em></strong></span> 
     </span>
    </p>
   </div>
   <div class='ocr_carea' id='block_1_7' title="bbox 471 703 2120 776">
    <p class='ocr_par' dir='ltr' id='par_1_7' title="bbox 471 703 2120 776">
     <span class='ocr_line' id='line_1_7' title="bbox 471 703 2120 776; baseline -0.001 -14"><span class='ocrx_word' id='word_1_43' title='bbox 471 705 585 762; x_wconf 88' lang='lat' dir='ltr'><strong><em>dus</em></strong></span> <span class='ocrx_word' id='word_1_44' title='bbox 603 705 690 761; x_wconf 92' lang='lat' dir='ltr'><strong><em>vir</em></strong></span> <span class='ocrx_word' id='word_1_45' title='bbox 709 703 1004 761; x_wconf 84' lang='lat' dir='ltr'><strong><em>Adeleidis</em></strong></span> <span class='ocrx_word' id='word_1_46' title='bbox 1033 707 1092 760; x_wconf 90' lang='lat' dir='ltr'><strong><em>et</em></strong></span> <span class='ocrx_word' id='word_1_47' title='bbox 1120 705 1250 776; x_wconf 82' lang='lat' dir='ltr'><strong><em>ejus</em></strong></span> <span class='ocrx_word' id='word_1_48' title='bbox 1281 703 1385 760; x_wconf 83' lang='lat' dir='ltr'><strong><em>ﬁlii</em></strong></span> <span class='ocrx_word' id='word_1_49' title='bbox 1417 705 1797 772; x_wconf 82' lang='lat' dir='ltr'><strong><em>Gauzl‘rcdus,</em></strong></span> <span class='ocrx_word' id='word_1_50' title='bbox 1832 705 2120 760; x_wconf 80' lang='lat' dir='ltr'><strong><em>Robertus</em></strong></span> 
     </span>
    </p>
   </div>
   <div class='ocr_carea' id='block_1_8' title="bbox 471 792 2114 860">
    <p class='ocr_par' dir='ltr' id='par_1_8' title="bbox 471 792 2114 860">
     <span class='ocr_line' id='line_1_8' title="bbox 471 792 2114 860; baseline -0.003 -9"><span class='ocrx_word' id='word_1_51' title='bbox 471 798 528 852; x_wconf 87' lang='lat' dir='ltr'><strong><em>et</em></strong></span> <span class='ocrx_word' id='word_1_52' title='bbox 547 793 862 850; x_wconf 87' lang='lat' dir='ltr'><strong><em>Walterius</em></strong></span> <span class='ocrx_word' id='word_1_53' title='bbox 879 811 891 860; x_wconf 94' lang='lat'><strong>;</strong></span> <span class='ocrx_word' id='word_1_54' title='bbox 907 792 1265 850; x_wconf 86' lang='lat' dir='ltr'><strong><em>etAdeleidis</em></strong></span> <span class='ocrx_word' id='word_1_55' title='bbox 1290 793 1394 848; x_wconf 81' lang='lat' dir='ltr'><strong><em>filii</em></strong></span> <span class='ocrx_word' id='word_1_56' title='bbox 1413 793 1744 858; x_wconf 87' lang='lat' dir='ltr'><strong><em>Girboldus,</em></strong></span> <span class='ocrx_word' id='word_1_57' title='bbox 1759 793 2114 860; x_wconf 86' lang='lat' dir='ltr'><strong><em>Obtrannus,</em></strong></span> 
     </span>
    </p>
   </div>
   <div class='ocr_carea' id='block_1_9' title="bbox 472 881 1828 955">
    <p class='ocr_par' dir='ltr' id='par_1_9' title="bbox 472 881 1828 955">
     <span class='ocr_line' id='line_1_9' title="bbox 472 881 1828 955; baseline -0.003 -15"><span class='ocrx_word' id='word_1_58' title='bbox 472 883 852 948; x_wconf 83' lang='lat' dir='ltr'><strong><em>Gauzfredus,</em></strong></span> <span class='ocrx_word' id='word_1_59' title='bbox 884 882 1029 955; x_wconf 86' lang='lat' dir='ltr'><strong><em>Ugo,</em></strong></span> <span class='ocrx_word' id='word_1_60' title='bbox 1061 885 1189 937; x_wconf 88' lang='lat' dir='ltr'><strong><em>tum</em></strong></span> <span class='ocrx_word' id='word_1_61' title='bbox 1222 881 1482 938; x_wconf 87' lang='lat' dir='ltr'><strong><em>Hatevvis</em></strong></span> <span class='ocrx_word' id='word_1_62' title='bbox 1513 881 1828 938; x_wconf 86' lang='lat' dir='ltr'><strong><em>comitissa.</em></strong></span> 
     </span>
    </p>
   </div>
   <div class='ocr_carea' id='block_1_10' title="bbox 543 969 2116 1044">
    <p class='ocr_par' dir='ltr' id='par_1_10' title="bbox 543 969 2116 1044">
     <span class='ocr_line' id='line_1_10' title="bbox 543 969 2116 1044; baseline -0.001 -16"><span class='ocrx_word' id='word_1_63' title='bbox 543 971 634 1028; x_wconf 89' lang='lat'><strong><em>69.</em></strong></span> <span class='ocrx_word' id='word_1_64' title='bbox 667 973 968 1028; x_wconf 84' lang='lat' dir='ltr'><strong><em>Habentur</em></strong></span> <span class='ocrx_word' id='word_1_65' title='bbox 1009 969 1069 1026; x_wconf 90' lang='lat' dir='ltr'><strong><em>in</em></strong></span> <span class='ocrx_word' id='word_1_66' title='bbox 1129 969 1420 1027; x_wconf 77' lang='lat' dir='ltr'><strong><em>chartario</em></strong></span> <span class='ocrx_word' id='word_1_67' title='bbox 1477 970 1908 1039; x_wconf 81' lang='lat' dir='ltr'><strong><em>Cclsiniacensi,</em></strong></span> <span class='ocrx_word' id='word_1_68' title='bbox 1961 972 2116 1044; x_wconf 89' lang='lat' dir='ltr'><strong><em>quod</em></strong></span> 
     </span>
    </p>
   </div>
   <div class='ocr_carea' id='block_1_11' title="bbox 475 1059 2120 1136">
    <p class='ocr_par' dir='ltr' id='par_1_11' title="bbox 475 1059 2120 1136">
     <span class='ocr_line' id='line_1_11' title="bbox 475 1059 2120 1136; baseline -0.002 -18"><span class='ocrx_word' id='word_1_69' title='bbox 475 1079 592 1136; x_wconf 63' lang='lat' dir='ltr'><strong><em>prae</em></strong></span> <span class='ocrx_word' id='word_1_70' title='bbox 624 1061 900 1117; x_wconf 89' lang='lat' dir='ltr'><strong><em>manibus</em></strong></span> <span class='ocrx_word' id='word_1_71' title='bbox 929 1060 1268 1128; x_wconf 81' lang='lat' dir='ltr'><strong><em>habuimus,</em></strong></span> <span class='ocrx_word' id='word_1_72' title='bbox 1311 1059 1638 1132; x_wconf 83' lang='lat' dir='ltr'><strong><em>complures</em></strong></span> <span class='ocrx_word' id='word_1_73' title='bbox 1683 1061 1898 1116; x_wconf 66' lang='lat' dir='ltr'><strong><em>chartae</em></strong></span> <span class='ocrx_word' id='word_1_74' title='bbox 1945 1061 2120 1116; x_wconf 91' lang='lat' dir='ltr'><strong><em>dona-</em></strong></span> 
     </span>
    </p>
   </div>
   <div class='ocr_carea' id='block_1_12' title="bbox 475 1148 2120 1221">
    <p class='ocr_par' dir='ltr' id='par_1_12' title="bbox 475 1148 2120 1221">
     <span class='ocr_line' id='line_1_12' title="bbox 475 1148 2120 1221; baseline -0.002 -13"><span class='ocrx_word' id='word_1_75' title='bbox 475 1151 704 1208; x_wconf 83' lang='lat' dir='ltr'><strong><em>tionum</em></strong></span> <span class='ocrx_word' id='word_1_76' title='bbox 755 1151 865 1205; x_wconf 87' lang='lat' dir='ltr'><strong><em>sub</em></strong></span> <span class='ocrx_word' id='word_1_77' title='bbox 915 1149 1066 1206; x_wconf 90' lang='lat' dir='ltr'><strong><em>beati</em></strong></span> <span class='ocrx_word' id='word_1_78' title='bbox 1117 1148 1381 1204; x_wconf 85' lang='lat' dir='ltr'><strong><em>0dilonis</em></strong></span> <span class='ocrx_word' id='word_1_79' title='bbox 1428 1149 1710 1221; x_wconf 80' lang='lat' dir='ltr'><strong><em>regimine</em></strong></span> <span class='ocrx_word' id='word_1_80' title='bbox 1759 1151 1945 1205; x_wconf 87' lang='lat' dir='ltr'><strong><em>eidem</em></strong></span> <span class='ocrx_word' id='word_1_81' title='bbox 1995 1150 2120 1206; x_wconf 90' lang='lat' dir='ltr'><strong><em>loco</em></strong></span> 
     </span>
    </p>
   </div>
   <div class='ocr_carea' id='block_1_13' title="bbox 477 1237 2118 1312">
    <p class='ocr_par' dir='ltr' id='par_1_13' title="bbox 477 1237 2118 1312">
     <span class='ocr_line' id='line_1_13' title="bbox 477 1237 2118 1312; baseline -0.001 -16"><span class='ocrx_word' id='word_1_82' title='bbox 477 1240 786 1307; x_wconf 83' lang='lat' dir='ltr'><strong><em>factarum,</em></strong></span> <span class='ocrx_word' id='word_1_83' title='bbox 816 1240 917 1296; x_wconf 88' lang='lat' dir='ltr'><strong><em>sed</em></strong></span> <span class='ocrx_word' id='word_1_84' title='bbox 951 1239 1008 1294; x_wconf 92' lang='lat' dir='ltr'><strong><em>in</em></strong></span> <span class='ocrx_word' id='word_1_85' title='bbox 1043 1237 1258 1312; x_wconf 84' lang='lat' dir='ltr'><strong><em>quibus</em></strong></span> <span class='ocrx_word' id='word_1_86' title='bbox 1291 1237 1452 1294; x_wconf 88' lang='lat' dir='ltr'><strong><em>nulla</em></strong></span> <span class='ocrx_word' id='word_1_87' title='bbox 1501 1238 1618 1294; x_wconf 84' lang='lat' dir='ltr'><strong><em>fere</em></strong></span> <span class='ocrx_word' id='word_1_88' title='bbox 1661 1239 1910 1296; x_wconf 86' lang='lat' dir='ltr'><strong><em>occurrit</em></strong></span> <span class='ocrx_word' id='word_1_89' title='bbox 1953 1241 2118 1307; x_wconf 88' lang='lat' dir='ltr'><strong><em>data;</em></strong></span> 
     </span>
    </p>
   </div>
   <div class='ocr_carea' id='block_1_14' title="bbox 475 1325 2122 1400">
    <p class='ocr_par' dir='ltr' id='par_1_14' title="bbox 475 1325 2122 1400">
     <span class='ocr_line' id='line_1_14' title="bbox 475 1325 2122 1400; baseline 0 -16"><span class='ocrx_word' id='word_1_90' title='bbox 475 1327 771 1386; x_wconf 67' lang='lat' dir='ltr'><strong><em>nonnullae</em></strong></span> <span class='ocrx_word' id='word_1_91' title='bbox 803 1345 872 1383; x_wconf 82' lang='lat' dir='ltr'><strong><em>ex</em></strong></span> <span class='ocrx_word' id='word_1_92' title='bbox 901 1327 996 1384; x_wconf 85' lang='lat' dir='ltr'><strong><em>his</em></strong></span> <span class='ocrx_word' id='word_1_93' title='bbox 1019 1327 1171 1382; x_wconf 91' lang='lat' dir='ltr'><strong><em>hanc</em></strong></span> <span class='ocrx_word' id='word_1_94' title='bbox 1203 1325 1526 1383; x_wconf 76' lang='lat' dir='ltr'><strong><em>clausulam</em></strong></span> <span class='ocrx_word' id='word_1_95' title='bbox 1555 1327 1800 1395; x_wconf 86' lang='lat' dir='ltr'><strong><em>habent;</em></strong></span> <span class='ocrx_word' id='word_1_96' title='bbox 1821 1328 1960 1400; x_wconf 84' lang='lat' dir='ltr'><strong><em>quod</em></strong></span> <span class='ocrx_word' id='word_1_97' title='bbox 1983 1331 2122 1400; x_wconf 85' lang='lat' dir='ltr'><strong><em>regi-</em></strong></span> 
     </span>
    </p>
   </div>
   <div class='ocr_carea' id='block_1_15' title="bbox 473 1415 2118 1487">
    <p class='ocr_par' dir='ltr' id='par_1_15' title="bbox 473 1415 2118 1487">
     <span class='ocr_line' id='line_1_15' title="bbox 473 1415 2118 1487; baseline 0 -14"><span class='ocrx_word' id='word_1_98' title='bbox 473 1425 702 1482; x_wconf 85' lang='lat' dir='ltr'><strong><em>tur.....,</em></strong></span> <span class='ocrx_word' id='word_1_99' title='bbox 727 1416 818 1472; x_wconf 90' lang='lat' dir='ltr'><strong><em>vel</em></strong></span> <span class='ocrx_word' id='word_1_100' title='bbox 849 1416 950 1471; x_wconf 84' lang='lat' dir='ltr'><strong><em>sub</em></strong></span> <span class='ocrx_word' id='word_1_101' title='bbox 1003 1416 1268 1486; x_wconf 81' lang='lat' dir='ltr'><strong><em>regimine</em></strong></span> <span class='ocrx_word' id='word_1_102' title='bbox 1325 1416 1628 1471; x_wconf 77' lang='lat' dir='ltr'><strong><em>beatissimi</em></strong></span> <span class='ocrx_word' id='word_1_103' title='bbox 1647 1418 1822 1487; x_wconf 78' lang='lat' dir='ltr'><strong><em>patris</em></strong></span> <span class='ocrx_word' id='word_1_104' title='bbox 1854 1415 2118 1473; x_wconf 80' lang='lat' dir='ltr'><strong><em>0dilonis.</em></strong></span> 
     </span>
    </p>
   </div>
   <div class='ocr_carea' id='block_1_16' title="bbox 473 1503 2122 1578">
    <p class='ocr_par' dir='ltr' id='par_1_16' title="bbox 473 1503 2122 1578">
     <span class='ocr_line' id='line_1_16' title="bbox 473 1503 2122 1578; baseline 0 -16"><span class='ocrx_word' id='word_1_105' title='bbox 473 1505 769 1578; x_wconf 69' lang='lat' dir='ltr'><strong><em>Pleraeque</em></strong></span> <span class='ocrx_word' id='word_1_106' title='bbox 798 1509 940 1562; x_wconf 89' lang='lat' dir='ltr'><strong><em>sunt</em></strong></span> <span class='ocrx_word' id='word_1_107' title='bbox 971 1521 1075 1576; x_wconf 90' lang='lat' dir='ltr'><strong><em>pro</em></strong></span> <span class='ocrx_word' id='word_1_108' title='bbox 1125 1504 1443 1560; x_wconf 88' lang='lat' dir='ltr'><strong><em>obtinendo</em></strong></span> <span class='ocrx_word' id='word_1_109' title='bbox 1493 1503 1805 1576; x_wconf 68' lang='lat' dir='ltr'><strong><em>sepultura:</em></strong></span> <span class='ocrx_word' id='word_1_110' title='bbox 1845 1506 1999 1576; x_wconf 91' lang='lat' dir='ltr'><strong><em>jure.</em></strong></span> <span class='ocrx_word' id='word_1_111' title='bbox 2043 1508 2122 1562; x_wconf 75' lang='lat' dir='ltr'><strong>Ex</strong></span> 
     </span>
    </p>
   </div>
   <div class='ocr_carea' id='block_1_17' title="bbox 459 1591 2120 1664">
    <p class='ocr_par' dir='ltr' id='par_1_17' title="bbox 459 1591 2120 1664">
     <span class='ocr_line' id='line_1_17' title="bbox 459 1591 2120 1664; baseline 0.002 -16"><span class='ocrx_word' id='word_1_112' title='bbox 459 1593 568 1650; x_wconf 82' lang='lat' dir='ltr'><strong><em>‘his</em></strong></span> <span class='ocrx_word' id='word_1_113' title='bbox 599 1610 718 1648; x_wconf 88' lang='lat' dir='ltr'><strong><em>una</em></strong></span> <span class='ocrx_word' id='word_1_114' title='bbox 745 1597 834 1649; x_wconf 87' lang='lat' dir='ltr'><strong><em>est</em></strong></span> <span class='ocrx_word' id='word_1_115' title='bbox 864 1591 1126 1664; x_wconf 80' lang='lat' dir='ltr'><strong><em>Hugonis</em></strong></span> <span class='ocrx_word' id='word_1_116' title='bbox 1157 1593 1227 1648; x_wconf 90' lang='lat' dir='ltr'><strong><em>de</em></strong></span> <span class='ocrx_word' id='word_1_117' title='bbox 1249 1591 1463 1648; x_wconf 88' lang='lat' dir='ltr'><strong><em>Ucione</em></strong></span> <span class='ocrx_word' id='word_1_118' title='bbox 1489 1597 1544 1648; x_wconf 92' lang='lat' dir='ltr'><strong><em>et</em></strong></span> <span class='ocrx_word' id='word_1_119' title='bbox 1559 1594 1818 1649; x_wconf 88' lang='lat' dir='ltr'><strong><em>Duranni</em></strong></span> <span class='ocrx_word' id='word_1_120' title='bbox 1840 1595 2120 1652; x_wconf 87' lang='lat' dir='ltr'><strong><em>Deibanio</em></strong></span> 
     </span>
    </p>
   </div>
   <div class='ocr_carea' id='block_1_18' title="bbox 453 1681 2200 1783">
    <p class='ocr_par' dir='ltr' id='par_1_18' title="bbox 453 1681 2200 1783">
     <span class='ocr_line' id='line_1_18' title="bbox 453 1681 2200 1783; baseline 0.001 -45"><span class='ocrx_word' id='word_1_121' title='bbox 453 1686 534 1775; x_wconf 23' lang='grc' dir='ltr'><strong><em>’.ει</em></strong></span> <span class='ocrx_word' id='word_1_122' title='bbox 559 1681 833 1783; x_wconf 81' lang='lat' dir='ltr'><strong><em>aliorum,</em></strong></span> <span class='ocrx_word' id='word_1_123' title='bbox 866 1682 963 1754; x_wconf 86' lang='lat' dir='ltr'><strong><em>qui</em></strong></span> <span class='ocrx_word' id='word_1_124' title='bbox 993 1683 1136 1783; x_wconf 76' lang='lat' dir='ltr'><strong><em>dapt</em></strong></span> <span class='ocrx_word' id='word_1_125' title='bbox 1164 1699 1268 1783; x_wconf 73' lang='lat' dir='ltr'><strong><em>pro</em></strong></span> <span class='ocrx_word' id='word_1_126' title='bbox 1297 1681 1600 1783; x_wconf 73' lang='lat' dir='ltr'><strong><em>sepultura</em></strong></span> <span class='ocrx_word' id='word_1_127' title='bbox 1630 1683 1934 1754; x_wconf 89' lang='lat' dir='ltr'><strong><em>Bomparis</em></strong></span> <span class='ocrx_word' id='word_1_128' title='bbox 1973 1685 2120 1740; x_wconf 85' lang='lat' dir='ltr'><strong><em>duas</em></strong></span> <span class='ocrx_word' id='word_1_129' title='bbox 2152 1717 2200 1783; x_wconf 79' lang='grc' dir='ltr'><strong>Β</strong></span> 
     </span>
    </p>
   </div>
   <div class='ocr_carea' id='block_1_19' title="bbox 457 1769 2120 1846">
    <p class='ocr_par' dir='ltr' id='par_1_19' title="bbox 457 1769 2120 1846">
     <span class='ocr_line' id='line_1_19' title="bbox 457 1769 2120 1846; baseline 0.001 -18"><span class='ocrx_word' id='word_1_130' title='bbox 457 1769 886 1844; x_wconf 67' lang='grc' dir='ltr'><strong><em>ἀρρθῐιᾶαῐνίειε,</em></strong></span> <span class='ocrx_word' id='word_1_131' title='bbox 921 1775 1032 1826; x_wconf 88' lang='lat' dir='ltr'><strong><em>etc.</em></strong></span> <span class='ocrx_word' id='word_1_132' title='bbox 1068 1770 1129 1826; x_wconf 91' lang='lat' dir='ltr'><strong><em>In</em></strong></span> <span class='ocrx_word' id='word_1_133' title='bbox 1163 1770 1280 1826; x_wconf 88' lang='lat' dir='ltr'><strong><em>alia</em></strong></span> <span class='ocrx_word' id='word_1_134' title='bbox 1307 1770 1640 1843; x_wconf 75' lang='lat' dir='ltr'><strong><em>Stephanus</em></strong></span> <span class='ocrx_word' id='word_1_135' title='bbox 1671 1775 1727 1826; x_wconf 87' lang='lat' dir='ltr'><strong><em>et</em></strong></span> <span class='ocrx_word' id='word_1_136' title='bbox 1763 1771 2120 1846; x_wconf 83' lang='lat' dir='ltr'><strong><em>Theotberga</em></strong></span> 
     </span>
    </p>
   </div>
   <div class='ocr_carea' id='block_1_20' title="bbox 477 1858 2123 1935">
    <p class='ocr_par' dir='ltr' id='par_1_20' title="bbox 477 1858 2123 1935">
     <span class='ocr_line' id='line_1_20' title="bbox 477 1858 2123 1935; baseline 0.001 -19"><span class='ocrx_word' id='word_1_137' title='bbox 477 1861 620 1916; x_wconf 86' lang='lat' dir='ltr'><strong><em>dant</em></strong></span> <span class='ocrx_word' id='word_1_138' title='bbox 646 1859 875 1915; x_wconf 88' lang='lat' dir='ltr'><strong><em>vineam</em></strong></span> <span class='ocrx_word' id='word_1_139' title='bbox 910 1859 967 1915; x_wconf 91' lang='lat' dir='ltr'><strong><em>in</em></strong></span> <span class='ocrx_word' id='word_1_140' title='bbox 1015 1858 1153 1914; x_wconf 89' lang='lat' dir='ltr'><strong><em>villa</em></strong></span> <span class='ocrx_word' id='word_1_141' title='bbox 1193 1859 1262 1914; x_wconf 90' lang='lat' dir='ltr'><strong><em>de</em></strong></span> <span class='ocrx_word' id='word_1_142' title='bbox 1311 1858 1620 1915; x_wconf 89' lang='lat' dir='ltr'><strong><em>Samniaco</em></strong></span> <span class='ocrx_word' id='word_1_143' title='bbox 1669 1877 1772 1932; x_wconf 90' lang='lat' dir='ltr'><strong><em>pro</em></strong></span> <span class='ocrx_word' id='word_1_144' title='bbox 1821 1861 2123 1935; x_wconf 78' lang='lat' dir='ltr'><strong><em>sepultura</em></strong></span> 
     </span>
    </p>
   </div>
   <div class='ocr_carea' id='block_1_21' title="bbox 479 1947 2121 2020">
    <p class='ocr_par' dir='ltr' id='par_1_21' title="bbox 479 1947 2121 2020">
     <span class='ocr_line' id='line_1_21' title="bbox 479 1947 2121 2020; baseline 0 -15"><span class='ocrx_word' id='word_1_145' title='bbox 479 1965 604 2006; x_wconf 89' lang='lat' dir='ltr'><strong><em>sua.</em></strong></span> <span class='ocrx_word' id='word_1_146' title='bbox 638 1948 954 2004; x_wconf 80' lang='lat' dir='ltr'><strong><em>Rotbcrtus</em></strong></span> <span class='ocrx_word' id='word_1_147' title='bbox 1001 1947 1302 2020; x_wconf 77' lang='lat' dir='ltr'><strong><em>presbyter</em></strong></span> <span class='ocrx_word' id='word_1_148' title='bbox 1343 1949 1444 2002; x_wconf 89' lang='lat' dir='ltr'><strong><em>dat</em></strong></span> <span class='ocrx_word' id='word_1_149' title='bbox 1479 1949 1769 2020; x_wconf 70' lang='lat' dir='ltr'><strong><em>quedam,</em></strong></span> <span class='ocrx_word' id='word_1_150' title='bbox 1804 1953 1886 2018; x_wconf 87' lang='lat' dir='ltr'><strong><em>ut,</em></strong></span> <span class='ocrx_word' id='word_1_151' title='bbox 1921 1949 1966 2005; x_wconf 90' lang='lat' dir='ltr'><strong><em>si</em></strong></span> <span class='ocrx_word' id='word_1_152' title='bbox 2015 1949 2121 2006; x_wconf 81' lang='lat' dir='ltr'><strong><em>ali-</em></strong></span> 
     </span>
    </p>
   </div>
   <div class='ocr_carea' id='block_1_22' title="bbox 477 2036 2120 2110">
    <p class='ocr_par' dir='ltr' id='par_1_22' title="bbox 477 2036 2120 2110">
     <span class='ocr_line' id='line_1_22' title="bbox 477 2036 2120 2110; baseline 0.002 -17"><span class='ocrx_word' id='word_1_153' title='bbox 477 2038 714 2110; x_wconf 87' lang='lat' dir='ltr'><strong><em>quando</em></strong></span> <span class='ocrx_word' id='word_1_154' title='bbox 745 2037 818 2106; x_wconf 89' lang='lat' dir='ltr'><strong><em>ei,</em></strong></span> <span class='ocrx_word' id='word_1_155' title='bbox 854 2036 1227 2110; x_wconf 77' lang='lat' dir='ltr'><strong><em>permittente</em></strong></span> <span class='ocrx_word' id='word_1_156' title='bbox 1257 2036 1522 2105; x_wconf 89' lang='lat' dir='ltr'><strong><em>Domino,</em></strong></span> <span class='ocrx_word' id='word_1_157' title='bbox 1553 2037 1823 2094; x_wconf 81' lang='lat' dir='ltr'><strong><em>voluntas</em></strong></span> <span class='ocrx_word' id='word_1_158' title='bbox 1853 2039 2026 2095; x_wconf 82' lang='lat' dir='ltr'><strong><em>fuerit</em></strong></span> <span class='ocrx_word' id='word_1_159' title='bbox 2057 2044 2120 2096; x_wconf 91' lang='lat' dir='ltr'><strong><em>ut</em></strong></span> 
     </span>
    </p>
   </div>
   <div class='ocr_carea' id='block_1_23' title="bbox 477 2125 2120 2197">
    <p class='ocr_par' dir='ltr' id='par_1_23' title="bbox 477 2125 2120 2197">
     <span class='ocr_line' id='line_1_23' title="bbox 477 2125 2120 2197; baseline 0.001 -14"><span class='ocrx_word' id='word_1_160' title='bbox 477 2125 804 2183; x_wconf 88' lang='lat' dir='ltr'><strong><em>monachus</em></strong></span> <span class='ocrx_word' id='word_1_161' title='bbox 831 2127 954 2193; x_wconf 80' lang='lat' dir='ltr'><strong><em>ﬁat,</em></strong></span> <span class='ocrx_word' id='word_1_162' title='bbox 1005 2125 1346 2197; x_wconf 87' lang='lat' dir='ltr'><strong><em>recipiatur;</em></strong></span> <span class='ocrx_word' id='word_1_163' title='bbox 1381 2125 1472 2182; x_wconf 90' lang='lat' dir='ltr'><strong><em>sin</em></strong></span> <span class='ocrx_word' id='word_1_164' title='bbox 1519 2129 1736 2192; x_wconf 86' lang='lat' dir='ltr'><strong><em>autem,</em></strong></span> <span class='ocrx_word' id='word_1_165' title='bbox 1787 2131 1844 2183; x_wconf 87' lang='lat' dir='ltr'><strong><em>et</em></strong></span> <span class='ocrx_word' id='word_1_166' title='bbox 1887 2128 1944 2183; x_wconf 92' lang='lat' dir='ltr'><strong><em>in</em></strong></span> <span class='ocrx_word' id='word_1_167' title='bbox 1992 2128 2120 2185; x_wconf 90' lang='lat' dir='ltr'><strong><em>loco</em></strong></span> 
     </span>
    </p>
   </div>
   <div class='ocr_carea' id='block_1_24' title="bbox 475 2213 2124 2286">
    <p class='ocr_par' dir='ltr' id='par_1_24' title="bbox 475 2213 2124 2286">
     <span class='ocr_line' id='line_1_24' title="bbox 475 2213 2124 2286; baseline 0.001 -14"><span class='ocrx_word' id='word_1_168' title='bbox 475 2217 780 2283; x_wconf 88' lang='lat' dir='ltr'><strong><em>moriatur,</em></strong></span> <span class='ocrx_word' id='word_1_169' title='bbox 813 2215 894 2272; x_wconf 90' lang='lat' dir='ltr'><strong><em>ibi</em></strong></span> <span class='ocrx_word' id='word_1_170' title='bbox 924 2215 1184 2271; x_wconf 84' lang='lat' dir='ltr'><strong><em>obtineat</em></strong></span> <span class='ocrx_word' id='word_1_171' title='bbox 1213 2213 1594 2286; x_wconf 83' lang='lat' dir='ltr'><strong><em>sepulturam.</em></strong></span> <span class='ocrx_word' id='word_1_172' title='bbox 1617 2215 2124 2274; x_wconf 87' lang='lat' dir='ltr'><strong><em>Willelmusdedit</em></strong></span> 
     </span>
    </p>
   </div>
   <div class='ocr_carea' id='block_1_25' title="bbox 475 2301 2120 2362">
    <p class='ocr_par' dir='ltr' id='par_1_25' title="bbox 475 2301 2120 2362">
     <span class='ocr_line' id='line_1_25' title="bbox 475 2301 2120 2362; baseline -0.001 0"><span class='ocrx_word' id='word_1_173' title='bbox 475 2304 831 2362; x_wconf 88' lang='lat' dir='ltr'><strong><em>monasterio</em></strong></span> <span class='ocrx_word' id='word_1_174' title='bbox 859 2302 1271 2360; x_wconf 88' lang='lat' dir='ltr'><strong><em>Celsiniacensi</em></strong></span> <span class='ocrx_word' id='word_1_175' title='bbox 1299 2301 1602 2358; x_wconf 88' lang='lat' dir='ltr'><strong><em>ecclesiam</em></strong></span> <span class='ocrx_word' id='word_1_176' title='bbox 1634 2303 1694 2358; x_wconf 92' lang='lat' dir='ltr'><strong><em>in</em></strong></span> <span class='ocrx_word' id='word_1_177' title='bbox 1721 2303 1940 2360; x_wconf 88' lang='lat' dir='ltr'><strong><em>honore</em></strong></span> <span class='ocrx_word' id='word_1_178' title='bbox 1968 2305 2120 2362; x_wconf 87' lang='lat' dir='ltr'><strong><em>beati</em></strong></span> 
     </span>
    </p>
   </div>
   <div class='ocr_carea' id='block_1_26' title="bbox 471 2391 2116 2464">
    <p class='ocr_par' dir='ltr' id='par_1_26' title="bbox 471 2391 2116 2464">
     <span class='ocr_line' id='line_1_26' title="bbox 471 2391 2116 2464; baseline -0.001 -13"><span class='ocrx_word' id='word_1_179' title='bbox 471 2393 626 2452; x_wconf 88' lang='lat' dir='ltr'><strong><em>Petri</em></strong></span> <span class='ocrx_word' id='word_1_180' title='bbox 657 2397 1080 2458; x_wconf 82' lang='lat' dir='ltr'><strong><em>constructam,</em></strong></span> <span class='ocrx_word' id='word_1_181' title='bbox 1112 2408 1240 2464; x_wconf 73' lang='lat' dir='ltr'><strong><em>quae</em></strong></span> <span class='ocrx_word' id='word_1_182' title='bbox 1268 2395 1510 2446; x_wconf 86' lang='lat' dir='ltr'><strong><em>vocatur</em></strong></span> <span class='ocrx_word' id='word_1_183' title='bbox 1540 2391 1959 2458; x_wconf 80' lang='lat' dir='ltr'><strong><em>Casa-Meiana,</em></strong></span> <span class='ocrx_word' id='word_1_184' title='bbox 1985 2411 2116 2450; x_wconf 89' lang='lat' dir='ltr'><strong><em>cum</em></strong></span> 
     </span>
    </p>
   </div>
   <div class='ocr_carea' id='block_1_27' title="bbox 473 2480 2121 2555">
    <p class='ocr_par' dir='ltr' id='par_1_27' title="bbox 473 2480 2121 2555">
     <span class='ocr_line' id='line_1_27' title="bbox 473 2480 2121 2555; baseline -0.002 -15"><span class='ocrx_word' id='word_1_185' title='bbox 473 2483 718 2548; x_wconf 88' lang='lat' dir='ltr'><strong><em>mansis,</em></strong></span> <span class='ocrx_word' id='word_1_186' title='bbox 735 2480 1130 2555; x_wconf 89' lang='lat' dir='ltr'><strong><em>appendariis,</em></strong></span> <span class='ocrx_word' id='word_1_187' title='bbox 1159 2483 1372 2548; x_wconf 87' lang='lat' dir='ltr'><strong><em>etc.,ut</em></strong></span> <span class='ocrx_word' id='word_1_188' title='bbox 1384 2481 1857 2536; x_wconf 80' lang='lat' dir='ltr'><strong><em>remaneatbeato</em></strong></span> <span class='ocrx_word' id='word_1_189' title='bbox 1870 2482 2036 2538; x_wconf 90' lang='lat' dir='ltr'><strong><em>Petro</em></strong></span> <span class='ocrx_word' id='word_1_190' title='bbox 2049 2483 2121 2538; x_wconf 88' lang='lat' dir='ltr'><strong><em>de</em></strong></span> 
     </span>
    </p>
   </div>
   <div class='ocr_carea' id='block_1_28' title="bbox 474 2569 2118 2643">
    <p class='ocr_par' dir='ltr' id='par_1_28' title="bbox 474 2569 2118 2643">
     <span class='ocr_line' id='line_1_28' title="bbox 474 2569 2118 2643; baseline -0.001 -14"><span class='ocrx_word' id='word_1_191' title='bbox 474 2571 835 2630; x_wconf 86' lang='lat' dir='ltr'><strong><em>Celsinianas</em></strong></span> <span class='ocrx_word' id='word_1_192' title='bbox 865 2572 1006 2643; x_wconf 88' lang='lat' dir='ltr'><strong><em>(sic),</em></strong></span> <span class='ocrx_word' id='word_1_193' title='bbox 1043 2571 1102 2625; x_wconf 84' lang='lat' dir='ltr'><strong><em>in</em></strong></span> <span class='ocrx_word' id='word_1_194' title='bbox 1128 2569 1482 2626; x_wconf 83' lang='lat' dir='ltr'><strong><em>advocatione</em></strong></span> <span class='ocrx_word' id='word_1_195' title='bbox 1497 2572 1672 2626; x_wconf 81' lang='lat' dir='ltr'><strong><em>sancti</em></strong></span> <span class='ocrx_word' id='word_1_196' title='bbox 1689 2572 1837 2626; x_wconf 87' lang='lat' dir='ltr'><strong><em>Petri</em></strong></span> <span class='ocrx_word' id='word_1_197' title='bbox 1851 2571 1916 2627; x_wconf 89' lang='lat' dir='ltr'><strong><em>de</em></strong></span> <span class='ocrx_word' id='word_1_198' title='bbox 1931 2575 2118 2638; x_wconf 83' lang='lat' dir='ltr'><strong><em>Roma,</em></strong></span> 
     </span>
    </p>
   </div>
   <div class='ocr_carea' id='block_1_29' title="bbox 469 2649 2120 2732">
    <p class='ocr_par' dir='ltr' id='par_1_29' title="bbox 469 2649 2120 2732">
     <span class='ocr_line' id='line_1_29' title="bbox 469 2649 2120 2732; baseline -0.002 -12"><span class='ocrx_word' id='word_1_199' title='bbox 469 2664 591 2720; x_wconf 86' lang='lat' dir='ltr'><strong><em>sine</em></strong></span> <span class='ocrx_word' id='word_1_200' title='bbox 617 2649 732 2718; x_wconf 76' lang='lat' dir='ltr'><strong><em>ulto</em></strong></span> <span class='ocrx_word' id='word_1_201' title='bbox 759 2659 1180 2730; x_wconf 85' lang='lat' dir='ltr'><strong><em>contradicente,</em></strong></span> <span class='ocrx_word' id='word_1_202' title='bbox 1212 2662 1321 2714; x_wconf 85' lang='lat' dir='ltr'><strong><em>etc.</em></strong></span> <span class='ocrx_word' id='word_1_203' title='bbox 1356 2658 1640 2732; x_wconf 87' lang='lat' dir='ltr'><strong><em>Denique,</em></strong></span> <span class='ocrx_word' id='word_1_204' title='bbox 1660 2663 1722 2714; x_wconf 86' lang='lat' dir='ltr'><strong><em>ut</em></strong></span> <span class='ocrx_word' id='word_1_205' title='bbox 1741 2659 1958 2716; x_wconf 79' lang='lat' dir='ltr'><strong><em>multos</em></strong></span> <span class='ocrx_word' id='word_1_206' title='bbox 1975 2661 2120 2717; x_wconf 90' lang='lat' dir='ltr'><strong><em>alios</em></strong></span> 
     </span>
    </p>
   </div>
   <div class='ocr_carea' id='block_1_30' title="bbox 477 2747 2120 2816">
    <p class='ocr_par' dir='ltr' id='par_1_30' title="bbox 477 2747 2120 2816">
     <span class='ocr_line' id='line_1_30' title="bbox 477 2747 2120 2816; baseline -0.002 -8"><span class='ocrx_word' id='word_1_207' title='bbox 477 2749 778 2816; x_wconf 73' lang='lat' dir='ltr'><strong><em>omittam,</em></strong></span> <span class='ocrx_word' id='word_1_208' title='bbox 804 2749 1136 2806; x_wconf 88' lang='lat' dir='ltr'><strong><em>Bernardus</em></strong></span> <span class='ocrx_word' id='word_1_209' title='bbox 1165 2748 1236 2803; x_wconf 89' lang='lat' dir='ltr'><strong><em>de</em></strong></span> <span class='ocrx_word' id='word_1_210' title='bbox 1285 2749 1467 2803; x_wconf 88' lang='lat' dir='ltr'><strong><em>Turre</em></strong></span> <span class='ocrx_word' id='word_1_211' title='bbox 1499 2747 1649 2804; x_wconf 85' lang='lat' dir='ltr'><strong><em>cedit</em></strong></span> <span class='ocrx_word' id='word_1_212' title='bbox 1680 2747 1804 2804; x_wconf 88' lang='lat' dir='ltr'><strong><em>loco</em></strong></span> <span class='ocrx_word' id='word_1_213' title='bbox 1843 2748 2120 2806; x_wconf 88' lang='lat' dir='ltr'><strong><em>Celsinia-</em></strong></span> 
     </span>
    </p>
   </div>
   <div class='ocr_carea' id='block_1_31' title="bbox 477 2837 2124 2912">
    <p class='ocr_par' dir='ltr' id='par_1_31' title="bbox 477 2837 2124 2912">
     <span class='ocr_line' id='line_1_31' title="bbox 477 2837 2124 2912; baseline -0.003 -13"><span class='ocrx_word' id='word_1_214' title='bbox 477 2840 658 2908; x_wconf 85' lang='lat' dir='ltr'><strong><em>censi,</em></strong></span> <span class='ocrx_word' id='word_1_215' title='bbox 691 2841 790 2912; x_wconf 81' lang='lat' dir='ltr'><strong><em>qui</em></strong></span> <span class='ocrx_word' id='word_1_216' title='bbox 836 2840 1046 2910; x_wconf 83' lang='lat' dir='ltr'><strong><em>regitur</em></strong></span> <span class='ocrx_word' id='word_1_217' title='bbox 1078 2837 1176 2894; x_wconf 78' lang='lat' dir='ltr'><strong><em>sub</em></strong></span> <span class='ocrx_word' id='word_1_218' title='bbox 1226 2837 1619 2908; x_wconf 83' lang='lat' dir='ltr'><strong><em>gubernatione</em></strong></span> <span class='ocrx_word' id='word_1_219' title='bbox 1663 2837 1854 2894; x_wconf 86' lang='lat' dir='ltr'><strong><em>damni</em></strong></span> <span class='ocrx_word' id='word_1_220' title='bbox 1873 2837 2124 2897; x_wconf 83' lang='lat' dir='ltr'><strong><em>0dilonis</em></strong></span> 
     </span>
    </p>
   </div>
   <div class='ocr_carea' id='block_1_32' title="bbox 473 2924 2121 2999">
    <p class='ocr_par' dir='ltr' id='par_1_32' title="bbox 473 2924 2121 2999">
     <span class='ocr_line' id='line_1_32' title="bbox 473 2924 2121 2999; baseline -0.002 -12"><span class='ocrx_word' id='word_1_221' title='bbox 473 2930 710 2998; x_wconf 84' lang='lat' dir='ltr'><strong><em>abbatis,</em></strong></span> <span class='ocrx_word' id='word_1_222' title='bbox 744 2927 931 2984; x_wconf 88' lang='lat' dir='ltr'><strong><em>multa</em></strong></span> <span class='ocrx_word' id='word_1_223' title='bbox 961 2927 1020 2982; x_wconf 89' lang='lat' dir='ltr'><strong><em>in</em></strong></span> <span class='ocrx_word' id='word_1_224' title='bbox 1049 2924 1188 2982; x_wconf 87' lang='lat' dir='ltr'><strong><em>villa</em></strong></span> <span class='ocrx_word' id='word_1_225' title='bbox 1237 2924 1558 2999; x_wconf 28' lang='lat' dir='ltr'><strong><em>Pllausiaco,</em></strong></span> <span class='ocrx_word' id='word_1_226' title='bbox 1613 2942 1966 2999; x_wconf 87' lang='lat' dir='ltr'><strong><em>omnemque</em></strong></span> <span class='ocrx_word' id='word_1_227' title='bbox 1988 2927 2121 2984; x_wconf 57' lang='lat' dir='ltr'><strong><em>&#39;alo-</em></strong></span> 
     </span>
    </p>
   </div>
   <div class='ocr_carea' id='block_1_33' title="bbox 475 3013 2121 3092">
    <p class='ocr_par' dir='ltr' id='par_1_33' title="bbox 475 3013 2121 3092">
     <span class='ocr_line' id='line_1_33' title="bbox 475 3013 2121 3092; baseline -0.002 -16"><span class='ocrx_word' id='word_1_228' title='bbox 475 3020 640 3086; x_wconf 88' lang='lat' dir='ltr'><strong><em>dum,</em></strong></span> <span class='ocrx_word' id='word_1_229' title='bbox 671 3035 852 3092; x_wconf 83' lang='lat' dir='ltr'><strong><em>quem,</em></strong></span> <span class='ocrx_word' id='word_1_230' title='bbox 885 3015 1096 3088; x_wconf 86' lang='lat' dir='ltr'><strong><em>inquit,</em></strong></span> <span class='ocrx_word' id='word_1_231' title='bbox 1125 3018 1286 3088; x_wconf 84' lang='lat' dir='ltr'><strong><em>pater</em></strong></span> <span class='ocrx_word' id='word_1_232' title='bbox 1312 3031 1464 3070; x_wconf 83' lang='lat' dir='ltr'><strong><em>meus</em></strong></span> <span class='ocrx_word' id='word_1_233' title='bbox 1486 3013 1746 3070; x_wconf 64' lang='lat' dir='ltr'><strong><em>Ger-aldus</em></strong></span> <span class='ocrx_word' id='word_1_234' title='bbox 1766 3016 1827 3070; x_wconf 83' lang='lat' dir='ltr'><strong><em>in</em></strong></span> <span class='ocrx_word' id='word_1_235' title='bbox 1855 3017 1968 3088; x_wconf 81' lang='lat' dir='ltr'><strong><em>ipsa</em></strong></span> <span class='ocrx_word' id='word_1_236' title='bbox 1986 3017 2121 3072; x_wconf 82' lang='lat' dir='ltr'><strong><em>villa</em></strong></span> 
     </span>
    </p>
   </div>
   <div class='ocr_carea' id='block_1_34' title="bbox 471 3090 3911 3180">
    <p class='ocr_par' dir='ltr' id='par_1_34' title="bbox 471 3090 3911 3180">
     <span class='ocr_line' id='line_1_34' title="bbox 471 3090 3911 3180; baseline -0.003 -13"><span class='ocrx_word' id='word_1_237' title='bbox 471 3109 538 3167; x_wconf 85' lang='lat' dir='ltr'><strong><em>de</em></strong></span> <span class='ocrx_word' id='word_1_238' title='bbox 593 3090 878 3165; x_wconf 80' lang='lat' dir='ltr'><strong><em>Plausiaco</em></strong></span> <span class='ocrx_word' id='word_1_239' title='bbox 934 3105 1182 3174; x_wconf 85' lang='lat' dir='ltr'><strong><em>habebat,</em></strong></span> <span class='ocrx_word' id='word_1_240' title='bbox 1251 3105 1310 3160; x_wconf 88' lang='lat' dir='ltr'><strong><em>in</em></strong></span> <span class='ocrx_word' id='word_1_241' title='bbox 1369 3105 1489 3175; x_wconf 81' lang='lat' dir='ltr'><strong><em>ipsa</em></strong></span> <span class='ocrx_word' id='word_1_242' title='bbox 1515 3103 1606 3160; x_wconf 87' lang='lat' dir='ltr'><strong><em>die</em></strong></span> <span class='ocrx_word' id='word_1_243' title='bbox 1659 3120 1769 3176; x_wconf 85' lang='lat' dir='ltr'><strong><em>qua</em></strong></span> <span class='ocrx_word' id='word_1_244' title='bbox 1822 3107 2120 3162; x_wconf 86' lang='lat' dir='ltr'><strong><em>monachus</em></strong></span> <span class='ocrx_word' id='word_1_245' title='bbox 2150 3090 2192 3154; x_wconf 73' lang='grc' dir='ltr'><strong>Ο</strong></span> <span class='ocrx_word' id='word_1_246' title='bbox 2232 3125 2359 3180; x_wconf 71' lang='lat' dir='ltr'><strong><em>qua:</em></strong></span> <span class='ocrx_word' id='word_1_247' title='bbox 2413 3106 2676 3164; x_wconf 87' lang='lat' dir='ltr'><strong><em>0dilonis</em></strong></span> <span class='ocrx_word' id='word_1_248' title='bbox 2727 3111 2989 3180; x_wconf 89' lang='lat' dir='ltr'><strong><em>tempore</em></strong></span> <span class='ocrx_word' id='word_1_249' title='bbox 3046 3105 3530 3163; x_wconf 87' lang='lat' dir='ltr'><strong><em>Cluniacensibus</em></strong></span> <span class='ocrx_word' id='word_1_250' title='bbox 3573 3099 3800 3160; x_wconf 67' lang='lat' dir='ltr'><strong><em>attribute</em></strong></span> 
     </span>
    </p>
   </div>
   <div class='ocr_carea' id='block_1_35' title="bbox 467 3191 2122 3271">
    <p class='ocr_par' dir='ltr' id='par_1_35' title="bbox 467 3191 2122 3271">
     <span class='ocr_line' id='line_1_35' title="bbox 467 3191 2122 3271; baseline -0.004 -15"><span class='ocrx_word' id='word_1_251' title='bbox 467 3201 599 3271; x_wconf 81' lang='lat' dir='ltr'><strong><em>fuit.</em></strong></span> <span class='ocrx_word' id='word_1_252' title='bbox 655 3197 818 3254; x_wconf 85' lang='lat' dir='ltr'><strong><em>Unde</em></strong></span> <span class='ocrx_word' id='word_1_253' title='bbox 877 3197 1036 3268; x_wconf 88' lang='lat' dir='ltr'><strong><em>patet</em></strong></span> <span class='ocrx_word' id='word_1_254' title='bbox 1093 3193 1384 3248; x_wconf 86' lang='lat' dir='ltr'><strong><em>famosum</em></strong></span> <span class='ocrx_word' id='word_1_255' title='bbox 1457 3191 1625 3247; x_wconf 88' lang='lat' dir='ltr'><strong><em>illum</em></strong></span> <span class='ocrx_word' id='word_1_256' title='bbox 1691 3193 2002 3249; x_wconf 88' lang='lat' dir='ltr'><strong><em>Geraldum</em></strong></span> <span class='ocrx_word' id='word_1_257' title='bbox 2052 3195 2122 3251; x_wconf 87' lang='lat' dir='ltr'><strong><em>de</em></strong></span> 
     </span>
    </p>
   </div>
   <div class='ocr_carea' id='block_1_36' title="bbox 469 3280 2122 3358">
    <p class='ocr_par' dir='ltr' id='par_1_36' title="bbox 469 3280 2122 3358">
     <span class='ocr_line' id='line_1_36' title="bbox 469 3280 2122 3358; baseline -0.004 -13"><span class='ocrx_word' id='word_1_258' title='bbox 469 3288 678 3353; x_wconf 87' lang='lat' dir='ltr'><strong><em>Turre,</em></strong></span> <span class='ocrx_word' id='word_1_259' title='bbox 711 3301 889 3358; x_wconf 88' lang='lat' dir='ltr'><strong><em>quem</em></strong></span> <span class='ocrx_word' id='word_1_260' title='bbox 921 3281 1324 3338; x_wconf 87' lang='lat' dir='ltr'><strong><em>illustrissima</em></strong></span> <span class='ocrx_word' id='word_1_261' title='bbox 1353 3280 1770 3336; x_wconf 86' lang='lat' dir='ltr'><strong><em>hodiernorum</em></strong></span> <span class='ocrx_word' id='word_1_262' title='bbox 1803 3281 2122 3339; x_wconf 90' lang='lat' dir='ltr'><strong><em>Bullionio-</em></strong></span> 
     </span>
    </p>
   </div>
   <div class='ocr_carea' id='block_1_37' title="bbox 466 3369 2121 3447">
    <p class='ocr_par' dir='ltr' id='par_1_37' title="bbox 466 3369 2121 3447">
     <span class='ocr_line' id='line_1_37' title="bbox 466 3369 2121 3447; baseline -0.002 -15"><span class='ocrx_word' id='word_1_263' title='bbox 466 3391 599 3432; x_wconf 88' lang='lat' dir='ltr'><strong><em>rum</em></strong></span> <span class='ocrx_word' id='word_1_264' title='bbox 631 3373 964 3447; x_wconf 86' lang='lat' dir='ltr'><strong><em>principum</em></strong></span> <span class='ocrx_word' id='word_1_265' title='bbox 1015 3369 1239 3426; x_wconf 83' lang='lat' dir='ltr'><strong><em>familia</em></strong></span> <span class='ocrx_word' id='word_1_266' title='bbox 1283 3369 1540 3425; x_wconf 87' lang='lat' dir='ltr'><strong><em>nominis</em></strong></span> <span class='ocrx_word' id='word_1_267' title='bbox 1573 3369 1662 3426; x_wconf 90' lang='lat' dir='ltr'><strong><em>sui</em></strong></span> <span class='ocrx_word' id='word_1_268' title='bbox 1693 3369 1760 3426; x_wconf 87' lang='lat' dir='ltr'><strong><em>de</em></strong></span> <span class='ocrx_word' id='word_1_269' title='bbox 1809 3373 1976 3428; x_wconf 84' lang='lat' dir='ltr'><strong><em>Turre</em></strong></span> <span class='ocrx_word' id='word_1_270' title='bbox 2004 3372 2121 3444; x_wconf 85' lang='lat' dir='ltr'><strong><em>pri-</em></strong></span> 
     </span>
    </p>
   </div>
   <div class='ocr_carea' id='block_1_38' title="bbox 468 3457 2120 3536">
    <p class='ocr_par' dir='ltr' id='par_1_38' title="bbox 468 3457 2120 3536">
     <span class='ocr_line' id='line_1_38' title="bbox 468 3457 2120 3536; baseline -0.002 -16"><span class='ocrx_word' id='word_1_271' title='bbox 468 3467 636 3520; x_wconf 87' lang='lat' dir='ltr'><strong><em>mum</em></strong></span> <span class='ocrx_word' id='word_1_272' title='bbox 654 3463 953 3536; x_wconf 87' lang='lat' dir='ltr'><strong><em>parentem</em></strong></span> <span class='ocrx_word' id='word_1_273' title='bbox 969 3459 1252 3532; x_wconf 85' lang='lat' dir='ltr'><strong><em>agnoscit,</em></strong></span> <span class='ocrx_word' id='word_1_274' title='bbox 1269 3457 1635 3514; x_wconf 88' lang='lat' dir='ltr'><strong><em>Cluniacensi</em></strong></span> <span class='ocrx_word' id='word_1_275' title='bbox 1655 3459 1886 3514; x_wconf 69' lang='lat' dir='ltr'><strong><em>familiae</em></strong></span> <span class='ocrx_word' id='word_1_276' title='bbox 1909 3478 2120 3517; x_wconf 88' lang='lat' dir='ltr'><strong><em>nomen</em></strong></span> 
     </span>
    </p>
   </div>
   <div class='ocr_carea' id='block_1_39' title="bbox 470 3547 2122 3622">
    <p class='ocr_par' dir='ltr' id='par_1_39' title="bbox 470 3547 2122 3622">
     <span class='ocr_line' id='line_1_39' title="bbox 470 3547 2122 3622; baseline -0.001 -14"><span class='ocrx_word' id='word_1_277' title='bbox 470 3550 722 3618; x_wconf 88' lang='lat' dir='ltr'><strong><em>dedisse,</em></strong></span> <span class='ocrx_word' id='word_1_278' title='bbox 755 3549 913 3622; x_wconf 91' lang='lat' dir='ltr'><strong><em>quod</em></strong></span> <span class='ocrx_word' id='word_1_279' title='bbox 943 3551 1002 3604; x_wconf 89' lang='lat' dir='ltr'><strong><em>et</em></strong></span> <span class='ocrx_word' id='word_1_280' title='bbox 1032 3547 1296 3620; x_wconf 88' lang='lat' dir='ltr'><strong><em>plerique</em></strong></span> <span class='ocrx_word' id='word_1_281' title='bbox 1314 3561 1381 3602; x_wconf 85' lang='lat' dir='ltr'><strong><em>ex</em></strong></span> <span class='ocrx_word' id='word_1_282' title='bbox 1411 3548 1537 3618; x_wconf 86' lang='lat' dir='ltr'><strong><em>ejus</em></strong></span> <span class='ocrx_word' id='word_1_283' title='bbox 1554 3547 1802 3618; x_wconf 86' lang='lat' dir='ltr'><strong><em>posteris</em></strong></span> <span class='ocrx_word' id='word_1_284' title='bbox 1832 3549 2037 3618; x_wconf 83' lang='lat' dir='ltr'><strong><em>facere,</em></strong></span> <span class='ocrx_word' id='word_1_285' title='bbox 2057 3555 2122 3606; x_wconf 91' lang='lat' dir='ltr'><strong><em>ut</em></strong></span> 
     </span>
    </p>
   </div>
   <div class='ocr_carea' id='block_1_40' title="bbox 471 3633 2124 3710">
    <p class='ocr_par' dir='ltr' id='par_1_40' title="bbox 471 3633 2124 3710">
     <span class='ocr_line' id='line_1_40' title="bbox 471 3633 2124 3710; baseline -0.002 -13"><span class='ocrx_word' id='word_1_286' title='bbox 471 3659 543 3698; x_wconf 80' lang='lat' dir='ltr'><strong><em>ex</em></strong></span> <span class='ocrx_word' id='word_1_287' title='bbox 570 3639 773 3696; x_wconf 89' lang='lat' dir='ltr'><strong><em>eodem</em></strong></span> <span class='ocrx_word' id='word_1_288' title='bbox 808 3636 1100 3694; x_wconf 85' lang='lat' dir='ltr'><strong><em>chartario</em></strong></span> <span class='ocrx_word' id='word_1_289' title='bbox 1131 3633 1438 3692; x_wconf 88' lang='lat' dir='ltr'><strong><em>discimus.</em></strong></span> <span class='ocrx_word' id='word_1_290' title='bbox 1473 3635 1638 3690; x_wconf 85' lang='lat' dir='ltr'><strong><em>Haud</em></strong></span> <span class='ocrx_word' id='word_1_291' title='bbox 1661 3635 1869 3692; x_wconf 87' lang='lat' dir='ltr'><strong><em>levitur</em></strong></span> <span class='ocrx_word' id='word_1_292' title='bbox 1897 3643 2124 3710; x_wconf 65' lang='lat' dir='ltr'><strong><em>praeter-</em></strong></span> 
     </span>
    </p>
   </div>
   <div class='ocr_carea' id='block_1_41' title="bbox 473 3723 2123 3798">
    <p class='ocr_par' dir='ltr' id='par_1_41' title="bbox 473 3723 2123 3798">
     <span class='ocr_line' id='line_1_41' title="bbox 473 3723 2123 3798; baseline -0.002 -11"><span class='ocrx_word' id='word_1_293' title='bbox 473 3729 755 3788; x_wconf 87' lang='lat' dir='ltr'><strong><em>eumdum</em></strong></span> <span class='ocrx_word' id='word_1_294' title='bbox 787 3730 877 3782; x_wconf 89' lang='lat' dir='ltr'><strong><em>est</em></strong></span> <span class='ocrx_word' id='word_1_295' title='bbox 905 3725 1058 3798; x_wconf 86' lang='lat' dir='ltr'><strong><em>quod</em></strong></span> <span class='ocrx_word' id='word_1_296' title='bbox 1091 3723 1151 3780; x_wconf 90' lang='lat' dir='ltr'><strong><em>in</em></strong></span> <span class='ocrx_word' id='word_1_297' title='bbox 1183 3723 1405 3796; x_wconf 81' lang='lat' dir='ltr'><strong><em>aliquot</em></strong></span> <span class='ocrx_word' id='word_1_298' title='bbox 1446 3724 1710 3796; x_wconf 84' lang='lat' dir='ltr'><strong><em>ejusdem</em></strong></span> <span class='ocrx_word' id='word_1_299' title='bbox 1738 3725 1847 3782; x_wconf 90' lang='lat' dir='ltr'><strong><em>loci</em></strong></span> <span class='ocrx_word' id='word_1_300' title='bbox 1903 3727 2123 3784; x_wconf 88' lang='lat' dir='ltr'><strong><em>chartis</em></strong></span> 
     </span>
    </p>
   </div>
   <div class='ocr_carea' id='block_1_42' title="bbox 478 3812 2124 3876">
    <p class='ocr_par' dir='ltr' id='par_1_42' title="bbox 478 3812 2124 3876">
     <span class='ocr_line' id='line_1_42' title="bbox 478 3812 2124 3876; baseline -0.003 0"><span class='ocrx_word' id='word_1_301' title='bbox 478 3836 614 3876; x_wconf 91' lang='lat' dir='ltr'><strong><em>cum</em></strong></span> <span class='ocrx_word' id='word_1_302' title='bbox 645 3815 890 3874; x_wconf 86' lang='lat' dir='ltr'><strong><em>0dilone</em></strong></span> <span class='ocrx_word' id='word_1_303' title='bbox 920 3814 1130 3870; x_wconf 87' lang='lat' dir='ltr'><strong><em>abbate</em></strong></span> <span class='ocrx_word' id='word_1_304' title='bbox 1155 3812 1520 3870; x_wconf 86' lang='lat' dir='ltr'><strong><em>Cluniacensi</em></strong></span> <span class='ocrx_word' id='word_1_305' title='bbox 1573 3817 1928 3870; x_wconf 76' lang='lat' dir='ltr'><strong><em>memoratur</em></strong></span> <span class='ocrx_word' id='word_1_306' title='bbox 1973 3814 2124 3872; x_wconf 87' lang='lat' dir='ltr'><strong><em>alius</em></strong></span> 
     </span>
    </p>
   </div>
   <div class='ocr_carea' id='block_1_43' title="bbox 481 3901 2126 3978">
    <p class='ocr_par' dir='ltr' id='par_1_43' title="bbox 481 3901 2126 3978">
     <span class='ocr_line' id='line_1_43' title="bbox 481 3901 2126 3978; baseline -0.002 -13"><span class='ocrx_word' id='word_1_307' title='bbox 481 3907 666 3975; x_wconf 88' lang='lat' dir='ltr'><strong><em>Odilo,</em></strong></span> <span class='ocrx_word' id='word_1_308' title='bbox 701 3904 799 3978; x_wconf 90' lang='lat' dir='ltr'><strong><em>qui</em></strong></span> <span class='ocrx_word' id='word_1_309' title='bbox 840 3903 1060 3960; x_wconf 87' lang='lat' dir='ltr'><strong><em>scilicet</em></strong></span> <span class='ocrx_word' id='word_1_310' title='bbox 1107 3901 1553 3960; x_wconf 81' lang='lat' dir='ltr'><strong><em>Celsiniacensis</em></strong></span> <span class='ocrx_word' id='word_1_311' title='bbox 1599 3903 1936 3960; x_wconf 87' lang='lat' dir='ltr'><strong><em>monasterii</em></strong></span> <span class='ocrx_word' id='word_1_312' title='bbox 1986 3909 2126 3961; x_wconf 89' lang='lat' dir='ltr'><strong><em>tunc</em></strong></span> 
     </span>
    </p>
   </div>
   <div class='ocr_carea' id='block_1_44' title="bbox 481 3991 2124 4068">
    <p class='ocr_par' dir='ltr' id='par_1_44' title="bbox 481 3991 2124 4068">
     <span class='ocr_line' id='line_1_44' title="bbox 481 3991 2124 4068; baseline -0.003 -14"><span class='ocrx_word' id='word_1_313' title='bbox 481 3999 608 4054; x_wconf 87' lang='lat' dir='ltr'><strong><em>erat</em></strong></span> <span class='ocrx_word' id='word_1_314' title='bbox 642 3993 832 4068; x_wconf 86' lang='lat' dir='ltr'><strong><em>prior;</em></strong></span> <span class='ocrx_word' id='word_1_315' title='bbox 866 4009 1066 4066; x_wconf 88' lang='lat' dir='ltr'><strong><em>quare,</em></strong></span> <span class='ocrx_word' id='word_1_316' title='bbox 1091 3992 1138 4046; x_wconf 88' lang='lat' dir='ltr'><strong><em>si</em></strong></span> <span class='ocrx_word' id='word_1_317' title='bbox 1173 3991 1525 4064; x_wconf 82' lang='lat' dir='ltr'><strong><em>quandoque</em></strong></span> <span class='ocrx_word' id='word_1_318' title='bbox 1555 3995 1866 4048; x_wconf 87' lang='lat' dir='ltr'><strong><em>occurrant</em></strong></span> <span class='ocrx_word' id='word_1_319' title='bbox 1913 3992 2124 4049; x_wconf 71' lang='lat' dir='ltr'><strong><em>charta:</em></strong></span> 
     </span>
    </p>
   </div>
   <div class='ocr_carea' id='block_1_45' title="bbox 479 4078 2124 4155">
    <p class='ocr_par' dir='ltr' id='par_1_45' title="bbox 479 4078 2124 4155">
     <span class='ocr_line' id='line_1_45' title="bbox 479 4078 2124 4155; baseline -0.003 -12"><span class='ocrx_word' id='word_1_320' title='bbox 479 4083 744 4144; x_wconf 89' lang='lat' dir='ltr'><strong><em>0dilonis</em></strong></span> <span class='ocrx_word' id='word_1_321' title='bbox 771 4098 984 4138; x_wconf 85' lang='lat' dir='ltr'><strong><em>nomen</em></strong></span> <span class='ocrx_word' id='word_1_322' title='bbox 1015 4081 1404 4154; x_wconf 63' lang='lat' dir='ltr'><strong><em>presterentes,</em></strong></span> <span class='ocrx_word' id='word_1_323' title='bbox 1437 4078 1684 4152; x_wconf 86' lang='lat' dir='ltr'><strong><em>quarum</em></strong></span> <span class='ocrx_word' id='word_1_324' title='bbox 1732 4079 2124 4155; x_wconf 87' lang='lat' dir='ltr'><strong><em>chronologici</em></strong></span> 
     </span>
    </p>
   </div>
   <div class='ocr_carea' id='block_1_46' title="bbox 477 4169 2124 4231">
    <p class='ocr_par' dir='ltr' id='par_1_46' title="bbox 477 4169 2124 4231">
     <span class='ocr_line' id='line_1_46' title="bbox 477 4169 2124 4231; baseline -0.001 0"><span class='ocrx_word' id='word_1_325' title='bbox 477 4175 842 4231; x_wconf 90' lang='lat' dir='ltr'><strong><em>characteres</em></strong></span> <span class='ocrx_word' id='word_1_326' title='bbox 889 4187 1024 4226; x_wconf 91' lang='lat' dir='ltr'><strong><em>cum</em></strong></span> <span class='ocrx_word' id='word_1_327' title='bbox 1072 4169 1259 4226; x_wconf 88' lang='lat' dir='ltr'><strong><em>sancti</em></strong></span> <span class='ocrx_word' id='word_1_328' title='bbox 1292 4169 1556 4226; x_wconf 90' lang='lat' dir='ltr'><strong><em>0dilonis</em></strong></span> <span class='ocrx_word' id='word_1_329' title='bbox 1609 4173 1776 4225; x_wconf 76' lang='lat' dir='ltr'><strong><em>aetate</em></strong></span> <span class='ocrx_word' id='word_1_330' title='bbox 1823 4187 1940 4226; x_wconf 90' lang='lat' dir='ltr'><strong><em>non</em></strong></span> <span class='ocrx_word' id='word_1_331' title='bbox 1981 4173 2124 4230; x_wconf 87' lang='lat' dir='ltr'><strong><em>satis</em></strong></span> 
     </span>
    </p>
   </div>
   <div class='ocr_carea' id='block_1_47' title="bbox 477 4257 2120 4330">
    <p class='ocr_par' dir='ltr' id='par_1_47' title="bbox 477 4257 2120 4330">
     <span class='ocr_line' id='line_1_47' title="bbox 477 4257 2120 4330; baseline -0.002 -10"><span class='ocrx_word' id='word_1_332' title='bbox 477 4262 824 4329; x_wconf 62' lang='lat' dir='ltr'><strong><em>cohaereant,</em></strong></span> <span class='ocrx_word' id='word_1_333' title='bbox 858 4277 974 4316; x_wconf 90' lang='lat' dir='ltr'><strong><em>non</em></strong></span> <span class='ocrx_word' id='word_1_334' title='bbox 1007 4263 1148 4316; x_wconf 91' lang='lat' dir='ltr'><strong><em>sunt</em></strong></span> <span class='ocrx_word' id='word_1_335' title='bbox 1176 4259 1250 4314; x_wconf 94' lang='lat' dir='ltr'><strong><em>ob</em></strong></span> <span class='ocrx_word' id='word_1_336' title='bbox 1281 4257 1338 4314; x_wconf 89' lang='lat' dir='ltr'><strong><em>id</em></strong></span> <span class='ocrx_word' id='word_1_337' title='bbox 1367 4257 1428 4314; x_wconf 91' lang='lat' dir='ltr'><strong><em>in</em></strong></span> <span class='ocrx_word' id='word_1_338' title='bbox 1468 4257 1714 4314; x_wconf 89' lang='lat' dir='ltr'><strong><em>dubium</em></strong></span> <span class='ocrx_word' id='word_1_339' title='bbox 1765 4261 2120 4330; x_wconf 66' lang='lat' dir='ltr'><strong><em>revocandae,</em></strong></span> 
     </span>
    </p>
   </div>
   <div class='ocr_carea' id='block_1_48' title="bbox 476 4347 2122 4420">
    <p class='ocr_par' dir='ltr' id='par_1_48' title="bbox 476 4347 2122 4420">
     <span class='ocr_line' id='line_1_48' title="bbox 476 4347 2122 4420; baseline -0.002 -10"><span class='ocrx_word' id='word_1_340' title='bbox 476 4352 579 4410; x_wconf 87' lang='lat' dir='ltr'><strong><em>sed</em></strong></span> <span class='ocrx_word' id='word_1_341' title='bbox 609 4351 931 4406; x_wconf 62' lang='lat' dir='ltr'><strong><em>tribuenda</em></strong></span> <span class='ocrx_word' id='word_1_342' title='bbox 985 4347 1214 4405; x_wconf 90' lang='lat' dir='ltr'><strong><em>Odiloni</em></strong></span> <span class='ocrx_word' id='word_1_343' title='bbox 1273 4347 1471 4420; x_wconf 86' lang='lat' dir='ltr'><strong><em>priori.</em></strong></span> <span class='ocrx_word' id='word_1_344' title='bbox 1533 4347 1717 4402; x_wconf 90' lang='lat' dir='ltr'><strong><em>Unam</em></strong></span> <span class='ocrx_word' id='word_1_345' title='bbox 1781 4347 2122 4418; x_wconf 85' lang='lat' dir='ltr'><strong><em>hujusmodi</em></strong></span> 
     </span>
    </p>
   </div>
   <div class='ocr_carea' id='block_1_49' title="bbox 2225 435 3783 517">
    <p class='ocr_par' dir='ltr' id='par_1_49' title="bbox 2225 435 3783 517">
     <span class='ocr_line' id='line_1_49' title="bbox 2225 435 3783 517; baseline 0.008 -25"><span class='ocrx_word' id='word_1_346' title='bbox 2225 435 2352 510; x_wconf 88' lang='lat' dir='ltr'><strong><em>ipse</em></strong></span> <span class='ocrx_word' id='word_1_347' title='bbox 2383 439 2610 495; x_wconf 87' lang='lat' dir='ltr'><strong><em>studuit</em></strong></span> <span class='ocrx_word' id='word_1_348' title='bbox 2627 439 2930 495; x_wconf 85' lang='lat' dir='ltr'><strong><em>humiliter</em></strong></span> <span class='ocrx_word' id='word_1_349' title='bbox 2945 451 3219 517; x_wconf 66' lang='lat' dir='ltr'><strong><em>quaerere,</em></strong></span> <span class='ocrx_word' id='word_1_350' title='bbox 3239 457 3438 514; x_wconf 85' lang='lat' dir='ltr'><strong><em>rogans</em></strong></span> <span class='ocrx_word' id='word_1_351' title='bbox 3461 445 3514 498; x_wconf 82' lang='lat' dir='ltr'><strong><em>et</em></strong></span> <span class='ocrx_word' id='word_1_352' title='bbox 3533 442 3783 504; x_wconf 71' lang='lat' dir='ltr'><strong><em>obsecrans</em></strong></span> 
     </span>
    </p>
   </div>
   <div class='ocr_carea' id='block_1_50' title="bbox 2231 527 3782 600">
    <p class='ocr_par' dir='ltr' id='par_1_50' title="bbox 2231 527 3782 600">
     <span class='ocr_line' id='line_1_50' title="bbox 2231 527 3782 600; baseline 0.006 -19"><span class='ocrx_word' id='word_1_353' title='bbox 2231 531 2294 582; x_wconf 88' lang='lat' dir='ltr'><strong><em>ut</em></strong></span> <span class='ocrx_word' id='word_1_354' title='bbox 2323 527 2756 600; x_wconf 86' lang='lat' dir='ltr'><strong><em>susciperemus</em></strong></span> <span class='ocrx_word' id='word_1_355' title='bbox 2785 545 2918 585; x_wconf 90' lang='lat' dir='ltr'><strong><em>eum</em></strong></span> <span class='ocrx_word' id='word_1_356' title='bbox 2965 529 3024 584; x_wconf 92' lang='lat' dir='ltr'><strong><em>in</em></strong></span> <span class='ocrx_word' id='word_1_357' title='bbox 3057 528 3322 586; x_wconf 86' lang='lat' dir='ltr'><strong><em>societate</em></strong></span> <span class='ocrx_word' id='word_1_358' title='bbox 3351 529 3571 585; x_wconf 77' lang='lat' dir='ltr'><strong><em>fratrum</em></strong></span> <span class='ocrx_word' id='word_1_359' title='bbox 3611 537 3782 590; x_wconf 85' lang='lat' dir='ltr'><strong><em>nostro-</em></strong></span> 
     </span>
    </p>
   </div>
   <div class='ocr_carea' id='block_1_51' title="bbox 2229 618 3782 690">
    <p class='ocr_par' dir='ltr' id='par_1_51' title="bbox 2229 618 3782 690">
     <span class='ocr_line' id='line_1_51' title="bbox 2229 618 3782 690; baseline 0.006 -20"><span class='ocrx_word' id='word_1_360' title='bbox 2229 633 2382 684; x_wconf 90' lang='lat' dir='ltr'><strong><em>rum,</em></strong></span> <span class='ocrx_word' id='word_1_361' title='bbox 2417 620 2475 672; x_wconf 90' lang='lat' dir='ltr'><strong><em>et</em></strong></span> <span class='ocrx_word' id='word_1_362' title='bbox 2504 622 2729 689; x_wconf 84' lang='lat' dir='ltr'><strong><em>patrem</em></strong></span> <span class='ocrx_word' id='word_1_363' title='bbox 2762 618 2890 690; x_wconf 88' lang='lat' dir='ltr'><strong><em>ejus</em></strong></span> <span class='ocrx_word' id='word_1_364' title='bbox 2921 621 2979 672; x_wconf 86' lang='lat' dir='ltr'><strong><em>et</em></strong></span> <span class='ocrx_word' id='word_1_365' title='bbox 3007 622 3250 674; x_wconf 84' lang='lat' dir='ltr'><strong><em>matrem</em></strong></span> <span class='ocrx_word' id='word_1_366' title='bbox 3281 621 3337 674; x_wconf 89' lang='lat' dir='ltr'><strong><em>et</em></strong></span> <span class='ocrx_word' id='word_1_367' title='bbox 3372 619 3574 680; x_wconf 77' lang='lat' dir='ltr'><strong><em>fratres.</em></strong></span> <span class='ocrx_word' id='word_1_368' title='bbox 3605 635 3782 680; x_wconf 79' lang='lat' dir='ltr'><strong><em>eorum-</em></strong></span> 
     </span>
    </p>
   </div>
   <div class='ocr_carea' id='block_1_52' title="bbox 2229 707 3785 778">
    <p class='ocr_par' dir='ltr' id='par_1_52' title="bbox 2229 707 3785 778">
     <span class='ocr_line' id='line_1_52' title="bbox 2229 707 3785 778; baseline 0.003 -18"><span class='ocrx_word' id='word_1_369' title='bbox 2229 721 2342 778; x_wconf 90' lang='lat' dir='ltr'><strong><em>que</em></strong></span> <span class='ocrx_word' id='word_1_370' title='bbox 2373 711 2662 778; x_wconf 87' lang='lat' dir='ltr'><strong><em>parentes.</em></strong></span> <span class='ocrx_word' id='word_1_371' title='bbox 2698 708 2814 762; x_wconf 89' lang='lat' dir='ltr'><strong><em>Nos</em></strong></span> <span class='ocrx_word' id='word_1_372' title='bbox 2855 724 3008 774; x_wconf 90' lang='lat' dir='ltr'><strong><em>vero,</em></strong></span> <span class='ocrx_word' id='word_1_373' title='bbox 3043 707 3115 762; x_wconf 90' lang='lat' dir='ltr'><strong><em>ad</em></strong></span> <span class='ocrx_word' id='word_1_374' title='bbox 3165 710 3354 763; x_wconf 87' lang='lat' dir='ltr'><strong><em>votum</em></strong></span> <span class='ocrx_word' id='word_1_375' title='bbox 3385 707 3501 778; x_wconf 88' lang='lat' dir='ltr'><strong><em>ejus</em></strong></span> <span class='ocrx_word' id='word_1_376' title='bbox 3528 710 3580 763; x_wconf 87' lang='lat' dir='ltr'><strong><em>et</em></strong></span> <span class='ocrx_word' id='word_1_377' title='bbox 3613 707 3785 765; x_wconf 80' lang='lat' dir='ltr'><strong><em>deside-</em></strong></span> 
     </span>
    </p>
   </div>
   <div class='ocr_carea' id='block_1_53' title="bbox 2229 793 3787 863">
    <p class='ocr_par' dir='ltr' id='par_1_53' title="bbox 2229 793 3787 863">
     <span class='ocr_line' id='line_1_53' title="bbox 2229 793 3787 863; baseline 0.003 -13"><span class='ocrx_word' id='word_1_378' title='bbox 2229 793 2382 850; x_wconf 88' lang='lat' dir='ltr'><strong><em>rium</em></strong></span> <span class='ocrx_word' id='word_1_379' title='bbox 2414 797 2803 863; x_wconf 82' lang='lat' dir='ltr'><strong><em>attendentes,</em></strong></span> <span class='ocrx_word' id='word_1_380' title='bbox 2837 813 2937 852; x_wconf 91' lang='lat' dir='ltr'><strong><em>eos</em></strong></span> <span class='ocrx_word' id='word_1_381' title='bbox 2967 796 3027 852; x_wconf 92' lang='lat' dir='ltr'><strong><em>in</em></strong></span> <span class='ocrx_word' id='word_1_382' title='bbox 3059 800 3258 852; x_wconf 84' lang='lat' dir='ltr'><strong><em>nostra</em></strong></span> <span class='ocrx_word' id='word_1_383' title='bbox 3286 795 3544 850; x_wconf 87' lang='lat' dir='ltr'><strong><em>societate</em></strong></span> <span class='ocrx_word' id='word_1_384' title='bbox 3567 797 3787 854; x_wconf 84' lang='lat' dir='ltr'><strong><em>ctfratcr-</em></strong></span> 
     </span>
    </p>
   </div>
   <div class='ocr_carea' id='block_1_54' title="bbox 2229 883 3788 958">
    <p class='ocr_par' dir='ltr' id='par_1_54' title="bbox 2229 883 3788 958">
     <span class='ocr_line' id='line_1_54' title="bbox 2229 883 3788 958; baseline 0.001 -20"><span class='ocrx_word' id='word_1_385' title='bbox 2229 883 2408 939; x_wconf 87' lang='lat' dir='ltr'><strong><em>nitate</em></strong></span> <span class='ocrx_word' id='word_1_386' title='bbox 2435 883 2826 957; x_wconf 86' lang='lat' dir='ltr'><strong><em>suscepimus,</em></strong></span> <span class='ocrx_word' id='word_1_387' title='bbox 2859 889 3150 958; x_wconf 88' lang='lat' dir='ltr'><strong><em>optantes,</em></strong></span> <span class='ocrx_word' id='word_1_388' title='bbox 3177 887 3404 939; x_wconf 84' lang='lat' dir='ltr'><strong><em>orantes</em></strong></span> <span class='ocrx_word' id='word_1_389' title='bbox 3417 887 3472 939; x_wconf 87' lang='lat' dir='ltr'><strong><em>et</em></strong></span> <span class='ocrx_word' id='word_1_390' title='bbox 3489 884 3788 947; x_wconf 72' lang='lat' dir='ltr'><strong><em>obsecrantes</em></strong></span> 
     </span>
    </p>
   </div>
   <div class='ocr_carea' id='block_1_55' title="bbox 2229 971 3788 1048">
    <p class='ocr_par' dir='ltr' id='par_1_55' title="bbox 2229 971 3788 1048">
     <span class='ocr_line' id='line_1_55' title="bbox 2229 971 3788 1048; baseline 0.002 -20"><span class='ocrx_word' id='word_1_391' title='bbox 2229 977 2295 1028; x_wconf 90' lang='lat' dir='ltr'><strong><em>ut</em></strong></span> <span class='ocrx_word' id='word_1_392' title='bbox 2322 971 2382 1028; x_wconf 90' lang='lat' dir='ltr'><strong><em>in</em></strong></span> <span class='ocrx_word' id='word_1_393' title='bbox 2412 973 2688 1028; x_wconf 90' lang='lat' dir='ltr'><strong><em>omnibus</em></strong></span> <span class='ocrx_word' id='word_1_394' title='bbox 2718 991 2846 1048; x_wconf 72' lang='lat' dir='ltr'><strong><em>qua:</em></strong></span> <span class='ocrx_word' id='word_1_395' title='bbox 2877 990 3046 1048; x_wconf 85' lang='lat' dir='ltr'><strong><em>agere</em></strong></span> <span class='ocrx_word' id='word_1_396' title='bbox 3062 973 3150 1030; x_wconf 87' lang='lat' dir='ltr'><strong><em>vel</em></strong></span> <span class='ocrx_word' id='word_1_397' title='bbox 3181 973 3366 1029; x_wconf 88' lang='lat' dir='ltr'><strong><em>dicere</em></strong></span> <span class='ocrx_word' id='word_1_398' title='bbox 3386 973 3788 1045; x_wconf 82' lang='lat' dir='ltr'><strong><em>potucrimusnos</em></strong></span> 
     </span>
    </p>
   </div>
   <div class='ocr_carea' id='block_1_56' title="bbox 2229 1060 3789 1129">
    <p class='ocr_par' dir='ltr' id='par_1_56' title="bbox 2229 1060 3789 1129">
     <span class='ocr_line' id='line_1_56' title="bbox 2229 1060 3789 1129; baseline 0.001 -11"><span class='ocrx_word' id='word_1_399' title='bbox 2229 1065 2286 1118; x_wconf 89' lang='lat' dir='ltr'><strong><em>et</em></strong></span> <span class='ocrx_word' id='word_1_400' title='bbox 2341 1060 2534 1117; x_wconf 90' lang='lat' dir='ltr'><strong><em>omnis</em></strong></span> <span class='ocrx_word' id='word_1_401' title='bbox 2593 1067 2796 1118; x_wconf 86' lang='lat' dir='ltr'><strong><em>nostra</em></strong></span> <span class='ocrx_word' id='word_1_402' title='bbox 2852 1061 3210 1129; x_wconf 79' lang='lat' dir='ltr'><strong><em>fraternitas,</em></strong></span> <span class='ocrx_word' id='word_1_403' title='bbox 3269 1061 3628 1117; x_wconf 82' lang='lat' dir='ltr'><strong><em>intercedente</em></strong></span> <span class='ocrx_word' id='word_1_404' title='bbox 3665 1062 3789 1120; x_wconf 76' lang='lat' dir='ltr'><strong><em>beato</em></strong></span> 
     </span>
    </p>
   </div>
   <div class='ocr_carea' id='block_1_57' title="bbox 2230 1143 3790 1222">
    <p class='ocr_par' dir='ltr' id='par_1_57' title="bbox 2230 1143 3790 1222">
     <span class='ocr_line' id='line_1_57' title="bbox 2230 1143 3790 1222; baseline 0 -16"><span class='ocrx_word' id='word_1_405' title='bbox 2230 1151 2394 1207; x_wconf 87' lang='lat' dir='ltr'><strong><em>Petro</em></strong></span> <span class='ocrx_word' id='word_1_406' title='bbox 2425 1150 2684 1222; x_wconf 86' lang='lat' dir='ltr'><strong><em>apostolo</em></strong></span> <span class='ocrx_word' id='word_1_407' title='bbox 2727 1154 2784 1207; x_wconf 89' lang='lat' dir='ltr'><strong><em>et</em></strong></span> <span class='ocrx_word' id='word_1_408' title='bbox 2825 1143 3100 1208; x_wconf 87' lang='lat' dir='ltr'><strong><em>omnibus</em></strong></span> <span class='ocrx_word' id='word_1_409' title='bbox 3148 1149 3386 1212; x_wconf 87' lang='lat' dir='ltr'><strong><em>sanctis,</em></strong></span> <span class='ocrx_word' id='word_1_410' title='bbox 3434 1153 3630 1222; x_wconf 83' lang='lat' dir='ltr'><strong><em>partem</em></strong></span> <span class='ocrx_word' id='word_1_411' title='bbox 3669 1150 3790 1208; x_wconf 83' lang='lat' dir='ltr'><strong><em>eiset</em></strong></span> 
     </span>
    </p>
   </div>
   <div class='ocr_carea' id='block_1_58' title="bbox 2231 1238 3792 1313">
    <p class='ocr_par' dir='ltr' id='par_1_58' title="bbox 2231 1238 3792 1313">
     <span class='ocr_line' id='line_1_58' title="bbox 2231 1238 3792 1313; baseline -0.001 -18"><span class='ocrx_word' id='word_1_412' title='bbox 2231 1238 2565 1295; x_wconf 89' lang='lat' dir='ltr'><strong><em>societatem</em></strong></span> <span class='ocrx_word' id='word_1_413' title='bbox 2621 1241 2901 1296; x_wconf 86' lang='lat' dir='ltr'><strong><em>concedat</em></strong></span> <span class='ocrx_word' id='word_1_414' title='bbox 2950 1241 3320 1313; x_wconf 88' lang='lat' dir='ltr'><strong><em>omnipotens</em></strong></span> <span class='ocrx_word' id='word_1_415' title='bbox 3365 1238 3640 1306; x_wconf 85' lang='lat' dir='ltr'><strong><em>Dominus,</em></strong></span> <span class='ocrx_word' id='word_1_416' title='bbox 3680 1243 3792 1294; x_wconf 83' lang='lat' dir='ltr'><strong><em>utet</em></strong></span> 
     </span>
    </p>
   </div>
   <div class='ocr_carea' id='block_1_59' title="bbox 2228 1327 3796 1402">
    <p class='ocr_par' dir='ltr' id='par_1_59' title="bbox 2228 1327 3796 1402">
     <span class='ocr_line' id='line_1_59' title="bbox 2228 1327 3796 1402; baseline -0.001 -18"><span class='ocrx_word' id='word_1_417' title='bbox 2228 1328 2374 1384; x_wconf 90' lang='lat' dir='ltr'><strong><em>vivis</em></strong></span> <span class='ocrx_word' id='word_1_418' title='bbox 2405 1329 2663 1402; x_wconf 89' lang='lat' dir='ltr'><strong><em>spatium</em></strong></span> <span class='ocrx_word' id='word_1_419' title='bbox 2717 1329 3070 1402; x_wconf 68' lang='lat' dir='ltr'><strong><em>pmnitentim</em></strong></span> <span class='ocrx_word' id='word_1_420' title='bbox 3119 1333 3176 1384; x_wconf 90' lang='lat' dir='ltr'><strong><em>et</em></strong></span> <span class='ocrx_word' id='word_1_421' title='bbox 3205 1327 3606 1401; x_wconf 80' lang='lat' dir='ltr'><strong><em>indulgentiam</em></strong></span> <span class='ocrx_word' id='word_1_422' title='bbox 3648 1344 3796 1400; x_wconf 81' lang='lat' dir='ltr'><strong><em>pecca-</em></strong></span> 
     </span>
    </p>
   </div>
   <div class='ocr_carea' id='block_1_60' title="bbox 2231 1415 3794 1489">
    <p class='ocr_par' dir='ltr' id='par_1_60' title="bbox 2231 1415 3794 1489">
     <span class='ocr_line' id='line_1_60' title="bbox 2231 1415 3794 1489; baseline 0 -17"><span class='ocrx_word' id='word_1_423' title='bbox 2231 1421 2422 1473; x_wconf 89' lang='lat' dir='ltr'><strong><em>torum</em></strong></span> <span class='ocrx_word' id='word_1_424' title='bbox 2473 1419 2772 1484; x_wconf 87' lang='lat' dir='ltr'><strong><em>conccdat,</em></strong></span> <span class='ocrx_word' id='word_1_425' title='bbox 2823 1421 2880 1474; x_wconf 89' lang='lat' dir='ltr'><strong><em>et</em></strong></span> <span class='ocrx_word' id='word_1_426' title='bbox 2927 1417 3222 1474; x_wconf 83' lang='lat' dir='ltr'><strong><em>defunctis</em></strong></span> <span class='ocrx_word' id='word_1_427' title='bbox 3278 1415 3530 1489; x_wconf 86' lang='lat' dir='ltr'><strong><em>requiem</em></strong></span> <span class='ocrx_word' id='word_1_428' title='bbox 3574 1421 3623 1473; x_wconf 84' lang='lat' dir='ltr'><strong><em>et</em></strong></span> <span class='ocrx_word' id='word_1_429' title='bbox 3663 1417 3794 1473; x_wconf 72' lang='lat' dir='ltr'><strong><em>vitam</em></strong></span> 
     </span>
    </p>
   </div>
   <div class='ocr_carea' id='block_1_61' title="bbox 2231 1505 3797 1579">
    <p class='ocr_par' dir='ltr' id='par_1_61' title="bbox 2231 1505 3797 1579">
     <span class='ocr_line' id='line_1_61' title="bbox 2231 1505 3797 1579; baseline -0.001 -17"><span class='ocrx_word' id='word_1_430' title='bbox 2231 1507 2490 1563; x_wconf 84' lang='lat' dir='ltr'><strong><em>conferat</em></strong></span> <span class='ocrx_word' id='word_1_431' title='bbox 2565 1506 3004 1579; x_wconf 84' lang='lat' dir='ltr'><strong><em>sempiternam.</em></strong></span> <span class='ocrx_word' id='word_1_432' title='bbox 3087 1505 3146 1562; x_wconf 93' lang='lat' dir='ltr'><strong><em>Si</em></strong></span> <span class='ocrx_word' id='word_1_433' title='bbox 3226 1505 3323 1562; x_wconf 87' lang='lat' dir='ltr'><strong><em>ille</em></strong></span> <span class='ocrx_word' id='word_1_434' title='bbox 3396 1506 3578 1560; x_wconf 86' lang='lat' dir='ltr'><strong><em>scuior</em></strong></span> <span class='ocrx_word' id='word_1_435' title='bbox 3642 1505 3797 1560; x_wconf 67' lang='lat' dir='ltr'><strong><em>domus</em></strong></span> 
     </span>
    </p>
   </div>
   <div class='ocr_carea' id='block_1_62' title="bbox 2230 1592 3796 1660">
    <p class='ocr_par' dir='ltr' id='par_1_62' title="bbox 2230 1592 3796 1660">
     <span class='ocr_line' id='line_1_62' title="bbox 2230 1592 3796 1660; baseline -0.003 -8"><span class='ocrx_word' id='word_1_436' title='bbox 2230 1597 2517 1652; x_wconf 82' lang='lat' dir='ltr'><strong><em>Robertus</em></strong></span> <span class='ocrx_word' id='word_1_437' title='bbox 2574 1595 2899 1652; x_wconf 86' lang='lat' dir='ltr'><strong><em>monastico</em></strong></span> <span class='ocrx_word' id='word_1_438' title='bbox 2956 1595 3147 1652; x_wconf 89' lang='lat' dir='ltr'><strong><em>ordini</em></strong></span> <span class='ocrx_word' id='word_1_439' title='bbox 3211 1611 3273 1650; x_wconf 91' lang='lat' dir='ltr'><strong><em>se</em></strong></span> <span class='ocrx_word' id='word_1_440' title='bbox 3328 1594 3537 1651; x_wconf 88' lang='lat' dir='ltr'><strong><em>sociare</em></strong></span> <span class='ocrx_word' id='word_1_441' title='bbox 3591 1592 3796 1660; x_wconf 86' lang='lat' dir='ltr'><strong><em>voluerit,</em></strong></span> 
     </span>
    </p>
   </div>
   <div class='ocr_carea' id='block_1_63' title="bbox 2229 1683 3798 1757">
    <p class='ocr_par' dir='ltr' id='par_1_63' title="bbox 2229 1683 3798 1757">
     <span class='ocr_line' id='line_1_63' title="bbox 2229 1683 3798 1757; baseline -0.003 -17"><span class='ocrx_word' id='word_1_442' title='bbox 2229 1685 2450 1740; x_wconf 89' lang='lat' dir='ltr'><strong><em>orando</em></strong></span> <span class='ocrx_word' id='word_1_443' title='bbox 2501 1684 2893 1756; x_wconf 68' lang='lat' dir='ltr'><strong><em>praecipimus,</em></strong></span> <span class='ocrx_word' id='word_1_444' title='bbox 2939 1688 2996 1740; x_wconf 89' lang='lat' dir='ltr'><strong><em>et</em></strong></span> <span class='ocrx_word' id='word_1_445' title='bbox 3045 1683 3430 1757; x_wconf 82' lang='lat' dir='ltr'><strong><em>praecipiendo</em></strong></span> <span class='ocrx_word' id='word_1_446' title='bbox 3484 1699 3718 1757; x_wconf 86' lang='lat' dir='ltr'><strong><em>rogamus</em></strong></span> <span class='ocrx_word' id='word_1_447' title='bbox 3753 1687 3798 1736; x_wconf 89' lang='lat' dir='ltr'><strong><em>ut</em></strong></span> 
     </span>
    </p>
   </div>
   <div class='ocr_carea' id='block_1_64' title="bbox 2231 1771 3796 1844">
    <p class='ocr_par' dir='ltr' id='par_1_64' title="bbox 2231 1771 3796 1844">
     <span class='ocr_line' id='line_1_64' title="bbox 2231 1771 3796 1844; baseline -0.002 -15"><span class='ocrx_word' id='word_1_448' title='bbox 2231 1791 2365 1829; x_wconf 92' lang='lat' dir='ltr'><strong><em>cum</em></strong></span> <span class='ocrx_word' id='word_1_449' title='bbox 2398 1771 2637 1828; x_wconf 89' lang='lat' dir='ltr'><strong><em>caritate</em></strong></span> <span class='ocrx_word' id='word_1_450' title='bbox 2661 1772 3039 1844; x_wconf 87' lang='lat' dir='ltr'><strong><em>suscipiatur,</em></strong></span> <span class='ocrx_word' id='word_1_451' title='bbox 3086 1777 3144 1828; x_wconf 85' lang='lat' dir='ltr'><strong><em>ct</em></strong></span> <span class='ocrx_word' id='word_1_452' title='bbox 3188 1789 3325 1828; x_wconf 91' lang='lat' dir='ltr'><strong><em>cum</em></strong></span> <span class='ocrx_word' id='word_1_453' title='bbox 3373 1771 3576 1828; x_wconf 87' lang='lat' dir='ltr'><strong><em>honore</em></strong></span> <span class='ocrx_word' id='word_1_454' title='bbox 3617 1775 3665 1826; x_wconf 87' lang='lat' dir='ltr'><strong><em>et</em></strong></span> <span class='ocrx_word' id='word_1_455' title='bbox 3686 1787 3796 1826; x_wconf 76' lang='lat' dir='ltr'><strong><em>reve-</em></strong></span> 
     </span>
    </p>
   </div>
   <div class='ocr_carea' id='block_1_65' title="bbox 2230 1858 3797 1934">
    <p class='ocr_par' dir='ltr' id='par_1_65' title="bbox 2230 1858 3797 1934">
     <span class='ocr_line' id='line_1_65' title="bbox 2230 1858 3797 1934; baseline -0.004 -16"><span class='ocrx_word' id='word_1_456' title='bbox 2230 1861 2418 1918; x_wconf 89' lang='lat' dir='ltr'><strong><em>rentia</em></strong></span> <span class='ocrx_word' id='word_1_457' title='bbox 2473 1865 2772 1918; x_wconf 84' lang='lat' dir='ltr'><strong><em>tractetur.</em></strong></span> <span class='ocrx_word' id='word_1_458' title='bbox 2833 1861 2893 1916; x_wconf 89' lang='lat' dir='ltr'><strong><em>Si</em></strong></span> <span class='ocrx_word' id='word_1_459' title='bbox 2954 1861 3323 1934; x_wconf 87' lang='lat' dir='ltr'><strong><em>sepulturam</em></strong></span> <span class='ocrx_word' id='word_1_460' title='bbox 3381 1861 3439 1916; x_wconf 89' lang='lat' dir='ltr'><strong><em>in</em></strong></span> <span class='ocrx_word' id='word_1_461' title='bbox 3483 1863 3657 1916; x_wconf 82' lang='lat' dir='ltr'><strong><em>nostro</em></strong></span> <span class='ocrx_word' id='word_1_462' title='bbox 3709 1858 3797 1916; x_wconf 87' lang='lat' dir='ltr'><strong><em>loco</em></strong></span> 
     </span>
    </p>
   </div>
   <div class='ocr_carea' id='block_1_66' title="bbox 2231 1937 3797 2022">
    <p class='ocr_par' dir='ltr' id='par_1_66' title="bbox 2231 1937 3797 2022">
     <span class='ocr_line' id='line_1_66' title="bbox 2231 1937 3797 2022; baseline -0.004 -16"><span class='ocrx_word' id='word_1_463' title='bbox 2231 1937 2450 2006; x_wconf 82' lang='lat' dir='ltr'><strong><em>habere</em></strong></span> <span class='ocrx_word' id='word_1_464' title='bbox 2501 1949 2772 2017; x_wconf 88' lang='lat' dir='ltr'><strong><em>voluerit,</em></strong></span> <span class='ocrx_word' id='word_1_465' title='bbox 2807 1949 2886 2006; x_wconf 91' lang='lat' dir='ltr'><strong><em>ibi</em></strong></span> <span class='ocrx_word' id='word_1_466' title='bbox 2939 1949 3262 2022; x_wconf 85' lang='lat' dir='ltr'><strong><em>sepeliatur</em></strong></span> <span class='ocrx_word' id='word_1_467' title='bbox 3307 1949 3406 2006; x_wconf 90' lang='lat' dir='ltr'><strong><em>ubi</em></strong></span> <span class='ocrx_word' id='word_1_468' title='bbox 3450 1949 3563 2021; x_wconf 88' lang='lat' dir='ltr'><strong><em>ipse</em></strong></span> <span class='ocrx_word' id='word_1_469' title='bbox 3597 1947 3797 2020; x_wconf 69' lang='lat' dir='ltr'><strong><em>jusserit.</em></strong></span> 
     </span>
    </p>
   </div>
   <div class='ocr_carea' id='block_1_67' title="bbox 2228 2038 3795 2112">
    <p class='ocr_par' dir='ltr' id='par_1_67' title="bbox 2228 2038 3795 2112">
     <span class='ocr_line' id='line_1_67' title="bbox 2228 2038 3795 2112; baseline -0.002 -18"><span class='ocrx_word' id='word_1_470' title='bbox 2228 2040 2297 2096; x_wconf 89' lang='lat' dir='ltr'><strong><em>V.</em></strong></span> <span class='ocrx_word' id='word_1_471' title='bbox 2334 2041 2496 2095; x_wconf 84' lang='lat' dir='ltr'><strong><em>Varia</em></strong></span> <span class='ocrx_word' id='word_1_472' title='bbox 2523 2041 2860 2096; x_wconf 80' lang='lat' dir='ltr'><strong><em>monasteria</em></strong></span> <span class='ocrx_word' id='word_1_473' title='bbox 2885 2055 2983 2112; x_wconf 80' lang='lat' dir='ltr'><strong><em>per</em></strong></span> <span class='ocrx_word' id='word_1_474' title='bbox 3009 2047 3260 2096; x_wconf 83' lang='lat' dir='ltr'><strong><em>sanctum</em></strong></span> <span class='ocrx_word' id='word_1_475' title='bbox 3299 2039 3566 2096; x_wconf 86' lang='lat' dir='ltr'><strong><em>0dilonem</em></strong></span> <span class='ocrx_word' id='word_1_476' title='bbox 3591 2038 3795 2101; x_wconf 77' lang='lat' dir='ltr'><strong><em>instituta,</em></strong></span> 
     </span>
    </p>
   </div>
   <div class='ocr_carea' id='block_1_68' title="bbox 2613 2131 3494 2201">
    <p class='ocr_par' dir='ltr' id='par_1_68' title="bbox 2613 2131 3494 2201">
     <span class='ocr_line' id='line_1_68' title="bbox 2613 2131 3494 2201; baseline -0.003 -16"><span class='ocrx_word' id='word_1_477' title='bbox 2613 2139 2710 2185; x_wconf 84' lang='lat' dir='ltr'><strong><em>aut</em></strong></span> <span class='ocrx_word' id='word_1_478' title='bbox 2734 2131 3007 2194; x_wconf 83' lang='lat' dir='ltr'><strong><em>restituta,</em></strong></span> <span class='ocrx_word' id='word_1_479' title='bbox 3037 2131 3150 2184; x_wconf 83' lang='lat' dir='ltr'><strong><em>sive</em></strong></span> <span class='ocrx_word' id='word_1_480' title='bbox 3178 2131 3494 2201; x_wconf 75' lang='lat' dir='ltr'><strong><em>reformata.</em></strong></span> 
     </span>
    </p>
   </div>
   <div class='ocr_carea' id='block_1_69' title="bbox 2299 2211 3795 2284">
    <p class='ocr_par' dir='ltr' id='par_1_69' title="bbox 2299 2211 3795 2284">
     <span class='ocr_line' id='line_1_69' title="bbox 2299 2211 3795 2284; baseline -0.003 -12"><span class='ocrx_word' id='word_1_481' title='bbox 2299 2219 2389 2272; x_wconf 89' lang='grc'><strong><em>70.</em></strong></span> <span class='ocrx_word' id='word_1_482' title='bbox 2449 2219 2583 2284; x_wconf 66' lang='lat' dir='ltr'><strong><em>Quae</em></strong></span> <span class='ocrx_word' id='word_1_483' title='bbox 2637 2216 2994 2274; x_wconf 87' lang='lat' dir='ltr'><strong><em>monasteria</em></strong></span> <span class='ocrx_word' id='word_1_484' title='bbox 3051 2233 3206 2272; x_wconf 90' lang='lat' dir='ltr'><strong><em>anno</em></strong></span> <span class='ocrx_word' id='word_1_485' title='bbox 3249 2217 3358 2272; x_wconf 85' lang='lat'>996</span> <span class='ocrx_word' id='word_1_486' title='bbox 3407 2211 3795 2272; x_wconf 81' lang='lat' dir='ltr'><strong><em>Cluniacensiam</em></strong></span> 
     </span>
    </p>
   </div>
   <div class='ocr_carea' id='block_1_70' title="bbox 2231 2295 3911 2378">
    <p class='ocr_par' dir='ltr' id='par_1_70' title="bbox 2231 2295 3911 2378">
     <span class='ocr_line' id='line_1_70' title="bbox 2231 2295 3911 2378; baseline -0.004 -16"><span class='ocrx_word' id='word_1_487' title='bbox 2231 2295 2508 2362; x_wconf 87' lang='lat' dir='ltr'><strong><em>abbatum</em></strong></span> <span class='ocrx_word' id='word_1_488' title='bbox 2533 2305 2929 2378; x_wconf 85' lang='lat' dir='ltr'><strong><em>jurisdictioni</em></strong></span> <span class='ocrx_word' id='word_1_489' title='bbox 2960 2311 3160 2362; x_wconf 85' lang='lat' dir='ltr'><strong><em>essent</em></strong></span> <span class='ocrx_word' id='word_1_490' title='bbox 3191 2307 3474 2376; x_wconf 88' lang='lat' dir='ltr'><strong><em>subjecta,</em></strong></span> <span class='ocrx_word' id='word_1_491' title='bbox 3507 2304 3740 2360; x_wconf 79' lang='lat' dir='ltr'><strong><em>discimus</em></strong></span> <span class='ocrx_word' id='word_1_492' title='bbox 3754 2317 3800 2357; x_wconf 75' lang='lat' dir='ltr'><strong><em>ex</em></strong></span> 
     </span>
    </p>
   </div>
   <div class='ocr_carea' id='block_1_71' title="bbox 2231 2390 3798 2468">
    <p class='ocr_par' dir='ltr' id='par_1_71' title="bbox 2231 2390 3798 2468">
     <span class='ocr_line' id='line_1_71' title="bbox 2231 2390 3798 2468; baseline -0.003 -18"><span class='ocrx_word' id='word_1_493' title='bbox 2231 2395 2392 2451; x_wconf 88' lang='lat' dir='ltr'><strong><em>bulla</em></strong></span> <span class='ocrx_word' id='word_1_494' title='bbox 2447 2395 2708 2468; x_wconf 78' lang='lat' dir='ltr'><strong><em>Gregorii</em></strong></span> <span class='ocrx_word' id='word_1_495' title='bbox 2751 2395 2820 2462; x_wconf 86' lang='lat' dir='ltr'><strong><em>V,</em></strong></span> <span class='ocrx_word' id='word_1_496' title='bbox 2873 2395 3170 2468; x_wconf 84' lang='lat' dir='ltr'><strong><em>pontiﬁcis</em></strong></span> <span class='ocrx_word' id='word_1_497' title='bbox 3220 2395 3478 2462; x_wconf 87' lang='lat' dir='ltr'><strong><em>maximi,</em></strong></span> <span class='ocrx_word' id='word_1_498' title='bbox 3509 2393 3563 2448; x_wconf 92' lang='lat' dir='ltr'><strong><em>in</em></strong></span> <span class='ocrx_word' id='word_1_499' title='bbox 3605 2390 3798 2449; x_wconf 79' lang='lat' dir='ltr'><strong><em>Bullario</em></strong></span> 
     </span>
    </p>
   </div>
   <div class='ocr_carea' id='block_1_72' title="bbox 2228 2479 3798 2558">
    <p class='ocr_par' dir='ltr' id='par_1_72' title="bbox 2228 2479 3798 2558">
     <span class='ocr_line' id='line_1_72' title="bbox 2228 2479 3798 2558; baseline -0.004 -19"><span class='ocrx_word' id='word_1_500' title='bbox 2228 2483 2595 2540; x_wconf 84' lang='lat' dir='ltr'><strong><em>Cluniacensi</em></strong></span> <span class='ocrx_word' id='word_1_501' title='bbox 2653 2483 2855 2551; x_wconf 84' lang='lat' dir='ltr'><strong><em>relata,</em></strong></span> <span class='ocrx_word' id='word_1_502' title='bbox 2913 2500 3046 2558; x_wconf 80' lang='lat' dir='ltr'><strong><em>pag.</em></strong></span> <span class='ocrx_word' id='word_1_503' title='bbox 3109 2486 3196 2550; x_wconf 91' lang='grc'><strong><em>10,</em></strong></span> <span class='ocrx_word' id='word_1_504' title='bbox 3259 2484 3319 2540; x_wconf 91' lang='lat' dir='ltr'><strong><em>in</em></strong></span> <span class='ocrx_word' id='word_1_505' title='bbox 3350 2501 3464 2557; x_wconf 88' lang='lat' dir='ltr'><strong><em>qua</em></strong></span> <span class='ocrx_word' id='word_1_506' title='bbox 3511 2499 3614 2538; x_wconf 91' lang='lat' dir='ltr'><strong><em>non</em></strong></span> <span class='ocrx_word' id='word_1_507' title='bbox 3659 2479 3798 2536; x_wconf 83' lang='lat' dir='ltr'><strong><em>solum</em></strong></span> 
     </span>
    </p>
   </div>
   <div class='ocr_carea' id='block_1_73' title="bbox 2229 2565 3911 2646">
    <p class='ocr_par' dir='ltr' id='par_1_73' title="bbox 2229 2565 3911 2646">
     <span class='ocr_line' id='line_1_73' title="bbox 2229 2565 3911 2646; baseline -0.004 -18"><span class='ocrx_word' id='word_1_508' title='bbox 2229 2573 2400 2628; x_wconf 66' lang='lat' dir='ltr'><strong><em>varia:</em></strong></span> <span class='ocrx_word' id='word_1_509' title='bbox 2431 2573 2832 2646; x_wconf 85' lang='lat' dir='ltr'><strong><em>possessiones</em></strong></span> <span class='ocrx_word' id='word_1_510' title='bbox 2861 2573 2932 2628; x_wconf 90' lang='lat' dir='ltr'><strong><em>ad</em></strong></span> <span class='ocrx_word' id='word_1_511' title='bbox 2965 2572 3394 2630; x_wconf 85' lang='lat' dir='ltr'><strong><em>monasterium</em></strong></span> <span class='ocrx_word' id='word_1_512' title='bbox 3438 2571 3580 2630; x_wconf 86' lang='lat' dir='ltr'><strong><em>istud</em></strong></span> <span class='ocrx_word' id='word_1_513' title='bbox 3615 2566 3799 2626; x_wconf 83' lang='lat' dir='ltr'><strong><em>nobilis-</em></strong></span> 
     </span>
    </p>
   </div>
   <div class='ocr_carea' id='block_1_74' title="bbox 2232 2655 3911 2735">
    <p class='ocr_par' dir='ltr' id='par_1_74' title="bbox 2232 2655 3911 2735">
     <span class='ocr_line' id='line_1_74' title="bbox 2232 2655 3911 2735; baseline -0.005 -16"><span class='ocrx_word' id='word_1_514' title='bbox 2232 2661 2448 2719; x_wconf 89' lang='lat' dir='ltr'><strong><em>simum</em></strong></span> <span class='ocrx_word' id='word_1_515' title='bbox 2479 2661 2856 2735; x_wconf 85' lang='lat' dir='ltr'><strong><em>pertinentes,</em></strong></span> <span class='ocrx_word' id='word_1_516' title='bbox 2891 2663 2994 2718; x_wconf 89' lang='lat' dir='ltr'><strong><em>sed</em></strong></span> <span class='ocrx_word' id='word_1_517' title='bbox 3027 2663 3207 2719; x_wconf 87' lang='lat' dir='ltr'><strong><em>etiam</em></strong></span> <span class='ocrx_word' id='word_1_518' title='bbox 3231 2663 3409 2726; x_wconf 63' lang='lat' dir='ltr'><strong><em>cella,</em></strong></span> <span class='ocrx_word' id='word_1_519' title='bbox 3433 2661 3799 2730; x_wconf 76' lang='lat' dir='ltr'><strong><em>scu,utvocant,</em></strong></span> 
     </span>
    </p>
   </div>
   <div class='ocr_carea' id='block_1_75' title="bbox 2231 2750 3800 2824">
    <p class='ocr_par' dir='ltr' id='par_1_75' title="bbox 2231 2750 3800 2824">
     <span class='ocr_line' id='line_1_75' title="bbox 2231 2750 3800 2824; baseline -0.006 -17"><span class='ocrx_word' id='word_1_520' title='bbox 2231 2750 2544 2824; x_wconf 89' lang='lat' dir='ltr'><strong><em>prioratus,</em></strong></span> <span class='ocrx_word' id='word_1_521' title='bbox 2578 2751 2650 2807; x_wconf 91' lang='lat' dir='ltr'><strong><em>ab</em></strong></span> <span class='ocrx_word' id='word_1_522' title='bbox 2663 2768 2729 2808; x_wconf 92' lang='lat' dir='ltr'><strong><em>co</em></strong></span> <span class='ocrx_word' id='word_1_523' title='bbox 2749 2751 3091 2824; x_wconf 87' lang='lat' dir='ltr'><strong><em>pendentes,</em></strong></span> <span class='ocrx_word' id='word_1_524' title='bbox 3112 2750 3461 2824; x_wconf 82' lang='lat' dir='ltr'><strong><em>singillatim</em></strong></span> <span class='ocrx_word' id='word_1_525' title='bbox 3485 2750 3800 2806; x_wconf 84' lang='lat' dir='ltr'><strong><em>recensentur.</em></strong></span> 
     </span>
    </p>
   </div>
   <div class='ocr_carea' id='block_1_76' title="bbox 2230 2833 3800 2910">
    <p class='ocr_par' dir='ltr' id='par_1_76' title="bbox 2230 2833 3800 2910">
     <span class='ocr_line' id='line_1_76' title="bbox 2230 2833 3800 2910; baseline 0.001 -14"><span class='ocrx_word' id='word_1_526' title='bbox 2230 2841 2312 2896; x_wconf 85' lang='lat' dir='ltr'><strong>Ex</strong></span> <span class='ocrx_word' id='word_1_527' title='bbox 2341 2839 2414 2896; x_wconf 89' lang='lat' dir='ltr'><strong><em>iis</em></strong></span> <span class='ocrx_word' id='word_1_528' title='bbox 2442 2839 2605 2896; x_wconf 86' lang='lat' dir='ltr'><strong><em>cellis</em></strong></span> <span class='ocrx_word' id='word_1_529' title='bbox 2632 2839 2926 2896; x_wconf 62' lang='lat' dir='ltr'><strong><em>nonnullae</em></strong></span> <span class='ocrx_word' id='word_1_530' title='bbox 2961 2840 3071 2897; x_wconf 86' lang='lat' dir='ltr'><strong><em>sub</em></strong></span> <span class='ocrx_word' id='word_1_531' title='bbox 3103 2840 3261 2896; x_wconf 86' lang='lat' dir='ltr'><strong><em>beati</em></strong></span> <span class='ocrx_word' id='word_1_532' title='bbox 3295 2838 3547 2896; x_wconf 89' lang='lat' dir='ltr'><strong><em>0dilonis</em></strong></span> <span class='ocrx_word' id='word_1_533' title='bbox 3567 2833 3800 2910; x_wconf 70' lang='lat' dir='ltr'><strong><em>regimine.</em></strong></span> 
     </span>
    </p>
   </div>
   <div class='ocr_carea' id='block_1_77' title="bbox 2232 2918 3798 3003">
    <p class='ocr_par' dir='ltr' id='par_1_77' title="bbox 2232 2918 3798 3003">
     <span class='ocr_line' id='line_1_77' title="bbox 2232 2918 3798 3003; baseline -0.006 -19"><span class='ocrx_word' id='word_1_534' title='bbox 2232 2928 2358 2984; x_wconf 74' lang='lat' dir='ltr'><strong><em>alim</em></strong></span> <span class='ocrx_word' id='word_1_535' title='bbox 2414 2947 2547 2986; x_wconf 91' lang='lat' dir='ltr'><strong><em>vero</em></strong></span> <span class='ocrx_word' id='word_1_536' title='bbox 2607 2928 2778 3003; x_wconf 85' lang='lat' dir='ltr'><strong><em>longe</em></strong></span> <span class='ocrx_word' id='word_1_537' title='bbox 2847 2933 3020 2985; x_wconf 88' lang='lat' dir='ltr'><strong><em>antea</em></strong></span> <span class='ocrx_word' id='word_1_538' title='bbox 3085 2929 3446 2986; x_wconf 89' lang='lat' dir='ltr'><strong><em>monasterio</em></strong></span> <span class='ocrx_word' id='word_1_539' title='bbox 3511 2918 3798 2982; x_wconf 81' lang='lat' dir='ltr'><strong><em>Cluniacensi</em></strong></span> 
     </span>
    </p>
   </div>
   <div class='ocr_carea' id='block_1_78' title="bbox 2230 3011 3798 3090">
    <p class='ocr_par' dir='ltr' id='par_1_78' title="bbox 2230 3011 3798 3090">
     <span class='ocr_line' id='line_1_78' title="bbox 2230 3011 3798 3090; baseline -0.007 -16"><span class='ocrx_word' id='word_1_540' title='bbox 2230 3017 2504 3090; x_wconf 69' lang='lat' dir='ltr'><strong><em>subjecta:</em></strong></span> <span class='ocrx_word' id='word_1_541' title='bbox 2538 3019 2792 3074; x_wconf 85' lang='lat' dir='ltr'><strong><em>fuerunt.</em></strong></span> <span class='ocrx_word' id='word_1_542' title='bbox 2826 3018 2904 3074; x_wconf 91' lang='lat' dir='ltr'><strong><em>De</em></strong></span> <span class='ocrx_word' id='word_1_543' title='bbox 2935 3018 3008 3074; x_wconf 89' lang='lat' dir='ltr'><strong><em>iis</em></strong></span> <span class='ocrx_word' id='word_1_544' title='bbox 3044 3017 3420 3074; x_wconf 87' lang='lat' dir='ltr'><strong><em>solummodo</em></strong></span> <span class='ocrx_word' id='word_1_545' title='bbox 3450 3016 3537 3072; x_wconf 91' lang='lat' dir='ltr'><strong><em>hic</em></strong></span> <span class='ocrx_word' id='word_1_546' title='bbox 3577 3011 3798 3087; x_wconf 80' lang='lat' dir='ltr'><strong><em>agendum</em></strong></span> 
     </span>
    </p>
   </div>
   <div class='ocr_carea' id='block_1_79' title="bbox 2229 3193 3798 3268">
    <p class='ocr_par' dir='ltr' id='par_1_79' title="bbox 2229 3193 3798 3268">
     <span class='ocr_line' id='line_1_79' title="bbox 2229 3193 3798 3268; baseline -0.008 -16"><span class='ocrx_word' id='word_1_547' title='bbox 2229 3201 2397 3264; x_wconf 88' lang='lat' dir='ltr'><strong><em>sunt;</em></strong></span> <span class='ocrx_word' id='word_1_548' title='bbox 2431 3213 2599 3268; x_wconf 88' lang='lat' dir='ltr'><strong><em>quas,</em></strong></span> <span class='ocrx_word' id='word_1_549' title='bbox 2633 3199 2858 3252; x_wconf 88' lang='lat' dir='ltr'><strong><em>servato</em></strong></span> <span class='ocrx_word' id='word_1_550' title='bbox 2890 3194 3306 3268; x_wconf 87' lang='lat' dir='ltr'><strong><em>chronologico</em></strong></span> <span class='ocrx_word' id='word_1_551' title='bbox 3337 3194 3550 3259; x_wconf 88' lang='lat' dir='ltr'><strong><em>ordine,</em></strong></span> <span class='ocrx_word' id='word_1_552' title='bbox 3579 3193 3798 3265; x_wconf 83' lang='lat' dir='ltr'><strong><em>quantum</em></strong></span> 
     </span>
    </p>
   </div>
   <div class='ocr_carea' id='block_1_80' title="bbox 2230 3279 3740 3356">
    <p class='ocr_par' dir='ltr' id='par_1_80' title="bbox 2230 3279 3740 3356">
     <span class='ocr_line' id='line_1_80' title="bbox 2230 3279 3740 3356; baseline -0.007 -15"><span class='ocrx_word' id='word_1_553' title='bbox 2230 3301 2300 3341; x_wconf 80' lang='lat' dir='ltr'><strong><em>ex</em></strong></span> <span class='ocrx_word' id='word_1_554' title='bbox 2330 3283 2588 3356; x_wconf 87' lang='lat' dir='ltr'><strong><em>antiquis</em></strong></span> <span class='ocrx_word' id='word_1_555' title='bbox 2616 3283 3014 3340; x_wconf 90' lang='lat' dir='ltr'><strong><em>monumentis</em></strong></span> <span class='ocrx_word' id='word_1_556' title='bbox 3045 3283 3134 3340; x_wconf 87' lang='lat' dir='ltr'><strong><em>fas</em></strong></span> <span class='ocrx_word' id='word_1_557' title='bbox 3165 3283 3308 3354; x_wconf 85' lang='lat' dir='ltr'><strong><em>erit,</em></strong></span> <span class='ocrx_word' id='word_1_558' title='bbox 3339 3279 3740 3340; x_wconf 85' lang='lat' dir='ltr'><strong><em>recensebimus.</em></strong></span> 
     </span>
    </p>
   </div>
   <div class='ocr_carea' id='block_1_81' title="bbox 2297 3363 3797 3446">
    <p class='ocr_par' dir='ltr' id='par_1_81' title="bbox 2297 3363 3797 3446">
     <span class='ocr_line' id='line_1_81' title="bbox 2297 3363 3797 3446; baseline -0.007 -18"><span class='ocrx_word' id='word_1_559' title='bbox 2297 3373 2387 3428; x_wconf 75' lang='lat' dir='ltr'><strong><em>7i.</em></strong></span> <span class='ocrx_word' id='word_1_560' title='bbox 2422 3373 2502 3428; x_wconf 81' lang='lat' dir='ltr'><strong>Ex</strong></span> <span class='ocrx_word' id='word_1_561' title='bbox 2533 3371 2694 3428; x_wconf 87' lang='lat' dir='ltr'><strong><em>bulla</em></strong></span> <span class='ocrx_word' id='word_1_562' title='bbox 2740 3371 3001 3446; x_wconf 86' lang='lat' dir='ltr'><strong><em>Gregorii</em></strong></span> <span class='ocrx_word' id='word_1_563' title='bbox 3049 3373 3118 3442; x_wconf 90' lang='lat' dir='ltr'><strong><em>V,</em></strong></span> <span class='ocrx_word' id='word_1_564' title='bbox 3164 3389 3348 3445; x_wconf 90' lang='lat' dir='ltr'><strong><em>quam</em></strong></span> <span class='ocrx_word' id='word_1_565' title='bbox 3395 3373 3559 3428; x_wconf 91' lang='lat' dir='ltr'><strong><em>modo</em></strong></span> <span class='ocrx_word' id='word_1_566' title='bbox 3601 3363 3797 3424; x_wconf 77' lang='lat' dir='ltr'><strong><em>laudavi~</em></strong></span> 
     </span>
    </p>
   </div>
   <div class='ocr_carea' id='block_1_82' title="bbox 2232 3452 3801 3534">
    <p class='ocr_par' dir='ltr' id='par_1_82' title="bbox 2232 3452 3801 3534">
     <span class='ocr_line' id='line_1_82' title="bbox 2232 3452 3801 3534; baseline -0.006 -17"><span class='ocrx_word' id='word_1_567' title='bbox 2232 3479 2384 3528; x_wconf 87' lang='lat' dir='ltr'><strong><em>mus,</em></strong></span> <span class='ocrx_word' id='word_1_568' title='bbox 2418 3465 2576 3534; x_wconf 85' lang='lat' dir='ltr'><strong><em>patet</em></strong></span> <span class='ocrx_word' id='word_1_569' title='bbox 2602 3461 2982 3534; x_wconf 87' lang='lat' dir='ltr'><strong><em>Magabrense</em></strong></span> <span class='ocrx_word' id='word_1_570' title='bbox 3015 3463 3438 3518; x_wconf 88' lang='lat' dir='ltr'><strong><em>monasterium</em></strong></span> <span class='ocrx_word' id='word_1_571' title='bbox 3449 3462 3564 3532; x_wconf 90' lang='lat' dir='ltr'><strong><em>jam</em></strong></span> <span class='ocrx_word' id='word_1_572' title='bbox 3593 3452 3801 3515; x_wconf 76' lang='lat' dir='ltr'><strong><em>ann0996</em></strong></span> 
     </span>
    </p>
   </div>
   <div class='ocr_carea' id='block_1_83' title="bbox 2231 3546 3798 3624">
    <p class='ocr_par' dir='ltr' id='par_1_83' title="bbox 2231 3546 3798 3624">
     <span class='ocr_line' id='line_1_83' title="bbox 2231 3546 3798 3624; baseline -0.007 -18"><span class='ocrx_word' id='word_1_573' title='bbox 2231 3550 2507 3607; x_wconf 88' lang='lat' dir='ltr'><strong><em>Cluniaco</em></strong></span> <span class='ocrx_word' id='word_1_574' title='bbox 2539 3553 2918 3624; x_wconf 84' lang='lat' dir='ltr'><strong><em>aggregatum</em></strong></span> <span class='ocrx_word' id='word_1_575' title='bbox 2954 3548 3163 3617; x_wconf 85' lang='lat' dir='ltr'><strong><em>fuisse;</em></strong></span> <span class='ocrx_word' id='word_1_576' title='bbox 3193 3555 3258 3606; x_wconf 90' lang='lat' dir='ltr'><strong><em>at</em></strong></span> <span class='ocrx_word' id='word_1_577' title='bbox 3277 3551 3462 3623; x_wconf 89' lang='lat' dir='ltr'><strong><em>quoid</em></strong></span> <span class='ocrx_word' id='word_1_578' title='bbox 3493 3546 3798 3604; x_wconf 80' lang='lat' dir='ltr'><strong><em>annofactum</em></strong></span> 
     </span>
    </p>
   </div>
   <div class='ocr_carea' id='block_1_84' title="bbox 2233 3634 3798 3710">
    <p class='ocr_par' dir='ltr' id='par_1_84' title="bbox 2233 3634 3798 3710">
     <span class='ocr_line' id='line_1_84' title="bbox 2233 3634 3798 3710; baseline -0.005 -14"><span class='ocrx_word' id='word_1_579' title='bbox 2233 3637 2407 3696; x_wconf 83' lang='lat' dir='ltr'><strong><em>fuerit</em></strong></span> <span class='ocrx_word' id='word_1_580' title='bbox 2437 3656 2553 3694; x_wconf 92' lang='lat' dir='ltr'><strong><em>non</em></strong></span> <span class='ocrx_word' id='word_1_581' title='bbox 2585 3637 2786 3710; x_wconf 90' lang='lat' dir='ltr'><strong><em>liquet.</em></strong></span> <span class='ocrx_word' id='word_1_582' title='bbox 2820 3639 3190 3710; x_wconf 84' lang='lat' dir='ltr'><strong><em>Quamquam</em></strong></span> <span class='ocrx_word' id='word_1_583' title='bbox 3225 3639 3372 3695; x_wconf 85' lang='lat' dir='ltr'><strong><em>certi</em></strong></span> <span class='ocrx_word' id='word_1_584' title='bbox 3403 3654 3596 3693; x_wconf 80' lang='lat' dir='ltr'><strong><em>sumus</em></strong></span> <span class='ocrx_word' id='word_1_585' title='bbox 3621 3634 3664 3691; x_wconf 89' lang='lat' dir='ltr'><strong><em>id</em></strong></span> <span class='ocrx_word' id='word_1_586' title='bbox 3695 3636 3798 3688; x_wconf 81' lang='lat' dir='ltr'><strong><em>tem-</em></strong></span> 
     </span>
    </p>
   </div>
   <div class='ocr_carea' id='block_1_85' title="bbox 2232 3725 3798 3802">
    <p class='ocr_par' dir='ltr' id='par_1_85' title="bbox 2232 3725 3798 3802">
     <span class='ocr_line' id='line_1_85' title="bbox 2232 3725 3798 3802; baseline -0.007 -17"><span class='ocrx_word' id='word_1_587' title='bbox 2232 3745 2372 3802; x_wconf 86' lang='lat' dir='ltr'><strong><em>pore</em></strong></span> <span class='ocrx_word' id='word_1_588' title='bbox 2429 3727 2581 3784; x_wconf 87' lang='lat' dir='ltr'><strong><em>beati</em></strong></span> <span class='ocrx_word' id='word_1_589' title='bbox 2631 3725 2894 3783; x_wconf 85' lang='lat' dir='ltr'><strong><em>0dilonis</em></strong></span> <span class='ocrx_word' id='word_1_590' title='bbox 2951 3727 3295 3800; x_wconf 84' lang='lat' dir='ltr'><strong><em>contigisse,</em></strong></span> <span class='ocrx_word' id='word_1_591' title='bbox 3347 3729 3429 3784; x_wconf 90' lang='lat' dir='ltr'><strong><em>uti</em></strong></span> <span class='ocrx_word' id='word_1_592' title='bbox 3475 3725 3720 3782; x_wconf 86' lang='lat' dir='ltr'><strong><em>discimus</em></strong></span> <span class='ocrx_word' id='word_1_593' title='bbox 3753 3734 3798 3774; x_wconf 79' lang='lat' dir='ltr'><strong><em>ex</em></strong></span> 
     </span>
    </p>
   </div>
   <div class='ocr_carea' id='block_1_86' title="bbox 2231 3811 3795 3888">
    <p class='ocr_par' dir='ltr' id='par_1_86' title="bbox 2231 3811 3795 3888">
     <span class='ocr_line' id='line_1_86' title="bbox 2231 3811 3795 3888; baseline -0.008 -14"><span class='ocrx_word' id='word_1_594' title='bbox 2231 3817 2495 3874; x_wconf 84' lang='lat' dir='ltr'><strong><em>Walterii</em></strong></span> <span class='ocrx_word' id='word_1_595' title='bbox 2530 3815 2834 3872; x_wconf 69' lang='lat' dir='ltr'><strong><em>zEducnsis</em></strong></span> <span class='ocrx_word' id='word_1_596' title='bbox 2855 3815 3110 3888; x_wconf 90' lang='lat' dir='ltr'><strong><em>episcopi</em></strong></span> <span class='ocrx_word' id='word_1_597' title='bbox 3142 3816 3370 3886; x_wconf 83' lang='lat' dir='ltr'><strong><em>charta,</em></strong></span> <span class='ocrx_word' id='word_1_598' title='bbox 3393 3816 3488 3872; x_wconf 92' lang='lat' dir='ltr'><strong><em>ubi</em></strong></span> <span class='ocrx_word' id='word_1_599' title='bbox 3509 3811 3795 3870; x_wconf 83' lang='lat' dir='ltr'><strong><em>occasionem</em></strong></span> 
     </span>
    </p>
   </div>
   <div class='ocr_carea' id='block_1_87' title="bbox 2233 3896 3798 3978">
    <p class='ocr_par' dir='ltr' id='par_1_87' title="bbox 2233 3896 3798 3978">
     <span class='ocr_line' id='line_1_87' title="bbox 2233 3896 3798 3978; baseline -0.004 -16"><span class='ocrx_word' id='word_1_600' title='bbox 2233 3910 2290 3962; x_wconf 90' lang='lat' dir='ltr'><strong><em>et</em></strong></span> <span class='ocrx_word' id='word_1_601' title='bbox 2321 3905 2572 3961; x_wconf 88' lang='lat' dir='ltr'><strong><em>rationes</em></strong></span> <span class='ocrx_word' id='word_1_602' title='bbox 2600 3903 2774 3960; x_wconf 90' lang='lat' dir='ltr'><strong><em>istius</em></strong></span> <span class='ocrx_word' id='word_1_603' title='bbox 2803 3903 3040 3961; x_wconf 88' lang='lat' dir='ltr'><strong><em>unionis</em></strong></span> <span class='ocrx_word' id='word_1_604' title='bbox 3059 3904 3584 3978; x_wconf 69' lang='lat' dir='ltr'><strong><em>t‘aciendazipsemet</em></strong></span> <span class='ocrx_word' id='word_1_605' title='bbox 3607 3896 3798 3972; x_wconf 69' lang='lat' dir='ltr'><strong><em>exponit;</em></strong></span> 
     </span>
    </p>
   </div>
   <div class='ocr_carea' id='block_1_88' title="bbox 2234 3984 3801 4066">
    <p class='ocr_par' dir='ltr' id='par_1_88' title="bbox 2234 3984 3801 4066">
     <span class='ocr_line' id='line_1_88' title="bbox 2234 3984 3801 4066; baseline -0.01 -15"><span class='ocrx_word' id='word_1_606' title='bbox 2234 3995 2386 4051; x_wconf 88' lang='lat' dir='ltr'><strong><em>hanc</em></strong></span> <span class='ocrx_word' id='word_1_607' title='bbox 2409 3993 2599 4066; x_wconf 89' lang='lat' dir='ltr'><strong><em>ipsam</em></strong></span> <span class='ocrx_word' id='word_1_608' title='bbox 2630 4011 2698 4049; x_wconf 79' lang='lat' dir='ltr'><strong><em>ex</em></strong></span> <span class='ocrx_word' id='word_1_609' title='bbox 2725 3997 2953 4048; x_wconf 86' lang='lat' dir='ltr'><strong><em>vetusto</em></strong></span> <span class='ocrx_word' id='word_1_610' title='bbox 2983 3993 3326 4066; x_wconf 85' lang='lat' dir='ltr'><strong><em>exemplari,</em></strong></span> <span class='ocrx_word' id='word_1_611' title='bbox 3360 3993 3432 4050; x_wconf 87' lang='lat' dir='ltr'><strong><em>ab</em></strong></span> <span class='ocrx_word' id='word_1_612' title='bbox 3451 3991 3608 4050; x_wconf 87' lang='lat' dir='ltr'><strong><em>annis</em></strong></span> <span class='ocrx_word' id='word_1_613' title='bbox 3633 3984 3801 4044; x_wconf 81' lang='lat' dir='ltr'><strong><em>circiter</em></strong></span> 
     </span>
    </p>
   </div>
   <div class='ocr_carea' id='block_1_89' title="bbox 2234 4071 3802 4156">
    <p class='ocr_par' dir='ltr' id='par_1_89' title="bbox 2234 4071 3802 4156">
     <span class='ocr_line' id='line_1_89' title="bbox 2234 4071 3802 4156; baseline -0.009 -17"><span class='ocrx_word' id='word_1_614' title='bbox 2234 4083 2571 4156; x_wconf 82' lang='lat' dir='ltr'><strong><em>quingentis</em></strong></span> <span class='ocrx_word' id='word_1_615' title='bbox 2602 4087 2858 4148; x_wconf 84' lang='lat' dir='ltr'><strong><em>exarato,</em></strong></span> <span class='ocrx_word' id='word_1_616' title='bbox 2889 4083 3244 4154; x_wconf 81' lang='lat' dir='ltr'><strong><em>proferimus</em></strong></span> <span class='ocrx_word' id='word_1_617' title='bbox 3275 4083 3577 4156; x_wconf 85' lang='lat' dir='ltr'><strong><em>integram.</em></strong></span> <span class='ocrx_word' id='word_1_618' title='bbox 3609 4099 3632 4129; x_wconf 78' lang='grc' dir='ltr'><strong>α</strong></span> <span class='ocrx_word' id='word_1_619' title='bbox 3657 4071 3802 4132; x_wconf 78' lang='lat' dir='ltr'><strong><em>0mni~</em></strong></span> 
     </span>
    </p>
   </div>
   <div class='ocr_carea' id='block_1_90' title="bbox 2232 4165 3803 4235">
    <p class='ocr_par' dir='ltr' id='par_1_90' title="bbox 2232 4165 3803 4235">
     <span class='ocr_line' id='line_1_90' title="bbox 2232 4165 3803 4235; baseline -0.008 -7"><span class='ocrx_word' id='word_1_620' title='bbox 2232 4173 2344 4228; x_wconf 91' lang='lat' dir='ltr'><strong><em>bus</em></strong></span> <span class='ocrx_word' id='word_1_621' title='bbox 2373 4170 2734 4227; x_wconf 88' lang='lat' dir='ltr'><strong><em>Christicolis</em></strong></span> <span class='ocrx_word' id='word_1_622' title='bbox 2759 4171 2870 4226; x_wconf 91' lang='lat' dir='ltr'><strong><em>sub</em></strong></span> <span class='ocrx_word' id='word_1_623' title='bbox 2905 4188 3112 4227; x_wconf 89' lang='lat' dir='ltr'><strong><em>norma</em></strong></span> <span class='ocrx_word' id='word_1_624' title='bbox 3155 4170 3455 4229; x_wconf 68' lang='lat' dir='ltr'><strong><em>catholica:</em></strong></span> <span class='ocrx_word' id='word_1_625' title='bbox 3487 4169 3606 4226; x_wconf 79' lang='lat' dir='ltr'><strong><em>ﬁdei</em></strong></span> <span class='ocrx_word' id='word_1_626' title='bbox 3641 4165 3803 4235; x_wconf 80' lang='lat' dir='ltr'><strong><em>degen~</em></strong></span> 
     </span>
    </p>
   </div>
   <div class='ocr_carea' id='block_1_91' title="bbox 2230 4245 3802 4333">
    <p class='ocr_par' dir='ltr' id='par_1_91' title="bbox 2230 4245 3802 4333">
     <span class='ocr_line' id='line_1_91' title="bbox 2230 4245 3802 4333; baseline -0.008 -16"><span class='ocrx_word' id='word_1_627' title='bbox 2230 4261 2390 4318; x_wconf 85' lang='lat' dir='ltr'><strong><em>tibus</em></strong></span> <span class='ocrx_word' id='word_1_628' title='bbox 2448 4265 2652 4316; x_wconf 91' lang='lat' dir='ltr'><strong><em>notum</em></strong></span> <span class='ocrx_word' id='word_1_629' title='bbox 2705 4276 2832 4316; x_wconf 90' lang='lat' dir='ltr'><strong><em>esse</em></strong></span> <span class='ocrx_word' id='word_1_630' title='bbox 2877 4259 3150 4317; x_wconf 89' lang='lat' dir='ltr'><strong><em>volumus</em></strong></span> <span class='ocrx_word' id='word_1_631' title='bbox 3199 4260 3478 4333; x_wconf 87' lang='lat' dir='ltr'><strong><em>quoniam</em></strong></span> <span class='ocrx_word' id='word_1_632' title='bbox 3523 4273 3634 4332; x_wconf 81' lang='lat' dir='ltr'><strong><em>ego,</em></strong></span> <span class='ocrx_word' id='word_1_633' title='bbox 3661 4254 3708 4307; x_wconf 90' lang='lat' dir='ltr'><strong><em>in</em></strong></span> <span class='ocrx_word' id='word_1_634' title='bbox 3731 4245 3802 4306; x_wconf 84' lang='lat' dir='ltr'><strong><em>Dei</em></strong></span> 
     </span>
    </p>
   </div>
   <div class='ocr_carea' id='block_1_92' title="bbox 2231 4343 3798 4423">
    <p class='ocr_par' dir='ltr' id='par_1_92' title="bbox 2231 4343 3798 4423">
     <span class='ocr_line' id='line_1_92' title="bbox 2231 4343 3798 4423; baseline -0.003 -18"><span class='ocrx_word' id='word_1_635' title='bbox 2231 4349 2488 4416; x_wconf 88' lang='lat' dir='ltr'><strong><em>nomine,</em></strong></span> <span class='ocrx_word' id='word_1_636' title='bbox 2521 4347 2833 4415; x_wconf 85' lang='lat' dir='ltr'><strong><em>Valterius,</em></strong></span> <span class='ocrx_word' id='word_1_637' title='bbox 2862 4349 3051 4423; x_wconf 84' lang='lat' dir='ltr'><strong><em>gratia</em></strong></span> <span class='ocrx_word' id='word_1_638' title='bbox 3069 4348 3170 4404; x_wconf 90' lang='lat' dir='ltr'><strong><em>Dei</em></strong></span> <span class='ocrx_word' id='word_1_639' title='bbox 3195 4349 3508 4406; x_wconf 67' lang='lat' dir='ltr'><strong><em>Eduorum</em></strong></span> <span class='ocrx_word' id='word_1_640' title='bbox 3539 4343 3798 4418; x_wconf 68' lang='lat' dir='ltr'><strong><em>episcopus.</em></strong></span> 
     </span>
    </p>
   </div>
   <div class='ocr_carea' id='block_1_93' title="bbox 475 4431 3801 4522">
    <p class='ocr_par' dir='ltr' id='par_1_93' title="bbox 475 4431 3801 4522">
     <span class='ocr_line' id='line_1_93' title="bbox 475 4431 3801 4522; baseline -0.002 -26"><span class='ocrx_word' id='word_1_641' title='bbox 475 4440 738 4496; x_wconf 87' lang='lat' dir='ltr'><strong><em>chartam</em></strong></span> <span class='ocrx_word' id='word_1_642' title='bbox 770 4435 1040 4493; x_wconf 79' lang='lat' dir='ltr'><strong><em>exhibere</em></strong></span> <span class='ocrx_word' id='word_1_643' title='bbox 1070 4436 1260 4492; x_wconf 88' lang='lat' dir='ltr'><strong><em>visum</em></strong></span> <span class='ocrx_word' id='word_1_644' title='bbox 1285 4439 1404 4492; x_wconf 86' lang='lat' dir='ltr'><strong><em>est:</em></strong></span> <span class='ocrx_word' id='word_1_645' title='bbox 1442 4457 1469 4484; x_wconf 86' lang='grc'><strong><em>‹‹</em></strong></span> <span class='ocrx_word' id='word_1_646' title='bbox 1498 4439 1560 4490; x_wconf 87' lang='lat' dir='ltr'><strong><em>In</em></strong></span> <span class='ocrx_word' id='word_1_647' title='bbox 1580 4435 1678 4491; x_wconf 88' lang='lat' dir='ltr'><strong><em>Dei</em></strong></span> <span class='ocrx_word' id='word_1_648' title='bbox 1704 4437 1938 4492; x_wconf 85' lang='lat' dir='ltr'><strong><em>nomine</em></strong></span> <span class='ocrx_word' id='word_1_649' title='bbox 1955 4437 2122 4495; x_wconf 90' lang='lat' dir='ltr'><strong><em>Odilo</em></strong></span> <span class='ocrx_word' id='word_1_650' title='bbox 2153 4457 2199 4522; x_wconf 75' lang='grc' dir='ltr'>ο</span> <span class='ocrx_word' id='word_1_651' title='bbox 2231 4439 2301 4495; x_wconf 88' lang='lat' dir='ltr'><strong><em>de</em></strong></span> <span class='ocrx_word' id='word_1_652' title='bbox 2334 4439 2512 4494; x_wconf 89' lang='lat' dir='ltr'><strong><em>rebus</em></strong></span> <span class='ocrx_word' id='word_1_653' title='bbox 2543 4437 2805 4494; x_wconf 68' lang='lat' dir='ltr'><strong><em>Ecclesiae</em></strong></span> <span class='ocrx_word' id='word_1_654' title='bbox 2839 4437 2980 4493; x_wconf 90' lang='lat' dir='ltr'><strong><em>mihi</em></strong></span> <span class='ocrx_word' id='word_1_655' title='bbox 3014 4455 3048 4494; x_wconf 91' lang='lat' dir='ltr'><strong><em>a</em></strong></span> <span class='ocrx_word' id='word_1_656' title='bbox 3076 4439 3192 4493; x_wconf 91' lang='lat' dir='ltr'><strong><em>Deo</em></strong></span> <span class='ocrx_word' id='word_1_657' title='bbox 3225 4438 3548 4494; x_wconf 74' lang='lat' dir='ltr'><strong><em>commissae</em></strong></span> <span class='ocrx_word' id='word_1_658' title='bbox 3576 4431 3801 4522; x_wconf 48' lang='lat' dir='ltr'><strong><em>cogitaris:</em></strong></span> 
     </span>
    </p>
   </div>
   <div class='ocr_carea' id='block_1_94' title="bbox 475 4524 2118 4600">
    <p class='ocr_par' dir='ltr' id='par_1_94' title="bbox 475 4524 2118 4600">
     <span class='ocr_line' id='line_1_94' title="bbox 475 4524 2118 4600; baseline -0.001 -16"><span class='ocrx_word' id='word_1_659' title='bbox 475 4525 807 4584; x_wconf 89' lang='lat' dir='ltr'><strong><em>Cluniensis</em></strong></span> <span class='ocrx_word' id='word_1_660' title='bbox 838 4525 1174 4582; x_wconf 89' lang='lat' dir='ltr'><strong><em>monasterii</em></strong></span> <span class='ocrx_word' id='word_1_661' title='bbox 1209 4524 1490 4598; x_wconf 73' lang='lat' dir='ltr'><strong><em>indignus</em></strong></span> <span class='ocrx_word' id='word_1_662' title='bbox 1520 4525 1819 4597; x_wconf 83' lang='lat' dir='ltr'><strong><em>presbyter</em></strong></span> <span class='ocrx_word' id='word_1_663' title='bbox 1841 4530 1899 4581; x_wconf 89' lang='lat' dir='ltr'><strong><em>et</em></strong></span> <span class='ocrx_word' id='word_1_664' title='bbox 1935 4527 2118 4600; x_wconf 85' lang='lat' dir='ltr'><strong><em>negli-</em></strong></span> 
     </span>
    </p>
   </div>
   <div class='ocr_carea' id='block_1_95' title="bbox 474 4611 2120 4692">
    <p class='ocr_par' dir='ltr' id='par_1_95' title="bbox 474 4611 2120 4692">
     <span class='ocr_line' id='line_1_95' title="bbox 474 4611 2120 4692; baseline -0.001 -19"><span class='ocrx_word' id='word_1_665' title='bbox 474 4633 620 4692; x_wconf 89' lang='lat' dir='ltr'><strong><em>gens</em></strong></span> <span class='ocrx_word' id='word_1_666' title='bbox 677 4613 1020 4680; x_wconf 87' lang='lat' dir='ltr'><strong><em>monachus,</em></strong></span> <span class='ocrx_word' id='word_1_667' title='bbox 1088 4613 1254 4670; x_wconf 91' lang='lat' dir='ltr'><strong><em>Odilo</em></strong></span> <span class='ocrx_word' id='word_1_668' title='bbox 1314 4611 1486 4670; x_wconf 89' lang='lat' dir='ltr'><strong><em>etiam</em></strong></span> <span class='ocrx_word' id='word_1_669' title='bbox 1553 4611 1928 4669; x_wconf 89' lang='lat' dir='ltr'><strong><em>Celsinieusis</em></strong></span> <span class='ocrx_word' id='word_1_670' title='bbox 1996 4633 2120 4672; x_wconf 84' lang='lat' dir='ltr'><strong><em>mo-</em></strong></span> 
     </span>
    </p>
   </div>
   <div class='ocr_carea' id='block_1_96' title="bbox 471 4693 2118 4777">
    <p class='ocr_par' dir='ltr' id='par_1_96' title="bbox 471 4693 2118 4777">
     <span class='ocr_line' id='line_1_96' title="bbox 471 4693 2118 4777; baseline -0.002 -13"><span class='ocrx_word' id='word_1_671' title='bbox 471 4703 712 4765; x_wconf 86' lang='lat' dir='ltr'><strong><em>nasterii</em></strong></span> <span class='ocrx_word' id='word_1_672' title='bbox 745 4702 1114 4777; x_wconf 66' lang='lat' dir='ltr'><strong><em>praepositus,</em></strong></span> <span class='ocrx_word' id='word_1_673' title='bbox 1142 4706 1198 4757; x_wconf 88' lang='lat' dir='ltr'><strong><em>et</em></strong></span> <span class='ocrx_word' id='word_1_674' title='bbox 1250 4693 1458 4758; x_wconf 62' lang='lat' dir='ltr'><strong><em>cazteri&#39;</em></strong></span> <span class='ocrx_word' id='word_1_675' title='bbox 1489 4702 1696 4757; x_wconf 85' lang='lat' dir='ltr'><strong><em>fratres</em></strong></span> <span class='ocrx_word' id='word_1_676' title='bbox 1735 4701 1850 4758; x_wconf 90' lang='lat' dir='ltr'><strong><em>Deo</em></strong></span> <span class='ocrx_word' id='word_1_677' title='bbox 1900 4702 2118 4760; x_wconf 89' lang='lat' dir='ltr'><strong><em>ibidem</em></strong></span> 
     </span>
    </p>
   </div>
   <div class='ocr_carea' id='block_1_97' title="bbox 471 4790 2120 4862">
    <p class='ocr_par' dir='ltr' id='par_1_97' title="bbox 471 4790 2120 4862">
     <span class='ocr_line' id='line_1_97' title="bbox 471 4790 2120 4862; baseline -0.002 -8"><span class='ocrx_word' id='word_1_678' title='bbox 471 4795 808 4854; x_wconf 86' lang='lat' dir='ltr'><strong><em>servientes.</em></strong></span> <span class='ocrx_word' id='word_1_679' title='bbox 870 4793 1084 4849; x_wconf 87' lang='lat' dir='ltr'><strong><em>Notum</em></strong></span> <span class='ocrx_word' id='word_1_680' title='bbox 1145 4809 1272 4848; x_wconf 89' lang='lat' dir='ltr'><strong><em>esse</em></strong></span> <span class='ocrx_word' id='word_1_681' title='bbox 1317 4790 1590 4847; x_wconf 88' lang='lat' dir='ltr'><strong><em>volumus</em></strong></span> <span class='ocrx_word' id='word_1_682' title='bbox 1639 4791 2026 4862; x_wconf 84' lang='lat' dir='ltr'><strong><em>praesentibus</em></strong></span> <span class='ocrx_word' id='word_1_683' title='bbox 2063 4797 2120 4850; x_wconf 85' lang='lat' dir='ltr'><strong><em>et</em></strong></span> 
     </span>
    </p>
   </div>
   <div class='ocr_carea' id='block_1_98' title="bbox 471 4880 2118 4958">
    <p class='ocr_par' dir='ltr' id='par_1_98' title="bbox 471 4880 2118 4958">
     <span class='ocr_line' id='line_1_98' title="bbox 471 4880 2118 4958; baseline -0.003 -15"><span class='ocrx_word' id='word_1_684' title='bbox 471 4885 706 4952; x_wconf 82' lang='lat' dir='ltr'><strong><em>futuris,</em></strong></span> <span class='ocrx_word' id='word_1_685' title='bbox 733 4883 872 4958; x_wconf 88' lang='lat' dir='ltr'><strong><em>quia</em></strong></span> <span class='ocrx_word' id='word_1_686' title='bbox 893 4881 1036 4938; x_wconf 88' lang='lat' dir='ltr'><strong><em>illud</em></strong></span> <span class='ocrx_word' id='word_1_687' title='bbox 1059 4881 1342 4954; x_wconf 77' lang='lat' dir='ltr'><strong><em>prmdium</em></strong></span> <span class='ocrx_word' id='word_1_688' title='bbox 1367 4880 1523 4953; x_wconf 86' lang='lat' dir='ltr'><strong><em>quod</em></strong></span> <span class='ocrx_word' id='word_1_689' title='bbox 1539 4881 1702 4934; x_wconf 63' lang='lat' dir='ltr'><strong><em>bona;</em></strong></span> <span class='ocrx_word' id='word_1_690' title='bbox 1723 4880 2014 4936; x_wconf 65' lang='lat' dir='ltr'><strong><em>memoriae</em></strong></span> <span class='ocrx_word' id='word_1_691' title='bbox 2030 4882 2118 4938; x_wconf 86' lang='lat' dir='ltr'><strong><em>vir</em></strong></span> 
     </span>
    </p>
   </div>
   <div class='ocr_carea' id='block_1_99' title="bbox 469 4967 2115 5044">
    <p class='ocr_par' dir='ltr' id='par_1_99' title="bbox 469 4967 2115 5044">
     <span class='ocr_line' id='line_1_99' title="bbox 469 4967 2115 5044; baseline -0.002 -14"><span class='ocrx_word' id='word_1_692' title='bbox 469 4973 706 5041; x_wconf 88' lang='lat' dir='ltr'><strong><em>nobilis,</em></strong></span> <span class='ocrx_word' id='word_1_693' title='bbox 739 4972 977 5029; x_wconf 82' lang='lat' dir='ltr'><strong><em>nomine</em></strong></span> <span class='ocrx_word' id='word_1_694' title='bbox 1009 4971 1372 5044; x_wconf 86' lang='lat' dir='ltr'><strong><em>Eustorgius,</em></strong></span> <span class='ocrx_word' id='word_1_695' title='bbox 1402 4967 1646 5024; x_wconf 90' lang='lat' dir='ltr'><strong><em>contulit</em></strong></span> <span class='ocrx_word' id='word_1_696' title='bbox 1664 4969 1778 5024; x_wconf 90' lang='lat' dir='ltr'><strong><em>Deo</em></strong></span> <span class='ocrx_word' id='word_1_697' title='bbox 1808 4973 1864 5025; x_wconf 90' lang='lat' dir='ltr'><strong><em>et</em></strong></span> <span class='ocrx_word' id='word_1_698' title='bbox 1895 4971 2115 5026; x_wconf 88' lang='lat' dir='ltr'><strong><em>sanctis</em></strong></span> 
     </span>
    </p>
   </div>
   <div class='ocr_carea' id='block_1_100' title="bbox 467 5057 2114 5134">
    <p class='ocr_par' dir='ltr' id='par_1_100' title="bbox 467 5057 2114 5134">
     <span class='ocr_line' id='line_1_100' title="bbox 467 5057 2114 5134; baseline -0.002 -16"><span class='ocrx_word' id='word_1_699' title='bbox 467 5061 766 5134; x_wconf 79' lang='lat' dir='ltr'><strong><em>apostolis,</em></strong></span> <span class='ocrx_word' id='word_1_700' title='bbox 807 5065 864 5116; x_wconf 87' lang='lat' dir='ltr'><strong><em>ct</em></strong></span> <span class='ocrx_word' id='word_1_701' title='bbox 893 5059 1246 5119; x_wconf 87' lang='lat' dir='ltr'><strong><em>monasterio</em></strong></span> <span class='ocrx_word' id='word_1_702' title='bbox 1297 5057 1726 5123; x_wconf 86' lang='lat' dir='ltr'><strong><em>Celsiniacensi,</em></strong></span> <span class='ocrx_word' id='word_1_703' title='bbox 1772 5075 1889 5114; x_wconf 89' lang='lat' dir='ltr'><strong><em>non</em></strong></span> <span class='ocrx_word' id='word_1_704' title='bbox 1928 5059 2114 5130; x_wconf 88' lang='lat' dir='ltr'><strong><em>potui-</em></strong></span> 
     </span>
    </p>
   </div>
   <div class='ocr_carea' id='block_1_101' title="bbox 467 5147 2111 5224">
    <p class='ocr_par' dir='ltr' id='par_1_101' title="bbox 467 5147 2111 5224">
     <span class='ocr_line' id='line_1_101' title="bbox 467 5147 2111 5224; baseline 0.001 -20"><span class='ocrx_word' id='word_1_705' title='bbox 467 5165 601 5204; x_wconf 89' lang='lat' dir='ltr'><strong><em>mus</em></strong></span> <span class='ocrx_word' id='word_1_706' title='bbox 633 5149 878 5206; x_wconf 87' lang='lat' dir='ltr'><strong><em>retincre</em></strong></span> <span class='ocrx_word' id='word_1_707' title='bbox 909 5151 1077 5206; x_wconf 84' lang='lat' dir='ltr'><strong><em>firma</em></strong></span> <span class='ocrx_word' id='word_1_708' title='bbox 1107 5165 1268 5224; x_wconf 88' lang='lat' dir='ltr'><strong><em>pace,</em></strong></span> <span class='ocrx_word' id='word_1_709' title='bbox 1302 5149 1412 5203; x_wconf 89' lang='lat' dir='ltr'><strong><em>nisi</em></strong></span> <span class='ocrx_word' id='word_1_710' title='bbox 1451 5147 1757 5202; x_wconf 82' lang='lat' dir='ltr'><strong><em>Rotbertns</em></strong></span> <span class='ocrx_word' id='word_1_711' title='bbox 1787 5147 2111 5206; x_wconf 87' lang='lat' dir='ltr'><strong><em>avunculus</em></strong></span> 
     </span>
    </p>
   </div>
   <div class='ocr_carea' id='block_1_102' title="bbox 467 5235 2112 5310">
    <p class='ocr_par' dir='ltr' id='par_1_102' title="bbox 467 5235 2112 5310">
     <span class='ocr_line' id='line_1_102' title="bbox 467 5235 2112 5310; baseline 0.001 -17"><span class='ocrx_word' id='word_1_712' title='bbox 467 5238 616 5310; x_wconf 88' lang='lat' dir='ltr'><strong><em>ejus,</em></strong></span> <span class='ocrx_word' id='word_1_713' title='bbox 649 5236 738 5292; x_wconf 72' lang='lat' dir='ltr'><strong><em>vir</em></strong></span> <span class='ocrx_word' id='word_1_714' title='bbox 767 5237 980 5293; x_wconf 87' lang='lat' dir='ltr'><strong><em>nobilis</em></strong></span> <span class='ocrx_word' id='word_1_715' title='bbox 1009 5243 1064 5294; x_wconf 91' lang='lat' dir='ltr'><strong><em>ct</em></strong></span> <span class='ocrx_word' id='word_1_716' title='bbox 1091 5237 1412 5294; x_wconf 83' lang='lat' dir='ltr'><strong><em>catholicus</em></strong></span> <span class='ocrx_word' id='word_1_717' title='bbox 1443 5241 1500 5292; x_wconf 88' lang='lat' dir='ltr'><strong><em>et</em></strong></span> <span class='ocrx_word' id='word_1_718' title='bbox 1521 5235 1777 5292; x_wconf 88' lang='lat' dir='ltr'><strong><em>decanus</em></strong></span> <span class='ocrx_word' id='word_1_719' title='bbox 1797 5238 2112 5294; x_wconf 86' lang='lat' dir='ltr'><strong><em>Arvernen-</em></strong></span> 
     </span>
    </p>
   </div>
   <div class='ocr_carea' id='block_1_103' title="bbox 469 5324 2111 5398">
    <p class='ocr_par' dir='ltr' id='par_1_103' title="bbox 469 5324 2111 5398">
     <span class='ocr_line' id='line_1_103' title="bbox 469 5324 2111 5398; baseline 0 -15"><span class='ocrx_word' id='word_1_720' title='bbox 469 5326 550 5383; x_wconf 65' lang='lat' dir='ltr'><strong><em>si;</em></strong></span> <span class='ocrx_word' id='word_1_721' title='bbox 582 5325 868 5395; x_wconf 62' lang='lat' dir='ltr'><strong><em>Ecclesiae,</em></strong></span> <span class='ocrx_word' id='word_1_722' title='bbox 903 5327 1242 5398; x_wconf 77' lang='lat' dir='ltr'><strong><em>dignaretur</em></strong></span> <span class='ocrx_word' id='word_1_723' title='bbox 1271 5332 1326 5384; x_wconf 89' lang='lat' dir='ltr'><strong><em>et</em></strong></span> <span class='ocrx_word' id='word_1_724' title='bbox 1355 5329 1576 5384; x_wconf 86' lang='lat' dir='ltr'><strong><em>donum</em></strong></span> <span class='ocrx_word' id='word_1_725' title='bbox 1607 5324 1834 5397; x_wconf 88' lang='lat' dir='ltr'><strong><em>nepotis</em></strong></span> <span class='ocrx_word' id='word_1_726' title='bbox 1865 5326 1954 5382; x_wconf 90' lang='lat' dir='ltr'><strong><em>sui</em></strong></span> <span class='ocrx_word' id='word_1_727' title='bbox 1979 5343 2111 5382; x_wconf 90' lang='lat' dir='ltr'><strong><em>con-</em></strong></span> 
     </span>
    </p>
   </div>
   <div class='ocr_carea' id='block_1_104' title="bbox 465 5415 2109 5488">
    <p class='ocr_par' dir='ltr' id='par_1_104' title="bbox 465 5415 2109 5488">
     <span class='ocr_line' id='line_1_104' title="bbox 465 5415 2109 5488; baseline -0.001 -15"><span class='ocrx_word' id='word_1_728' title='bbox 465 5417 721 5483; x_wconf 84' lang='lat' dir='ltr'><strong><em>ﬁrmare,</em></strong></span> <span class='ocrx_word' id='word_1_729' title='bbox 757 5417 813 5470; x_wconf 88' lang='lat' dir='ltr'><strong><em>et</em></strong></span> <span class='ocrx_word' id='word_1_730' title='bbox 841 5431 908 5470; x_wconf 85' lang='lat' dir='ltr'><strong><em>ex</em></strong></span> <span class='ocrx_word' id='word_1_731' title='bbox 937 5432 1045 5471; x_wconf 88' lang='lat' dir='ltr'><strong><em>sua</em></strong></span> <span class='ocrx_word' id='word_1_732' title='bbox 1093 5421 1253 5488; x_wconf 88' lang='lat' dir='ltr'><strong><em>parte</em></strong></span> <span class='ocrx_word' id='word_1_733' title='bbox 1303 5417 1636 5480; x_wconf 84' lang='lat' dir='ltr'><strong><em>concedere,</em></strong></span> <span class='ocrx_word' id='word_1_734' title='bbox 1687 5415 1838 5486; x_wconf 81' lang='lat' dir='ltr'><strong><em>quod</em></strong></span> <span class='ocrx_word' id='word_1_735' title='bbox 1891 5418 1947 5468; x_wconf 85' lang='lat' dir='ltr'><strong><em>et</em></strong></span> <span class='ocrx_word' id='word_1_736' title='bbox 1978 5416 2109 5471; x_wconf 81' lang='lat' dir='ltr'><strong><em>fecit</em></strong></span> 
     </span>
    </p>
   </div>
   <div class='ocr_carea' id='block_1_105' title="bbox 464 5502 2106 5564">
    <p class='ocr_par' dir='ltr' id='par_1_105' title="bbox 464 5502 2106 5564">
     <span class='ocr_line' id='line_1_105' title="bbox 464 5502 2106 5564; baseline -0.001 -1"><span class='ocrx_word' id='word_1_737' title='bbox 464 5522 575 5564; x_wconf 89' lang='lat' dir='ltr'><strong><em>sua</em></strong></span> <span class='ocrx_word' id='word_1_738' title='bbox 600 5502 1000 5562; x_wconf 87' lang='lat' dir='ltr'><strong><em>benevolentia</em></strong></span> <span class='ocrx_word' id='word_1_739' title='bbox 1035 5510 1092 5560; x_wconf 90' lang='lat' dir='ltr'><strong><em>et</em></strong></span> <span class='ocrx_word' id='word_1_740' title='bbox 1141 5503 1488 5562; x_wconf 87' lang='lat' dir='ltr'><strong><em>dulcissima</em></strong></span> <span class='ocrx_word' id='word_1_741' title='bbox 1534 5504 1834 5560; x_wconf 88' lang='lat' dir='ltr'><strong><em>charitate.</em></strong></span> <span class='ocrx_word' id='word_1_742' title='bbox 1889 5504 2106 5562; x_wconf 84' lang='lat' dir='ltr'><strong><em>Idcirco</em></strong></span> 
     </span>
    </p>
   </div>
   <div class='ocr_carea' id='block_1_106' title="bbox 2231 4511 3800 4600">
    <p class='ocr_par' dir='ltr' id='par_1_106' title="bbox 2231 4511 3800 4600">
     <span class='ocr_line' id='line_1_106' title="bbox 2231 4511 3800 4600; baseline -0.008 -16"><span class='ocrx_word' id='word_1_743' title='bbox 2231 4531 2519 4600; x_wconf 88' lang='lat' dir='ltr'><strong><em>quantum</em></strong></span> <span class='ocrx_word' id='word_1_744' title='bbox 2553 4525 2747 4582; x_wconf 88' lang='lat' dir='ltr'><strong><em>divina</em></strong></span> <span class='ocrx_word' id='word_1_745' title='bbox 2777 4527 3054 4599; x_wconf 89' lang='lat' dir='ltr'><strong><em>majestas</em></strong></span> <span class='ocrx_word' id='word_1_746' title='bbox 3085 4544 3224 4582; x_wconf 69' lang='lat' dir='ltr'><strong><em>mete</em></strong></span> <span class='ocrx_word' id='word_1_747' title='bbox 3258 4521 3611 4600; x_wconf 89' lang='lat' dir='ltr'><strong><em>possibilitati</em></strong></span> <span class='ocrx_word' id='word_1_748' title='bbox 3649 4511 3800 4588; x_wconf 77' lang='lat' dir='ltr'><strong><em>largiri</em></strong></span> 
     </span>
    </p>
   </div>
   <div class='ocr_carea' id='block_1_107' title="bbox 2229 4614 3800 4696">
    <p class='ocr_par' dir='ltr' id='par_1_107' title="bbox 2229 4614 3800 4696">
     <span class='ocr_line' id='line_1_107' title="bbox 2229 4614 3800 4696; baseline -0.008 -24"><span class='ocrx_word' id='word_1_749' title='bbox 2229 4615 2589 4690; x_wconf 87' lang='lat' dir='ltr'><strong><em>dignabitur,</em></strong></span> <span class='ocrx_word' id='word_1_750' title='bbox 2637 4614 2907 4688; x_wconf 89' lang='lat' dir='ltr'><strong><em>colligere</em></strong></span> <span class='ocrx_word' id='word_1_751' title='bbox 2963 4615 3229 4686; x_wconf 88' lang='lat' dir='ltr'><strong><em>dispersa</em></strong></span> <span class='ocrx_word' id='word_1_752' title='bbox 3257 4620 3315 4671; x_wconf 89' lang='lat' dir='ltr'><strong><em>et</em></strong></span> <span class='ocrx_word' id='word_1_753' title='bbox 3360 4624 3671 4696; x_wconf 84' lang='lat' dir='ltr'><strong><em>conservare</em></strong></span> <span class='ocrx_word' id='word_1_754' title='bbox 3699 4617 3800 4696; x_wconf 48' lang='lat' dir='ltr'><strong><em>con:</em></strong></span> 
     </span>
    </p>
   </div>
   <div class='ocr_carea' id='block_1_108' title="bbox 2229 4695 3798 4784">
    <p class='ocr_par' dir='ltr' id='par_1_108' title="bbox 2229 4695 3798 4784">
     <span class='ocr_line' id='line_1_108' title="bbox 2229 4695 3798 4784; baseline -0.011 -23"><span class='ocrx_word' id='word_1_755' title='bbox 2229 4707 2485 4780; x_wconf 83' lang='lat' dir='ltr'><strong><em>gregata,</em></strong></span> <span class='ocrx_word' id='word_1_756' title='bbox 2521 4703 2916 4760; x_wconf 88' lang='lat' dir='ltr'><strong><em>necessarium</em></strong></span> <span class='ocrx_word' id='word_1_757' title='bbox 2949 4704 3086 4759; x_wconf 87' lang='lat' dir='ltr'><strong><em>duxi</em></strong></span> <span class='ocrx_word' id='word_1_758' title='bbox 3115 4704 3277 4760; x_wconf 88' lang='lat' dir='ltr'><strong><em>adire</em></strong></span> <span class='ocrx_word' id='word_1_759' title='bbox 3307 4701 3599 4760; x_wconf 87' lang='lat' dir='ltr'><strong><em>consilium</em></strong></span> <span class='ocrx_word' id='word_1_760' title='bbox 3643 4695 3798 4784; x_wconf 56' lang='lat' dir='ltr'><strong><em>domui</em></strong></span> 
     </span>
    </p>
   </div>
   <div class='ocr_carea' id='block_1_109' title="bbox 2229 4783 3800 4860">
    <p class='ocr_par' dir='ltr' id='par_1_109' title="bbox 2229 4783 3800 4860">
     <span class='ocr_line' id='line_1_109' title="bbox 2229 4783 3800 4860; baseline -0.01 -10"><span class='ocrx_word' id='word_1_761' title='bbox 2229 4793 2491 4850; x_wconf 88' lang='lat' dir='ltr'><strong><em>0dilonis</em></strong></span> <span class='ocrx_word' id='word_1_762' title='bbox 2530 4791 2760 4850; x_wconf 90' lang='lat' dir='ltr'><strong><em>abbatis</em></strong></span> <span class='ocrx_word' id='word_1_763' title='bbox 2808 4792 3208 4849; x_wconf 85' lang='lat' dir='ltr'><strong><em>Cluniacensis</em></strong></span> <span class='ocrx_word' id='word_1_764' title='bbox 3261 4790 3522 4860; x_wconf 77' lang='lat' dir='ltr'><strong><em>emnobii,</em></strong></span> <span class='ocrx_word' id='word_1_765' title='bbox 3573 4790 3624 4843; x_wconf 88' lang='lat' dir='ltr'><strong><em>et</em></strong></span> <span class='ocrx_word' id='word_1_766' title='bbox 3649 4783 3800 4838; x_wconf 81' lang='lat' dir='ltr'><strong><em>domm</em></strong></span> 
     </span>
    </p>
   </div>
   <div class='ocr_carea' id='block_1_110' title="bbox 2225 4873 3797 4955">
    <p class='ocr_par' dir='ltr' id='par_1_110' title="bbox 2225 4873 3797 4955">
     <span class='ocr_line' id='line_1_110' title="bbox 2225 4873 3797 4955; baseline -0.007 -17"><span class='ocrx_word' id='word_1_767' title='bbox 2225 4883 2453 4938; x_wconf 88' lang='lat' dir='ltr'><strong><em>Viviani</em></strong></span> <span class='ocrx_word' id='word_1_768' title='bbox 2515 4886 2972 4955; x_wconf 70' lang='lat' dir='ltr'><strong><em>cmterorumquc</em></strong></span> <span class='ocrx_word' id='word_1_769' title='bbox 3047 4882 3290 4938; x_wconf 77' lang='lat' dir='ltr'><strong><em>fratrum</em></strong></span> <span class='ocrx_word' id='word_1_770' title='bbox 3360 4873 3651 4953; x_wconf 84' lang='lat' dir='ltr'><strong><em>supradicti</em></strong></span> <span class='ocrx_word' id='word_1_771' title='bbox 3705 4881 3797 4955; x_wconf 64' lang='lat' dir='ltr'><strong><em>m9-</em></strong></span> 
     </span>
    </p>
   </div>
   <div class='ocr_carea' id='block_1_111' title="bbox 2226 4951 3795 5049">
    <p class='ocr_par' dir='ltr' id='par_1_111' title="bbox 2226 4951 3795 5049">
     <span class='ocr_line' id='line_1_111' title="bbox 2226 4951 3795 5049; baseline -0.008 -21"><span class='ocrx_word' id='word_1_772' title='bbox 2226 4971 2488 5046; x_wconf 84' lang='lat' dir='ltr'><strong><em>nasterii,</em></strong></span> <span class='ocrx_word' id='word_1_773' title='bbox 2521 4972 2593 5026; x_wconf 87' lang='lat' dir='ltr'><strong><em>de</em></strong></span> <span class='ocrx_word' id='word_1_774' title='bbox 2624 4972 2879 5044; x_wconf 87' lang='lat' dir='ltr'><strong><em>quodam</em></strong></span> <span class='ocrx_word' id='word_1_775' title='bbox 2910 4975 3108 5028; x_wconf 86' lang='lat' dir='ltr'><strong><em>nostro</em></strong></span> <span class='ocrx_word' id='word_1_776' title='bbox 3157 4967 3525 5034; x_wconf 89' lang='lat' dir='ltr'><strong><em>monasterio,</em></strong></span> <span class='ocrx_word' id='word_1_777' title='bbox 3569 4951 3795 5049; x_wconf 54' lang='lat' dir='ltr'><strong><em>vocabul?</em></strong></span> 
     </span>
    </p>
   </div>
   <div class='ocr_carea' id='block_1_112' title="bbox 2224 5045 3788 5134">
    <p class='ocr_par' dir='ltr' id='par_1_112' title="bbox 2224 5045 3788 5134">
     <span class='ocr_line' id='line_1_112' title="bbox 2224 5045 3788 5134; baseline -0.012 -16"><span class='ocrx_word' id='word_1_778' title='bbox 2224 5045 2622 5134; x_wconf 87' lang='lat' dir='ltr'><strong><em>Magabrense,</em></strong></span> <span class='ocrx_word' id='word_1_779' title='bbox 2680 5061 2836 5132; x_wconf 90' lang='lat' dir='ltr'><strong><em>quod</em></strong></span> <span class='ocrx_word' id='word_1_780' title='bbox 2893 5064 2981 5116; x_wconf 90' lang='lat' dir='ltr'><strong><em>est</em></strong></span> <span class='ocrx_word' id='word_1_781' title='bbox 3009 5059 3068 5115; x_wconf 91' lang='lat' dir='ltr'><strong><em>in</em></strong></span> <span class='ocrx_word' id='word_1_782' title='bbox 3123 5059 3340 5116; x_wconf 84' lang='lat' dir='ltr'><strong><em>honore</em></strong></span> <span class='ocrx_word' id='word_1_783' title='bbox 3397 5053 3570 5114; x_wconf 82' lang='lat' dir='ltr'><strong><em>sancti</em></strong></span> <span class='ocrx_word' id='word_1_784' title='bbox 3607 5045 3788 5105; x_wconf 81' lang='lat' dir='ltr'><strong><em>Martini</em></strong></span> 
     </span>
    </p>
   </div>
   <div class='ocr_carea' id='block_1_113' title="bbox 2222 5135 3796 5226">
    <p class='ocr_par' dir='ltr' id='par_1_113' title="bbox 2222 5135 3796 5226">
     <span class='ocr_line' id='line_1_113' title="bbox 2222 5135 3796 5226; baseline -0.014 -22"><span class='ocrx_word' id='word_1_785' title='bbox 2222 5154 2648 5214; x_wconf 87' lang='lat' dir='ltr'><strong><em>consecratum,</em></strong></span> <span class='ocrx_word' id='word_1_786' title='bbox 2683 5153 3118 5206; x_wconf 89' lang='lat' dir='ltr'><strong><em>antecessorum</em></strong></span> <span class='ocrx_word' id='word_1_787' title='bbox 3138 5135 3796 5226; x_wconf 63' lang='lat' dir='ltr'><strong><em>nostrorumtemporibus,</em></strong></span> 
     </span>
    </p>
   </div>
   <div class='ocr_carea' id='block_1_114' title="bbox 2221 5233 3790 5316">
    <p class='ocr_par' dir='ltr' id='par_1_114' title="bbox 2221 5233 3790 5316">
     <span class='ocr_line' id='line_1_114' title="bbox 2221 5233 3790 5316; baseline -0.008 -22"><span class='ocrx_word' id='word_1_788' title='bbox 2221 5255 2335 5294; x_wconf 93' lang='lat' dir='ltr'><strong><em>non</em></strong></span> <span class='ocrx_word' id='word_1_789' title='bbox 2369 5237 2558 5294; x_wconf 89' lang='lat' dir='ltr'><strong><em>solum</em></strong></span> <span class='ocrx_word' id='word_1_790' title='bbox 2590 5237 2846 5310; x_wconf 89' lang='lat' dir='ltr'><strong><em>regulari</em></strong></span> <span class='ocrx_word' id='word_1_791' title='bbox 2884 5238 3106 5302; x_wconf 88' lang='lat' dir='ltr'><strong><em>ordine,</em></strong></span> <span class='ocrx_word' id='word_1_792' title='bbox 3141 5239 3239 5294; x_wconf 88' lang='lat' dir='ltr'><strong><em>sed</em></strong></span> <span class='ocrx_word' id='word_1_793' title='bbox 3291 5235 3464 5292; x_wconf 85' lang='lat' dir='ltr'><strong><em>etiam</em></strong></span> <span class='ocrx_word' id='word_1_794' title='bbox 3508 5243 3637 5304; x_wconf 87' lang='lat' dir='ltr'><strong><em>pene</em></strong></span> <span class='ocrx_word' id='word_1_795' title='bbox 3672 5233 3790 5316; x_wconf 63' lang='grc' dir='ltr'>οωξιι</span> 
     </span>
    </p>
   </div>
   <div class='ocr_carea' id='block_1_115' title="bbox 2219 5316 3790 5397">
    <p class='ocr_par' dir='ltr' id='par_1_115' title="bbox 2219 5316 3790 5397">
     <span class='ocr_line' id='line_1_115' title="bbox 2219 5316 3790 5397; baseline -0.01 -15"><span class='ocrx_word' id='word_1_796' title='bbox 2219 5327 2470 5382; x_wconf 86' lang='lat' dir='ltr'><strong><em>utilitate</em></strong></span> <span class='ocrx_word' id='word_1_797' title='bbox 2491 5327 2860 5393; x_wconf 88' lang='lat' dir='ltr'><strong><em>destitutum,</em></strong></span> <span class='ocrx_word' id='word_1_798' title='bbox 2913 5332 3242 5382; x_wconf 75' lang='lat' dir='ltr'><strong><em>restaurare</em></strong></span> <span class='ocrx_word' id='word_1_799' title='bbox 3287 5324 3520 5397; x_wconf 88' lang='lat' dir='ltr'><strong><em>cupiens</em></strong></span> <span class='ocrx_word' id='word_1_800' title='bbox 3561 5316 3723 5389; x_wconf 85' lang='lat' dir='ltr'><strong><em>ipsum</em></strong></span> <span class='ocrx_word' id='word_1_801' title='bbox 3747 5320 3790 5360; x_wconf 86' lang='grc' dir='ltr'><strong><em>ιῐι</em></strong></span> 
     </span>
    </p>
   </div>
   <div class='ocr_carea' id='block_1_116' title="bbox 2219 5403 3788 5490">
    <p class='ocr_par' dir='ltr' id='par_1_116' title="bbox 2219 5403 3788 5490">
     <span class='ocr_line' id='line_1_116' title="bbox 2219 5403 3788 5490; baseline -0.003 -18"><span class='ocrx_word' id='word_1_802' title='bbox 2219 5416 2534 5489; x_wconf 87' lang='lat' dir='ltr'><strong><em>pristinum</em></strong></span> <span class='ocrx_word' id='word_1_803' title='bbox 2571 5416 2907 5472; x_wconf 66' lang='lat' dir='ltr'><strong><em>monasticae</em></strong></span> <span class='ocrx_word' id='word_1_804' title='bbox 2949 5415 3245 5490; x_wconf 76' lang='lat' dir='ltr'><strong><em>religionis</em></strong></span> <span class='ocrx_word' id='word_1_805' title='bbox 3293 5412 3546 5488; x_wconf 85' lang='lat' dir='ltr'><strong><em>gradum.</em></strong></span> <span class='ocrx_word' id='word_1_806' title='bbox 3591 5403 3788 5467; x_wconf 71' lang='lat' dir='ltr'><strong><em>ldeo‘luc</em></strong></span> 
     </span>
    </p>
   </div>
   <div class='ocr_carea' id='block_1_117' title="bbox 2217 5495 3785 5578">
    <p class='ocr_par' dir='ltr' id='par_1_117' title="bbox 2217 5495 3785 5578">
     <span class='ocr_line' id='line_1_117' title="bbox 2217 5495 3785 5578; baseline -0.015 -16"><span class='ocrx_word' id='word_1_807' title='bbox 2217 5506 2324 5562; x_wconf 90' lang='lat' dir='ltr'><strong><em>hoc</em></strong></span> <span class='ocrx_word' id='word_1_808' title='bbox 2357 5505 2483 5575; x_wconf 81' lang='lat' dir='ltr'><strong><em>feci,</em></strong></span> <span class='ocrx_word' id='word_1_809' title='bbox 2518 5505 2795 5578; x_wconf 87' lang='lat' dir='ltr'><strong><em>quoniam</em></strong></span> <span class='ocrx_word' id='word_1_810' title='bbox 2829 5505 3058 5562; x_wconf 90' lang='lat' dir='ltr'><strong><em>nullum</em></strong></span> <span class='ocrx_word' id='word_1_811' title='bbox 3087 5505 3248 5562; x_wconf 83' lang='lat' dir='ltr'><strong><em>aliud</em></strong></span> <span class='ocrx_word' id='word_1_812' title='bbox 3275 5509 3392 5560; x_wconf 88' lang='lat' dir='ltr'><strong><em>tam</em></strong></span> <span class='ocrx_word' id='word_1_813' title='bbox 3433 5495 3644 5556; x_wconf 82' lang='lat' dir='ltr'><strong><em>salubre</em></strong></span> <span class='ocrx_word' id='word_1_814' title='bbox 3679 5499 3785 5542; x_wconf 87' lang='lat' dir='ltr'><strong><em>con-</em></strong></span> 
     </span>
    </p>
   </div>
  </div>
