4036 6160
213 235 331 305 861

214 481 350 524 vero
377 462 543 520 locus
560 462 967 520 nobilissimus
984 464 1199 520 dicitur
1218 462 1277 517 in
1307 461 1440 517 Vita
1467 461 1654 518 sancti
1688 462 1886 518 Odilo-

215 555 332 621 nis,
362 557 419 609 et
446 555 695 608 multum
726 553 801 608 ab
833 553 1038 608 eodem
1070 555 1268 609 sancto
1287 549 1421 605 “viro
1451 551 1740 615 adauctus.

284 647 374 699 77.
424 644 596 698 Anno
645 659 719 696 xv
774 642 1007 698 Roberti
1059 642 1237 714 regis,
1281 656 1482 696 mense
1532 641 1885 711 Septembri,

218 731 581 805 proindeque
608 746 769 786 anno
814 748 939 785 aera;
969 730 1228 803 vulgaris
1261 730 1416 797 1011,
1451 728 1499 784 si
1549 729 1622 783 de
1650 745 1886 784 monar-

220 821 350 877 chia
400 818 795 892 intelligatur,
829 818 1023 885 Wido,
1059 818 1270 875 nobilis
1316 818 1424 884 vir,
1456 819 1889 874 monasterium

219 910 579 966 Thiernense
610 926 647 964 a
674 909 798 964 suis
818 908 1166 980 parentibus
1189 907 1481 980 quondam
1512 908 1892 962 sa’culurz’lcr

218 1014 533 1070 possessum
561 996 846 1053 Cluniaco
868 997 1135 1068 subjecit,
1156 996 1508 1054 assentiente
1540 996 1713 1051 Petro
1739 996 1893 1067 ejus-

221 1089 350 1143 dem
382 1085 493 1142 loci
522 1086 760 1152 abbate,
795 1086 887 1141 cui
928 1089 1047 1141 toto
1085 1085 1215 1141 vitae
1246 1102 1363 1140 suae
1400 1088 1663 1156 tempore
1696 1102 1889 1140 reser-

216 1180 348 1232 vata
377 1180 523 1230 sunt
551 1173 787 1231 abbatis
812 1175 950 1244 jura
973 1180 1032 1230 et
1062 1172 1473 1247 praerogativa}.
1508 1173 1590 1228 De
1621 1174 1892 1246 reliquiis

215 1265 404 1321 sancti
437 1263 861 1335 Symphoriani
884 1263 943 1317 in
975 1264 1146 1319 altari
1177 1262 1433 1320 ecclesiae
1465 1262 1892 1335 Thigernensis

211 1351 534 1411 reconditis
549 1351 674 1424 agit
689 1351 1004 1424 Gregorius
1023 1353 1408 1419 Turonensis,
1423 1352 1525 1408 lib.
1546 1370 1584 1408 1.
1608 1357 1688 1409 De
1706 1353 1895 1425 gloria

210 1446 565 1516 martyrum,
599 1457 727 1512 cap.
749 1441 841 1511 52,
872 1442 943 1497 de
973 1441 1211 1498 Genesii
1246 1441 1520 1514 martyris
1551 1442 1893 1499 inventione

208 1532 430 1589 ibidem
463 1531 640 1599 facta,
675 1529 863 1602 capite
888 1532 960 1585 67
990 1533 1266 1601 ejusdem
1296 1530 1452 1587 libri.

279 1623 372 1678 78.
418 1620 638 1677 Eodem
681 1619 887 1676 saeculo
914 1621 1239 1676 undecimo
1270 1621 1529 1687 ineunte,
1563 1623 1666 1677 sed
1704 1621 1894 1677 incer-

1778 234 2166 307 ELOGIUM,
2192 250 2197 251 ’

217 374 471 434 habetur
519 371 583 429 in
634 370 1003 432 Bibliotheca
1046 370 1438 440 Cluniacensi,
1468 370 1577 428 col.
1612 371 1738 428 409.
1786 371 1888 429 Hic
1921 369 1973 438 Α

3496 272 3501 275 ’
3555 254 3678 319 862

2076 372 2169 428 79.
2206 372 2375 428 Anno
2408 373 2567 441 1022,
2601 374 2768 433 Odilo
2800 374 3102 435 Lirinense
3133 384 3564 445 monasterium
3597 406 3681 447 re-

1994 461 2269 553 gendum
2294 462 2572 534 suscepit,
2597 464 2768 537 eique
2792 468 3022 540 praefuit
3043 470 3114 523 ad
3139 486 3361 529 annum
3390 477 3679 553 1028,quo

1995 549 2060 603 in
2092 550 2227 620 ejus
2254 549 2449 605 locum
2484 554 2766 610 suffectus
2798 562 2887 611 est
2917 556 3268 628 Amalricus,
3293 566 3362 618 ut
3387 549 3681 629 disc-imus

1996 654 2067 693 ex
2099 638 2340 693 duobus
2368 640 2662 697 chronicis
2691 661 2831 701 mss.
2861 663 2988 716 quae
3015 662 3194 717 penes
3226 667 3333 706 nos
3362 652 3681 734 habemus,

1999 743 2262 798 quorum
2290 728 2699 787 chronicorum
2732 750 2840 805 ope
2871 735 3275 794 emendandus
3306 748 3398 797 est
3426 728 3680 807 Vincen;

1998 815 2121 871 tius
2146 815 2425 882 Barralis,
2443 818 2708 889 ejusdem
2732 821 2842 878 loci
2868 824 3213 891 monachus,
3246 831 3345 901 qui
3370 833 3679 897 Odilonem

2001 904 2299 961 Lirinensi
2338 906 2541 961 insulae
2574 910 2747 979 paulo
2799 916 2933 983 post
2969 915 3153 969 sancti
3203 917 3395 976 Maioli
3449 927 3679 987 obitum

1999 993 2348 1064 praefectum
2372 994 2553 1051 fuisse
2575 999 2813 1071 scripsit
2834 1002 2893 1056 in
2921 1001 3308 1079 Chronologia
3337 1020 3677 1076 sanctorum

2002 1081 2427 1179 Lirinensium.
2447 1084 2603 1141 Duas
2635 1086 2793 1145 idem
2826 1094 3031 1146 auctor
3059 1092 3292 1152 chartas
3323 1102 3518 1172 refert,
3546 1124 3677 1179 quas

2001 1170 2254 1227 Odilone
2293 1171 2584 1230 Lirinensi
2632 1177 2845 1235 abbate
2894 1180 3042 1235 data;
3089 1188 3263 1254 sunt;
3300 1190 3402 1245 sed
3448 1170 3675 1253 nullam

2002 1256 2231 1315 habent
2264 1262 2546 1332 temporis
2596 1269 2819 1334 notam,
2855 1266 3009 1323 sicut
3060 1287 3162 1326 nec
3211 1273 3269 1329 in
3314 1276 3682 1341 Bibliotheca

2002 1346 2402 1417 Cluniacensi,
2435 1351 2533 1405 ubi
2567 1351 2781 1410 iterum
2810 1356 2978 1421 editae
3007 1357 3313 1420 habentur.

2075 1439 2168 1492 80.
2206 1437 2410 1495 Varias
2439 1439 2593 1497 vices
2642 1461 2821 1515 passa
2872 1450 2963 1502 est
3007 1448 3361 1512 Juliacensis
3407 1461 3676 1532 ecclesia,

2004 1526 2615 1617 undcdifli‘cillimum
2648 1538 2739 1588 est
2768 1537 3005 1606 tempus
3032 1538 3334 1611 assignare
3355 1562 3468 1617 quo
3491 1566 3525 1604 a
3554 1526 3679 1608 mo;

1988 1614 2218 1670 inachis
2267 1614 2753 1678 Cluniacensibus
2803 1624 3064 1695 primum
3112 1614 3436 1690 inhabitata
3475 1637 3681 1695 fuerit.

206 1717 339 1810 tum
365 1727 494 1809 quo
524 1726 701 1809 anno,
731 1709 978 1810 contigit
1012 1710 1557 1810 monasteriinapud
1589 1709 1892 1809 Valentio-
1927 1744 1974 1810 Β
2004 1706 2170 1759 Certe
2193 1704 2322 1810 jam
2603 1708 3006 1810 laudavimus“
3025 1715 3288 1777 chartam
3314 1721 3546 1783 Ottonis
3576 1745 3685 1784 co-

207 1800 329 1857 lam
362 1800 423 1855 in
446 1799 787 1872 episcopatu
812 1798 1067 1869 Regensi
1095 1799 1326 1854 erectio.
1356 1798 1499 1854 "uio
1520 1799 1892 1855 occasionem
1928 1795 1974 1810 "
2005 1799 2327 1865 gnomento
2375 1795 2673 1863 Willelmi,
2707 1800 3058 1872 Burgundiae
3108 1806 3294 1874 ducis,
3342 1812 3537 1871 datam
3580 1835 3688 1873 re-

207 1890 377 1946 dedit
403 1888 647 1944 donatio
679 1887 858 1942 curtis
886 1887 947 1941 in
985 1888 1201 1942 eodem
1233 1887 1379 1955 loco,
1412 1888 1586 1959 cujus
1622 1888 1895 1944 meminit

209 1977 535 2052 Gregorius
562 1980 608 2029 V
631 1976 690 2031 in
712 1974 869 2031 bulla
881 1976 1015 2045 jam
1042 1993 1077 2031 a
1098 1975 1271 2031 nobis
1294 1976 1549 2031 laudata.
1564 1978 1711 2033 Cum
1733 1978 1894 2033 enim

207 2070 405 2142 ipsam
432 2064 791 2122 monasterio
812 2064 1177 2120 exstruendo
1199 2068 1398 2136 aptam
1414 2064 1747 2135 judicassct
1766 2068 1897 2124 bea-

207 2164 310 2215 tus
334 2155 530 2223 Odilo,
551 2155 705 2210 hanc
736 2152 1037 2209 licentiam
1072 2154 1147 2208 ab
1180 2152 1453 2226 episcopo
1482 2155 1648 2226 petiit
1668 2161 1725 2212 et
1749 2156 1897 2212 obti-

210 2247 363 2312 nuit,
399 2248 467 2299 ut
515 2247 674 2315 patet
704 2257 774 2297 ex
798 2242 973 2297 veteri
1032 2242 1244 2297 notitia
1288 2258 1469 2313 quam
1503 2260 1571 2298 ex
1601 2244 1895 2301 chartario

207 2330 592 2391 Cluniacensi
609 2329 960 2401 descriptam
984 2330 1303 2395 habemus,
1319 2330 1419 2385 ubi
1442 2331 1562 2387 haec
1585 2332 1891 2405 leguntur:

214 2449 242 2475 ‹‹
278 2422 455 2480 Odilo
488 2421 673 2477 abbas
703 2419 882 2474 mittit
911 2418 1245 2474 monachos
1275 2418 1345 2473 ad
1376 2420 1755 2476 Almeradum
1786 2423 1893 2479 Re-

211 2528 466 2587 gensem
484 2510 849 2582 episcopum,
867 2507 965 2581 qui
988 2506 1359 2579 postularent
1379 2508 1677 2565 licentiam
1699 2527 1897 2566 mona-

214 2600 384 2658 sterii
407 2596 745 2655 aediﬁcandi
759 2597 929 2668 juxta
943 2594 1257 2653 ecclesiam
1278 2596 1337 2650 in
1362 2596 1580 2654 honore
1602 2598 1740 2654 almi
1763 2617 1896 2656 con-

216 2689 475 2748 fessoris
505 2685 742 2743 Maximi
776 2685 1111 2757 antiquitus
1130 2689 1526 2742 consecratam
1554 2686 1613 2741 in
1635 2687 1771 2744 villa
1789 2688 1896 2745 Va-

218 2777 498 2837 lentiola.
534 2775 641 2832 Cui
673 2774 991 2844 consensit,
1026 2773 1397 2845 decrevitque
1447 2780 1511 2830 ut
1557 2775 1721 2832 nulla
1763 2794 1896 2848 per-

216 2887 373 2927 sona
404 2866 632 2923 habeat
660 2862 1122 2919 dominationem
1170 2867 1272 2918 aut
1320 2863 1803 2921 consuetudinem
1837 2867 1895 2921 in

215 2959 384 3016 dicto
415 2955 575 3018 loco,
607 2957 785 3024 atque
818 2951 1023 3006 fratres
1074 2949 1155 3006 ibi
1198 2958 1627 3008 commorantes
1658 2960 1899 3025 possent

120 3074 129 3080 ·
215 3065 353 3120 quae
389 3064 428 3101 a
462 3041 738 3098 ﬁdelibus
770 3040 1117 3095 olferrentur
1137 3039 1416 3111 accipere.
1446 3064 1472 3089 »
1495 3040 1665 3098 Nulla
1685 3048 1775 3098 est
1795 3061 1895 3117 ap-

2004 1886 2225 1954 gnante
2254 1883 2584 1957 Rodulpho,
2619 1886 2678 1942 in
2710 1904 2846 1959 qua,
2883 1896 3193 1964 postquam
3238 1899 3432 1957 fassus
3462 1903 3690 1964 fuisset

2006 1987 2067 2026 se
2099 1971 2296 2028 Maioli
2325 1978 2382 2029 et
2411 1974 2676 2031 Odilonis
2704 1977 2986 2035 abbatum
3010 1998 3175 2039 voces
3196 1988 3377 2043 surda
3401 2007 3542 2046 aure
3564 1995 3679 2050 diu

2005 2060 2323 2127 audivisse,
2340 2068 2730 2135 compunctus
2751 2067 2989 2124 tandem
3008 2069 3300 2130 Juliacum
3335 2079 3682 2140 restituisse

2006 2149 2245 2205 dicitur.

2076 2242 2167 2295 81.
2202 2240 2420 2295 Verum
2472 2246 2607 2312 post
2655 2242 2867 2300 factam
2921 2247 3406 2311 Cluniacensibus
3455 2257 3674 2317 Juliaci

2006 2326 2436 2383 restitutionem
2469 2329 2543 2383 ab
2574 2329 2783 2386 Ottone
2816 2332 3133 2401 Willelmo,
3167 2342 3441 2400 eumdem
3474 2344 3672 2406 locum

2005 2415 2273 2471 nonnulli
2306 2417 2617 2474 saeculares
2647 2419 2751 2474 viri
2786 2421 2897 2477 sibi
2926 2424 3242 2483 attribuere
3270 2434 3669 2506 tentaverunt,

2006 2520 2261 2575 quorum
2290 2511 2538 2561 conatus
2570 2508 2802 2565 nonnisi
2853 2511 3096 2569 alterius
3144 2520 3307 2574 terra
3357 2519 3672 2595 largitione

2006 2595 2317 2650 retundere
2350 2596 2542 2667 potuit
2587 2614 2783 2653 comes
2832 2600 3189 2673 Raynaldus,
3222 2606 3452 2666 Ottonis
3483 2612 3664 2671 filius.

2006 2682 2068 2737 Id
2096 2683 2416 2753 probamus
2446 2701 2516 2739 ex
2540 2686 2716 2741 veteri
2750 2688 2958 2744 notitia
2987 2707 3113 2762 quas
3133 2690 3193 2748 in
3216 2694 3509 2755 chartario
3539 2702 3670 2758 Clu-

2007 2770 2268 2860 niacensi
2299 2772 2553 2860 habetur
2581 2772 2674 2860 his
2704 2775 2893 2830 verbis
2919 2793 2932 2832 :
2959 2800 2987 2827 ‹‹
3020 2779 3156 2835 Otto
3189 2799 3402 2852 comes,
3436 2787 3536 2860 qui
3569 2808 3666 2846 co-

2005 2859 2388 2929 gnominatur
2415 2858 2770 2927 \Villelmus,
2794 2864 3046 2920 reddidit
3066 2870 3371 2927 monachis
3394 2858 3469 2930 ini
3488 2877 3670 2935 famo-

2006 2946 2244 3002 sissimo
2275 2948 2536 3004 cmnobio
2582 2949 2877 3007 Cluniensi
2927 2936 3049 3009 Deo
3080 2958 3469 3019 servientibus
3500 2971 3664 3037 pote-

2006 3040 2218 3092 statem
2245 3054 2373 3108 qua:
2404 3036 2619 3092 dicitur
2644 3038 2927 3095 Julianus.
2965 3041 3161 3116 Longo
3190 3050 3449 3120 tempore
3469 3036 3663 3110 trans-
3696 3044 3703 3045 ί

213 3108 423 3207 ῥοδίω
452 3130 613 3196 data,
635 3129 734 3184 sed
756 3144 908 3183 exeo
934 3108 1281 3197 conjicimus
1304 3128 1677 3185 Almeradum
1701 3108 1895 3188 εωειίιί
1928 3108 1970 3175 C
2007 3129 2156 3192 acto,
2190 3130 2567 3181 surrexerunt
2594 3129 2776 3199 Aymo
2816 3134 2873 3184 et
2922 3108 3195 3190 Otber‘t’us
3245 3108 3345 3191 filii
3396 3108 3663 3211 Aldonis,

216 3220 534 3279 undecimi
572 3217 738 3273 initio
786 3215 1048 3272 Ecclesia:
1091 3216 1338 3289 Regensi
1372 3218 1695 3289 praefuisse,
1739 3223 1894 3292 quod

217 3309 530 3368 Lirinensi
584 3305 961 3370 monasterio,
994 3305 1088 3361 cui
1136 3310 1278 3362 tunc
1328 3307 1668 3364 Warnerius
1712 3311 1896 3369 abbas

218 3403 504 3473 praeerat,
523 3396 752 3468 aliquot
772 3395 925 3449 bona
954 3394 1284 3450 contulerit.
1308 3396 1651 3453 Warnerius
1679 3399 1896 3472 quippe

223 3491 286 3545 in
323 3484 658 3544 Lirinensis
690 3482 1028 3538 monasterii
1074 3483 1356 3556 regimine
1387 3491 1653 3542 sanctum
1698 3488 1893 3546 Odilo-

228 3595 368 3633 nem
403 3573 730 3648 praecessit.
753 3572 914 3627 Idem
945 3572 1318 3639 Almeradus,
1345 3591 1468 3641 seu,
1494 3578 1558 3630 ut
1586 3575 1663 3631 ibi
1697 3579 1896 3635 scribi-

231 3671 352 3734 tur,
385 3662 797 3728 Helmeradus,
825 3659 882 3715 in
913 3660 1115 3716 charta
1145 3662 1421 3733 quadam,
1448 3669 1652 3735 agente
1681 3666 1894 3724 domno

235 3752 550 3809 Warnerio
580 3748 950 3806 Cluniacensi
974 3749 1302 3822 praeposito,
1328 3751 1561 3823 agnovit
1584 3770 1779 3811 coram
1806 3774 1893 3814 re-

241 3842 440 3915 liquiis
462 3840 521 3896 in
544 3837 804 3911 imagine
819 3838 1007 3894 sancti
1028 3838 1180 3894 Petri
1203 3841 1494 3897 contentis
1511 3841 1623 3897 sibi
1638 3844 1894 3901 decimas

247 3931 457 4003 proprii
489 3928 714 3986 laboris
744 3943 859 3982 non
905 3926 1101 3983 deberi
1151 3927 1208 3981 in
1254 3928 1425 3985 terris
1474 3929 1808 3987 Valentiolae
1838 3940 1895 3989 et

251 4018 488 4075 aliarum
547 4014 995 4089 possessionum
1054 4033 1088 4071 a
1144 4014 1419 4073 Cluniaco
1488 4019 1890 4089 pendentium.

253 4105 451 4163 Charta
478 4106 618 4161 data
641 4108 732 4159 est
759 4102 820 4158 in
852 4103 980 4174 ipsa
1010 4102 1255 4160 ecclesia
1285 4104 1637 4176 Valentiolae,
1672 4110 1772 4164 sed
1804 4115 1894 4167 est

255 4195 466 4268 absque
487 4195 648 4259 data,
681 4190 834 4247 sicut
859 4196 918 4246 et
946 4192 1137 4257 tertia,
1172 4191 1269 4246 ubi
1303 4192 1454 4249 idem
1487 4194 1730 4252 antistes
1756 4215 1893 4255 san-

254 4289 340 4340 cto
369 4282 592 4341 Odiloni
623 4280 868 4336 dimittit
890 4297 1117 4336 annuos
1147 4283 1433 4353 quosdam
1466 4283 1710 4354 reditus,
1746 4304 1893 4359 quos

254 4372 483 4430 ecclesia
512 4368 853 4429 Valentiolie
892 4369 1118 4446 solebat
1145 4370 1414 4444 episcopo
1444 4372 1682 4430 solvere.
1717 4376 1894 4433 Deni-

2004 3213 2434 3286 proclamantes
2466 3231 2593 3270 eam
2652 3221 2997 3288 potestatem
3046 3238 3216 3279 suam
3260 3225 3656 3287 hereditatem

2002 3319 2168 3358 esse:
2191 3304 2291 3358 s‘ed
2324 3303 2446 3358 haec
2477 3303 2773 3361 calumnia
2802 3307 3048 3363 cessavit
3072 3310 3134 3365 in
3167 3315 3474 3384 praesentia
3505 3317 3660 3391 Ray-

2003 3390 2161 3446 naldi
2191 3391 2443 3453 comitis.
2478 3391 2579 3446 filii
2611 3395 2933 3465 supradicti
2965 3396 3246 3467 Willemi,
3283 3402 3381 3474 qui
3412 3421 3515 3476 pro
3547 3390 3659 3464 hac

2003 3480 2297 3536 calumnia
2344 3481 2505 3536 dedit
2551 3483 2806 3555 praefatis
2848 3487 3096 3556 Aymoni
3128 3493 3185 3544 et
3215 3490 3450 3549 Otberto
3481 3493 3660 3552 aliam

2003 3570 2322 3641 quamdam
2355 3575 2725 3642 potestatem,
2745 3590 2926 3643 quam
2949 3585 3358 3650 susceperunt,
3382 3587 3439 3637 et
3461 3600 3663 3654 quere-

2002 3657 2119 3712 lam
2143 3659 2559 3729 deposuerunt.
2579 3660 2826 3733 Signum
2851 3663 3132 3736 Raynaldi
3155 3668 3660 3744 comitis.8ignum

2001 3745 2337 3803 Adheleidis
2369 3747 2566 3804 uxoris
2597 3750 2746 3821 ejus.
2798 3750 3046 3823 Signum
3078 3756 3293 3812 Azelmi
3327 3758 3559 3817 abbatis
3587 3763 3661 3819 de
3746 3762 3773 3823 ’.

2001 3837 2193 3892 Monte
2223 3836 2714 3894 Sancti-Joannis.
2732 3840 2874 3894 Acta
2894 3847 3035 3898 sunt
3059 3843 3181 3900 haec
3209 3847 3365 3917 apud
3396 3851 3685 3907 castrum-

2001 3926 2364 3991 Divionense,
2399 3942 2552 3981 anno
2585 3928 2741 3994 1022,
2770 3927 3086 3987 indictione
3113 3951 3188 4001 v1,
3219 3934 3494 3992 Rotberto
3526 3955 3658 4010 rege

2005 4015 2378 4070 Francorum.
2405 4036 2432 4062 ››
2457 4013 2728 4071 Nondum
2760 4020 2956 4073 tamen
2989 4036 3143 4076 anno
3177 4023 3316 4077 1022
3345 4023 3656 4082 defunctus

2001 4108 2126 4159 erat
2156 4101 2658 4160 Otto-Willelmus
2683 4122 2696 4172 ;
2730 4106 2832 4160 sed
2862 4122 3025 4162 error
3051 4114 3141 4164 est
3168 4109 3409 4165 librarii.
3436 4111 3657 4170 Utrius~

2001 4209 2114 4264 que
2134 4208 2266 4247 vero
2288 4191 2676 4249 restitutionis
2699 4195 2968 4251 meminit
2984 4197 3270 4254 Robcrtus
3293 4199 3657 4272 Burgundio-

1999 4298 2143 4336 num
2176 4281 2294 4335 dux
2320 4281 2379 4336 in
2409 4281 2586 4336 veteri
2617 4282 2871 4354 quadam
2899 4284 3125 4352 notitia,
3148 4303 3217 4342 ex
3247 4288 3451 4344 eodem
3483 4290 3654 4346 char-

1998 4370 2168 4437 tario,
2189 4374 2448 4441 tempore
2475 4371 2702 4426 Henrici
2723 4372 2876 4445 regis
2907 4374 3105 4430 fratris
3135 4376 3226 4431 sui
3252 4376 3390 4432 data
3415 4396 3426 4445 ;
3454 4378 3510 4435 in
3534 4396 3655 4452 qua

254 4478 360 4535 que
403 4460 843 4519 Archimbertus
891 4457 1130 4530 quidam
1173 4463 1230 4513 et
1272 4460 1512 4516 Pontius
1558 4460 1715 4518 filius
1762 4466 1890 4536 ejus
1922 4481 1967 4545 υ
1999 4459 2237 4532 quidem
2268 4459 2475 4515 notitia
2504 4464 2748 4516 testatur
2782 4462 3070 4519 Robertus
3118 4463 3476 4523 Willelmum
3523 4469 3653 4541 ejus

251 4549 721 4607 Cluniacensibus
738 4545 1040 4602 monachis
1051 4546 1621 4619 dimiserequidquid
1636 4552 1724 4606 sui
1744 4552 1888 4622 juris

250 4636 308 4693 in
339 4638 462 4695 villa
505 4634 865 4713 Valentiolée,
913 4639 1050 4701 etc.,
1100 4651 1230 4690 esse
1272 4636 1720 4693 contendebant.
1770 4641 1888 4697 Hoc

249 4734 433 4784 actum
462 4732 552 4785 est
581 4726 643 4781 in
675 4722 918 4780 concilio
966 4723 1121 4795 quod
1172 4723 1283 4778 fuit
1312 4723 1371 4778 in
1417 4740 1553 4796 capu
1579 4727 1687 4798 (sic
1714 4727 1890 4785 habet

250 4822 506 4873 nostrum
533 4812 962 4886 apographum,
982 4829 1055 4867 an
1080 4811 1393 4884 legendum
1413 4830 1601 4885 campo
1621 4821 1724 4871 aut
1743 4820 1891 4889 capi-

249 4906 356 4961 tulo
375 4910 417 4974 .9)
448 4902 634 4962 sancti
666 4900 936 4968 Romani,
962 4905 1247 4973 praesente
1274 4901 1564 4958 Joscelino
1589 4905 1883 4978 episcOpo,

251 4998 306 5048 et
331 4994 453 5050 aliis
497 4990 970 5065 quampluribus,
1004 4989 1061 5043 in
1110 4989 1448 5061 episcopatu
1480 4991 1884 5052 Fricdunensi.

252 5080 441 5137 Annus
471 5098 584 5137 non
616 5078 962 5151 exprimitur
991 5095 1004 5132 :
1039 5078 1172 5150 quis
1218 5095 1351 5134 vero
1401 5079 1478 5134 sit
1514 5080 1884 5154 episcopatus

255 5160 671 5235 Fricdunensis,
705 5166 799 5222 cui
831 5167 938 5222 iste
980 5167 1287 5238 praefectus
1336 5167 1526 5227 fuerit.
1563 5188 1669 5226 nos
1703 5170 1881 5242 latet;

258 5256 359 5312 nisi
388 5259 529 5315 forte
582 5256 893 5330 legendum
943 5255 1019 5311 sit
1064 5255 1448 5326 Forojulz'ensi,
1481 5257 1572 5312 cui
1618 5258 1883 5317 Ecclesia

256 5344 396 5402 circa
424 5346 539 5403 haec
570 5351 835 5418 tempora
862 5348 1103 5416 praeerat
1130 5343 1476 5401 Gaucelmus
1512 5346 1632 5403 sive
1661 5348 1882 5405 Goceli-

258 5448 376 5502 nus,
406 5437 503 5508 qui
535 5434 725 5491 multa
755 5438 906 5490 bona
954 5432 1243 5489 Lirinensi
1295 5434 1645 5491 monasterio
1678 5444 1880 5495 contu-

257 5522 386 5580 lisse
415 5526 642 5581 dicitur.

1998 4566 2111 4620 que
2141 4548 2329 4604 ﬁlium
2369 4549 2755 4622 Raynaldum,
2789 4553 3138 4610 auctoritate
3165 4559 3224 4611 et
3261 4555 3435 4625 jussu
3468 4558 3653 4629 patris

1998 4638 2089 4693 sui
2123 4636 2357 4695 Robcrti
2389 4638 2563 4710 regis,
2583 4636 2875 4697 Juliacnm
2899 4640 3265 4715 Cluniacensi
3300 4646 3653 4704 monasterio

1998 4726 2343 4794 restituisse,
2378 4744 2512 4783 cum
2542 4745 2833 4786 consensu
2863 4730 3126 4803 Hugonis
3156 4732 3390 4790 comitis
3420 4733 3651 4790 Cabilo-

1998 4816 2222 4882 nensis,
2251 4815 2618 4889 aliorumque
2646 4817 2905 4875 virorum
2935 4820 3206 4877 nobilium
3237 4824 3522 4894 utriusque
3549 4826 3651 4878 mi.

1998 4905 2159 4971 tiliae,
2190 4905 2346 4977 quod
2378 4905 2501 4977 ipse
2531 4907 2842 4964 conﬁrmat
2871 4913 2929 4964 et
2958 4911 3310 4966 corroborat.

2067 4998 2157 5050 82.
2190 4997 2358 5050 Anno
2392 4996 2547 5061 1025,
2576 4995 2784 5051 beatus
2814 4996 2979 5053 Odilo
3011 4999 3437 5054 monasterium
3469 4998 3651 5054 Voltze

1994 5084 2055 5138 in
2086 5089 2325 5156 paterno
2359 5083 2538 5139 fundo
2569 5085 2911 5141 construxit.
2945 5085 3063 5142 Hoc
3093 5086 3275 5153 enim,
3298 5088 3451 5160 quod
3477 5105 3512 5142 a
3534 5088 3648 5144 fra-

1992 5173 2183 5230 tribus
2200 5172 2324 5229 suis
2339 5172 2827 5244 antecomplures
2847 5192 3033 5231 annos
3053 5175 3411 5248 promissum
3436 5177 3646 5243 fuerat,

1994 5280 2100 5319 nec
2130 5262 2465 5319 satisfacere
2497 5266 2822 5335 potuerant,
2842 5262 2969 5336 ipse
2997 5282 3129 5322 cum
3159 5265 3470 5339 nepotibus
3500 5267 3651 5332 suis,

1992 5368 2195 5408 eorum
2219 5351 2372 5419 liliis,
2392 5350 2748 5423 adimplevit.
2769 5353 2969 5409 Exstat
2986 5354 3162 5410 etiam
3188 5371 3366 5422 nunc,
3387 5359 3451 5410 ut
3471 5360 3651 5411 testa-

1994 5445 2092 5496 tur
2118 5442 2378 5496 Andreas
2408 5439 2779 5497 Duchesnius
2810 5443 2868 5497 in
2901 5441 3055 5499 notis
3104 5443 3178 5499 ad
3232 5443 3424 5498 Vitam
3458 5441 3652 5498 sancti

1993 5528 2279 5597 Odilonis,
2304 5527 2552 5601 append.
2586 5526 3241 5596 Bibliothecaeﬂluniac.
3261 5547 3395 5605 pag.
3414 5530 3506 5599 74,
3531 5545 3656 5586 ver.
3754 5584 3789 5607 Δ,
