4036 6160
241 289 608 372 .“863

1404 300 1470 364 S.
1517 298 1882 364 ODILONIS
1927 294 2492 364 CLUNIACENSIS
2535 295 2866 361 ABBATIS
2911 296 2988 361 ν.
3703 303 3799 368 801

489 459 615 509 sus,
643 457 822 514 supra
833 439 1079 513 januam
1100 433 1355 494 ecclesiae
1377 433 1645 508 ejusdem
1665 433 1921 507 loci,qua
1939 433 2134 492 aditus
2163 431 2219 502 Α
2246 432 2522 489 Chartam
2569 429 2856 506 integram
2897 429 3072 489 refert
3101 428 3393 499 Perardus,
3420 435 3537 507 pag;
3565 431 3671 502 177,
3698 449 3799 508 qua

487 535 580 588 est
609 531 682 587 ad
712 529 1054 595 claustrum,
1085 524 1438 598 insculptus,
1468 523 1568 598 qui
1599 524 1720 580 haec
1749 523 1970 580 indicat
1999 541 2139 597 pau-
2245 522 2382 578 data
2412 525 2501 578 est
2534 521 2728 595 Logis,
2758 537 2913 577 anno
2945 521 3103 589 1029,
3151 520 3370 578 Rodulﬁ
3409 523 3546 601 regis
3571 541 3712 580 xxxv.
3737 525 3803 582 lbi

487 620 575 678 eis
605 619 734 676 istis
761 615 953 674 verbis
981 632 994 672 :
2246 610 2466 667 dicitur
2494 633 2522 660 «
2559 609 2980 668 monasterium
3011 609 3070 666 in
3102 610 3316 666 honore
3345 609 3437 667 Dei
3464 615 3515 666 et
3551 611 3806 670 Salvatoria

571 710 681 760 Hoc
709 707 822 768 tibi,
853 708 963 756 Rex
991 719 1278 770 regum,....
1311 703 1571 762 condidit,
1599 703 1752 754 Odilo
1781 701 2058 766 templum.
2247 699 2433 756 nostri
2481 699 2621 756 Jesu
2664 699 2900 767 Christi,
2934 699 3311 771 ejusdemque
3343 698 3614 772 genitricis
3637 701 3806 768 Maria,

485 789 702 846 verum
731 791 912 844 ίοίθιω
944 784 1024 840 rei
1056 788 1229 858 833m
1252 783 1463 840 seriem
1485 784 1720 856 θΧΡυηίῐ
1744 784 1989 855 ipsemet
2010 799 2140 837 Ean-
2248 787 2553 860 sanctique
2583 787 2733 844 Petri
2752 787 3021 860 apostoli,
3045 805 3266 844 necnon
3295 791 3350 843 et
3375 787 3514 844 beati
3542 788 3725 845 Nicolai
3749 791 3810 844 al-

487 882 620 934 ctus
649 875 830 932 abbas
859 874 921 931 in.
951 874 1344 931 instrumento
1370 872 1753 938 fundationis,
1777 871 1933 944 quod
1960 888 2141 944 supra
2250 878 2330 932 mi
2375 876 2727 934 confessoris
2770 879 3192 944 constructum,
3223 877 3396 932 situm
3441 876 3495 932 in
3539 877 3810 951 episcopatu

483 963 850 1041 paragrapho
881 964 1138 1019 secundo
1171 963 1463 1033 integrum
1489 961 1780 1018 dedimus.
2251 965 2692 1022 Bisoncionensi
2715 967 2886 1037 juxta
2915 964 3318 1034 Polliniacum,
3345 965 3402 1020 in
3447 965 3562 1021 loco
3588 966 3676 1038 qui
3700 972 3812 1022 recte

552 1056 642 1112 83.
677 1054 843 1112 Circa
869 1053 990 1108 Ι]ωο
1017 1058 1284 1124 tempora
1308 1051 1641 1107 Kadolenus
1659 1051 1981 1106 vicecomes
2006 1066 2140 1104 cum
2247 1055 2432 1111 Vallis
2461 1059 2722 1124 vocatur,
2755 1057 3173 1110 constructum.
3206 1075 3233 1103 »
3274 1053 3440 1108 Porro
3467 1054 3812 1112 monasterium

486 1162 666 1201 uxore
698 1161 806 1200 sua
826 1147 884 1199 et
903 1141 1023 1198 filio
1044 1140 1340 1196 Willelmo
1362 1139 1522 1196 dedit
1541 1138 1894 1195 monasterio
1915 1138 2143 1194 Clunia-
2250 1142 2407 1199 istud
2431 1144 2503 1200 ab
2525 1141 3056 1199 Ottone-Willelmo
3074 1161 3104 1197 a
3131 1142 3515 1198 fundamentis
3533 1142 3812 1197 aedificatum

481 1234 640 1290 censi
673 1232 870 1288 locum
903 1231 1004 1303 qui
1035 1231 1338 1287 dicebatur
1379 1230 1573 1286 Sancti
1619 1227 1864 1286 Joannis
1895 1229 1965 1284 de
1997 1227 2141 1284 Mol-

481 1322 840 1398 gone,eujus
860 1321 934 1377 rei
953 1319 1662 1375 cunmlurainstrumenta
1676 1317 1967 1373 exstitisse
1980 1315 2142 1373 colli-
2249 1321 2753 1389 Vesontionensis,
2777 1319 2872 1376 ubi
2905 1320 3213 1376 conﬁrmat
3241 1319 3592 1375 donationem
3619 1319 3816 1375 decima.

483 1411 681 1486 gimus
707 1428 774 1466 ex
799 1411 967 1463 rariis
995 1407 1216 1462 mtiliis
1239 1425 1364 1479 quae
1389 1407 1444 1462 in
1471 1405 1956 1463 Cluniacensibus
1979 1405 2143 1463 char—
2253 1427 2406 1476 rum,
2439 1409 2826 1478 oblationum,
2847 1407 3307 1482 sepulturarum,
3325 1407 3703 1481 cappellarum,
3722 1413 3818 1470 etc.,

482 1500 650 1558 tariis
681 1517 749 1556 ea
778 1500 848 1554 de
880 1516 940 1552 re
971 1497 1282 1553 habentur.
1317 1495 1714 1552 Haec-donatio
1740 1495 1889 1550 facta
1919 1495 2030 1550 fuit
2057 1513 2142 1551 νει
2253 1499 2310 1554 in
2345 1497 2483 1554 villa
2512 1517 2638 1571 qua
2669 1498 2882 1554 dicitur
2903 1497 3318 1563 Mediolanum,
3343 1501 3399 1552 et
3417 1495 3661 1570 cappellze
3682 1499 3820 1552 sancti

479 1593 684 1660 gnante
715 1587 944 1644 Robcrto
973 1603 1096 1656 rege
1119 1590 1170 1640 ct
1189 1586 1517 1658 praesidente
1546 1586 1842 1657 Aquitanis
1867 1585 2144 1642 Willclma
2252 1587 2502 1643 Victoris
2537 1587 2685 1660 apud
2719 1587 3097 1652 Madriacum,
3119 1603 3150 1642 a
3170 1584 3448 1642 Walterio
3479 1585 3822 1658 praedecessore

479 1677 1000 1746 duce,memcMaio.
1019 1675 1078 1732 Ei
1096 1673 1446 1746 subscripsit
1467 1673 2145 1746 Isembertusepiscopus
2253 1693 2361 1734 suo
2397 1677 2606 1732 factam
2639 1675 2895 1732 ecclesiae
2927 1675 3036 1731 loci
3061 1674 3270 1740 Vallis,
3302 1691 3496 1747 quam,
3524 1673 3826 1746 inquit,0tto-

479 1767 882 1873 Pictaviensis,
905 1765 1005 1873 qui
1026 1780 1153 1873 sese
1171 1761 1494 1864 pontiﬁcem
1516 1764 1917 1873 qu'u'tanoram
1942 1761 2138 1862 appel-
2173 1807 2220 1873 Β
2255 1765 2583 1823 Willelmus
2610 1768 3030 1833 construxerat,
3055 1767 3110 1820 et
3141 1765 3267 1836 ipse
3294 1762 3594 1819 Walterius
3619 1763 3668 1817 in
3694 1761 3824 1818 bono-

478 1858 582 1920 lat.
604 1862 663 1912 et
691 1872 826 1912 cum
858 1871 925 1911 eo
950 1853 1228 1910 Jordanis
1261 1851 1573 1926 episcopus
1601 1850 2051 1916 Lemovicensis,
2084 1855 2140 1907 et
2173 1850 2220 1873 υ
2251 1871 2375 1910 rem
2409 1855 2586 1910 beata:
2618 1852 2810 1908 Mariae
2841 1856 3298 1908 consecraverat.
3341 1853 3403 1908 In
3431 1851 3538 1907 alio
3560 1851 3824 1924 apographo

479 1947 642 2004 Roho
673 1943 1148 2003 Encolismcnsis.
1177 1943 1322 1999 Item
1351 1941 1646 1998 Joﬂ'redus
1676 1943 1734 1996 et
1759 1939 2042 1996 Acfredus
2063 1941 2141 1996 vi-
2249 1943 2370 1999 haec
2400 1941 2600 1997 omnia
2622 1941 3014 1997 intercedente
3030 1940 3273 1998 Odilone
3303 1941 3508 1996 abbate
3535 1939 3824 1996 concessisse

477 2034 810 2102 cecomites,
841 2039 970 2090 tum
1002 2031 1337 2088 Willelmus
1367 2031 1439 2086 de
1468 2030 1804 2086 Partenaco.
1831 2029 2136 2100 Nusquam
2248 2031 2465 2088 dicitur
2507 2031 2630 2104 ipse
2662 2031 2847 2103 Hugo.
2882 2031 3028 2086 Data
3057 2034 3144 2086 est
3173 2047 3329 2086 anno
3371 2030 3524 2096 1033,
3563 2029 3647 2084 die
3683 2027 3820 2084 sancti

2253 1233 2437 1288 fuisse
2489 1231 2772 1288 discimus
2819 1249 2887 1287 ex
2935 1231 3138 1287 charta
3179 1230 3434 1304 Hugnnis
3471 1231 3812 1304 archiepiscopi

474 2142 610 2182 vero
633 2123 967 2180 Kadolenus
989 2119 1416 2193 subscripsisse
1443 2118 1677 2192 legitur,
1701 2118 1857 2192 quod
1889 2117 2137 2175 fortasse

477 2213 714 2270 nonnisi
747 2215 878 2285 post
907 2209 1097 2282 ipsius
1127 2211 1376 2264 mortem
1405 2207 1800 2264 instrumenta
1841 2205 2020 2278 hujus
2052 2206 2132 2262 rei

477 2301 741 2360 confecta
770 2299 1009 2356 fuerint.

547 2392 638 2446 84.
670 2390 797 2446 Non
826 2387 1014 2460 liquet
1045 2402 1158 2459 quo
1192 2388 1452 2460 tempore
1487 2384 1830 2456 incmpcrint
1861 2382 2132 2440 monachi

402 2482 412 2492 ‘
476 2480 722 2536 domum
747 2478 818 2534 de
839 2476 1082 2533 Sariano
1102 2475 1450 2531 inhabitare.
1476 2473 1646 2530 Initia
1666 2490 1776 2530 sua
1797 2473 1969 2530 debet
1990 2473 2130 2528 Leo-

475 2568 712 2642 degario
744 2565 1000 2632 cuidam,
1034 2563 1322 2622 monacho
1353 2562 1738 2630 Cluniacensi,
1765 2561 1864 2636 qui
1893 2561 1972 2618 ibi
2005 2579 2132 2636 pro-

476 2658 601 2732 prio
621 2656 822 2712 labore
841 2654 1150 2712 ecclesiam
1169 2653 1496 2710 construxit
1515 2671 1530 2720 ;
1548 2669 1666 2725 qua
1685 2651 2130 2720 dotata,factum

473 2751 564 2804 est
582 2750 648 2802 ut
667 2745 746 2802 ibi
771 2744 1041 2824 monachi
1068 2741 1534 2800 instituerentur.
1557 2741 1760 2798 Dicata
1779 2745 1868 2798 est
1889 2739 2132 2798 ecclesia

473 2855 510 2893 a
540 2833 920 2908 Regimbaldo
962 2832 1286 2890 Arelatensi
1337 2830 1796 2905 archiepiscOpo,
1847 2831 1944 2903 qui
1976 2847 2128 2886 anno

471 2907 700 2982 circiter
728 2925 862 2980 1031
897 2921 1032 2978 huic
1068 2921 1325 2978 ecclesiae
1374 2936 1624 2992 praeesse
1653 2919 1844 2993 erepit.
1879 2907 2010 2974 Haec
2039 2917 2129 2973 di-

421 3000 432 3006 ’
471 3013 694 3072 scimus
723 3030 791 3070 ex
818 3012 999 3070 veteri
1047 3011 1304 3084 quadam
1347 3009 1570 3076 notitia,
1604 3026 1782 3082 quam
1815 3025 1992 3080 penes
2021 3024 2128 3064 nos

469 3103 760 3160 habemus
789 3101 850 3158 in
879 3100 1174 3157 veteribus
1206 3099 1567 3156 membranis
1597 3097 1974 3170 descriptam,
2002 3095 2124 3159 ubi,

2244 2121 2511 2186 Joannis,
2534 2124 2592 2176 et
2617 2118 3098 2192 subscripserunt
3128 2119 3195 2175 Β.
3223 2118 3578 2192 ρτωροεὶωε,
3602 2117 3826 2173 Robertus

2245 2210 2450 2277 abbas,
2483 2213 2611 2264 tum
2657 2206 3053 2264 archidiaconi
3098 2207 3234 2276 duo,
3272 2207 3562 2264 Radaldus
3596 2206 3764 2273 abbas,
3785 2209 3828 2260 et

2244 2297 2344 2356 alii
2377 2297 2710 2371 complures
2741 2295 3008 2352 canonici
3038 2300 3094 2352 et
3124 2297 3454 2353 saaculares.

2313 2389 2402 2444 86.
2435 2388 2582 2444 Ante
2625 2401 2845 2442 annum
2897 2386 3035 2442 1034
3083 2385 3484 2458 consignanda
3510 2387 3594 2440 est
3619 2382 3825 2438 fundatio

2244 2475 2690 2539 monasteriide
2733 2473 3078 2541 Chauriaco,
3125 2491 3253 2546 quae
3289 2490 3324 2530 a
3367 2473 3641 2546 Stephano
3681 2471 3828 2527 Clare

2243 2565 2534 2623 montensi
2582 2563 2854 2638 episcopo
2887 2563 3037 2619 facta
3081 2567 3170 2619 est
3217 2564 3332 2619 sub
3381 2563 3644 2637 regimine
3685 2558 3824 2616 sancti

2240 2654 2526 2722 Odilonis,
2553 2652 2612 2710 in
2644 2651 2890 2726 gratiam
2936 2651 3398 2709 Celsinianensis
3426 2648 3746 2708 monasterii.
3769 2649 3826 2703 Eo

2239 2743 2455 2816 quippe
2484 2759 2637 2798 anno
2675 2742 2802 2814 jam
2853 2741 3071 2811 Renco,
3117 2741 3400 2814 Stephani
3449 2740 3520 2797 IV
3565 2753 3825 2795 successor.

2237 2831 2506 2889 Ecclesiae
2537 2829 3004 2887 Claromontensi
3036 2833 3305 2902 praeerat,
3355 2846 3532 2904 quam
3569 2825 3824 2886 Ecclesiam

2238 2921 2431 2978 adhuc
2463 2937 2616 2978 anno
2648 2920 2788 2976 1052
2816 2920 3073 2993 regebat.
3104 2919 3299 2990 Hujus
3331 2936 3500 2992 porro
3529 2914 3824 2981 fundationis

2239 3009 2506 3067 notitiam
2528 3009 2816 3065 habemus
2839 3009 2897 3063 in
2921 3008 3211 3064 chartario
3238 3004 3673 3065 Cclsinianensi:
3694 3029 3717 3054 ‹‹
3739 3003 3827 3058 Ste-

2237 3099 2470 3174 phanus
2501 3103 2714 3155 sanctae
2737 3097 2838 3154 Dei
2858 3095 3121 3154 Ecclesia:
3146 3095 3635 3153 Claromontensis
3660 3091 3828 3166 episco.

469 3191 774 3266 praemissa
802 3189 960 3246 brevi
991 3188 1262 3258 formula,
1294 3187 1415 3244 hanc
1459 3187 1738 3261 leguntur
1769 3203 1784 3242 :
1821 3207 1848 3236 ‹‹
1878 3183 2125 3249 Quidam
2158 3178 2200 3246 C
2239 3205 2374 3263 pus,
2406 3192 2463 3244 et
2485 3191 2672 3243 mater
2691 3203 2800 3243 sua
2819 3190 2875 3242 et
2917 3185 3125 3242 fratres
3165 3184 3283 3256 sui,
3313 3185 3600 3259 simulque
3631 3180 3826 3255 Rorgius

472 3283 570 3340 Dei
592 3278 873 3345 famulus,
893 3279 1130 3333 nomine
1150 3275 1563 3350 Leodegarius,
1579 3275 1679 3331 Clu
1690 3273 1910 3332 niensis
1935 3290 2131 3330 mona-

469 3369 631 3428 sterii
664 3369 842 3424 frater
871 3370 930 3422 et
953 3364 1300 3430 monachus,
1325 3363 1385 3419 in
1413 3362 1550 3419 villa
1579 3380 1706 3436 quae
1737 3367 1977 3419 vocatur
2000 3362 2130 3418 Sar-

469 3457 672 3524 rianis,
697 3470 878 3528 quam
911 3451 1242 3510 Willelmus
1273 3452 1569 3524 quondam
1597 3452 1712 3508 dux
1743 3441 2048 3524 provinciae
2071 3454 2129 3506 et

469 3551 634 3622 pater
661 3543 881 3618 patrie,
909 3545 1248 3598 sanctorum
1280 3539 1678 3613 apostolorum
1709 3539 1861 3596 Petri
1886 3544 1943 3596 et
1964 3534 2126 3622 Pauli

466 3639 525 3694 et
553 3629 908 3690 monasterio
937 3629 1236 3686 Clunicnsi
1283 3632 1342 3686 et
1381 3627 1506 3684 loco
1539 3629 1601 3684 in
1649 3645 1765 3701 quo
1797 3645 1859 3684 se
1891 3621 2124 3700 sepeliri

467 3721 715 3796 rogavit,
747 3725 806 3776 et
833 3721 1000 3775 beato
1032 3715 1242 3775 Maiolo
1274 3717 1467 3774 adhuc
1497 3715 1558 3775 in
1590 3733 1763 3774 carne
1791 3717 2036 3785 vivente,
2071 3719 2128 3772 et

463 3812 669 3868 vivens
697 3806 1004 3882 delegavit,
1036 3811 1094 3864 et
1122 3806 1380 3863 moriens
1412 3805 1686 3862 donando
1717 3805 2126 3873 attribuit,_ec-

465 3899 708 3958 clesiam
755 3900 1093 3954 construere
1140 3895 1387 3964 studuit,
1417 3898 1486 3950 et
1525 3911 1654 3950 eam
1701 3911 2038 3952 consecrare
2069 3899 2126 3952 et

465 3987 734 4047 dedicare
764 3985 990 4060 rogavit
1009 4004 1044 4042 u
1063 3985 1280 4042 domno
1305 3988 1362 4042 et
1391 3981 1706 4040 venerabili
1739 3983 2123 4058 Regimba‘do

462 4075 894 4136 Arelatensium
921 4073 1380 4148 archiepiscopo,
1401 4073 1473 4130 ad
1505 4073 1782 4130 honorem
1806 4073 1907 4128 Dei
1929 4077 1987 4129 et
2008 4091 2124 4130 me-

465 4165 716 4225 moriam
747 4163 1062 4222 Dominicaa
1083 4167 1142 4220 et
1168 4161 1660 4220 victoriosissimaa
1682 4161 1894 4234 crucis,
1909 4165 1966 4218 et
1986 4179 2121 4218 san-

463 4261 692 4314 ctorum
714 4252 1113 4328 apostolorum
1133 4251 1288 4308 Petri
1311 4255 1368 4308 et
1401 4250 1584 4318 Pauli,
1609 4255 1667 4306 et
1685 4251 1840 4308 beati
1861 4250 2120 4307 Marcelli

464 4361 626 4419 papae
641 4347 700 4401 et
718 4341 1016 4416 martyris,
1039 4345 1096 4398 et
1109 4340 1265 4398 beati
1286 4339 1586 4396 Saturnini
1607 4340 1881 4414 martyris
1896 4339 2117 4414 inclyti,

463 4437 522 4492 et
536 4431 800 4490 omnium
821 4434 1162 4487 sanctorum
1182 4427 1499 4486 viventium
1517 4433 1575 4485 et
1591 4429 1961 4502 regnantium
1983 4447 2117 4485 cum

2237 3283 2296 3336 et
2316 3277 2475 3333 filius
2495 3277 2624 3349 ejus
2647 3275 3073 3341 Faramundus,
3094 3278 3149 3330 et
3167 3292 3379 3332 omnes
3400 3272 3646 3331 canonici
3661 3273 3826 3327 sancta:

2239 3365 2504 3424 Ecclesiae
2551 3363 3069 3432 Claromontensis,
3103 3363 3396 3422 dederunt
3439 3365 3551 3420 Deo
3594 3365 3644 3418 et
3674 3360 3826 3416 sancto

2239 3457 2404 3514 Petro
2434 3458 2492 3511 et
2521 3454 2593 3510 ad
2625 3453 2820 3510 locum
2859 3452 3373 3522 Celsiniacensem,
3405 3452 3506 3525 qui
3536 3451 3728 3524 regitur
3745 3445 3826 3502 sub

2237 3543 2663 3620 gubernatione
2692 3541 2892 3599 domui
2922 3541 3184 3616 Qdilonis
3205 3541 3463 3609 abbatis,
3481 3545 3590 3596 tres
3607 3535 3828 3595 ecclesias

2235 3639 2294 3691 et
2324 3651 2423 3690 sex
2451 3631 2880 3706 appendarias;
2915 3631 3107 3703 prima
3147 3629 3400 3688 ecclesia
3428 3628 3650 3686 vocatur
3679 3626 3827 3682 Chau-

2235 3723 2451 3792 riacus,
2486 3725 2554 3776 ut
2582 3721 2662 3776 ibi
2719 3719 3139 3777 monasterium
3189 3723 3596 3787 construatur;
3625 3712 3826 3774 secunda

2235 3816 2442 3869 sancta
2471 3810 2652 3866 Maria
2677 3829 2690 3880 ;
2715 3810 2905 3885 tertia,
2939 3812 3142 3866 sancta
3168 3808 3444 3867 Marcella
3471 3825 3599 3866 cum
3625 3803 3826 3862 decima-

2234 3901 2353 3958 rias
2400 3899 2545 3972 (sic),
2576 3895 2957 3970 baptisteriis,
3005 3897 3349 3970 sepulturis,
3396 3896 3627 3969 campis,
3666 3889 3826 3966 pratiS.

2233 3994 2342 4047 etc.
2379 3989 2552 4046 Facta
2581 3991 2670 4044 est
2699 3987 2821 4043 haec
2851 3985 3087 4043 donatio
3117 4002 3326 4044 mense
3356 3983 3694 4050 Decembrio,
3722 3977 3828 4036 feria

2229 4077 2422 4148 tertia,
2457 4079 2734 4150 regnante
2763 4075 3012 4132 Domino
3041 4077 3244 4131 nostro
3269 4075 3412 4132 Jesu
3445 4072 3674 4130 Christo.
3698 4093 3721 4118 »ι

2302 4167 2391 4222 87.
2425 4165 2546 4220 Sub
2579 4164 2842 4236 ejusdem
2875 4163 3153 4236 Stephani
3183 4163 3550 4236 pontificatu,
3577 4163 3732 4232 atque
3753 4153 3830 4208 iis-

2231 4255 2365 4311 dem
2393 4254 2510 4311 fere
2539 4251 2992 4320 conditionibus,
3012 4251 3325 4308 fundatum
3348 4255 3437 4308 est
3464 4244 3826 4307 monasterium

2230 4343 2418 4401 sancti
2448 4341 2600 4399 Flori
2631 4341 2784 4414 apud
2835 4343 3142 4409 Arvernos,
3195 4342 3357 4414 quod
3403 4332 3828 4396 Cluniacensibus

2230 4431 2538 4490 monachis
2554 4431 2664 4487 sub
2681 4431 2835 4487 beati
2851 4429 3114 4488 Odilonis
3137 4429 3426 4504 regimine
3447 4429 3506 4486 in
3528 4417 3828 4484 monasterio

377 4559 382 4564 -
463 4521 651 4594 capite
680 4537 787 4577 suo
817 4519 1046 4576 Christo
1092 4536 1194 4592 per
1239 4517 1437 4575 omnia
1486 4517 1700 4575 saecula
1747 4508 2113 4574 sceculOrum.
2145 4538 2193 4604 D
2225 4518 2642 4577 Cclsinianensi
2675 4518 3026 4592 degentibus
3072 4533 3416 4576 concessere
3443 4513 3763 4574 Amblardus
3785 4510 3829 4563 et

462 4610 655 4667 Donat
678 4607 854 4664 etiam
885 4608 1258 4681 supradictus
1291 4607 1469 4664 frater
1486 4606 1832 4680 supradictae
1862 4606 2118 4664 ecclesia:
2147 4602 2178 4604 ί
2229 4609 2594 4684 Eustorgius,
2617 4607 2726 4664 viri
2749 4607 2994 4678 nobiles,
3023 4624 3274 4681 quorum
3305 4605 3632 4664 donationis
3657 4602 3829 4658 instru-

462 4699 558 4756 die
587 4697 1042 4754 consecrationis
1073 4714 1192 4753 sua:
1237 4713 1510 4754 mansum
1542 4714 1748 4765 unum,
1779 4697 1850 4752 ad
1883 4700 2113 4754 susten-

463 4785 742 4844 tationem
766 4789 823 4842 et
844 4785 1152 4842 utilitatem
1179 4801 1279 4858 per
1297 4785 1670 4842 succedentia
1684 4789 1950 4858 tempora
1970 4783 2116 4840 inibi

461 4877 579 4934 Deo
594 4874 996 4933 servientium.
1021 4897 1048 4922 »
1065 4874 1135 4929 Et
1149 4873 1208 4929 in
1233 4874 1368 4942 fine,
1387 4875 1610 4946 absque
1625 4873 1746 4929 ulla
1759 4873 2114 4946 cujusquam

461 4963 915 5038 subscriptione,
929 4963 1183 5020 habetur
1203 4963 1326 5020 haec
1343 4961 1640 5019 clausula:
1669 4984 1698 5014 «
1717 4961 1962 5018 Valeant
1981 4977 2120 5018 cun-

462 5053 538 5111 cti
564 5053 787 5121 fideles,
819 5054 1001 5124 hujus
1037 5057 1249 5110 nostrae
1298 5051 1654 5125 Operationis
1699 5051 2051 5107 laudatores.
2087 5073 2114 5100 ››

532 5145 621 5199 85.
640 5143 807 5200 Anno
831 5143 989 5212 1029,
1009 5139 1682 5214 Rodulfus,Burgundiaa
1703 5140 2114 5211 Transjuranas

462 5249 582 5298 rex,
615 5230 689 5288 ad
740 5230 1082 5302 petitionem
1132 5229 1394 5286 Reinoldi
1442 5227 1697 5298 comitis,
1752 5227 1858 5282 ﬁlii
1888 5226 2116 5283 Ottonis

459 5323 847 5393 cognomento
868 5317 1167 5382 Willelmi,
1187 5317 1478 5374 concessit
1495 5316 1979 5373 Cluniacensibus
1999 5333 2118 5375 mo-

463 5407 786 5464 nasterium
816 5405 1002 5461 Vallis
1046 5404 1104 5460 in
1151 5406 1384 5462 dimcesi
1435 5406 1880 5463 Vesontionensi
1913 5407 2116 5473 situm,

462 5495 890 5566 conﬁrmatque
920 5493 972 5550 ei
1005 5510 1205 5550 omnia
1234 5511 1361 5566 quae
1392 5499 1513 5551 tam
1553 5495 1627 5551 ab
1655 5493 2118 5552 Ottone-Willel-

463 5601 561 5643 mo
601 5598 782 5656 quam
809 5600 848 5640 θ,
877 5581 1158 5640 Reinoldo
1204 5583 1396 5657 ipsius
1442 5583 1561 5641 ﬁlio
1609 5583 1819 5641 collata
1868 5583 2114 5642 fuerant.

2226 4703 2491 4756 mentum
2523 4697 2581 4753 in
2612 4696 3032 4754 Cclsinianensi
3072 4696 3364 4754 chartario
3411 4696 3665 4760 habetur,
3692 4689 3828 4760 eique

2227 4805 2363 4845 cum
2393 4786 2774 4844 donatoribus
2803 4785 3282 4858 subscripserunt
3303 4785 3630 4858 Stephanus
3648 4778 3828 4852 episco-

2225 4893 2337 4949 pus
2366 4875 2860 4932 Claromontensis
2889 4879 2947 4930 et
2975 4875 3262 4930 Robertus
3290 4874 3627 4930 vicecomes.
3663 4867 3826 4923 Mona-

2226 4965 2472 5022 sterium
2503 4963 2690 5021 sancti
2721 4957 3028 5020 Flori'sub
3059 4962 3460 5019 Cluniacensis
3489 4958 3696 5017 ordinis
3717 4952 3828 5010 obc-

2225 5053 2446 5110 dientia
2470 5050 2880 5126 'perseveravit
2923 5067 3111 5124 usque
3156 5051 3230 5107 ad
3276 5067 3500 5107 annum
3544 5047 3686 5111 1317,
3714 5053 3825 5126 (μιᾳ.

2225 5123 2532 5216 repudiata
2555 5159 2591 5198 a
2618 5141 2874 5198 Gerardo
2903 5123 3113 5196 abbate
3138 5138 3518 5196 Auriliacensi
3557 5123 3824 5216 episcopali

2227 5213 2532 5306 dignitate,
2559 5229 2944 5304 Raymundus
2987 5229 3238 5297 Vehens,
3271 5228 3431 5300 prior
3478 5222 3653 5283 sancti
3681 5213 3824 5306 Flori,

2226 5303 2537 5393 episcOpus
2567 5319 2757 5375 factus
2773 5321 2881 5386 est,
2905 5321 2964 5374 et
2991 5318 3120 5390 ejus
3150 5315 3568 5374 monasterium
3593 5312 3648 5367 in
3670 5303 3830 5393 catth

2225 5388 2448 5467 d-ralem
2480 5411 2794 5465 mutatum.
2817 5406 2898 5463 Ibi
2917 5388 3115 5463 tamen
3135 5406 3575 5480 perseverarunt
3592 5388 3822 5480 monachi

2227 5516 2416 5572 usque
2469 5499 2541 5554 ad
2583 5513 2804 5553 annum
2855 5496 3012 5565 1476,
3046 5477 3162 5568 quo
3193 5513 3227 5552 a
3255 5495 3411 5552 Sixto
3453 5491 3524 5548 IV
3569 5477 3825 5547 secularis

2227 5592 2365 5662 toga
2387 5588 2473 5645 eis
2502 5587 2731 5644 indulta
2757 5588 2867 5642 est.
