4020 6180
180 326 306 390 865

1704 324 2083 389 ELOGIUM.

3471 340 3597 405 866

257 465 346 517 88.
379 465 549 517 Anno
574 464 728 529 1037,
750 462 1168 519 monasterium
1193 464 1377 519 sancti
1403 461 1656 517 Marcelli
1681 463 1830 534 apud
1867 461 1915 526 Α
1948 460 2109 514 ratio.
2136 460 2201 513 Et
2224 460 2455 531 quidem
2492 461 2640 516 hanc
2663 461 3032 522 donationem
3058 469 3591 531 conﬁrmavitidcm

184 552 538 617 Saleiacum,
572 552 629 607 in
689 552 1023 624 episcopatu
1080 559 1137 609 et
1194 552 1471 608 comitatu
1530 551 1836 605 Valentino

184 646 610 705 constructum.
632 642 935 697 monachis
956 641 1440 698 Cluniacensibus
1455 641 1734 697 traditum
1750 644 1840 696 est

183 731 256 786 ad
292 730 735 787 instaurandum
787 731 867 786 ibi
918 731 1293 805 disciplinam
1332 730 1682 804 regularem,
1710 745 1839 801 quae

183 821 299 875 sub
330 820 643 876 abbatibus
664 820 771 875 tibi
800 821 1137 877 constitutis
1162 818 1379 876 servari
1402 836 1517 875 non
1549 823 1835 891 potuerat.

183 905 483 962 Habemus
503 907 634 977 ejus
659 907 1054 964 concessionis
1076 907 1362 977 chartam,
1387 924 1562 979 quam
1589 924 1657 961 ex
1678 905 1841 961 char-

183 994 335 1051 tario
355 994 720 1051 Cluniacensi
744 996 1119 1068 proferimus.
1137 1020 1165 1049 ‹‹
1183 996 1373 1052 Primo
1394 996 1630 1052 homine
1653 1000 1841 1051 trans-

184 1082 508 1155 grediente,
529 1088 638 1139 etc.
671 1085 791 1157 Ego
821 1085 1148 1141 Ademarus
1176 1101 1393 1153 comes,
1426 1090 1483 1140 et
1512 1102 1659 1140 uxor
1688 1101 1837 1151 mea,

185 1172 427 1227 nomine
448 1172 719 1239 Rotildis,
748 1190 865 1228 una
886 1190 1019 1231 cum
1042 1174 1180 1231 filiis
1200 1174 1653 1240 nostris,Pontin
1682 1174 1841 1228 vide-

186 1262 324 1318 licet
351 1262 648 1334 episcopo,
668 1262 930 1335 Hugone,
952 1262 1280 1332 Lamberto,
1304 1264 1621 1331 Gontardo,
1644 1262 1840 1319 Geral-

184 1352 280 1419 do,
314 1351 635 1423 quemdam
665 1350 880 1413 locum.
915 1351 1234 1408 Saltiacum
1276 1353 1535 1423 nomine,
1567 1352 1748 1408 situm
1781 1351 1839 1406 in

183 1439 527 1512 episcopatu
560 1443 617 1494 et
647 1441 926 1495 comitatu
977 1440 1297 1497 Valentius:
1329 1441 1602 1509 civitatis,
1636 1456 1839 1496 cense-

180 1532 414 1583 cratum
435 1527 495 1582 in
518 1526 738 1583 honore
770 1529 955 1583 sancti
986 1528 1240 1584 Marcelli
1263 1529 1558 1601 martyris,
1582 1530 1693 1584 sub
1716 1528 1843 1601 qui-

181 1617 443 1672 busdam
466 1616 779 1673 abbatibus
803 1617 1156 1674 hactenusin
1174 1618 1530 1691 negligentia
1550 1635 1699 1674 curae
1722 1617 1841 1674 ani-

184 1723 422 1762 marum
454 1706 817 1779 positum,ut
837 1708 907 1763 ad
939 1711 1160 1763 statum
1194 1707 1453 1764 melioris
1474 1708 1841 1772 rectitudinis

181 1796 377 1852 valeat
406 1795 683 1863 converti,
709 1813 842 1851 cum
876 1795 1150 1851 omnibus
1182 1812 1309 1868 quae
1331 1797 1402 1851 ad
1428 1796 1623 1869 ipsum
1646 1794 1838 1852 locum

184 1885 504 1958 pertinent,
538 1884 807 1940 videlicet
855 1885 1049 1953 terris,
1095 1885 1353 1957 pascuis,
1398 1885 1581 1952 silvis,
1630 1885 1839 1953 vineis,

186 1974 385 2047 aquis,
400 1973 770 2041 molendinis,
795 1973 979 2046 pratis
1000 1978 1056 2029 et
1075 1975 1303 2030 cunctis
1325 1974 1447 2030 suis
1469 1974 1843 2047 appenditiis,

188 2065 486 2119 donamus
515 2062 632 2118 Deo
663 2067 719 2118 et
751 2061 971 2131 sanctis
1000 2062 1281 2135 apostolis
1308 2063 1474 2119 Petro
1496 2069 1551 2119 ct
1576 2064 1846 2131 Paulo,et

191 2152 500 2208 monachis
531 2150 1041 2220 Cluniacensibus,
1075 2152 1293 2223 quibus
1339 2158 1549 2223 praeest
1593 2154 1845 2208 domnus

189 2240 359 2298 Odilo
377 2241 580 2310 abbas,
598 2241 668 2296 ad
692 2241 1115 2314 possidendum
1139 2246 1195 2296 et
1218 2242 1633 2308 ordinandum,
1649 2245 1705 2298 et
1711 2243 1846 2312 jure

190 2330 565 2386 haereditario
587 2330 873 2403 quidquid
895 2347 1066 2403 agere
1086 2329 1374 2387 voluerint
1393 2331 1847 2404 agendum.ldeo

192 2426 393 2477 autem
418 2419 538 2474 bare
556 2420 805 2475 facimus
837 2424 1128 2491 quatenus
1158 2423 1276 2475 tam
1308 2436 1414 2475 nos
1446 2437 1624 2492 quam
1656 2420 1848 2475 cuncti

196 2508 518 2585 prepinqui
549 2513 606 2564 et
630 2509 801 2564 amici
826 2507 1029 2577 nostri,
1046 2508 1245 2563 anima
1264 2509 1436 2564 etiam
1461 2509 1661 2565 domui
1688 2511 1852 2565 Lam—

196 2598 349 2655 berti
383 2597 636 2666 comitis,
656 2597 741 2654 vel
768 2597 975 2653 anima:
998 2597 1263 2653 omnium
1287 2597 1546 2654 fidelium
1578 2598 1847 2655 Christia-

195 2704 415 2743 norum
448 2691 784 2742 mereantur
811 2686 1023 2742 habere
1049 2685 1381 2742 societatem
1406 2690 1464 2741 et
1483 2691 1705 2759 partem
1730 2705 1855 2743 ora-

194 2778 435 2833 tionum
468 2791 766 2831 servorum
799 2775 898 2830 Dei
931 2775 1036 2846 [in]
1067 2774 1339 2831 Cluniaco
1380 2776 1734 2832 monasterio
1764 2777 1853 2833 vel

197 2867 257 2920 in
281 2864 516 2920 cunctis
540 2865 665 2919 suis
690 2864 1045 2935 appenditiis
1066 2863 1296 2919 Christo
1318 2862 1719 2920 militantium.
1751 2867 1856 2921 Ac-

202 2958 335 3008 tum
371 2952 648 3026 plublice,
680 2969 832 3007 anno
862 2952 934 3008 ab
970 2951 1367 3008 incarnatione
1412 2953 1643 3008 Domini
1694 2955 1852 3020 1037,

204 3047 493 3115 regnante
550 3044 779 3098 Conone
840 3042 1208 3114 imperatore,
1260 3058 1413 3097 anno
1454 3043 1700 3113 xrregni
1738 3044 1853 3099 sui.

201 3133 413 3188 Testes
441 3132 768 3187 Ademarus
798 3147 1012 3199 comes,
1045 3135 1102 3187 et
1130 3147 1275 3185 uxor
1305 3148 1413 3186 sua
1451 3131 1721 3200 Rotildis,
1756 3132 1856 3205 qui

1947 549 2267 617 Conradus,
2302 566 2454 605 anno
2483 568 2609 608 XLV!
2643 555 2802 625 regni
2835 556 2946 622 sui,
2972 557 3031 611 id
3062 566 3150 612 cst
3180 577 3304 617 mra:
3336 562 3593 638 vulgaris

1947 656 2101 694 anno
2129 639 2255 693 983.
2420 666 2425 677 ~
3440 696 3441 699 η

2018 728 2107 781 90.
2140 730 2306 783 Anno
2347 729 2485 785 1039
2532 731 2934 805 consignanda
2984 740 3073 792 est
3130 738 3391 798 fundatio
3439 743 3593 802 cella:

1949 816 2135 872 sancti
2170 817 2465 874 Laurentii
2496 819 2553 874 in
2589 837 2735 893 pago
2785 823 3217 896 Matisconensi,
3252 835 3315 885 ut
3342 836 3502 903 patet
3525 851 3595 891 ex

1949 905 2152 961 charta
2180 906 2577 964 Archimbaldi
2610 909 3093 987 vicecomitis,qui
3123 915 3231 972 hoc
3262 918 3388 991 ipso
3417 938 3592 991 anno,

1950 994 2268 1051 indictione
2297 1012 2395 1064 νη,
2432 1004 2708 1069 regnante
2734 1000 2978 1058 Henrico
3009 1006 3338 1078 rege,dedit
3365 1009 3595 1068 Odiloni

1950 1084 2146 1139 abbati
2174 1102 2447 1141 mansum
2468 1086 2691 1143 vineale
2707 1088 2766 1143 in
2786 1106 2935 1163 pago
2962 1092 3370 1154 Matisconensi
3391 1100 3593 1170 situm,

1950 1190 2018 1228 ea
2048 1173 2267 1229 scilicet
2295 1176 2625 1232 conditione
2658 1183 2723 1233 ut
2752 1178 2809 1233 in
2839 1178 3083 1238 ecclesia
3111 1186 3301 1241 sancti
3335 1188 3597 1246 Lauren-

1951 1261 2035 1330 tii,
2070 1278 2246 1333 quam
2279 1263 2404 1334 ipse
2424 1265 2553 1335 jam
2592 1269 2764 1322 antea
2813 1267 3184 1328 Cluniacensi
3244 1279 3597 1336 monasterio

1951 1350 2293 1418 contulerat,
2340 1353 2765 1411 monachorum
2812 1359 2922 1413 sub
2973 1359 3288 1434 disciplina
3336 1366 3599 1425 Cluniaci

1952 1439 2229 1495 abbatum
2259 1440 2577 1498 viventium
2608 1450 2928 1501 conventus
2949 1448 3439 1523 institueretur,in
3462 1474 3602 1529 quo-

1951 1544 2083 1583 rum
2114 1546 2259 1585 usus
2290 1547 2563 1586 mansum
2597 1532 2741 1588 illud
2788 1551 2922 1591 cum
2973 1540 3197 1597 caeteris
3227 1543 3298 1599 ad
3331 1547 3599 1602 eamdem

1952 1616 2257 1673 ecclesiam
2291 1620 2718 1691 pertinentibus
2747 1625 2997 1682 cederet.

2020 1707 2110 1762 91.
2143 1709 2309 1763 Anno
2344 1709 2499 1776 1045,
2532 1709 2626 1765 cui
2677 1716 2872 1770 tamen
2932 1716 3172 1777 indictio
3218 1738 3297 1791 χι,
3332 1740 3510 1795 quam
3541 1726 3600 1782 in

1953 1795 2286 1868 apographo
2308 1797 2511 1853 charta
2535 1800 2787 1871 prafert,
2812 1819 2926 1859 non
2950 1809 3282 1878 concordat,
3308 1819 3601 1871 monaste-

1954 1885 2105 1940 rium
2136 1886 2323 1941 sancti
2351 1885 2661 1946 Salvatoris
2690 1891 3067 1952 Nivernensis
3115 1897 3601 1960 Cluniaeensibus

1953 1974 2286 2065 subjectum
2319 1976 2430 2031 fuit
2459 1977 2530 2033 ab
2561 1977 2802 2051 Hugone
2833 1983 3099 2054 ejusdem
3120 1987 3285 2044 urbis
3305 1991 3599 2065 episcopo,

1954 2064 2413 2121 assentientibus
2461 2066 2762 2125 Adalelmo
2810 2069 2917 2126 loci
2970 2079 3190 2131 rectore
3219 2081 3277 2133 et
3304 2064 3602 2138 canonicis

1955 2152 2209 2208 ecclesia“:
2242 2154 2427 2210 sancti
2450 2154 2655 2228 Cyrici,
2682 2159 2752 2213 ad
2776 2176 3026 2231 quorum
3041 2164 3145 2235 jus
3165 2171 3333 2223 antea
3358 2171 3605 2240 pertine-

1957 2240 2075 2294 bat.
2104 2245 2567 2297 lnstrumentum
2590 2260 2654 2299 ea
2683 2246 2755 2300 de
2786 2263 2845 2301 re
2877 2250 3203 2307 confectum
3229 2254 3288 2308 in
3311 2255 3603 2314 chartario

1956 2328 2319 2384 Cluniacensi
2341 2335 2548 2398 exstat,
2573 2332 2773 2388 datum
2796 2336 3027 2407 publice
3049 2339 3105 2394 in
3129 2347 3331 2399 saneta
3360 2348 3601 2418 synodo,

1959 2434 2111 2473 anno
2146 2420 2300 2484 1045,
2334 2418 2651 2477 indictione
2680 2438 2759 2491 XI,
2810 2430 3008 2482 octavo
3057 2428 3196 2486 Idus
3236 2432 3599 2496 Novembris.

2027 2507 2115 2563 92.
2148 2508 2267 2562 Sub
2300 2508 2545 2564 Henrico
2561 2527 2696 2584 rege
2726 2513 3099 2584 Francorum,
3124 2524 3183 2574 at
3205 2521 3493 2581 incertum
3517 2532 3607 2584 est

1960 2613 2074 2687 quo
2106 2614 2277 2660 anno,
2298 2597 2499 2653 Petrus
2523 2598 2751 2672 Rogerii
2772 2602 3082 2677 episcopus
3104 2609 3430 2670 Tolosanus
3447 2617 3601 2687 apud

1961 2685 2305 2742 Cluniacum
2354 2687 2629 2753 existens,
2665 2692 3085 2750 monachorum
3134 2695 3213 2751 ibi
3264 2685 3601 2773 degentium

1962 2774 2331 2830 sanctitatem
2366 2776 2632 2843 miratus,
2667 2779 2915 2834 contulit
2941 2782 3025 2837 eis
3055 2784 3361 2844 ecclesiam
3391 2796 3604 2848 sanctae

1963 2863 2254 2919 Columba:
2286 2863 2345 2918 in
2379 2880 2487 2919 sua
2517 2865 2748 2921 dioecesi
2782 2868 2978 2925 sitam.
3022 2872 3239 2930 Ibidem
3283 2881 3605 2939 monachos

1964 2952 2143 3007 fuisse
2165 2951 2464 3007 institutos
2485 2952 2817 3026 colligimus
2840 2973 2949 3012 non
2973 2958 3163 3017 solum
3187 2966 3341 3035 quod
3360 2968 3431 3023 ad
3454 2969 3605 3027 hanc

1963 3041 2267 3097 ecclesiam
2316 3040 2510 3095 multa;
2555 3041 2679 3097 alia:
2718 3061 2851 3100 eum
2901 3049 3135 3119 praediis
3164 3057 3223 3107 et
3251 3058 3605 3127 appenditiis

1964 3129 2309 3196 attinebant,
2332 3146 2531 3185 verum
2556 3131 2731 3187 etiam
2755 3136 2908 3205 quod
2931 3136 2989 3191 in
3014 3138 3331 3210 diplomate
3356 3144 3607 3201 Pascha-

200 3222 353 3277 hanc
386 3221 762 3277 donationem
797 3220 1077 3287 fecerunt,
1110 3224 1169 3275 et
1198 3220 1395 3275 decem
1428 3220 1634 3276 uncias
1665 3202 1791 3275 auri
1823 3238 1856 3275 a
1884 3202 1926 3268 Ο
1965 3218 2038 3273 lis
2059 3218 2125 3284 ll,
2150 3217 2206 3272 in
2231 3217 2589 3274 Bibliotheca
2607 3202 2994 3287 Cluniacensi.
3022 3202 3152 3300 pag.
3176 3231 3300 3299 571,
3323 3231 3473 3289 inter
3492 3235 3609 3292 alia

199 3311 510 3367 monachis
533 3326 636 3383 pro
657 3327 724 3365 ea
744 3313 1111 3381 acceperunt,
1134 3313 1188 3363 et
1220 3308 1506 3365 Edraldus
1530 3308 1855 3365 monachus

197 3418 484 3475 magnum
530 3399 834 3456 servitium
866 3399 951 3455 eis
985 3397 1137 3464 fecit,
1166 3398 1265 3470 qui
1301 3414 1428 3453 eam
1457 3403 1656 3454 sancto
1686 3399 1854 3454 Petro

195 3490 532 3562 acquisivit.
560 3488 800 3545 Pontius
822 3487 1153 3561 episcopus,
1178 3491 1235 3543 et
1256 3487 1430 3542 frater
1446 3488 1576 3558 ejus
1608 3488 1858 3561 Hugo,et

197 3578 566 3649 Lambertus,
613 3578 970 3641 Gontardus,
1025 3575 1310 3632 Geraldus
1364 3577 1570 3632 fratres
1627 3593 1852 3633 eorum.

199 3668 533 3723 Rainardus
567 3666 867 3740 presbyter
889 3666 1142 3738 scripsit,
1170 3665 1424 3721 dictante
1451 3666 1787 3722 Raintardo.
1824 3687 1852 3715 »

198 3756 443 3812 Pontius
464 3756 801 3829 episcopus,
824 3755 1095 3810 Ademari
1123 3754 1301 3821 filius,
1324 3754 1424 3825 qui
1446 3754 1503 3809 in
1528 3755 1635 3810 hac
1651 3756 1855 3811 charta

204 3850 563 3900 memoratur
586 3844 755 3916 eique
781 3843 1153 3916 subscripsit,
1178 3842 1649 3899 Valentinensem
1672 3843 1856 3899 Eccle-

203 3934 356 3989 siam
372 3933 835 4006 postGuigonem
860 3932 1022 3987 rexit.
1039 3932 1290 3987 Sedebat
1313 3931 1504 3987 adhuc
1526 3949 1679 3987 anno
1696 3933 1851 4000 1047,

207 4025 281 4077 ut
301 4040 360 4077 ex
384 4021 682 4079 nonnullis
715 4020 933 4075 chartis
964 4019 1286 4092 colligitur;
1316 4023 1374 4075 at
1396 4036 1509 4091 quo
1531 4038 1683 4077 anno
1704 4021 1855 4077 banc

209 4111 406 4167 sedem
423 4110 617 4167 inierit
629 4110 795 4167 autdi
807 4109 1227 4177 miserit,nobis
1239 4114 1602 4181 Compertum
1616 4114 1851 4165 nonest.

287 4200 369 4254 89.
400 4200 574 4255 Porro
606 4199 953 4254 Lambertus
978 4215 1195 4263 comes,
1221 4197 1439 4253 ibidem
1471 4204 1851 4265 memoratus,

212 4286 476 4342 Ademari
534 4285 833 4343 donatoris
890 4291 1055 4358 pater
1112 4284 1239 4351 fuit,
1274 4284 1371 4355 qui
1431 4284 1854 4340 monasterium

210 4375 400 4448 ipsum
425 4376 612 4433 sancti
646 4373 901 4431 Marcelli
922 4374 1154 4447 penitus
1180 4371 1509 4428 desolatum
1539 4373 1853 4429 restaurari

211 4470 525 4532 curaverat,
560 4469 623 4520 ut
652 4481 719 4519 ex
752 4463 867 4519 alia
896 4464 1098 4519 charta
1139 4465 1319 4534 patet,
1352 4462 1411 4516 in
1456 4478 1574 4533 qua
1604 4461 1688 4516 sic
1719 4478 1853 4517 cum

217 4570 382 4609 uxore
412 4571 519 4611 sua
548 4552 862 4609 Fuletrude
894 4551 1185 4624 loquitur:
1212 4550 1557 4605 «Donamus
1580 4550 1650 4605 de
1680 4551 1853 4605 rebus

218 4642 580 4715 preprietatis
613 4646 823 4697 nostra;
853 4641 970 4697 Deo
993 4645 1050 4696 et
1078 4644 1284 4695 sancto
1317 4638 1607 4707 Marcello,
1641 4643 1697 4693 et
1728 4656 1850 4694 mo-

223 4731 409 4787 nachis
440 4731 665 4788 Oddoni
692 4734 748 4787 et
779 4730 1078 4798 Duranno,
1110 4732 1167 4784 et
1195 4729 1267 4783 ad
1297 4726 1429 4783 illos
1456 4727 1555 4798 qui
1584 4727 1656 4782 ad
1687 4727 1854 4783 illum

224 4816 399 4875 locum
430 4820 942 4882 venerint,damus
962 4834 1064 4890 pro
1085 4816 1223 4871 filiis
1254 4815 1474 4871 nostris
1497 4816 1783 4871 Ademaro
1801 4820 1858 4871 et

228 4905 517 4964 Lamberto
547 4912 606 4964 et
650 4906 990 4980 parentibus
1038 4905 1276 4970 nostris,
1311 4908 1379 4971 ut
1404 4902 1645 4959 ecclesia
1670 4905 1856 4960 sancti

228 4992 461 5052 Marcelli
494 4997 575 5053 ibi
611 4996 1010 5064 rezs'dificetur,
1049 4992 1589 5064 monasteriumquc
1620 4992 1697 5047 ibi
1730 4995 1854 5061 ﬁat,

228 5082 469 5157 nullique
482 5086 609 5141 loco
621 5086 748 5158 ipse
764 5084 926 5141 locus
941 5083 1053 5139 nisi
1069 5087 1271 5139 sancto
1285 5081 1452 5137 Petro
1466 5080 1710 5154 principi
1726 5099 1858 5155 apo-

225 5169 489 5230 stolorum
508 5175 587 5231 sit
607 5175 931 5245 subjectus.
945 5172 1228 5227 Abbatcm
1243 5172 1366 5243 (sic)
1380 5186 1612 5242 quoque
1626 5170 1684 5225 in
1702 5172 1855 5228 dicto

225 5255 339 5315 loco
356 5263 542 5321 sancti
566 5261 823 5319 Marcelli
844 5262 916 5317 de
937 5260 1198 5330 Fellinis,
1222 5276 1335 5315 non
1359 5258 1647 5314 habeatur
1668 5278 1857 5333 neque

221 5343 473 5421 eligatur,
493 5351 603 5407 nisi
634 5350 733 5424 qui
762 5349 1028 5423 regulam
1055 5346 1243 5405 sancti
1265 5346 1561 5402 Benedicti
1594 5351 1787 5405 teneat
1800 5353 1858 5405 et

217 5442 516 5508 custodiat,
534 5446 592 5498 et
613 5442 684 5497 ad
717 5440 828 5497 hoc
858 5439 1067 5495 fratres
1088 5437 1200 5492 sibi
1228 5435 1496 5492 subditos
1517 5435 1856 5495 charitative

212 5531 510 5603 compellat
526 5555 554 5581 ››
571 5531 657 5587 Ob
678 5529 938 5586 lacerum
963 5526 1169 5583 folium
1193 5526 1331 5581 data
1353 5541 1468 5579 non
1491 5523 1769 5597 habetur;
1795 5528 1854 5584 in

205 5610 330 5683 eius
360 5627 555 5680 tamen
586 5617 756 5681 titulo
787 5618 939 5680 facta
969 5616 1149 5675 fuisse
1179 5613 1395 5674 dicitur
1425 5614 1535 5674 sub
1558 5629 1692 5693 rege
1712 5617 1855 5676 Con-

1965 3324 2090 3378 qua:
2125 3306 2606 3363 Cluniacensibus
2636 3313 2964 3379 conﬁrmat,
2996 3318 3265 3385 occurrit,
3298 3322 3357 3375 in
3398 3325 3606 3394 episca-

1960 3404 2091 3466 patu
2122 3396 2377 3451 Tolosano
2426 3400 2817 3454 monasterium
2863 3410 3064 3459 sancta’
3101 3407 3401 3467 Columbae.
3436 3412 3607 3468 Eam-

1965 3484 2095 3538 dem
2128 3482 2452 3551 ecclesiam,
2488 3486 2684 3541 nescio
2714 3504 2829 3559 quo
2860 3495 3028 3562 pacto
3059 3509 3093 3548 a
3123 3494 3608 3558 Cluniacensibus

1964 3571 2275 3627 alienatam
2312 3572 2458 3646 ipsis
2490 3575 2745 3631 restituit
2763 3578 3023 3637 Amelius
3044 3584 3356 3659 episcopus
3377 3589 3611 3646 Tolosa-

1965 3679 2100 3751 nus,
2135 3661 2336 3716 Pontio
2393 3667 2535 3718 tunc
2588 3662 2957 3724 Cluniacensi
3017 3672 3250 3742 abbate,
3281 3681 3346 3731 ut
3385 3693 3454 3733 ex
3482 3680 3610 3751 ejus

1963 3749 2165 3805 charta
2207 3754 2384 3822 patet,
2417 3752 2553 3807 data
2602 3770 2754 3809 anno
2804 3757 2960 3824 1110,
2994 3767 3274 3834 regnante
3322 3749 3609 3824 Ludovico

1964 3856 2117 3913 rege,
2154 3856 2279 3911 qua:
2326 3840 2553 3912 integra
2603 3841 2855 3900 habetur
2882 3846 2941 3902 in
2988 3849 3347 3910 Bibliotheca
3377 3854 3609 3913 Clunia-

1963 3927 2145 3996 censi,
2170 3927 2277 3983 col.
2306 3930 2431 3983 578.
2461 3929 2775 3987 Anselmus
2822 3936 3138 4005 caqonicus
3184 3941 3443 3999 ecclesiae
3470 3945 3610 4001 Leo-

1964 4019 2206 4084 dicnsis,
2230 4017 2287 4073 in
2306 4018 2452 4074 libro
2475 4019 2554 4074 De
2583 4022 2765 4092 gestis
2794 4023 3059 4093 ejusdem
3090 4028 3343 4085 ecclesiaa
3374 4034 3608 4103 pontifi-

1964 4126 2119 4175 cum,
2154 4108 2341 4180 capite
2370 4108 2458 4175 53,
2493 4109 2697 4165 scribit
2727 4111 2962 4168 beatum
3012 4115 3312 4172 Odilonem
3363 4120 3608 4192 ejusque

1964 4213 2332 4254 successores
2380 4197 2567 4268 plures
2622 4201 2873 4256 ecclesias
2920 4204 2981 4256 in
3023 4203 3285 4274 parochia
3328 4208 3611 4265 Leodiensi

1964 4285 2341 4357 acquisivisse
2369 4303 2381 4352 ;
2417 4288 2477 4340 in
2504 4288 2725 4359 quibus,
2756 4289 2962 4362 inquit,
2996 4293 3245 4363 religiosi
3269 4298 3526 4353 monachi
3538 4300 3607 4355 ab

1962 4378 2078 4447 ipso
2108 4375 2209 4431 sub
2246 4377 2469 4431 nomine
2511 4378 2788 4448 prioratus
2826 4389 2955 4435 sunt
3008 4385 3224 4450 statuti,
3258 4387 3354 4456 qui
3377 4394 3527 4442 nocte
3556 4395 3609 4443 et

1960 4465 2049 4520 die
2074 4480 2172 4536 pro
2200 4473 2346 4520 statu
2374 4466 2616 4523 ecclesia:
2642 4484 2803 4524 aures
2832 4468 3041 4527 dim'rwe
3070 4472 3470 4532 misericordia:
3494 4492 3605 4532 non

1884 4572 1930 4638 ι)
1961 4562 2170 4610 cessant
2197 4555 2527 4626 perpulsarc.

2030 4644 2119 4699 93.
2156 4644 2286 4699 Haec
2310 4644 2545 4699 fuerunt
2566 4646 2854 4718 przeeipua
2874 4653 3225 4708 monasteria
3254 4670 3606 4726 quaa,quan-

1963 4738 2089 4787 tum
2113 4733 2335 4789 discere
2356 4733 2656 4805 potuimus
2679 4752 2745 4790 ex
2760 4736 3022 4810 antiquis
3052 4743 3607 4810 monumentis,0di-

1966 4821 2117 4877 lonis
2164 4825 2446 4894 tempore,
2486 4822 2765 4879 abbatum
2815 4826 3288 4886 Cluniacensium
3334 4831 3606 4903 regimini

1964 4910 2281 4966 commissa
2303 4912 2557 4979 luerunt,
2574 4918 2780 4984 praeter
2803 4914 2917 4970 alia
2936 4917 3080 4972 bene
3102 4917 3306 4985 multa,
3322 4921 3604 4990 quae,jam

1965 5006 2136 5056 antea
2164 5001 2274 5055 sub
2321 5001 2450 5071 ejus
2499 5004 2951 5073 prmecssoribus
2998 5004 3270 5061 Cluniaco
3319 5008 3604 5079 subjecta,

1965 5088 2315 5144 restauravit
2343 5094 2447 5144 aut
2476 5090 2645 5161 plane
2690 5093 3003 5161 renovavit,
3034 5099 3099 5150 ut
3129 5099 3380 5151 testatur
3419 5096 3607 5168 ipsius
3704 5084 3711 5085 ⁷

1963 5177 2107 5232 Vita:
2138 5182 2358 5233 auctor.
2390 5179 2497 5234 Sed
2547 5185 2754 5252 preter
2798 5181 2941 5251 haec,
2977 5183 3140 5239 varia
3166 5183 3308 5239 item
3338 5184 3451 5241 alia
3482 5202 3605 5241 mo-

1964 5266 2236 5333 nasteria,
2252 5271 2721 5340 quaetempomm
2746 5269 2963 5341 injuria
2974 5277 3074 5327 aut
3088 5273 3315 5331 incuria
3327 5274 3602 5331 abbatum

1965 5372 1998 5411 a
2018 5354 2342 5427 disciplinae
2373 5355 2656 5428 regularis
2687 5359 2905 5414 fervore
2934 5360 3283 5429 defecerant,
3305 5364 3377 5419 ad
3406 5363 3605 5419 melio-

1963 5460 2085 5499 rem
2109 5446 2335 5517 frugem
2357 5445 2641 5500 revocavit
2660 5445 2846 5514 Odilo,
2871 5464 2998 5520 quas
3029 5454 3225 5509 tamen
3258 5451 3606 5508 Cluniacen-

1962 5533 2128 5589 sibus
2157 5533 2421 5603 subjecta
2451 5548 2563 5587 non
2596 5532 2774 5590 fuere.
2808 5536 2888 5591 Ex
2937 5537 3031 5595 his
3080 5540 3352 5596 exstitere
3382 5539 3606 5597 celebre

1961 5622 2149 5683 sancti
2190 5622 2446 5702 Dionysii
2495 5624 3204 5708 monasterium,‘aliaque
3233 5629 3381 5690 bene
3420 5614 3607 5691 multa
