4036 6160
503 315 621 400 8°67
839 289 860 300 ’
1406 336 1470 396 s.
1521 335 1886 396 eonoms
1932 331 2496 397 CLUNIACENSIS
2541 320 2866 398 ABBA'I‘IS
2910 337 2982 397 v.
3037 407 3044 412 _
3699 342 3798 404 ωε

507 489 610 546 per
639 469 854 527 Gallias
879 488 892 540 ;
927 469 983 524 in
1018 468 1254 541 quibus,
1279 471 1485 540 agente
1519 467 1892 539 potissimum
1918 467 2158 540 Hugone
2185 468 2238 534 Α
2271 469 2615 540 praedictum
2645 468 3026 526 Cluniacense
3055 468 3390 538 coenobium,
3414 473 3472 526 ut
3495 469 3546 526 in
3572 471 3676 544 ipso
3698 489 3801 547 per-

509 578 661 634 rege,
691 564 755 615 ut
805 561 1095 614 testantur
1148 557 1474 613 Ademarus
1520 561 1577 613 et
1632 559 1838 612 auctor
1884 555 2153 611 Chronici
2265 557 2574 613 fectionem
2609 559 2944 614 monasticae
2973 557 3107 614 vita:
3139 562 3484 632 cognosceret
3505 577 3562 614 ac
3585 561 3798 619 disceret:

504 649 691 706 sancti
722 646 1124 714 Maxentii,vir
1142 651 1386 703 sanctus
1415 645 1790 720 disciplinam
1824 643 2153 718 regularem
2265 663 2385 717 qua
2415 646 2778 703 sufﬁcienter
2806 646 3073 704 imbutus
3103 649 3175 704 ad
3204 647 3432 720 patriam
3454 653 3674 705 nostram
3691 653 3799 707 redi-

504 737 778 795 rcstituit.
807 734 1137 792 Willelmus
1184 753 1418 809 quoque
1464 735 1890 809 Aquitanorum
1921 735 2058 802 dux,
2089 739 2155 790 ut
2264 737 2369 802 ret,
2393 737 2450 790 et
2467 734 2688 790 sitienti
2720 735 2920 808 patria:
2951 740 3166 792 nostrae
3193 740 3383 810 potum
3411 738 3695 794 monasticae
3711 757 3803 811 pro-

498 827 654 882 idem
676 827 999 881 Ademarus
1023 825 1250 891 asserit,
1272 824 1558 881 nonnulla
1573 823 2152 880 ditionissuaamona-
2262 822 2538 879 fessionis
2587 823 2940 896 propinaret.
2975 825 3163 891 Quod,
3197 825 3432 881 donante
3459 826 3619 898 gratia
3641 827 3736 892 Dei,
3758 834 3800 883 ut

499 915 676 994 steria
696 913 959 970 Odilonis
982 913 1322 986 magisterio
1343 915 1547 970 eadem
1567 914 1638 970 de
1655 930 1832 969 causa
1851 929 2151 969 commen-
2261 911 2662 994 ordinavimus
2697 913 2910 968 factum
2942 918 3050 969 est.
3079 913 3224 969 Nam
3272 913 3443 969 isdem
3487 913 3580 978 vir,
3606 915 3803 972 doctrina

495 990 673 1061 davit.
705 1003 850 1059 Hinc
885 1002 940 1059 in
974 1001 1329 1059 monasterio
1348 1001 1758 1075 Angeriecensi
1781 1001 2146 1074 Raynaldum
2260 990 2582 1072 discipliné
2613 1001 2899 1074 regularis
2929 1018 3063 1058 cum
3096 1002 3219 1058 suis
3241 1001 3519 1058 sodalibus
3533 1003 3804 1074 perfertein-

495 1093 766 1148 abbatem
801 1091 1028 1146 institui
1062 1090 1285 1146 curavit
1318 1091 1374 1148 in
1404 1089 1637 1146 Alduini
1667 1090 1882 1158 locum,
1907 1091 2007 1162 qui
2030 1091 2146 1146 fato
2258 1093 2542 1158 structus,
2567 1105 2840 1162 prospere
2871 1091 2940 1145 ad
2969 1107 3078 1145 nos
3105 1107 3363 1146 reversus
3383 1095 3479 1146 est.
3493 1091 3650 1155 Quem
3667 1093 3804 1162 primo

493 1183 731 1238 functus
763 1186 908 1247 erat,
937 1185 993 1236 et
1021 1197 1127 1254 pro
1158 1179 1456 1254 Raynaldo
1486 1181 1704 1252 pariter
1731 1180 2004 1234 defuncto
2035 1181 2148 1252 Ay-
2257 1178 2554 1234 doctorem
2578 1179 3129 1235 monasticmviuein
3157 1178 3492 1235 monasterio
3511 1180 3806 1236 sanctiJoan-

493 1271 777 1327 mcricum
811 1269 1156 1338 substituit;
1191 1269 1462 1342 quamvis
1492 1255 1790 1341 Raynaldo
1820 1267 2144 1324 Goll‘ridum
2256 1267 2352 1323 nis
2382 1267 2452 1323 de
2486 1267 2638 1323 Peﬁa
2682 1267 3117 1336 constituimus,
3146 1272 3220 1335 et,
3249 1273 3310 1322 ut
3357 1268 3546 1323 fratres
3587 1268 3679 1322 sub
3715 1267 3804 1340 ipso

492 1359 848 1417 successisse
905 1359 1064 1414 dicat
1120 1358 1386 1414 Chronici
1461 1357 1864 1414 Malleaeensis
1920 1361 2141 1412 auctor.
2255 1355 2604 1428 regulariter
2623 1356 2899 1427 viverent,
2921 1374 3056 1413 eum
3081 1360 3369 1431 pastorem
3389 1355 3679 1412 animarum
3704 1373 3804 1428 pre-

491 1450 680 1505 Tanta
707 1464 919 1520 nempe
948 1452 1076 1502 erat
1106 1448 1260 1504 beati
1305 1447 1591 1518 Odilonis,
1623 1451 1679 1502 et
1719 1445 2140 1502 monachorum
2253 1444 2522 1514 fecimus,
2555 1449 2613 1501 et
2643 1447 2981 1518 praedictum
3016 1446 3450 1512 monasterium,
3472 1448 3532 1499 ut
3559 1445 3804 1500 ﬁrmiterin

489 1536 961 1594 Cluniacensium
983 1537 1094 1592 sub
1114 1535 1304 1610 ipsius
1327 1535 1612 1608 regimine
1631 1534 1969 1600 viventium,
1985 1534 2140 1606 apud
2253 1532 2573 1589 stabilitate
2595 1533 2882 1606 regularis
2901 1535 3029 1588 vita:
3050 1534 3398 1606 prrsisterct,
3413 1531 3672 1606 regalibus
3685 1534 3806 1589 donis

489 1641 694 1682 omnes
725 1624 942 1698 Opinio,
978 1629 1042 1680 ut
1073 1625 1334 1698 plerique
1366 1624 1612 1680 aliorum
1644 1623 1904 1680 locorum
1936 1639 2140 1678 mona-
2252 1626 2426 1695 atque
2457 1623 2818 1678 firmissimis
2848 1622 3166 1697 privilegiis
3197 1622 3561 1689 munivimus,
3603 1625 3692 1676 etc.
3725 1622 3804 1677 Hoc

487 1714 602 1781 chi,
635 1713 852 1786 quibus
883 1713 1204 1786 disciplina:
1250 1713 1538 1786 regularis
1570 1729 1736 1768 amor
1764 1713 1973 1781 inerat,
2005 1703 2148 1766 Ωιιιὲ
2249 1727 2388 1784 ergo
2420 1711 2772 1768 monasterio
2801 1711 3051 1785 regulari
3089 1711 3464 1784 dispositione
3490 1711 3720 1766 decenter
3739 1727 3807 1766 or-

485 1803 849 1859 niacensium
877 1818 1067 1858 mores
1099 1802 1622 1876 amplecterentur;
1650 1801 1769 1856 imo
1799 1805 1856 1856 et
1884 1799 2020 1856 inde
2042 1801 2138 1856 ab-
2166 1841 2215 1907 B
2247 1798 2474 1868 dinato,
2505 1816 2709 1857 omnes
2756 1801 3008 1874 episcopi
3059 1805 3117 1856 et
3160 1801 3444 1874 principes
3495 1799 3653 1855 totius
3689 1799 3805 1872 regni

485 1893 652 1948 bates
682 1891 1318 1964 acciperent,quamvis
1339 1890 1426 1946 sui
1447 1890 1604 1961 juris
1625 1893 2014 1956 remanerent,
2031 1904 2138 1944 nec
2168 1888 2214 1907 "
2245 1889 2640 1944 communiter
2665 1888 2972 1946 consilium
3008 1889 3286 1958 inierunt,
3311 1893 3367 1944 et
3387 1889 3455 1944 ad
3477 1905 3560 1944 me
3580 1889 3806 1945 venientes

483 1981 630 2038 alias
663 1980 1020 2036 monasterio
1069 1979 1435 2036 Cluniacensi
1469 1978 1677 2050 subjici
1710 1979 1941 2034 vellent.
1973 1977 2134 2042 Quod
2246 1977 2621 2044 unanimiter,
2655 1982 2719 2034 ut
2748 1978 3077 2036 ccenobium
3129 1979 3316 2035 sancti
3364 1977 3592 2034 Joannis
3616 1977 3676 2031 de
3698 1977 3806 2030 Pelia

481 2075 607 2126 tum
636 2069 891 2124 maxime
921 2068 1098 2126 ﬁebat
1128 2069 1175 2125 si
1217 2069 1274 2144 id
1311 2068 1676 2142 postularent
1707 2067 2002 2133 monachi,
2035 2071 2138 2123 aut
2245 2066 2652 2123 decoraveram
2686 2067 3023 2123 monastiezn
3054 2067 3346 2141 religioni,
3379 2066 3460 2122 sic
3494 2065 3650 2122 etiam
3675 2065 3806 2120 bone-

482 2159 735 2232 placeret
781 2157 1072 2230 episcopis
1124 2156 1243 2213 sive
1301 2157 1669 2230 principibus
1729 2157 1839 2211 sub
1883 2172 2132 2228 quorum
2245 2158 2460 2210 starem
2494 2156 2693 2212 eadem
2729 2155 2979 2229 regulari
3024 2157 3177 2212 beati
3209 2155 3496 2212 Benedicti
3523 2153 3806 2227 professione

481 2245 867 2318 dispositione
899 2244 1214 2300 constituta
1237 2249 1403 2300 erant
1430 2245 1720 2316 ejusmodi
1756 2243 2132 2300 monasteria.
2243 2243 2494 2299 Oniense
2520 2244 2962 2312 monasterium,
2987 2245 3288 2316 quondam
3321 2261 3354 2300 a
3385 2242 3634 2317 religioso
3658 2241 3805 2298 Sentio

481 2335 574 2390 Sic
597 2333 890 2400 Durando,
905 2333 1004 2404 qui
1030 2331 1273 2388 consilio
1296 2332 1526 2389 abbatis
1547 2332 1966 2401 Cluniacensis,
1991 2333 2132 2388 alio-
2243 2333 2454 2388 comite
2476 2332 2536 2388 in
2559 2333 2776 2389 honore
2799 2334 2981 2390 sancti
3005 2332 3324 2390 Salvatoris
3346 2334 3806 2393 eonstructum,etc.

481 2438 730 2495 rumque
752 2421 972 2478 ordinis
994 2421 1297 2487 abbatum,
1319 2421 1746 2478 Saviniacensis
1771 2421 1952 2476 abbas
1975 2438 2131 2476 crea-
2240 2421 2322 2476 Ad
2358 2421 2779 2478 monasterium
2823 2422 3009 2478 sancti
3058 2422 3306 2478 Joannis
3334 2422 3405 2477 de
3447 2421 3587 2477 Peﬁa
3621 2419 3748 2483 misi,
3769 2423 3808 2473 et

479 2517 577 2569 tus
608 2513 814 2577 fuerat,
848 2511 1129 2567 suffectus
1153 2515 1242 2567 est
1287 2509 1496 2567 [terius
1540 2509 1866 2566 monachus
1895 2508 2130 2565 Clunia-
2238 2510 2522 2566 damnum
2566 2511 2896 2579 Paternum,
2927 2527 3102 2583 quem
3135 2510 3217 2566 ibi
3252 2511 3513 2566 abbatem
3540 2506 3806 2563 veneranda

479 2602 693 2670 censis,
728 2599 973 2657 consilio
1029 2600 1215 2656 sancti
1276 2599 1560 2666 Odilonis,
1596 2599 1678 2654 uti
1708 2603 1956 2655 testatur
1985 2599 2126 2653 Bur-
2237 2600 2706 2672 congregationis
2735 2599 3201 2672 praefeceramus,
3232 2600 3306 2656 ad
3348 2615 3454 2655 nos
3501 2597 3671 2653 venire
3707 2611 3804 2649 cum

479 2691 738 2748 chardus
790 2689 1200 2763 Lugdunensis
1247 2689 1491 2744 antistes
1537 2687 1596 2744 in
1637 2687 1839 2744 charta
1869 2703 1935 2743 ea
1965 2687 2038 2742 de
2067 2703 2127 2742 re
2235 2687 2556 2760 aliquantis
2580 2688 2866 2762 religiosis
2890 2688 3170 2744 fratribus
3188 2683 3806 2761 expostulavi.Quibcni-

469 2779 831 2852 "conscripta,
865 2779 1035 2850 cujus
1091 2777 1496 2834 autlicnticum
1553 2794 1667 2850 prae
1717 2776 1991 2832 manibus
2017 2775 2127 2832 ha-
2235 2792 2348 2848 gne
2373 2777 2652 2834 obediens
2675 2794 2813 2834 meae
2835 2778 3012 2849 justas
3039 2776 3330 2850 petitioni,
3353 2777 3499 2850 quod
3529 2775 3596 2831 ab
3613 2790 3670 2830 eo
3689 2778 3805 2845 pete-

477 2870 707 2926 bemus.
1805 2857 1813 2871 ’
2233 2866 2368 2922 bam
2403 2865 2529 2922 sine
2559 2866 2760 2940 aliqua
2803 2865 3081 2922 dilatione
3118 2866 3464 2939 impetravi;
3494 2863 3804 2938 depulsisque

545 2959 635 3013 9i.
669 2952 792 3012 Non
817 2960 1012 3012 autem
1037 2955 1447 3012 continebatur
1469 2955 1620 3011 intra
1641 2954 1958 3012 Galliarum
1980 2954 2124 3010 fines
2234 2953 2582 3011 mulieribus
2602 2955 2659 3010 in
2682 2955 2917 3010 Oniensi
2952 2954 3312 3012 monasterio
3342 2955 3467 3010 sine
3494 2953 3667 3025 aliqua
3691 2964 3804 3006 reve-

473 3043 810 3104 monasterii
830 3043 1231 3101 Cluniacensis
1245 3045 1296 3117 ej
1306 3061 1492 3118 usque
1514 3043 1869 3100 sanctissimi
1893 3041 2123 3098 abbatis
2233 3044 2418 3100 rentia
2441 3043 2866 3111 habitantibus,
2887 3060 3177 3103 consensu
3201 3049 3263 3099 et
3277 3043 3563 3100 voluntate
3581 3047 3724 3112 atque
3740 3053 3806 3110 pe-

471 3136 650 3204 fama,
669 3152 798 3209 qua:
829 3133 1194 3190 occasionem
1219 3133 1466 3206 praebuit
1487 3132 1868 3188 Cluniacense
1890 3131 2122 3186 institu-
2163 3207 2190 3209 _r
2232 3133 2434 3188 titione
2463 3133 2728 3188 omnium
2761 3133 2962 3206 patriae
2989 3137 3197 3188 nostra:
3231 3133 3619 3205 episcoporum
3648 3144 3701 3183 ac
3721 3125 3805 3181 cle-

471 3230 597 3280 tum
628 3207 946 3280 iniextcras
976 3222 1240 3278 nationes
1266 3221 1646 3295 propagandi.
1675 3219 1905 3276 lllustre
1935 3219 2118 3290 hujus
2151 3207 2192 3273 C
2231 3221 3454 3295 ricorum,statuimusibicongregationem
3468 3219 3803 3292 religiosorum

467 3313 550 3369 rei
573 3311 902 3384 exemplum
926 3311 1286 3366 babemusin
1302 3310 1938 3382 Sancioliispaniarum
1964 3323 2118 3380 rege,
2231 3311 2673 3378 monachorum,
2704 3311 2920 3384 quibus
2964 3311 3261 3378 abbatem,
3295 3312 3562 3367 Garseam
3603 3304 3804 3366 nomine,

471 3401 593 3474 qui,
626 3416 760 3456 eum
795 3405 1287 3454 monasteriorum
1321 3399 1380 3452 in
1414 3415 1520 3454 suo
1560 3415 1738 3470 regno
1768 3402 1920 3454 recte
1949 3395 2118 3451 insti-
2229 3401 2555 3456 secundum
2575 3400 2834 3472 regulam
2854 3399 3041 3455 sancti
3055 3392 3660 3468 Benedicti,communi
3674 3392 3804 3450 etiam

472 3489 822 3546 tuendorum
855 3486 1143 3542 desiderio
1176 3489 1490 3551 teneretur,
1521 3487 1884 3554 Cluniacum,
1908 3501 1975 3540 ex
1997 3485 2118 3556 epi-
2229 3488 2478 3545 fratrum
2512 3488 2925 3545 acclamatione
2947 3489 3398 3561 prmposuimus.
3423 3489 3684 3544 Domuum
3707 3493 3804 3535 vero

471 3593 780 3650 scoporum
803 3580 858 3630 et
879 3575 1227 3646 optimatum
1261 3575 1899 3640 consilio,misitunum
1923 3573 2119 3641 esuis,
2233 3577 2564 3647 Paternum,
2597 3578 2804 3634 abbate
2835 3576 2944 3634 loci
2978 3561 3292 3650 diligenter
3319 3579 3610 3641 instructo,
3639 3575 3688 3627 et
3710 3584 3808 3626 cono

470 3665 786 3722 Paternum
820 3662 1078 3732 nomine,
1113 3663 1212 3736 qui
1244 3663 1494 3736 regulari
1529 3663 1842 3736 disciplina
1871 3662 2120 3720 sanctis-
2229 3667 2566 3740 gregatione
2615 3667 2932 3723 honorifice
2978 3667 3271 3736 ordinata,
3306 3668 3379 3723 ad
3421 3664 3692 3738 proprium
3718 3673 3808 3713 mo-

471 3771 586 3827 que
616 3751 725 3808 loci
759 3751 917 3808 illius
949 3752 1476 3808 consuetudinibus
1509 3752 1686 3825 probe
1717 3751 2000 3818 imbutus,
2022 3768 2120 3808 eas
2229 3756 2552 3812 nasterium
2599 3755 2956 3812 remisimus.
2986 3755 3058 3811 Ut
3116 3773 3255 3829 ergo
3315 3752 3653 3818 inconvulsa,
3683 3750 3806 3801 »ϐίαι

470 3841 848 3916 postmodum
883 3841 1064 3897 redux
1084 3841 1141 3896 in
1171 3840 1586 3913 Hispaniarum
1619 3841 1993 3896 monasteriis
2023 3841 2122 3895 ob-
2231 3843 2404 3899 Plura
2445 3844 2704 3901 decernit
2735 3861 2831 3900 rex
2869 3862 2976 3918 pro
3007 3843 3290 3900 electione
3331 3843 3551 3900 abbatis
3577 3857 3635 3895 ac
3660 3849 3810 3892 mona-

471 3929 687 3988 servari
719 3935 970 3987 curaret.
987 3931 1048 3986 Id
1073 3931 1356 3986 discimus
1373 3947 1440 3985 ex
1461 3930 1723 4002 ejusdem
1758 3929 1910 4002 regis
1929 3928 2120 4002 diplo-
2230 3933 2390 3988 sterii
2413 3933 2970 4006 immunitate,q’uod
2985 3933 3130 3988 nulli
3147 3935 3392 3990 omnino
3412 3931 3808 4004 subjectumesse

472 4025 626 4077 matc
647 4037 753 4094 pro
776 4020 1130 4076 monasterio
1160 4019 1420 4086 Oniensi,
1443 4019 1597 4092 quod
1621 4023 1819 4076 noster
1835 4019 2120 4092 Yepezius
2227 4021 2372 4089 vult,
2392 4023 2472 4078 ita
2501 4027 2566 4077 ut
2597 4024 2646 4078 si
2677 4023 2858 4078 abbas
2891 4022 3206 4096 aliquando
3239 4022 3502 4096 gravium
3531 4017 3805 4075 delictorum

472 4110 530 4165 in
563 4109 886 4183 appendice
915 4108 1058 4165 tomi
1089 4109 1136 4162 V
1167 4109 1478 4166 Annalium
1528 4109 1752 4164 ordinis
1781 4108 1966 4165 nostri
1998 4109 2118 4163 edi-
2229 4128 2364 4166 reus
2383 4111 2550 4183 dejici
2577 4096 2989 4180 mereretur,id
3015 4111 3390 4168 solummodo
3413 4111 3508 4166 ﬁat
3527 4108 3581 4163 in
3599 4099 3806 4161 consilio-

469 4199 576 4267 dit,
608 4198 710 4255 ubi
761 4198 1065 4271 piissimus
1107 4197 1381 4272 princeps
1430 4197 1514 4254 sic
1560 4197 1824 4271 loquitur
1855 4215 1867 4254 :
1901 4221 1930 4248 ‹‹
1964 4198 2119 4253 Ordo
2229 4199 2511 4256 Caeterum
2539 4200 2841 4268 Paternus,
2866 4199 2927 4256 in
2960 4199 3282 4273 diplomate
3314 4200 3470 4274 regio
3495 4195 3808 4254 memoratus,

471 4287 851 4354 monasticus,
869 4287 1134 4343 omnium
1153 4286 1680 4344 ecclesiasticarum
1704 4286 1976 4343 ordinum
1991 4302 2118 4358 per-
2229 4288 2281 4345 is
2304 4289 2428 4362 ipse
2448 4290 2628 4345 estad
2652 4305 2823 4362 quem
2849 4288 3018 4345 Odilo
3050 4289 3361 4362 epistolam
3392 4285 3631 4360 scripsit,
3649 4282 3695 4336 in
3718 4275 3810 4348 Spi-

471 4376 850 4441 fectissimus,
875 4380 999 4430 tum
1031 4376 1311 4450 temporis
1343 4375 1500 4431 omni
1535 4379 1746 4432 nostra:
1777 4376 1976 4448 patria:
1996 4378 2120 4432 erat
2228 4377 2419 4452 cilegii
2466 4383 2622 4434 tomo
2657 4378 2726 4444 ll,
2759 4394 2892 4452 pag.
2927 4378 3054 4448 386,
3084 4377 3327 4444 editam,
3360 4377 3460 4433 ubi
3506 4390 3626 4431 eum
3676 4363 3812 4452 divini

468 4465 820 4538 ignotus.....
851 4465 1110 4531 tandem,
1143 4465 1467 4538 inspirante
1497 4465 1635 4534 Deo,
1669 4482 1702 4520 a
1731 4464 2118 4537 prudentibus
2229 4450 2434 4522 amoris
2478 4450 2778 4539 fcrvidumv
2809 4450 3070 4523 domuum
3114 4469 3436 4533 Paternum,
3468 4462 3630 4534 gregis
3654 4450 3813 4515 Christi

470 4551 858 4643 ac_religi_osis
887 4552 1027 4643 viris
1051 4553 1290 4643 salubre
1319 4553 1504 4643 reperi
1536 4553 1878 4643 consilium;
1904 4553 2119 4626 quibus
2149 4578 2196 4643 Β
2227 4555 2434 4630 nfecta
2461 4561 2688 4629 paterno
2713 4563 3120 4628 procuratorem
3147 4555 3464 4628 providum,
3493 4546 3730 4643 appellat:
3753 4539 3810 4596 EX

471 4641 858 4697 referentibus
887 4641 1063 4696 didici
1095 4643 1234 4715 quia
1261 4642 1672 4714 perfectionem
1699 4642 1882 4714 hujus
1901 4645 2118 4697 sanctae
2149 4636 2189 4643 ”
2227 4646 2429 4701 eadem
2467 4663 2603 4702 vero
2635 4643 2882 4718 epistola
2905 4645 3072 4701 facile
3101 4643 3294 4718 colligi
3355 4645 3538 4716 potest
3579 4636 3807 4710 quantum

470 4747 646 4804 quam
707 4729 1074 4804 requirebam
1135 4729 1515 4803 professionis
1571 4747 1742 4787 nemo
1801 4730 2116 4802 perfectius
2225 4735 2432 4790 Sancio
2455 4734 2575 4808 regi
2596 4737 2770 4807 atque
2783 4735 2914 4806 ejus
2932 4734 3050 4790 tilio
3075 4733 3378 4790 Ranimiro
3399 4729 3678 4788 devinctus
3694 4719 3811 4776 θεεθί

469 4820 774 4876 ostendere
832 4823 1078 4893 poterat,
1111 4835 1288 4892 quam
1350 4821 1720 4894 congregatio
1773 4817 2115 4876 monasterii
2227 4823 2412 4890 Odilo,
2448 4824 2548 4896 qui
2582 4822 2937 4896 quotidianis
2995 4823 3269 4895 precibus
3329 4822 3402 4877 ad
3451 4831 3639 4876 omnes
3675 4811 3808 4896 boni

468 4908 889 4976 Cluniacensis,
915 4907 1116 4981 qua-in
1141 4908 1340 4964 eodem
1374 4913 1634 4982 tempore
1655 4907 1870 4964 clarius
1891 4908 2116 4964 caeteris
2225 4890 2515 4984 Hispani-te
2546 4890 2793 4986 regnum
2817 4911 2874 4967 in
2904 4890 3138 4984 publico
3169 4915 3455 4968 conventu
3475 4890 3809 4964 commendari

468 4997 840 5054 monasteriis
867 4997 1052 5053 sancti
1087 4996 1377 5053 Benedicti
1401 4997 1654 5070 perfecta
1674 4997 1916 5054 ﬂorebat
1944 5013 2114 5071 regu-
2225 5002 2487 5058 curabat.
2511 5001 2727 5057 Habuit
2747 5017 2981 5074 quoque
3001 4999 3403 5056 Cluniacensis
3422 4997 3556 5054 ordo
3568 4989 3808 5050 monaste-

465 5085 572 5141 lari
607 5085 908 5158 religione,
943 5086 1261 5143 auxiliante
1287 5086 1422 5153 Deo,
1455 5091 1513 5142 et
1540 5087 1868 5144 venerando
1904 5087 2116 5143 abbate
2224 5090 2312 5147 ria
2334 5091 2388 5146 in
2423 5090 2719 5164 Hispaniis
2750 5089 2991 5146 omnino
3017 5107 3135 5146 suae
3157 5082 3548 5161 jurisdictioni
3575 5074 3806 5164 subject“:

399 5233 406 5238 ,
468 5173 711 5230 Odilone
741 5175 1208 5232 administrante.
1231 5175 1418 5250 Igitur
1445 5193 1622 5248 super
1641 5177 1749 5233 hoc
1769 5176 1999 5250 negotio
2020 5193 2114 5231 ac-
2225 5179 2401 5236 etiam
2433 5161 2692 5252 tempore
2722 5179 2904 5234 sancti
2937 5177 3222 5234 Odilonis.
3257 5177 3335 5232 Ex
3365 5175 3454 5231 bis
3491 5172 3593 5228 fuit
3633 5161 3809 5252 celei)”

468 5261 590 5334 cepi
610 5261 978 5320 abomnibus
1003 5248 1290 5338 episcopis
1313 5265 1530 5320 nostris
1559 5248 1868 5321 consilium
1893 5269 1950 5320 et
1973 5265 2118 5338 opti-
2226 5248 2646 5325 monasterium
2681 5268 2865 5324 sancti
2899 5266 3040 5322 Zoili
3065 5268 3136 5322 de
3156 5266 3446 5332 Carrione,
3463 5259 3557 5318 ubi
3580 5248 3807 5314 Αιίιιιιῗυε

469 5350 747 5419 matibus,
771 5357 828 5408 et
851 5367 1033 5407 unum
1066 5369 1133 5407 ex
1165 5353 1381 5409 nostris
1412 5355 1680 5426 patriotis
1709 5353 2115 5426 virum,quan-
2226 5358 2454 5430 primus
2487 5357 2597 5413 loci
2631 5357 2792 5430 prior
2820 5357 2892 5412 ab
2925 5355 3054 5428 ipso
3086 5359 3286 5412 sancto
3325 5353 3528 5410 abbate
3554 5341 3808 5430 instituto?

467 5444 594 5496 tum
619 5439 962 5496 hominibus
985 5441 1262 5513 possibile
1283 5425 1462 5498 estad
1487 5425 2118 5517 cognoscendum,reli-
2225 5425 2441 5502 dicitur
2471 5425 2910 5520 apudhistoriae
2947 5425 3280 5518 Hispanicae
3307 5442 3624 5514 scriptores.
3652 5427 3741 5484 Berl
3765 5425 3808 5522 et

466 5528 699 5604 giosum
747 5535 806 5586 et
857 5527 1215 5598 timoratum,
1244 5531 1558 5589 vocitatum
1620 5533 1954 5600 Paternum,
1981 5549 2116 5589 eum
2226 5534 2361 5590 huic
2381 5533 2734 5591 monasterio
2751 5532 3053 5607 complura
3069 5531 3184 5590 alia
3204 5531 3498 5606 parebant,
3520 5539 3635 5598 quae
3650 5525 3809 5574 omnia

466 5619 674 5680 devoto
695 5616 977 5680 comitatu
999 5618 1405 5696 religiosorum
1421 5622 1734 5694 sociorum,
1751 5623 2027 5682 misimus
2043 5623 2116 5682 ad
2225 5623 2592 5698 Cluniacum,
2623 5623 2712 5684 uti
2760 5627 3031 5694 matrem,
3077 5621 3512 5682 venerabantur.
3540 5609 3659 5678 Sed.
3685 5615 3807 5664 ιηοο

3941 3345 3943 3382 |

3941 3429 3943 3464 |

3941 3623 3943 3676 i

3941 3713 3943 3752 Ι

3941 4027 3943 4140 l

3941 4171 3943 4234 l
