4020 6180
194 320 326 383 $9

1730 328 2086 393 ELOGIUM
2094 375 2111 392 .

3505 338 3632 399 870

207 456 373 522 H35,
407 455 700 527 Eugenius
731 459 975 527 quartus
1006 455 1419 513 Carrioncnses
1452 458 1692 531 priores,
1726 460 1859 517 Clu-
1888 462 1944 530 Α
1975 463 2117 534 priis
2132 464 2467 520 nominibus
2483 465 2770 539 designat,
2796 467 3286 524 obinobmlienlor
3304 468 3630 543 neglectam

205 545 589 600 niacensibus
619 544 970 612 subtractos,
1004 545 1238 601 abbatis
1268 547 1439 601 titulo
1471 548 1724 605 donavit.

203 651 302 707 Vl.
337 652 691 729 Samium-um
718 653 1055 723 ponti/tcum,
1090 669 1297 729 regum,
1334 654 1678 729 aliorumque
1702 659 1864 729 prin-

422 725 608 796 cipum
634 739 765 792 erga
802 730 1053 779 sanctum
1092 723 1375 781 Odilonem
1404 723 1649 798 affectus.

276 813 367 868 95.
402 813 590 868 Tanta
639 816 763 868 erat
791 812 1263 870 Cluniacensium
1297 816 1719 872 monachorum
1753 818 1865 873 sub

205 902 363 958 beati
395 900 658 958 Odilonis
689 901 971 973 regimine
1002 903 1331 959 sanctitatis
1363 905 1540 970 fama,
1568 910 1634 961 ut
1664 905 1865 961 ﬁdeles

205 991 430 1064 quique
445 1007 511 1045 ac
528 990 609 1063 pii
630 990 735 1045 viri
751 1007 852 1046 eos
874 991 1172 1048 beneficiis
1190 997 1292 1048 aut
1311 994 1729 1051 donationibus
1751 994 1864 1050 sibi

206 1080 505 1136 devincire
533 1084 813 1152 cuperent
837 1080 945 1135 rati
973 1080 1121 1136 nihil
1144 1082 1255 1137 sibi
1279 1083 1641 1151 defuturum,
1666 1084 1716 1139 si
1742 1088 1867 1139 tan-

205 1174 405 1225 torum
436 1170 694 1225 virorum
729 1168 997 1241 precibus
1034 1176 1091 1225 et
1121 1171 1445 1243 patrocinio
1488 1173 1644 1245 apud
1679 1173 1864 1229 Deum

206 1260 649 1331 adjuvarentur.
673 1256 817 1313 Hinc
838 1261 923 1314 tot
943 1259 1284 1330 pontiﬁcum
1317 1260 1532 1326 bullas,
1550 1264 1636 1316 tot
1660 1277 1865 1334 regum

205 1353 260 1403 et
290 1348 714 1420 imperatorum
747 1345 1069 1419 diplomata
1099 1348 1156 1404 in
1189 1365 1391 1404 eorum
1432 1350 1682 1422 gratiam
1730 1351 1868 1405 data

206 1436 486 1509 legimus,
512 1436 680 1508 queis
701 1440 804 1491 aut
819 1441 1012 1492 vetera
1033 1436 1335 1510 privilegia
1354 1440 1864 1508 confirmarentur,

205 1531 309 1581 aut
339 1541 494 1581 nova
518 1526 1003 1592 concederentur;
1030 1530 1117 1581 tot
1141 1526 1471 1599 principum
1498 1528 1869 1602 aliorumque

206 1615 495 1679 virorum,
529 1612 813 1668 nobilium
856 1612 1033 1669 simul
1081 1618 1138 1670 et
1183 1613 1558 1686 ignobilium,
1609 1617 1866 1684 chartas,

204 1703 430 1775 quibus
459 1709 563 1757 aut
591 1719 739 1757 nova
786 1702 1249 1759 instituebantur
1278 1706 1543 1761 ccenobia
1572 1724 1608 1761 a
1636 1705 1868 1762 Clunia-

203 1791 489 1847 censibus
518 1789 824 1846 monachis
852 1790 1255 1857 inhabitanda,
1291 1798 1391 1849 aut
1421 1798 1573 1850 certe
1594 1796 1720 1867 jam
1751 1812 1869 1851 ere-

204 1884 300 1936 cta
333 1879 570 1952 praediis
587 1879 881 1951 variisque
905 1880 1377 1951 possessionibus
1399 1883 1786 1955 augebantur,
1803 1889 1869 1939 ut

208 1971 268 2024 in
302 1970 392 2024 eis
417 1967 626 2024 saltem
659 1974 1014 2025 accresseret
1042 1969 1159 2025 Deo
1190 1971 1300 2026 sub
1328 1974 1445 2026 tam
1472 1978 1676 2028 sancta
1697 1973 1870 2029 disci-

210 2057 372 2131 plina
390 2056 771 2113 servientium
795 2074 1098 2113 numerus.
1116 2058 1346 2114 Certare
1361 2059 1707 2115 videbantur
1723 2077 1866 2132 pon-

206 2148 400 2202 tiﬁces
420 2151 480 2201 et
509 2162 699 2219 reges,
734 2146 851 2201 utri
881 2163 1084 2202 eorum
1117 2163 1255 2220 erga
1297 2147 1708 2204 Cluniacenses
1741 2165 1869 2203 ma-

205 2235 646 2310 gniﬁcentiores
667 2240 885 2291 essent.
913 2235 1226 2292 Pontiﬁces
1248 2236 1742 2293 intercedentibus
1772 2255 1874 2292 se:-

198 2324 318 2381 culi
348 2323 716 2397 principibus
748 2323 1051 2397 privilegia
1074 2325 1590 2398 impertiebantur;
1618 2326 1711 2381 isti
1738 2342 1869 2381 vero

207 2413 721 2470 commendatione
768 2413 1134 2485 pontificum,
1167 2431 1277 2470 sua
1323 2415 1666 2471 auctoritate
1717 2416 1872 2471 bona

211 2503 571 2559 monasterio
589 2503 714 2573 jam
746 2508 915 2575 parta
939 2504 1277 2569 tuebantur,
1301 2504 1585 2576 novisque
1607 2503 1871 2560 donatio-

216 2592 392 2647 nibus
421 2596 619 2648 vetera
648 2591 1109 2663 ampliﬁcabant.

282 2683 375 2737 9t.
406 2680 615 2735 Videre
647 2684 735 2735 est
765 2680 824 2735 in
876 2679 1038 2735 bulla
1066 2680 1328 2754 Gregorii
1360 2681 1570 2754 quinti,
1603 2698 1778 2754 quam
1812 2698 1874 2739 se

208 2772 553 2826 interventu
576 2768 806 2825 Ottonis
834 2768 1205 2841 imperatoris
1228 2771 1588 2827 concessisse
1605 2775 1874 2837 testatur,

210 2877 399 2933 quam
452 2863 721 2914 accurate
752 2862 810 2913 et
846 2858 1181 2916 minutatim
1226 2860 1425 2916 omnia
1475 2860 1877 2917 Cluniacensis

214 2947 570 3005 monasterii
628 2947 782 3003 bona
831 2949 1207 3016 recensuerit,
1240 2965 1311 3004 ne
1356 2966 1473 3021 qua
1511 2953 1708 3005 essent
1750 2965 1876 3020 qua:

215 3038 413 3111 ipsius
441 3037 888 3093 conﬁrmatione
916 3041 1201 3094 carerent.
1232 3038 1399 3093 Edita
1416 3042 1507 3093 est
1536 3038 1595 3093 in
1624 3036 1878 3093 Bullario

214 3125 613 3192 Cluniacensi,
636 3142 768 3199 pag.
798 3125 882 3194 l0,
907 3142 1087 3197 quam
1110 3126 1239 3181 ideo
1266 3126 1382 3183 huc
1413 3126 1667 3199 proferre
1687 3126 1876 3181 visum

1976 552 2260 608 bonorum
2286 553 2687 610 Cluniacensis
2715 558 3051 613 monasterii
3077 558 3500 616 restitutionem
3533 578 3629 616 ex-

1974 643 2528 700 communicationis
2583 643 2817 700 vinculo
2874 644 3158 702 innodare
3199 663 3314 702 non
3373 649 3628 727 ditferat.

1976 728 2230 786 Joannes
2260 731 2400 801 XIX,
2424 735 2488 787 ut
2517 733 2748 805 praefert
2775 733 2986 790 titulus
3017 735 3073 789 in
3110 734 3364 792 Bullario
3394 736 3632 793 Clunia-

1974 818 2152 887 censi,
2179 835 2311 892 pag.
2330 819 2385 887 8,
2416 820 2745 877 interventu
2768 822 2952 877 sancti
2978 822 3209 879 Henrici
3235 823 3630 895 imperatoris,

1966 907 2107 978 jura
2136 908 2337 963 omnia
2354 912 2476 964 tam
2507 908 2841 981 spiritualia
2857 927 3034 983 quam
3054 912 3402 985 temporalia
3426 930 3631 979 mona-

1976 994 2138 1049 sterii
2168 994 2569 1052 Cluniacensis
2601 997 2854 1053 asseruit
2882 999 2942 1054 in
2973 998 3224 1071 epistola
3253 1017 3430 1073 quam
3462 1017 3530 1057 ea
3558 1002 3631 1057 de

1976 1099 2037 1138 re
2069 1084 2307 1156 scripsit
2331 1083 2585 1141 Odiloni.
2621 1086 2922 1143 Laudatur
2950 1088 3168 1144 ibidem
3202 1088 3318 1145 alia
3367 1090 3635 1162 ejusdem

1975 1171 2271 1244 pontificis
2303 1173 2573 1245 cpistola,
2608 1191 2725 1246 qua
2755 1175 3085 1232 interventu
3110 1178 3355 1234 Conradi
3380 1179 3636 1251 impera-

1974 1261 2120 1317 toris
2151 1262 2352 1317 omnia
2395 1263 2734 1318 monasterii
2781 1263 3183 1321 Cluniacensis
3226 1266 3381 1323 bona
3411 1271 3468 1323 et
3496 1269 3637 1339 jura

1976 1350 2308 1405 confirmat.
2343 1350 2499 1406 Idem
2534 1351 2810 1423 pontifex,
2845 1352 2905 1407 in
2938 1354 3185 1426 epistola
3206 1355 3278 1410 ad
3313 1354 3637 1413 Robertum

1980 1439 2336 1494 Francorum
2371 1455 2587 1511 regem,
2628 1455 2763 1495 eum
2797 1444 2862 1494 ut
2891 1441 3162 1496 eumdem
3195 1440 3386 1497 locum
3433 1448 3639 1498 contra

1977 1527 2275 1583 invasores
2325 1531 2559 1583 tueatur
2589 1528 2815 1584 invitat.
2850 1528 3096 1601 Scripsit
3134 1533 3188 1585 et
3220 1530 3293 1586 ad
3344 1529 3637 1586 Burchar-

1976 1618 2118 1672 dum
2143 1616 2599 1690 Lugdunensem
2615 1617 3144 1690 archiepiscopum,
3169 1623 3295 1683 tum
3318 1619 3389 1674 ad
3404 1617 3641 1675 Gausle-

1979 1723 2121 1760 num
2144 1705 2654 1773 Matisconensem,
2679 1723 2782 1778 pro
2803 1707 3120 1762 asserenda
3142 1707 3409 1779 ejusdem
3434 1724 3637 1763 mona-

1979 1794 2142 1849 sterii
2174 1793 2550 1850 immunitate
2580 1796 2651 1851 ab
2675 1795 2834 1850 omni
2850 1794 3264 1867 jurisdictione
3294 1795 3633 1869 episcopali.

1978 1884 2040 1938 In
2072 1881 2321 1955 epistola
2341 1887 2539 1938 autem
2572 1884 2641 1939 ad
2666 1882 2964 1939 universes
2996 1883 3198 1939 fideles
3220 1884 3440 1940 directa
3461 1890 3639 1941 testa-

1976 1977 2073 2027 tur
2103 1988 2190 2039 se,
2220 1977 2660 2027 antecessorum
2686 1988 2930 2028 suorum
2950 1971 3636 2044 vestigiisinhmrentem,

1975 2076 2109 2115 cum
2141 2075 2430 2115 consensu
2465 2059 2791 2115 multorum
2824 2058 3237 2133 episcoporum
3273 2064 3413 2116 tunc
3444 2060 3639 2118 Romae

1976 2148 2035 2203 in
2068 2148 2288 2219 synodo
2320 2148 2377 2202 in
2412 2148 2723 2219 praesentia
2751 2148 2957 2204 domni
2989 2148 3237 2204 Conradi
3269 2148 3639 2222 imperatoris

1976 2253 2164 2308 nuper
2191 2236 2449 2291 coronati
2480 2241 2992 2309 congregatarum,
3043 2236 3244 2293 omnia
3290 2236 3640 2295 Cluniacen-

1979 2324 2133 2379 sium
2166 2324 2469 2397 privilegia
2496 2329 2553 2380 et
2586 2325 2994 2381 immunitates
3037 2326 3443 2383 confirmasse.
3501 2330 3642 2382 Data
3734 2362 3737 2369 ν

1978 2418 2069 2470 est
2098 2413 2303 2485 quinto
2350 2413 2642 2469 Kalendas
2682 2413 2922 2486 Aprilis,
2965 2430 3119 2469 anno
3181 2414 3427 2470 Joannis
3478 2431 3640 2488 papa:

1978 2502 2172 2570 tertio,
2204 2501 2522 2557 indictione
2544 2519 2608 2570 x;
2633 2518 2760 2574 quae
2783 2502 3021 2575 quidem
3046 2502 3467 2576 cbronologicaa
3492 2508 3639 2559 nota:

1981 2609 2135 2647 anno
2168 2593 2305 2646 1027
2337 2591 2555 2664 optime
2587 2596 2937 2665 congruunt.
2982 2592 3243 2665 Denique
3290 2591 3560 2648 Clemens
3592 2592 3640 2648 II

1984 2680 2055 2736 ad
2088 2680 2415 2752 episcopos,
2442 2680 2737 2753 principes
2757 2685 2813 2735 et
2835 2684 3141 2753 magnates
3161 2679 3360 2735 Gallias
3384 2679 3638 2752 scripsit,

1985 2772 2051 2825 ut
2089 2768 2173 2837 eis
2228 2768 2445 2841 pariter
2491 2767 2888 2824 Cluniacensis
2938 2767 3275 2823 monasterii
3332 2768 3641 2824 tuitionem

1985 2857 2443 2914 commendaret.

2055 2948 2143 3003 97.
2178 2947 2301 3010 Quo
2333 2950 2530 3001 autem
2563 2944 2689 3001 loco
2720 2946 2873 3017 apud
2908 2944 3105 3001 saeculi
3149 2945 3445 3019 principes
3476 2945 3639 3003 babi-

1984 3040 2081 3091 tus
2114 3035 2288 3090 fuerit
2334 3033 2521 3101 Odilo,
2566 3034 2818 3107 probant
2868 3032 3200 3107 complures
3256 3033 3640 3090 donationum

1987 3125 2199 3179 charta:
2232 3140 2382 3195 quas
2413 3140 2594 3195 supra
2627 3122 3019 3189 laudavimus,
3054 3127 3113 3177 et
3136 3122 3292 3177 varia
3321 3120 3644 3194 diplomata

216 3213 1874 3286 nonest.Observationedignasuntquaaibidem,pag.tt,
1907 3200 1952 3268 C
1990 3213 2048 3269 in
2079 3214 2209 3285 ejus
2251 3211 2499 3285 gratiam
2549 3212 2703 3267 data.
2744 3211 2903 3267 ldem
2955 3214 3247 3267 testantur
3294 3210 3639 3284 pontiﬁcum

214 3302 856 3375 Silvesterll,Gregorii
876 3318 1199 3369 successor,
1226 3304 1297 3359 ad
1311 3304 1548 3360 beatum
1571 3302 1875 3359 Odilonem

215 3391 465 3448 scribit:
494 3391 848 3447 Silvester....
895 3391 1116 3447 Odiloni
1160 3392 1355 3448 dilecto
1405 3393 1542 3463 ﬁlio,
1591 3396 1644 3447 et
1690 3392 1879 3448 abbati

210 3482 507 3554 praeclaro,
526 3485 692 3552 atque
711 3482 990 3537 universw
1007 3483 1422 3552 congregationi
1447 3483 1558 3537 sibi
1584 3483 1878 3537 commissae

215 3571 447 3626 charum
474 3569 712 3625 salutem
744 3579 797 3625 et
812 3570 1165 3641 apostolicam
1196 3570 1640 3626 benedictionem.
1681 3572 1876 3627 Vestris

214 3676 318 3715 nos
345 3660 709 3715 sanctissimis
738 3661 892 3714 omni
919 3666 1158 3730 tempore
1188 3661 1575 3716 committimus
1612 3661 1876 3715 orationi-

219 3749 342 3814 bus,
374 3757 427 3803 et
456 3757 517 3804 ut
546 3750 791 3819 accipere
818 3748 1126 3819 dignemini
1150 3747 1403 3819 ﬁdelibus
1421 3764 1713 3804 exoramus
1737 3750 1876 3820 peti-

216 3837 501 3894 tionibus:
542 3839 676 3909 quia
731 3839 790 3892 in
830 3853 1150 3908 quocunque
1194 3842 1378 3893 noster
1406 3839 1643 3893 valuerit
1682 3846 1872 3905 status,

218 3927 378 3982 nullo
406 3926 562 3983 modo
616 3934 788 3982 vester
841 3926 1108 3997 defectum
1165 3928 1362 3983 sentiet
1414 3929 1703 3999 profectus,
1764 3931 1872 3982 etc.

218 4015 522 4070 Habemus
540 4015 688 4070 duas
707 4014 1001 4070 Benedicti
1019 4014 1147 4070 VIII
1162 4014 1439 4087 epistolas
1449 4016 1726 4080 adversus
1739 4014 1876 4071 Clu-

220 4103 888 4160 niacensis'monasterii
922 4102 1209 4159 bonorum
1241 4102 1558 4160 invasores.
1594 4105 1655 4161 In
1696 4104 1873 4176 priori

220 4191 467 4265 epistola
511 4191 858 4247 adhortatur
884 4191 1231 4264 Aquitania),
1266 4194 1615 4266 Burgundiee
1642 4209 1708 4249 ac
1740 4194 1872 4249 Pro-

218 4282 418 4337 vinciis
440 4280 765 4354 episcopos,
789 4280 1005 4353 quibus
1037 4281 1164 4353 ipsa
1194 4282 1478 4355 inscripta
1506 4287 1613 4351 est,
1649 4287 1713 4338 ut
1733 4282 1873 4338 viri-

222 4369 352 4427 liter
382 4374 559 4443 agant
587 4370 646 4424 in
677 4370 895 4425 tuendo
915 4368 1283 4426 Cluniacensi
1317 4371 1690 4439 monasterio,
1715 4372 1870 4443 quod

225 4475 259 4513 a
286 4458 578 4514 Willelmo
611 4457 978 4514 nobilissimo
999 4458 1427 4530 Aquitanorum
1450 4459 1712 4531 principe
1734 4476 1873 4515 con-

1986 3300 2177 3368 bullae,
2210 3301 2269 3356 in
2298 3301 2516 3373 quibus
2548 3299 2797 3355 Romani
2830 3299 3133 3372 pontifices
3164 3299 3641 3356 Cluniacensium

1985 3404 2188 3447 curam
2221 3407 2283 3447 se
2315 3388 2647 3462 suscepisse
2678 3392 2989 3457 testantur,
3031 3390 3102 3444 ad
3154 3388 3211 3444 id
3265 3388 3639 3462 potissimum

1984 3478 2403 3551 imperatorum
2432 3483 2533 3533 aut
2565 3494 2771 3549 regum
2801 3478 3131 3533 interventu
3166 3477 3435 3550 permoti.
3470 3475 3637 3533 Certe

1985 3570 2119 3624 Otto
2138 3568 2366 3635 tertius,
2390 3564 2506 3639 quo
2530 3567 2853 3639 imperante
2874 3565 3039 3623 Odilo
3064 3566 3119 3621 in
3145 3566 3485 3622 monasterii
3503 3565 3606 3621 Clu

1987 3657 2277 3714 niacensis
2315 3657 2573 3730 regimen
2607 3660 2953 3728 assumptus
2983 3660 3093 3722 est,
3128 3654 3493 3711 conﬁrmavit
3524 3654 3639 3727 ipsi

1988 3746 2407 3804 monasterium
2440 3745 2627 3801 sancti
2658 3744 2846 3801 Maioli
2875 3745 3028 3818 apud
3063 3744 3324 3816 Papiam,
3359 3748 3424 3800 ut
3451 3760 3520 3799 ex
3549 3744 3638 3798 di-

1986 3832 2243 3906 plomate
2272 3850 2340 3890 ea
2362 3833 2433 3887 de
2456 3850 2517 3888 re
2538 3832 2800 3888 confecto
2822 3832 3159 3905 patet,quod
3194 3848 3261 3886 ex
3284 3831 3641 3888 Bibliotheca
3730 3908 3737 3913 δ

1984 3923 2350 3979 Cluniacensi
2364 3923 2491 3994 jam
2511 3938 2692 3993 supra
2712 3920 3102 3977 laudavimus.
3127 3921 3247 3976 Prae
3270 3920 3493 3976 caeteris
3511 3937 3642 3975 vero

1985 4011 2287 4069 Odilonem
2320 4010 2501 4066 coluit
2528 4008 2808 4066 Adhelais
2834 4011 3117 4081 Augusta,
3147 4008 3376 4064 Ottonis
3400 4009 3421 4063 l
3455 4008 3638 4081 impe-

1986 4102 2196 4157 ratoris
2235 4118 2398 4167 uxor,
2429 4099 2601 4171 cujus
2623 4098 2817 4154 Vitam
2842 4097 2967 4170 ipse
2997 4098 3086 4153 vir
3109 4101 3348 4152 sanctus
3379 4096 3641 4151 conscri-

1984 4191 2119 4264 psit.
2156 4188 2403 4245 Unicum
2435 4188 2631 4244 locum
2656 4188 2912 4260 proferre
2938 4186 3215 4254 sufﬁciet,
3240 4201 3307 4240 ex
3339 4201 3455 4256 quo
3478 4188 3640 4256 pate-

1984 4279 2071 4333 bit
2100 4282 2320 4350 quanta
2348 4282 2405 4332 et
2436 4293 2612 4349 quam
2647 4277 2878 4332 sincera
2920 4274 3098 4330 fuerit
3126 4274 3306 4329 beata;
3340 4272 3521 4343 hujus
3552 4273 3637 4328 fe-

1984 4368 2155 4422 minae
2186 4383 2322 4439 erga
2350 4370 2615 4421 sanctum
2650 4366 2922 4421 abbatem
2951 4363 3264 4419 veneratio.
3296 4362 3385 4417 Sic
3416 4362 3637 4435 quippe

1982 4473 2052 4513 ea
2065 4457 2135 4511 de
2150 4472 2209 4512 re
2237 4454 2637 4528 loquituripse
2650 4452 2917 4521 0dilo,de
2939 4468 3021 4519 se,
3038 4450 3361 4507 tacitolicet
3376 4450 3639 4516 nomine,

226 4551 616 4637 structum,iet
646 4547 719 4602 ab
750 4562 838 4613 eo,
868 4546 1165 4637 simulque
1186 4546 1565 4605 laudantibus
1593 4554 1649 4604 et
1669 4565 1873 4622 appro-
1902 4570 1951 4637 Β
1983 4546 2067 4602 sic
2095 4545 2340 4637 loquens
2367 4560 2379 4600 :
2418 4548 2551 4601 Erat
2592 4542 2811 4615 quidem
2862 4543 2943 4597 ibi
2972 4543 3028 4637 in
3082 4541 3383 4637 praesentia
3439 4539 3636 4623 ipsius,

227 4636 499 4692 bantibus
530 4636 930 4692 Romanorum
953 4634 1327 4708 imperatore,
1352 4653 1416 4693 ac
1437 4638 1793 4693 Francorum
1818 4640 1876 4693 et
1902 4629 1944 4637 ’⁷
1983 4634 2158 4708 paulo
2190 4634 2410 4691 scilicet
2435 4636 2608 4689 antea
2637 4648 2816 4704 quam
2846 4635 3001 4687 esset
3029 4647 3060 4686 e
3089 4630 3208 4685 vita
3239 4629 3489 4697 exitura,
3520 4644 3640 4682 mo-

220 4724 709 4800 Burgundionum
730 4724 990 4797 regibus,
1006 4726 1115 4780 sub
1131 4725 1372 4798 speciali
1391 4726 1663 4781 Romanis
1685 4726 1874 4782 Eccle-

198 4814 314 4869 sia:
346 4813 532 4869 tutela
563 4812 820 4885 positum
846 4813 1054 4869 fuerat.
1084 4814 1164 4869 Ex
1196 4815 1398 4871 eadem
1430 4814 1674 4886 epistola
1702 4814 1869 4870 colli—

184 4905 416 4971 g‘imus
449 4902 770 4958 Robertum
801 4902 1160 4958 Francorum
1193 4919 1388 4976 regem
1418 4903 1708 4975 ejusmodi
1743 4920 1874 4959 mo-

204 5004 249 5043 n
266 4991 541 5048 achorum
562 4989 1035 5047 Cluniacensium
1050 4991 1382 5048 vexationes
1395 5008 1544 5065 aegre
1555 4992 1766 5048 admod
1776 5008 1873 5047 um

228 5079 447 5148 tulisse,
474 5079 767 5153 siquidem
791 5080 1048 5152 pontifex
1070 5083 1318 5137 testatur
1337 5080 1604 5153 querelas
1626 5096 1694 5136 ca
1721 5080 1793 5136 de
1812 5095 1874 5136 re

227 5167 298 5222 ad
319 5185 379 5225 se
394 5168 577 5225 fuisse
599 5167 825 5223 delatas
853 5169 915 5223 in
940 5170 1241 5240 praesentia
1288 5169 1394 5225 Deo
1442 5170 1617 5226 devoti
1661 5158 1907 5225 domini‘

229 5255 431 5315 Rcberti
461 5258 604 5327 regis
630 5259 987 5325 Francorum,
1016 5258 1444 5330 principumque
1487 5258 1605 5330 ejus
1633 5263 1685 5315 et
1732 5260 1871 5331 opti-

224 5349 446 5413 matum,
478 5348 576 5419 qui
604 5363 731 5402 cum
756 5362 818 5402 eo
862 5351 1128 5403 venerunt
1154 5346 1225 5402 ad
1255 5348 1454 5403 limina
1482 5348 1868 5419 apostolorum.

221 5428 402 5492 Altera
414 5434 717 5491 Benedicti
731 5451 892 5507 papae
908 5434 1156 5507 epistola
1172 5435 1454 5509 inscripta
1467 5440 1557 5493 est
1575 5436 1871 5509 Stephano

222 5520 564 5581 Arvernensi
597 5523 894 5597 episcopo,
945 5523 1040 5579 cui
1074 5525 1317 5581 mandat
1347 5529 1412 5581 ut
1440 5524 1757 5582 nonnullos
1804 5543 1874 5583 ex

220 5612 512 5677 recensitis
531 5611 595 5673 in
611 5612 902 5690 superiori
919 5612 1721 5694 epistolainvasoribus,quos
1737 5632 1871 5694 pro-

1977 4724 2207 4790 nachus,
2240 4725 2355 4794 qui,
2389 4723 2515 4777 licet
2540 4730 2676 4777 esset
2706 4720 2969 4790 indignus
2996 4720 3164 4776 abbas
3194 4719 3447 4785 vocitari,
3470 4718 3538 4771 ab
3567 4732 3637 4770 ea

1985 4819 2167 4871 tamen
2210 4811 2509 4885 putabatur
2558 4810 2796 4881 alicujus
2823 4826 2935 4865 esse
2966 4809 3270 4864 momenti:
3314 4822 3474 4877 quem
3516 4820 3640 4859 cum

1984 4903 2086 4959 illa
2115 4902 2422 4973 respiceret,
2446 4908 2499 4956 et
2527 4900 2642 4971 ipse
2661 4914 2783 4955 eam
2801 4906 2935 4953 esset
2958 4898 3211 4964 intuitus,
3238 4896 3396 4966 erepit
3416 4900 3640 4965 uterque

1982 4994 2115 5062 ﬂere
2142 4990 2385 5046 uberius.
2407 4990 2607 5044 Dicam
2623 5003 2744 5043 eam
2753 4987 2881 5058 plus
2907 4987 3119 5058 fecisse,
3140 5000 3307 5056 quam
3336 4985 3385 5038 si
3403 4982 3639 5038 dicerem

1982 5097 2105 5136 eam
2132 5079 2332 5134 multos
2363 5078 2613 5149 inﬁrmos
2658 5091 2899 5131 sanasse.
2940 5075 3145 5130 Vestem
3189 5073 3339 5129 enim
3380 5073 3515 5126 satis
3544 5072 3639 5125 in-

1981 5170 2207 5232 cultam,
2241 5184 2351 5240 qua
2399 5174 2516 5223 erat
2547 5164 2795 5232 indutus,
2830 5163 3116 5220 humiliter
3158 5160 3535 5235 apprehendit,
3585 5168 3639 5216 et

1979 5257 2339 5315 sanctissimis
2385 5255 2580 5321 oculis,
2612 5261 2665 5310 et
2691 5254 3054 5310 serenissima:
3093 5266 3213 5309 suae
3257 5251 3425 5323 faciei
3485 5264 3636 5304 oscu-

1984 5348 2145 5406 lando
2178 5348 2474 5420 impressit,
2506 5346 2664 5417 eique
2684 5343 2973 5399 humiliter
2996 5353 3047 5400 et
3075 5359 3200 5399 cum
3223 5343 3445 5399 silentio
3460 5340 3638 5396 dixit:
3711 5409 3716 5414 .

1984 5462 2012 5489 ‹‹
2045 5438 2300 5495 Memento
2358 5436 2483 5503 mei,
2514 5434 2619 5505 ﬁli,
2667 5433 3239 5506 in_contemplativis,
3283 5439 3335 5487 et
3383 5431 3525 5486 scias
3553 5443 3639 5484 me

1980 5544 2090 5584 non
2147 5528 2388 5599 amplius
2444 5532 2492 5581 te
2528 5525 2773 5579 visuram
2826 5523 3199 5596 corporalibus
3256 5521 3448 5576 oculis.
3501 5518 3636 5573 Cum

1980 5619 2131 5679 enim
2157 5615 2415 5675 humanis
2452 5614 2613 5675 rebus
2661 5626 2956 5685 excessero,
3006 5610 3346 5672 orationibus
3392 5609 3633 5688 fratrum
