4020 6180
393 349 403 363 -
435 315 548 378 871

1359 313 1422 376 S.
1467 313 1829 378 ODILONIS
1874 309 2814 378 CLUNIACENSIS-ABBATIS
2857 312 2934 376 V.

3674 315 3772 382 an

437 451 684 505 animam
715 464 891 504 meam
919 433 1266 504 committoﬂi
1298 447 1428 504 Inde
1445 463 1543 520 per
1567 449 1673 504 iter
1701 463 1805 518 quo
1835 450 2077 514 venerat,
2111 453 2156 514 Α
2195 461 2484 500 ccssorem
2519 447 2674 514 data,
2707 447 2806 502 ubi
2840 446 2924 502 sic
2951 444 3248 520 loquitur:
3279 445 3478 503 Scimus
3507 448 3686 520 itaque,
3721 467 3780 507 ex

436 541 686 612 pervenit
713 538 784 593 ad
813 539 990 594 locum
1015 537 1132 606 ubi,
1165 537 1452 593 ordinante
1481 538 1607 608 Deo,
1649 536 1955 592 decreverat
1980 535 2090 590 sibi

434 629 632 702 parari
659 627 988 699 sepulcrum.
1037 625 1231 683 Ottoni
1264 626 1600 700 imperatori
1631 625 1916 684 successit
1945 641 2084 680 san-

439 722 570 775 ctus
599 717 903 786 Henricus,
937 714 1581 784 monachorumdutor,
1615 715 1714 788 qui
1745 731 1920 771 suum
1950 728 2089 786 erga

436 805 778 863 Cluniacum
825 806 1100 862 aﬂ‘cctum
1147 805 1321 862 donis
1368 804 1696 879 magniﬁcis
1745 803 2086 875 comproba-

433 895 533 951 vit.
569 895 724 952 Inter
773 912 840 951 ca
891 899 1076 962 erant,
1114 900 1177 950 ut
1221 895 1398 951 refert
1440 895 1764 950 Ademarus
1813 892 1872 947 in
1902 891 2087 948 Chro-

435 984 566 1040 nico
594 988 866 1056 sceptrum
913 1001 1164 1050 aure-um,
1209 985 1431 1056 sphwra
1477 999 1666 1048 aurea,
1706 982 2087 1037 vestimentum

431 1075 718 1147 imperiale
759 1091 1010 1141 aureum,
1060 1090 1259 1131 corona
1290 1089 1484 1137 aurea,
1535 1073 1830 1144 cruci/itus
1859 1084 2080 1134 aureus,

429 1165 720 1235 peusantia
749 1163 919 1218 simul
951 1163 1122 1219 libras
1150 1169 1387 1230 centum,
1417 1170 1470 1218 et
1499 1162 1616 1217 alia
1643 1161 1836 1215 multa.
1865 1158 1974 1214 Sed
2000 1161 2079 1225 et,

435 1253 518 1309 uti
541 1251 914 1325 prosequitur
943 1250 1218 1308 laudatus
1245 1257 1464 1319 auctor,
1491 1267 1617 1306 cum
1639 1249 1864 1306 Oilitone
1891 1247 2083 1303 abbate

430 1341 668 1416 ejusdem
697 1341 802 1398 loci
829 1341 1075 1398 crebrius
1097 1341 1435 1414 colloquium
1463 1340 1747 1412 familiare
1775 1339 2076 1405 exercebat,

429 1441 483 1488 et
509 1435 571 1488 in
600 1432 732 1486 aula
757 1431 955 1503 palatii
983 1432 1075 1486 sui
1100 1447 1222 1486 cum
1242 1430 1578 1502 primoribus
1596 1427 1840 1483 ducebat.
1866 1425 2078 1480 Eadem

431 1519 640 1592 repetit
667 1523 871 1576 auctor
901 1518 1171 1574 Chronici
1202 1518 1386 1574 sancti
1413 1517 1686 1574 Maxentii
1719 1532 1822 1572 seu
1843 1513 2076 1570 Malles-

430 1625 648 1668 ΘΟΕ-318.

499 1698 588 1755 98.
623 1695 952 1770 Diplomata
980 1697 1142 1754 varia
1169 1696 1431 1770 Hugonis
1451 1697 1802 1752 Francorum
1825 1691 1998 1766 regis,
2022 1695 2080 1749 et

429 1787 808 1888 RobertiOejus
831 1785 934 1842 ﬁlii
955 1790 1013 1890 et
1032 1787 1408 1854 successoris,
1421 1785 1585 1890 nitro
1609 1783 1858 1886 probant
1880 1799 1996 1882 qua
2016 1781 2076 1890 in
2107 1825 2153 1890 Β

427 1876 798 1934 veneratione
840 1877 995 1949 apud
1027 1893 1126 1932 eos
1175 1879 1374 1932 essent
1419 1873 1680 1932 0dilonis
1711 1873 1994 1930 sanctitas
2020 1875 2078 1927 et

427 1981 658 2021 morum
691 1965 1043 2021 innocentia.
1079 1965 1228 2020 Eum
1256 1980 1394 2020 cum
1427 1963 1558 2021 aliis
1589 1962 1750 2036 regni
1783 1960 2075 2035 episcopis

423 2057 482 2108 et
511 2052 848 2126 proceribus
890 2053 1097 2108 adesse
1145 2051 1329 2108 voluit
1375 2052 1664 2108 Robertus
1703 2047 2074 2106 translationi

424 2141 684 2214 corporis
711 2142 898 2198 sancti
927 2141 1137 2198 Aniani
1161 2142 1315 2216 apud
1341 2139 1706 2210 Aurelianos,
1733 2155 1910 2212 quam
1931 2137 2072 2210 piis-

424 2232 614 2288 simus
647 2230 914 2304 princeps
941 2229 1382 2286 celeberrimam
1428 2247 1556 2286 esse
1602 2228 1851 2284 volebat.
1887 2251 1914 2278 α
1945 2227 2070 2282 Non

421 2320 607 2376 defuit
635 2321 834 2386 etiam,
858 2341 886 2369 ››
910 2318 1103 2391 inquit
1132 2319 1448 2388 lIelgadus,
1485 2341 1512 2368 «
1539 2316 1850 2391 praesentia
1870 2316 2072 2372 domui

421 2415 480 2466 et
519 2408 868 2466 venerabilis
897 2407 1162 2464 0dilonis
1207 2406 1679 2462 Cluniacensium
1729 2405 1978 2472 abbatis,
2013 2409 2074 2460 et

421 2499 670 2556 aliorum
700 2498 988 2554 bonorum
1020 2497 1275 2553 virorum
1300 2513 1412 2552 non
1447 2495 1676 2552 minimi
1700 2493 1914 2562 meriti,
1934 2510 2069 2549 cum

421 2588 638 2661 quibus
677 2603 908 2658 semper
936 2585 1308 2642 desiderabat
1339 2585 1663 2657 colloqui.»
1693 2582 1904 2648 Quanti
1935 2599 2068 2638 vero

420 2675 683 2734 0dilonis
705 2675 1072 2732 sanctitatem
1089 2679 1458 2731 veneraretur
1477 2674 1785 2740 Robertus,
1805 2689 1874 2728 ex
1893 2671 2070 2728 Chro-

325 2777 361 2810 ἰ
420 2765 551 2823 nico
583 2764 918 2822 Divionensi
957 2763 1280 2837 intelligere
1313 2779 1650 2836 possumus,
1677 2761 1774 2818 ubi
1815 2759 2068 2834 legimus

419 2854 576 2927 quod
591 2871 724 2908 cum
749 2852 1074 2910 Willelmus
1092 2851 1277 2908 sancti
1293 2851 1535 2925 Benigni
1551 2851 1733 2906 abbas
1747 2849 2068 2922 accepisset

419 2944 733 3000 Bobertum
748 2959 940 3015 regem
957 2939 1356 3014 inBurgundia
1367 2939 1566 2996 omnia
1577 2937 2068 2996 devastantemDi-

419 3033 646 3089 vionem
662 3029 932 3086 accedere
947 3027 1111 3098 velle,
1136 3053 1162 3079 ‹‹
1171 3030 1446 3102 praefatus
1460 3029 1642 3084 abbas
1651 3025 2006 3094 Willelmus,
2035 3047 2064 3076 »

419 3123 500 3180 ait
518 3117 1032 3193 Chronographus,
1057 3117 1418 3174 «monachos
1445 3135 1546 3190 per
1575 3117 1688 3172 alia
1709 3115 2065 3172 monasteria

2199 533 2576 592 indissolubili
2609 537 3002 607 familiaritate
3031 544 3082 592 et
3127 537 3370 593 societate
3397 551 3496 608 qua
3519 537 3640 592 olim
3659 541 3786 610 patri

2193 630 2368 681 vestro
2411 626 2714 697 probamur
2748 627 3010 698 copulati,
3043 626 3124 682 ita
3152 626 3210 680 in
3254 633 3424 682 vestra
3457 625 3688 698 ﬁdelitate
3707 625 3782 684 de-

2195 714 2324 781 voti,
2357 717 2466 770 etc.
2498 715 2639 786 Ejus
2670 713 2948 788 implorat
2977 731 3148 788 opem
3187 718 3440 788 tempore
3469 715 3644 784 famis,
3680 727 3783 790 qua

2186 801 2314 872 jam
2346 819 2381 858 a
2409 802 2644 859 biennio
2675 803 2735 860 in
2765 803 2967 860 Galliis
3004 803 3342 860 invaluerat.

2268 891 2389 946 100.
2423 891 2650 956 Quanta
2680 897 2876 950 autem
2899 891 3141 966 polleret
3169 892 3320 965 apud
3345 891 3620 966 principes
3641 892 3786 950 simul

2193 981 2250 1034 et
2264 979 2514 1053 populos
2535 981 2620 1038 eis
2641 981 2936 1054 subjectos
2959 981 3303 1038 auctoritate
3323 981 3544 1056 probari
3559 987 3787 1055 potestea

2193 1068 2418 1125 famoso
2445 1070 2544 1126 illo
2575 1070 2788 1126 foedere
2820 1069 3076 1143 publico,
3117 1069 3272 1144 quod
3303 1069 3471 1144 vulgo
3505 1071 3786 1128 Troum-Dei

2192 1157 2541 1230 appellatur,
2593 1159 2664 1214 ab
2713 1159 2840 1232 ipso
2889 1157 3132 1219 0dilone
3161 1157 3512 1232 ceterisque,
3545 1163 3603 1214 ut
3645 1160 3788 1218 refert

2191 1247 2357 1321 Hugo
2392 1247 2841 1305 Flaviniaccnsis
2889 1249 2948 1304 in
2997 1247 3281 1304 Chronico
3310 1247 3382 1303 ad
3421 1265 3626 1304 annum
3656 1248 3785 1314 10H,

2189 1336 2328 1392 viris
2373 1337 2487 1410 piis
2539 1337 2746 1394 divinis
2792 1338 3220 1395 revelationibus
3277 1339 3596 1394 institutum.
3647 1337 3785 1394 Aliud

2189 1423 2520 1498 exemplum
2570 1426 2934 1484 auctoritatis
2964 1427 3094 1499 ejus
3124 1427 3184 1482 in
3217 1425 3462 1499 populos
3503 1426 3788 1500 suppeditat

2187 1514 2514 1571 Ademarus
2543 1515 2604 1570 in
2625 1515 2931 1584 Chronico,
2957 1515 3058 1572 ubi
3077 1516 3253 1573 refert
3271 1515 3426 1572 cives
3446 1515 3788 1572 Bituricenses

2187 1603 2447 1675 Goslino,
2499 1605 2599 1678 qui
2628 1623 2698 1660 ex
2743 1605 3030 1662 monacho
3071 1605 3259 1662 sancti
3313 1603 3596 1662 Benedicti
3633 1604 3786 1660 factas

2186 1693 2376 1750 fuerat
2406 1711 2440 1749 a
2471 1695 2720 1752 Roberto
2764 1711 2898 1768 rege
2928 1693 3407 1768 archiepiscopus
3435 1693 3784 1763 Bituriccnsis,

2186 1799 2289 1855 per
2310 1783 2784 1857 quinquennium
2805 1783 3115 1853 restitisse,
3139 1783 3296 1858 quod
3319 1781 3606 1851 Goslinus,
3626 1781 3718 1838 etsi
3733 1799 3788 1838 ex

2183 1871 2366 1946 stirpe
2397 1873 2576 1947 regia,
2611 1891 2680 1930 ex
2721 1877 2914 1930 scorto
2946 1877 3143 1930 tamen
3191 1876 3370 1930 natus
3417 1871 3646 1930 fuisset:
3688 1863 3785 1938 sed,

2181 1971 2450 2033 sequestro
2481 1962 2700 2019 tandem
2723 1963 2974 2031 Oditone,
3021 1961 3215 2035 inquit
3262 1960 3365 2020 ille
3409 1965 3618 2031 auctor,
3663 1960 3786 2034 regis

2181 2049 2456 2108 voluntas
2476 2049 2798 2125 praevaluit.
2821 2043 3084 2108 0dilonis
3103 2055 3304 2108 tamen
3322 2049 3702 2108 auctoritatem
3719 2065 3790 2107 ex-

2182 2156 2346 2196 osam
2379 2139 2644 2196 nonnulli
2675 2140 2949 2197 habuere.
2983 2139 3144 2197 Talis
3168 2140 3280 2196 fuit
3302 2140 3578 2197 Adalbero
3599 2139 3789 2195 Lauda-

2181 2229 2834 2302 nensisepiscopus,qui
2846 2229 2904 2284 in
2919 2229 3178 2286 carmine
3189 2231 3260 2286 ad
3276 2229 3594 2286 Robertum
3606 2243 3786 2302 regem,

2181 2318 2338 2389 quod
2369 2317 2636 2375 Valesius
2665 2319 2867 2388 edidit,
2891 2317 3196 2376 0dilonem
3219 2336 3408 2390 regem
3431 2337 3530 2392 per
3546 2317 3788 2374 deridicu-

2180 2404 2302 2462 lum
2327 2413 2648 2481 nuncupat.

2250 2495 2373 2552 lOl.
2405 2498 2477 2553 At
2507 2513 2678 2553 nemo
2709 2496 3004 2554 existimet
3033 2496 3376 2570 principum
3424 2496 3655 2571 gratiam
3682 2493 3785 2550 Odi-

2176 2583 2369 2641 lonem
2419 2585 2856 2642 adulationibus
2908 2590 3012 2642 aut
3059 2585 3220 2642 molli
3273 2587 3677 2652 assentatione,
3715 2581 3784 2639 vel

2176 2673 2352 2730 etiam
2385 2676 2540 2747 apud
2573 2675 2870 2748 simplices
2901 2677 3053 2731 fastu
3090 2675 3201 2732 sibi
3235 2675 3597 2742 conciliasse,
3627 2689 3738 2728 cum
3761 2688 3785 2727 e

2176 2763 2466 2821 contrario
2515 2764 2832 2820 maximam
2875 2763 3026 2820 hanc
3077 2764 3490 2822 auctoritatem
3521 2761 3784 2820 sanctitate

2177 2869 2409 2909 morum
2425 2857 2482 2909 et
2497 2853 2634 2910 boni
2657 2853 2852 2910 studio
2874 2853 3273 2926 promovendi,
3307 2853 3484 2910 etiam
3509 2849 3781 2924 aliquando

2175 2941 2562 2998 severioribus
2591 2943 2808 3009 verbis,
2851 2942 3084 3000 acribus
3133 2941 3691 3015 reprehensionibus,
3731 2953 3782 2994 ac

2174 3029 2352 3085 minis
2374 3031 2444 3086 de
2461 3030 2654 3086 divino
2667 3031 2891 3102 judicio
2915 3029 3364 3088 intentatis‘sibi
3387 3027 3778 3102 comparaverit.

2173 3119 2449 3174 Testatur
2494 3119 2624 3176 Otto
2673 3119 3011 3176 Willelmus
3036 3119 3155 3175 dux
3199 3119 3693 3193 Burgundionum,
3713 3115 3782 3172 vir

409 3210 592 3282 jussit
621 3210 1006 3278 secedere....,
1037 3207 1240 3279 paucis
1261 3209 1334 3264 ob
1365 3205 1696 3264 custodiam
1717 3205 1828 3262 loci
1849 3209 1907 3260 et
1927 3221 2062 3260 san-
2093 3195 2134 3260 C
2174 3207 2420 3264 istorum
2451 3212 2784 3282 temporum
2810 3208 3278 3282 potentissimus,
3323 3211 3383 3265 in
3415 3209 3607 3265 charta
3626 3207 3732 3279 jam
3755 3220 3782 3259 a

415 3299 492 3355 eti
517 3298 756 3372 Benigni
790 3297 1094 3354 servitium
1111 3313 1247 3352 cum
1269 3297 1486 3352 domno
1512 3295 1721 3351 abbate
1737 3293 1980 3351 0dilone
2003 3293 2063 3350 in

415 3389 526 3445 hoc
553 3387 677 3443 loco
724 3384 1019 3442 dimissis:
1054 3402 1231 3457 quem
1274 3385 1346 3440 ad
1377 3384 1486 3440 hoc
1518 3387 1857 3452 accerseret,
1891 3388 1977 3452 ut,
2012 3383 2062 3439 si

415 3479 564 3534 forte
594 3492 694 3532 rex
715 3474 937 3548 aliquid
962 3473 1101 3530 mali
1123 3478 1324 3530 contra
1347 3473 1504 3530 hunc
1519 3473 1714 3530 locum
1736 3472 2061 3540 moliretur,

413 3565 573 3622 illius
594 3564 866 3638 precibus
896 3567 1166 3619 exoratus
1192 3562 1530 3619 dimitteret.
1551 3585 1580 3612 »
1605 3561 1673 3616 Et
1700 3577 1762 3617 re
1793 3561 1921 3633 ipsa
1950 3561 2060 3618 Ro-

415 3655 616 3710 bertus
647 3651 790 3708 nihil
824 3651 962 3708 mali
997 3650 1349 3708 monasterio
1373 3650 1586 3706 intulit.
1612 3650 1900 3707 Robertus
1916 3649 2060 3706 Bur-

413 3743 780 3816 gundionum
811 3741 952 3808 dux,
983 3741 1218 3813 ejudem
1247 3739 1482 3796 Boberti
1523 3738 1675 3812 regis
1705 3738 1884 3806 filius,
1918 3757 2062 3795 san-

413 3836 574 3888 ctum
603 3829 908 3888 0dilonem
961 3846 1074 3886 sum
1125 3831 1323 3886 salutis
1351 3837 1404 3885 et
1431 3829 1652 3886 honoris
1707 3827 1957 3885 devotum
2008 3836 2062 3884 et

410 3921 628 3992 ﬁdelem
657 3922 899 3976 amicum
940 3919 1212 3993 appellat.
1244 3918 1582 3976 Willelmus
1628 3919 2056 3992 Aquitanorum

411 4011 529 4068 dux
558 4011 640 4066 ita
670 4026 806 4066 eum
835 4009 1244 4079 venerabatur,
1279 4013 1362 4078 ut,
1395 4011 1542 4065 teste
1571 4009 1878 4080 Ademaro,
1906 4026 1967 4065 se
1995 4008 2055 4064 in

405 4115 466 4156 eo
493 4099 738 4172 Spiritus
762 4100 942 4155 sancti
969 4099 1233 4171 templum
1261 4099 1622 4171 contemplari
1649 4101 1854 4170 putare
1901 4097 2056 4154 dice-

407 4192 512 4257 ret,
541 4204 704 4260 seque
730 4189 786 4244 ei
813 4190 875 4244 in
901 4187 1154 4244 manibus
1193 4187 1628 4243 commendatum
1666 4187 1919 4258 traderet,
1961 4187 2055 4243 cui

405 4277 560 4343 ideo,
591 4282 658 4333 ut
685 4293 866 4350 supra
895 4276 1354 4346 observavimus,
1388 4275 1616 4349 aliquot
1666 4276 1906 4333 ditionis
1933 4293 2054 4333 suis

405 4365 763 4422 monasteria
792 4363 1060 4436 subjecit.

472 4455 564 4510 99.
597 4453 885 4511 Rodull'us
915 4453 1327 4525 Transjuranae
1359 4454 1711 4528 Burgundiae
1733 4471 1848 4524 rex,
1871 4454 2054 4526 hujus

404 4543 660 4600 nominis
689 4543 919 4608 tertius,
953 4543 1008 4598 in
1057 4543 1186 4616 ipso
1223 4544 1384 4616 regni
1434 4543 1526 4600 sui
1578 4543 1744 4600 initio
1787 4543 2050 4600 chartam
2081 4569 2128 4634 Β

403 4633 610 4700 edidit,
645 4631 1034 4704 quadeclarat
1050 4649 1112 4688 se
1129 4632 1469 4688 monasterii
1485 4631 1887 4690 Cluniacensis
1908 4633 2052 4690 velle

403 4736 532 4780 esse
562 4725 795 4778 tutorem
813 4721 1253 4789 invictissimum,
1279 4737 1600 4794 omnesque
1621 4721 1783 4794 regni
1807 4721 1898 4779 sui
1919 4740 2052 4796 pro-

403 4829 564 4869 ceres
609 4828 675 4868 ac
709 4809 944 4884 judices
976 4813 1342 4866 contestatur
1372 4815 1436 4866 ut
1464 4810 1618 4866 idem
1673 4810 1784 4883 ipsi
1817 4812 2048 4868 faciant.

403 4901 660 4958 [labetur
680 4901 789 4958 hoc
801 4899 1060 4974 diploma
1080 4898 1138 4955 in
1170 4897 1524 4956 Bibliotheca
1544 4900 1885 4968 Sebusiana,
1917 4918 2051 4958 cen-

403 4991 558 5046 turia
579 5007 618 5058 ι,
643 5007 770 5062 cap.
800 4989 1073 5046 55.Plura
1103 4989 1175 5046 de
1203 4988 1312 5045 hoc
1336 4987 1598 5062 principe
1619 5005 1929 5063 congerere
1950 5008 2049 5048 su-

403 5079 695 5150 perﬂuum
725 5082 899 5147 esset,
940 5095 1077 5136 cum
1108 5078 1297 5135 varias
1323 5077 1511 5151 ipsius
1541 5078 1776 5136 chartas
1825 5080 2049 5153 passim

403 5183 583 5238 supra
611 5165 1062 5224 laudaverimus.
1097 5167 1263 5224 Haud
1287 5166 1479 5224 minor
1496 5173 1622 5225 erat
1641 5169 1795 5242 apud
1818 5175 2045 5226 exteras

401 5257 604 5327 gentes
626 5253 890 5311 0dilonis
913 5254 1068 5310 fama
1088 5271 1266 5327 quam
1281 5255 1432 5327 apud
1447 5253 1664 5311 Gallos.
1682 5255 1826 5311 Eum
1840 5255 2048 5312 Sancio

399 5343 461 5398 in
490 5341 772 5415 Hispania
799 5343 920 5416 regi
953 5343 1199 5414 ejusque
1229 5342 1349 5400 filio
1383 5343 1684 5401 Ranimiro
1711 5345 2046 5418 acceptissi-

401 5447 566 5488 mum
587 5431 771 5488 fuisse
791 5431 986 5505 colligi
1020 5435 1213 5504 potest
1231 5448 1299 5492 ex
1318 5433 1504 5506 ipsius
1521 5434 1782 5492 0dilonis
1804 5435 2050 5508 epistola

398 5521 470 5578 ad
503 5521 841 5591 Paternum,
874 5537 1053 5595 quam
1079 5535 1258 5594 supra
1282 5519 1668 5582 laudavimus.
1696 5525 1864 5582 ‘Idem
1887 5529 2050 5599 patet

398 5628 468 5672 ex
497 5609 683 5673 altera
711 5610 980 5690 epistola,
1013 5611 1086 5668 ad
1117 5611 1385 5669 Garciam
1413 5611 1607 5671 Sancti
1629 5613 1816 5674 filium
1837 5621 1896 5676 et
1914 5633 2046 5675 suc-

2173 3297 2344 3353 nobis
2373 3297 2643 3370 superius
2673 3297 2931 3368 laudata,
2967 3313 3029 3354 se
3053 3297 3277 3355 diutius
3306 3297 3476 3355 surda
3501 3312 3626 3353 aure
3639 3292 3783 3351 sancti

2171 3387 2359 3442 Maioli
2411 3395 2466 3443 et
2529 3387 2718 3444 ἀυτηηί
2780 3387 3034 3444 0dilonis
3090 3387 3365 3444 clamores
3437 3384 3780 3460 praeterierat.

2171 3473 2372 3548 eisque
2400 3477 2639 3532 tandem
2661 3493 2883 3540 morem
2907 3475 3184 3550 gessisse.
3209 3476 3430 3533 Narrat
3447 3491 3661 3549 quoque
3679 3469 3783 3528 Gla-

2171 3563 2273 3620 ber
2305 3564 2609 3634 Rodulfus,
2641 3565 2906 3622 Historia:
2925 3582 3043 3622 suis
3065 3564 3213 3622 libro
3239 3583 3311 3635 ιι,
3343 3583 3472 3640 cap.
3503 3567 3556 3633 8,
3587 3565 3780 3620 beatum

2170 3652 2473 3710 0dilonem
2500 3654 2748 3711 Ruberto
2771 3655 2890 3728 regi
2914 3671 3048 3711 cum
3063 3654 3327 3712 exercitu
3349 3673 3459 3712 suo
3479 3653 3548 3710 ad
3566 3650 3779 3709 obsidio-

2171 3759 2304 3797 nem
2336 3742 2510 3799 castri
2569 3743 2756 3800 sancti
2808 3743 3084 3800 Germani
3117 3760 3304 3816 prope
3353 3741 3780 3800 Antissiodorum

2170 3832 2373 3888 urbem
2407 3831 2740 3904 properanti
2769 3831 3133 3902 occurrisse;
3167 3833 3268 3888 sed
3325 3849 3482 3901 cum,
3533 3830 3610 3887 uti
3655 3828 3779 3884 idem

2167 3924 2369 3976 auctor
2382 3921 2776 3994 prosequitur,
2792 3923 2987 3994 regem.
3007 3923 3253 3994 ejusque
3269 3923 3558 3994 primates
3576 3918 3656 3975 vir
3672 3932 3779 3973 san-

2167 4012 2296 4066 ctus
2325 4009 2741 4083 redarguisset,
2766 4011 2922 4082 quod
2945 4011 3224 4067 adversus
3243 4015 3481 4067 tantum
3504 4009 3598 4066 Dei
3617 4002 3774 4080 ponti-

2163 4098 2354 4168 licem,
2386 4103 2655 4156 sanctum
2687 4101 3064 4168 Germanum,
3097 4098 3300 4156 hostili
3335 4117 3514 4156 manu
3547 4098 3774 4166 insurge-

2147 4192 2314 4263 rent,
2347 4188 2579 4261 ipsique
2605 4187 2714 4244 viri
2745 4187 2844 4244 Dei
2877 4189 3104 4245 monita
3129 4189 3637 4262 contempsissent,
3675 4188 3775 4238 sta-

2161 4277 2268 4332 tim
2286 4276 2521 4346 nebula,
2545 4277 2826 4334 divinitus
2839 4282 3056 4349 exorta,
3081 4282 3342 4335 castrum
3366 4273 3776 4335 omninoconte-

2162 4371 2322 4424 ctum
2345 4366 2474 4436 fuit,
2501 4384 2618 4440 qua
2634 4367 2848 4424 muniti
2871 4367 3094 4424 obsessi
3114 4384 3394 4441 magnam
3417 4361 3774 4424 obsidentium

2161 4459 2416 4528 stragem
2463 4455 2666 4513 fecere.
2705 4454 2896 4532 Simili
2945 4457 3061 4512 fere
3109 4455 3416 4526 miraculo,
3461 4449 3770 4514 Willelmus,

2160 4543 2508 4617 cognomine
2525 4543 2950 4613 Bucca-Uncta,
2969 4561 3164 4602 comes
3181 4540 3642 4606 Matisconensis,
3661 4549 3771 4593 cum

2159 4633 2545 4690 exstruxisset
2595 4638 2856 4690 castrum
2905 4637 3107 4691 contra
3158 4633 3525 4697 Cluniacum,
3573 4627 3772 4701 repente

2163 4721 2409 4779 claudus
2431 4723 2618 4780 factus
2639 4727 2750 4790 est,
2771 4728 2830 4780 et
2849 4723 2969 4797 Ugo
2990 4739 3187 4780 comes
3206 4725 3339 4796 ejus
3363 4721 3549 4778 hostis
3567 4720 3772 4790 captum

2161 4811 2336 4884 paulo
2357 4816 2487 4885 post
2511 4816 2769 4868 castrum
2790 4811 2935 4868 illud
2952 4812 3154 4881 diruit,
3179 4817 3245 4868 ut
3265 4813 3468 4868 narrat
3480 4808 3771 4866 Ademarus

2161 4901 2220 4956 in
2251 4901 2534 4958 Chronico
2564 4901 2638 4956 ad
2669 4917 2889 4957 annum
2923 4903 3080 4957 1020.
3120 4899 3573 4974 Ermengardem
3618 4888 3770 4949 comi-

2161 4991 2388 5060 tissam,
2421 5009 2549 5063 qua:
2569 4989 2873 5046 0dilonem
2891 4990 2963 5046 ad
2982 4991 3343 5064 peccandum
3365 4989 3632 5044 incitasse
3647 4976 3767 5036 dici-

2159 5085 2276 5148 tur,
2329 5079 2413 5136 ita
2451 5096 2579 5136 sese
2624 5096 2802 5152 super
2847 5079 3125 5136 carbones
3173 5079 3444 5136 ardentes
3489 5066 3766 5131 volutando

2157 5169 2532 5238 deterruit,ut
2560 5167 2682 5226 hanc
2713 5168 2828 5242 piis
2858 5169 3134 5242 operibus
3164 5169 3236 5226 de
3265 5167 3326 5224 in
3362 5166 3579 5222 intenta
3607 5155 3766 5216 multa

2157 5257 2312 5314 bona
2330 5257 2686 5314 monasterio
2699 5256 3028 5314 contulerit.
3043 5257 3336 5314 Carbones
3351 5253 3438 5311 illi
3453 5253 3616 5310 etiam
3633 5257 3764 5304 nunc

2156 5350 2534 5403 asservantur
2563 5346 2622 5401 in
2671 5345 2926 5402 sacrario
2962 5344 3394 5403 Silviniacensis
3440 5329 3760 5398 monasterii.

2157 5435 2379 5493 Ibidem
2401 5451 2535 5491 vero
2553 5435 2966 5508 Ermengardis
2987 5433 3448 5492 anniversarium
3463 5421 3767 5516 sollemniis?

2157 5524 2570 5584 celebrandum
2630 5507 2989 5582 memoratur
3043 5524 3102 5580 in
3159 5520 3492 5596 Necrologio
3531 5507 3762 5573 Gaufridi

2155 5614 2375 5674 Cholcti
2427 5630 2580 5672 anno
2611 5614 2750 5673 1453
2799 5613 3021 5692 scripti,
3079 5613 3138 5670 in
3175 5629 3285 5690 quo
3315 5611 3440 5668 haec
3483 5603 3760 5683 leguntur:
