4036 6160
133 277 252 365 an

1696 254 2082 319 ELOGIUM.

3486 257 3604 321 814

140 436 167 460 ‹‹
202 426 251 466 xv
283 405 403 464 Kal.
438 404 698 461 ofﬁcium
733 402 836 457 ﬁat
867 397 1115 473 plenum
1153 411 1261 469 pro
1292 392 1551 449 domina
1590 392 1838 447 Ermen-
1869 390 1922 457 Α
1956 392 2131 444 esset.
2167 388 2249 445 Ea
2280 388 2390 444 fuit
2415 405 2662 456 occasm,
2709 389 2768 444 ni
2810 388 2997 457 fallor,
3046 407 3151 445 cur
3194 389 3448 446 Joannes
3486 391 3608 449 XIX

140 500 309 573 garde
333 493 653 561 comitissa,
688 509 817 564 quae
849 490 1075 544 donum
1130 482 1326 540 sancti
1387 480 1663 536 Mauricii
1696 495 1836 534 cum

141 568 493 663 appendiciis
524 580 650 637 suis
683 580 757 636 ad
791 575 1097 635 servitium
1143 577 1199 629 et
1234 568 1837 663 recreationem-fra-

144 655 291 735 trum
319 671 599 729 debilium
631 674 690 725 et
719 668 1091 723 inﬁrmorum
1125 662 1198 718 de
1217 661 1535 715 conventu
1560 655 1835 712 Silvinia—

147 764 295 824 censi
324 779 425 837 per
455 775 700 816 manum
733 754 1057 813 beatissimi
1089 753 1152 806 P.
1186 749 1255 805 N.
1285 745 1579 837 Odilonis
1629 746 1747 837 Deo
1781 747 1841 800 et

150 833 391 913 ecclesiae
449 844 861 905 Silviniacensi
905 839 1161 898 donavit.
1198 838 1359 893 Item
1435 834 1600 890 dedit
1656 833 1839 889 etiam

150 948 375 1020 portum
407 939 477 995 de
501 936 807 993 Firmitate
828 948 1001 1005 super
1020 923 1509 1020 Aligcrim.lten_1
1529 922 1690 978 dedit
1710 938 1839 977 ma-

150 1011 322 1109 gnam
351 1043 583 1086 crucem
618 1022 1029 1080 auream.ltem
1058 1019 1174 1074 duo
1205 1011 1593 1109 candelabra
1625 1027 1840 1109 argen-

151 1097 257 1180 tea.
284 1123 420 1176 Item
452 1117 600 1171 duos
632 1128 862 1187 pannos
905 1109 1285 1182 purpuratos,
1343 1099 1668 1173 multaque
1722 1097 1841 1155 alia

150 1215 305 1269 bona
330 1207 462 1264 huic
495 1200 857 1260 monasterio
890 1197 1023 1254 fecit
1050 1200 1106 1251 et
1137 1191 1304 1249 dedit
1335 1189 1407 1243 in
1437 1189 1611 1244 terris
1632 1192 1687 1244 et
1711 1204 1843 1261 pra-

152 1303 250 1357 tis.

148 1408 272 1464 \‘ll.
317 1401 636 1461 Munastcrii
694 1397 970 1452 libertates
1028 1398 1232 1459 tuetur,
1285 1385 1842 1456 archiepiscopatum

636 1468 1053 1541 Lugdunensem
1086 1465 1321 1518 recusat.

222 1568 348 1622 10‘2.
375 1564 594 1620 Tantus
627 1558 980 1633 pontiﬁcum
996 1557 1053 1608 et
1068 1549 1414 1624 principum
1434 1563 1575 1620 erga
1594 1545 1835 1600 beatum

144 1658 449 1716 Odilonem
481 1668 545 1708 ac
574 1647 999 1705 Cluniacenses
1031 1640 1272 1699 allectus
1296 1635 1579 1693 cohibere
1596 1652 1711 1690 non
1739 1650 1837 1706 po-

143 1747 261 1804 tuit
294 1740 716 1801 monachorum
753 1728 1298 1799 aemulatores,quin
1332 1726 1420 1781 eis
1472 1726 1706 1800 negotia
1742 1725 1831 1779 fa-
1868 1766 1916 1832 Β

144 1834 596 1898 eesserent,tum
629 1827 705 1882 ob
740 1819 1164 1895 temporalium
1198 1818 1488 1871 bonorum
1512 1813 1838 1887 possessio-

144 1942 279 1989 nes,
315 1926 438 1977 tum
469 1918 540 1974 ob
584 1911 897 1989 privilegia
928 1912 1013 1967 eis
1042 1922 1348 1969 concessa,
1383 1920 1512 1976 quae
1559 1902 1834 1958 nonnulli

145 2008 477 2070 convellere
524 2004 663 2059 totis
715 2000 947 2056 viribus
997 1996 1196 2055 conati
1249 1997 1406 2049 sunt.
1455 1990 1836 2065 Paragrapho

146 2093 646 2174 superioribullas
662 2086 1258 2162 aliquotpontiﬁcum
1278 2081 1647 2137 laudavimus
1661 2080 1835 2152 queis

144 2164 320 2247 viros.
340 2186 399 2242 in
418 2181 626 2241 saeculo
650 2182 918 2252 potentes
942 2170 1681 2247 redarguebantbonorum
1705 2185 1837 2223 mo-

152 2275 399 2337 nasterii
435 2270 829 2329 invasores.At
857 2266 1041 2320 multo
1072 2259 1381 2318 difﬁcilius
1414 2258 1521 2314 fuit
1557 2256 1837 2313 Matisco-

150 2368 433 2426 nensium
465 2361 873 2434 episcOporum
898 2353 1214 2410 conatibus
1237 2346 1649 2418 obsisterc,qui
1683 2361 1837 2418 aegre

151 2458 428 2516 ferebant
457 2446 879 2506 monasterium
909 2440 1317 2501 Cluniacense,
1351 2436 1507 2490 intra
1538 2452 1655 2489 suae
1690 2434 1837 2489 dice-

152 2561 357 2604 reseos
392 2542 541 2597 ﬁnes
572 2537 1038 2599 constructum,a
1069 2546 1180 2587 sua
1205 2522 1838 2598 ipsiusjurisdictione

153 2636 355 2694 eximi.
389 2628 810 2687 Concesserant
834 2621 1049 2695 quippe
1081 2615 1393 2691 pontiﬁces
1430 2613 1682 2669 Romani
1721 2612 1838 2685 pri-

157 2723 373 2799 vilegia
405 2713 912 2778 Cluniacensibus,
934 2709 1150 2783 quibus
1174 2724 1243 2762 ex
1257 2702 1541 2799 Willelmi
1566 2703 1837 2799 con-dite-

158 2816 237 2872 ris
268 2791 617 2870 testamenti
650 2801 986 2877 praescripto
1031 2816 1097 2854 ac
1145 2811 1349 2869 regum
1400 2797 1457 2847 et
1495 2791 1835 2866 principum

157 2916 453 2961 concessu
476 2892 823 2952 immunitas
847 2886 1186 2945 omnimoda
1207 2881 1562 2939 monasterio
1595 2878 1839 2935 Clunia-

159 2992 323 3051 censi
349 2985 730 3046 asserebatur
766 2997 779 3036 :
814 2976 1036 3034 scilicet
1057 2980 1122 3030 ut
1142 2968 1843 3028 monachiCluniaccnsis

164 3075 521 3139 monasterii
554 3091 584 3129 a
619 3083 971 3145 quocunque
997 3062 1473 3137 episcopo,prout
1499 3058 1696 3112 abbati
1728 3058 1844 3130 pla-

163 3160 618 3235 ceret,ordinari
638 3138 929 3233 possent;
962 3170 1065 3210 nec
1092 3146 1588 3225 quidquamjuris
1620 3146 1679 3201 in
1713 3147 1838 3201 loco
1871 3138 1914 3206 C

166 3260 270 3315 illo
304 3255 556 3312 haberet
585 3249 895 3321 episcopus
926 3237 1395 3304 Matisconensis,
1431 3237 1548 3291 imo
1594 3253 1701 3291 nec
1734 3237 1843 3292 nisi

175 3350 247 3405 ab
281 3345 504 3401 abbate
538 3339 817 3394 invitatus
842 3333 980 3388 illuc
1012 3330 1289 3387 accedere
1337 3330 1554 3399 posset.
1589 3326 1719 3381 ΙΙωο
1761 3325 1847 3380 di-

176 3440 333 3493 serte
363 3431 666 3489 habentur
695 3427 754 3481 in
780 3422 942 3479 bulla
971 3418 1229 3493 Gregorii
1265 3416 1450 3488 quinti
1486 3433 1520 3470 a
1550 3415 1721 3469 nobis
1754 3432 1850 3487 pa-

183 3521 483 3597 ragrapho
515 3512 803 3589 superiori
847 3510 1103 3577 laudata,
1137 3524 1264 3580 qua:
1294 3522 1326 3560 a
1355 3505 1850 3576 subsequentibus

188 3608 573 3685 pontiﬁcibus
605 3603 952 3659 conﬁrmata
982 3598 1236 3654 fuerunt.

264 3701 389 3754 103.
422 3692 750 3765 Privilegiis
782 3690 914 3746 istis
946 3686 1211 3743 munitus
1243 3681 1411 3739 Odilo
1448 3681 1851 3737 Burchardum

198 3789 586 3844 Viennensem
618 3779 1124 3852 archiepiscopum
1158 3772 1423 3829 invitavit
1452 3776 1516 3825 ut
1536 3769 1853 3826 ordinatio-

212 3894 309 3931 nes
338 3874 489 3948 apud
521 3870 863 3927 Cluniacum
888 3862 1395 3929 celebraret.Quod
1420 3878 1553 3915 cum
1571 3858 1667 3915 ille
1688 3857 1853 3948 fecis-

220 3946 568 4037 set,graviter
584 3962 945 4032 conquestus
976 3959 1063 4011 est
1079 3951 1395 4011 Gauslinus
1414 3946 1856 4005 Matisconensis

226 4053 509 4125 episcopus
532 4051 811 4106 adversus
831 4059 1239 4115 eum,remque
1254 4039 1463 4096 detulit
1478 4040 1547 4094 ad
1566 4038 1856 4111 synodum

230 4141 619 4213 Ansanam,cui
652 4155 803 4196 anno
841 4136 977 4190 1025
1002 4134 1213 4190 habitae
1247 4132 1397 4186 inter
1441 4129 1586 4185 alios
1627 4127 1857 4201 pontiﬁ-

236 4246 321 4284 ces
352 4231 613 4287 intererat
646 4241 879 4300 quoque
910 4222 1301 4279 Burchardus.
1335 4220 1440 4285 Qui
1469 4235 1602 4275 cum
1652 4235 1686 4272 a
1715 4218 1865 4274 Gau-

230 4316 366 4374 slino
385 4336 445 4375 ea
473 4321 543 4375 de
572 4335 634 4373 re
664 4330 858 4371 coram
881 4311 1163 4367 Patribus
1215 4313 1605 4375 accusaretur,
1630 4306 1861 4379 culpam

232 4424 443 4466 omnem
476 4409 531 4464 in
564 4406 869 4464 Odilonem
899 4398 1467 4473 rejecit.Accersitus
1500 4396 1697 4468 itaque
1729 4413 1865 4452 san-

1953 478 2254 533 Romanus
2288 477 2539 550 pontifex
2562 479 2633 533 ad
2665 477 3166 547 Gauslinum,tum
3190 480 3609 543 etiamadllur-

1951 566 2240 623 chardum
2271 567 2720 640 Lugdunensem
2752 567 2975 625 litteras
3004 567 3323 642 scripserit,
3338 585 3438 625 eos
3467 586 3606 643 gra-

1950 656 2099 712 viter
2124 655 2556 728 reprehendens
2587 657 2741 729 quod
2762 657 3183 712 monasterium
3201 658 3607 729 Cluniacense,

1951 744 2189 817 speciali
2214 744 2544 818 apostolica:
2564 745 2801 801 tuitioni
2816 745 3283 814 commissum,et
3301 745 3604 807 Odilonem

1954 833 2398 890 sanctissimum
2452 835 2721 890 abbatem
2752 839 3041 891 vexarent.
3092 835 3377 892 Defuncto
3405 837 3604 892 tamen

1953 922 2129 999 paulo
2162 930 2293 997 post
2322 925 2625 994 Gauslino,
2655 925 2916 999 vestigiis
2948 924 3134 997 ipsius
3155 925 3371 981 institit
3388 925 3606 985 Walte-

1954 1014 2077 1070 rius
2105 1015 2235 1086 ejus
2266 1030 2594 1082 successor,
2622 1020 2687 1069 ut
2715 1018 2956 1070 narrant
2974 1014 3178 1071 Petrus
3201 1031 3235 1070 a
3261 1015 3473 1070 Sancto
3502 1015 3608 1073 Ju-

1954 1103 2132 1173 liano,
2169 1103 2385 1175 aliique
2417 1104 2637 1175 passim
2671 1102 3184 1175 scriptores.Unde
3216 1120 3421 1159 ansam
3445 1119 3607 1158 sum-

1953 1193 2090 1267 psit,
2143 1193 2228 1247 uti
2272 1193 2517 1261 videtur,
2560 1192 2716 1249 idem
2758 1193 3017 1248 Joannes
3068 1193 3325 1265 pontifex
3355 1192 3605 1249 Roberto

1954 1281 2075 1355 regi
2125 1282 2418 1338 scribendi
2470 1283 2751 1338 adversus
2789 1298 2888 1338 eos
2932 1282 3265 1338 sacerdotes
3302 1281 3398 1354 qui
3435 1282 3606 1354 privi~

1953 1370 2105 1442 legia
2135 1388 2237 1443 per
2249 1371 2444 1426 sedem
2461 1370 2840 1443 apostolicam
2860 1369 3227 1426 Cluniacensi
3248 1370 3605 1426 monasterio

1950 1477 2231 1516 concessa
2259 1460 2577 1517 convellere
2607 1460 3058 1516 tentabant.lmo
3072 1476 3193 1515 rem
3219 1460 3292 1514 ad
3315 1461 3604 1533 synodum
3692 1488 3701 1497 ι

1949 1567 2077 1622 qua:
2106 1549 2301 1605 Roma:
2359 1566 2512 1606 anno
2556 1550 2694 1603 1027
2754 1549 2949 1604 habita
3006 1553 3094 1605 est
3122 1548 3375 1605 delatam
3423 1548 3607 1615 fuisse

1948 1643 2103 1713 patet
2154 1657 2221 1695 ex
2265 1640 2531 1711 ejusdem
2581 1638 2875 1710 pontiﬁcis
2916 1636 3163 1710 epistola
3193 1638 3266 1694 ad
3301 1637 3606 1696 universos

1949 1728 2173 1799 ﬁdeles,
2206 1729 2265 1783 in
2299 1745 2435 1801 qua,
2468 1727 2829 1783 conﬁrmatis
2862 1728 2931 1782 de
2962 1743 3250 1783 consensu
3283 1726 3605 1782 astantium

1950 1817 2292 1891 pontiﬁcum
2326 1816 2665 1873 monasterii
2697 1814 3096 1871 Cluniacensis
3119 1813 3608 1888 privilegiis,pra2-

1949 1911 2111 1963 sente
2142 1908 2317 1963 etiam
2350 1906 2612 1962 Conrado
2646 1906 3013 1978 imperatore,
3043 1903 3219 1976 paulo
3239 1907 3411 1959 antea
3441 1920 3605 1961 coro-

1950 2001 2106 2064 nato,
2158 1996 2432 2069 prohibet
2488 2012 2559 2051 ne
2618 1995 2751 2067 quis
2810 1992 3130 2049 monachos
3185 1991 3605 2051 Cluniacenses

1948 2085 2456 2141 excommunicarc
2487 2084 2718 2151 audeat,
2753 2082 2984 2154 aliaque
3007 2081 3195 2137 fusius
3216 2082 3603 2155 exponit,quae

1947 2174 2129 2230 videri
2164 2179 2412 2246 possunt
2440 2174 2497 2229 in
2532 2172 2787 2229 Bullario
2817 2170 3209 2239 Cluniacensi,
3244 2187 3376 2243 pag.
3408 2171 3461 2225 0.
3485 2170 3603 2225 (Σιω-

1952 2267 2139 2318 terum
2175 2263 2297 2319 hzec
2327 2261 2724 2319 controversia
2755 2261 2968 2332 smpius
2991 2263 3193 2333 postea
3212 2260 3323 2316 sub
3341 2258 3605 2316 Odilonis

1952 2352 2392 2408 successoribus
2419 2351 2716 2408 recruduit
2740 2368 2751 2418 ;
2785 2351 2884 2406 sed
2918 2348 3061 2421 quid
3092 2349 3328 2405 tandem
3351 2365 3419 2403 ea
3448 2364 3609 2411 oeca-

1951 2441 2116 2497 sione
2146 2442 2205 2496 in
2237 2440 2485 2497 concilio
2520 2439 2790 2496 Remensi
2824 2439 2934 2494 sub
2966 2436 3204 2493 Callisto
3238 2438 3285 2493 II
3315 2440 3605 2495 statutum

1950 2531 2125 2586 fuerit
2155 2529 2368 2603 legcsis
2400 2531 2553 2603 apud
2586 2528 2927 2586 0rdericum
2956 2525 3227 2583 Vitalem.

2024 2621 2144 2675 104.
2169 2620 2307 2673 Eam
2332 2635 2467 2675 vero
2496 2617 2831 2675 monasterii
2849 2616 2941 2674 sui
2967 2615 3357 2673 immunitatis
3376 2614 3604 2679 tuenda:

1951 2708 2434 2778 sollicitudinem,
2469 2724 2586 2780 qua
2634 2707 2944 2762 tenebatur
2993 2704 3081 2760 vir
3129 2707 3391 2771 sanctus,
3412 2702 3605 2769 ambi-

1951 2796 2091 2853 tioni
2125 2813 2495 2868 nequaquam
2542 2812 2669 2853 esse
2718 2793 3092 2849 tribuendam
3132 2792 3221 2848 vel
3265 2809 3334 2848 ex
3382 2807 3449 2847 co
3480 2790 3606 2848 solo

1950 2891 2111 2960 patet
2142 2886 2295 2958 quod
2329 2884 2730 2958 amplissimas
2760 2883 3077 2956 dignitates
3105 2881 3261 2937 ultro
3301 2880 3411 2937 sibi
3441 2880 3607 2936 obla-

1952 2981 2042 3029 tas
2072 2977 2405 3030 constanter
2461 2971 2836 3029 recusaverit.
2892 2970 3080 3043 Hujus
3138 2970 3219 3026 rei
3269 2968 3604 3041 exemplum

1952 3064 2181 3120 illustre
2212 3062 2550 3135 suppeditat
2586 3060 2759 3117 nobis
2806 3059 3016 3116 Glaber
3059 3058 3343 3115 Rodull‘us
3393 3057 3542 3114 libro
3571 3075 3607 3114 v

1956 3151 2219 3209 Historiae
2253 3169 2392 3218 suae,
2426 3168 2552 3223 cap.
2588 3152 2640 3215 4,
2674 3149 2794 3217 ubi,
2838 3152 2969 3222 post
3013 3147 3230 3204 relatas
3266 3146 3456 3203 varias
3486 3147 3607 3203 dis-

1960 3241 2315 3314 ceptationes
2352 3258 2478 3312 qua:
2512 3244 2641 3312 post
2692 3238 3009 3294 Burchardi
3053 3236 3466 3311 Lugdunensis
3493 3235 3612 3311 epi-

1960 3330 2120 3403 scopi
2156 3333 2400 3386 mortem
2436 3329 2491 3384 in
2548 3328 2905 3385 successoris
2936 3326 3217 3384 electione
3244 3330 3452 3384 exortae
3484 3326 3612 3382 fue-

1961 3424 2118 3488 runt,
2142 3419 2261 3474 htDC
2284 3418 2591 3491 subjungit
2614 3435 2626 3473 :
2652 3442 2677 3467 ‹‹
2700 3418 2833 3482 Quae
2847 3416 3045 3472 omnia
3067 3416 3209 3472 dum
3228 3413 3452 3489 perlata
3473 3415 3615 3471 fuis-

1962 3514 2093 3567 sent
2146 3509 2407 3564 Romano
2458 3508 2743 3581 pontiﬁci,
2781 3511 3124 3581 suggestum
3170 3510 3259 3563 est
3307 3505 3357 3561 ei
3397 3521 3431 3559 a
3474 3505 3616 3562 viris

1962 3597 2232 3654 ﬁdelibus
2265 3601 2329 3653 ut
2358 3613 2466 3652 sua
2497 3597 2839 3652 auctoritate
2871 3597 3101 3653 Patrem
3132 3596 3460 3665 Odilonem,
3491 3595 3621 3652 Clu-

1963 3685 2259 3742 niacensis
2286 3685 2622 3741 monasterii
2650 3685 3177 3755 abbatem,ibidem
3209 3686 3446 3759 eligeret
3475 3701 3620 3742 con-

1965 3775 2180 3833 secrari
2232 3774 2605 3848 pontiﬁcem;
2639 3775 2721 3831 sic
2754 3774 2909 3830 enim
2964 3774 3143 3831 totius
3201 3776 3336 3831 cleri
3383 3792 3449 3831 ac
3497 3775 3619 3849 ple-

1965 3866 2058 3921 bis
2088 3869 2300 3939 optans
2332 3863 2694 3920 acclamabat
2723 3863 2971 3920 devotio.
3007 3864 3114 3931 Qui
3164 3865 3432 3937 protinus
3482 3865 3621 3921 mit-

1967 3960 2097 4011 tens
2125 3955 2309 4011 eidem
2364 3953 2515 4009 Patri
2556 3950 2801 4025 pallium
2834 3951 3014 4009 simul
3051 3957 3109 4008 et
3156 3952 3463 4021 annulum,
3513 3954 3625 4011 im-

1969 4044 2192 4117 peravit
2239 4044 2509 4098 eumdem
2569 4040 2855 4113 praedictae
2901 4041 3120 4098 civitati
3170 4043 3290 4098 fore
3348 4042 3628 4115 archiepi-

1971 4149 2237 4204 scopum.
2272 4132 2380 4186 Sed
2398 4130 2484 4187 vir
2496 4130 2805 4204 religiosus
2819 4148 2938 4186 suae
2953 4130 3308 4187 humilitatis
3320 4133 3628 4189 attendens

1971 4221 2337 4293 prOpositum
2370 4220 2729 4276 omnimodis
2761 4221 2956 4276 renuit
2986 4221 3130 4288 ﬁeri,
3160 4220 3405 4293 pallium
3437 4226 3495 4278 et
3523 4240 3626 4278 an-

1976 4309 2185 4365 nulum
2217 4309 2568 4383 suscipiens,
2604 4309 2687 4365 illi
2712 4309 2813 4383 qui
2835 4309 2951 4366 Deo
2981 4309 3199 4383 dignus
3219 4311 3633 4380 exsisteret,re-

1978 4399 2226 4457 servavit
2240 4400 2432 4455 futuro
2448 4399 2704 4472 pontiﬁci
2724 4400 2989 4472 ejusdem
3008 4400 3186 4457 sedis.
3209 4422 3237 4450 ››
3260 4399 3420 4457 Idem
3434 4404 3634 4457 narrat

234 4501 354 4553 ctus
380 4498 549 4553 abbas
582 4511 717 4551 cum
738 4491 963 4564 aliquot
983 4506 1011 4545 e
1034 4487 1161 4579 suis
1195 4486 1497 4579 monachis
1518 4486 1866 4557 comparuit,
1898 4514 1944 4579 Β
1980 4490 2145 4563 Hugo
2173 4489 2354 4545 abbas
2380 4489 2833 4545 Flaviniacensis
2864 4490 2923 4546 in
2946 4490 3229 4547 Chronico
3249 4490 3630 4559 Virdunensi,
3720 4490 3725 4497 ’

236 4587 567 4660 protulitque
597 4584 655 4641 in
690 4580 952 4638 medium
968 4576 1407 4651 privilegiaquzc
1421 4576 1594 4631 modo
1613 4592 1869 4631 recense-

240 4673 622 4748 bamus,queis
652 4670 880 4726 licitum
898 4672 988 4724 est
1010 4666 1205 4722 abbati
1231 4664 1603 4721 Cluniacensi
1626 4667 1870 4736 ut,post-

240 4759 418 4819 habito
449 4758 859 4819 Matisconensi
890 4755 1184 4830 episcopo,
1221 4770 1631 4826 quemcunque
1673 4751 1873 4808 mallet

243 4851 551 4925 episcopum
584 4854 785 4925 posset
814 4862 1107 4903 accersere
1138 4844 1208 4899 ad
1243 4843 1620 4899 celebrandas
1655 4843 1711 4897 in
1746 4860 1870 4900 mo-

245 4941 472 4998 nasterio
500 4936 866 4998 Cluniacensi
895 4933 1401 4991 ordinationes.At
1432 4933 1629 4988 Patres
1660 4932 1759 5005 qui
1795 4932 1874 4987 ibi

250 5026 488 5097 aderant,
518 5028 685 5087 lectis
732 5024 941 5099 synodi
988 5020 1479 5087 Chalcedonensis
1528 5022 1875 5089 canonibus,

255 5113 479 5190 aliisque
508 5117 882 5189 antiquorum
928 5110 1306 5168 conciliorum
1337 5110 1607 5179 decretis,
1642 5127 1884 5167 censue-

251 5209 375 5261 runt
404 5210 482 5263 eis
514 5205 770 5280 praeponi
802 5220 917 5259 non
951 5202 1157 5257 debere
1180 5200 1331 5272 quod
1361 5200 1790 5256 obtendebatur
1812 5200 1885 5256 ab

256 5289 475 5351 Odilone
503 5293 893 5370 privilegium.
929 5293 1114 5357 Quare
1146 5288 1580 5355 Burcbardus,a
1606 5288 1884 5346 Gauslino

253 5380 468 5441 obtenta
492 5384 676 5451 venia,
733 5380 1023 5455 pollicitus
1068 5383 1157 5435 est
1206 5395 1286 5447 se,
1337 5379 1601 5450 quandiu
1653 5378 1710 5432 in
1743 5378 1887 5435 vivis

259 5478 453 5542 ageret,
481 5477 708 5530 tantum
742 5470 851 5527 olei
885 5485 1011 5525 sese
1059 5468 1108 5524 ei
1144 5469 1563 5541 priestiturum,
1599 5472 1887 5541 quantum

259 5573 351 5639 pro
376 5562 686 5620 chrismate
718 5576 883 5617 sacro
904 5557 1153 5634 singulis
1167 5557 1336 5616 annis
1357 5559 1718 5618 conﬁciendo
1740 5578 1887 5636 Opus

556 5691 825 5756 PATROL.
872 5686 1104 5752 CLXII.

1978 4579 2079 4635 ubi
2111 4579 2169 4635 id
2201 4598 2235 4634 a
2263 4578 2537 4651 Gregorio
2569 4596 2720 4651 papa
2749 4579 2967 4635 factum
3002 4579 3183 4636 fuisse
3214 4578 3436 4648 scribit,
3458 4595 3630 4651 quem

1981 4668 2219 4741 quidem
2237 4668 2580 4741 Gregorium
2595 4669 2723 4740 ejus
2740 4667 2996 4723 nominis
3009 4672 3237 4723 sextum
3261 4668 3441 4724 fuisse
3454 4667 3630 4723 refert

1979 4763 2145 4813 vetus
2176 4762 2378 4814 auctor
2409 4756 2675 4813 Chronici
2706 4756 3109 4813 Cluniacensis
3143 4773 3254 4811 ms.
3298 4759 3375 4810 At
3421 4755 3634 4826 Grego-

1984 4847 2107 4902 rius
2139 4864 2291 4903 anno
2328 4847 2461 4901 1044
2492 4846 2710 4903 electus
2741 4847 2902 4903 estin
2927 4846 3256 4901 Romanum
3280 4844 3635 4917 pontiﬁcem,

1985 4953 2101 5009 quo
2130 4940 2389 5007 tempore
2410 4936 2536 5007 jam
2569 4937 2641 4992 ab
2672 4935 2894 5008 aliquot
2915 4935 3085 4991 annis
3102 4930 3640 5005 Odelricus,quire-

1987 5025 2190 5082 nuenti
2222 5024 2451 5082 Odiloni
2484 5024 2842 5081 substitutus
2858 5023 3353 5097 est.Lugdunensi
3374 5020 3641 5079 Ecclesia:

1995 5115 2302 5187 praefectus
2336 5114 2541 5170 fuerat.
2576 5115 2643 5169 Et
2674 5114 2908 5186 quidem
2944 5114 3108 5184 Hugo
3128 5113 3250 5185 ipse
3278 5112 3450 5168 refert
3479 5109 3646 5167 Odel-

1995 5204 2179 5259 ricum
2214 5204 2286 5260 ab
2321 5204 2931 5275 Henricoimperatore
2958 5203 3312 5275 Lugdunum
3335 5217 3648 5258 cumorna-

1996 5296 2211 5349 mentis
2243 5292 2675 5365 pontiﬁcalibus
2707 5309 2860 5349 anno
2910 5292 3041 5348 1041
3083 5292 3370 5347 directum
3414 5291 3597 5347 fuisse
3631 5308 3647 5362 ;

1995 5382 2232 5438 aliunde
2260 5399 2396 5438 vero
2425 5386 2652 5438 certum
2685 5386 2774 5437 est
2815 5381 3167 5453 Odelricum,
3187 5399 3258 5440 ex
3284 5398 3400 5456 quo
3432 5382 3495 5437 in
3524 5382 3650 5456 epi-

1997 5487 2241 5545 scopum
2271 5475 2613 5545 assumptus
2640 5473 2955 5538 est,sedcm
2978 5489 3147 5529 suam
3173 5471 3407 5529 nemine
3427 5475 3658 5534 contra-

1999 5562 2225 5621 dicente
2255 5561 2539 5622 tenuisse.
2570 5562 2735 5622 Unde
2763 5563 3085 5624 Garnerius
3113 5564 3170 5622 in
3196 5564 3349 5622 notis
3380 5562 3453 5619 ad
3483 5566 3665 5645 capi

3254 5690 3336 5779 28.
