4036 6160
147 283 246 346 877
1447 306 1449 309 '
1618 283 1976 346 ELOGIUM
1991 327 2006 342 .

3415 295 3538 357 8'18

152 424 218 483 ut,
246 416 580 488 negotiorum
612 413 752 469 licet
787 433 931 487 pene
975 416 1336 472 intinitorum
1379 415 1758 471 multitudine
1788 419 1842 485 Α
1875 419 2100 483 tuerat,
2137 422 2399 474 mortuos
2433 419 2705 477 detractis
2735 424 2987 496 propriis
3046 425 3309 480 vestibus
3339 429 3393 478 et
3425 425 3536 480 cir-

148 508 358 573 obrutus,
393 500 706 576 nunquam
737 505 1032 561 omitteret
1064 505 1298 579 pietatis
1327 505 1758 578 exercitia,qui-

146 599 235 654 bus
259 595 339 650 illa
380 593 659 650 aleretur.
721 594 842 650 Nec
885 594 1166 650 itinerum
1217 595 1614 664 difficultates,
1650 610 1758 649 nec

145 685 580 742 monasteriorum
611 699 892 749 cura,nec
924 683 1034 739 alia
1058 684 1333 757 quaelibet
1354 684 1582 740 occasio
1618 699 1757 739 eum

141 777 201 832 ab
225 775 484 832 offerendo
503 773 772 846 quotidie
797 778 1172 829 sacrosancto
1190 771 1567 828 Eucharistize
1581 771 1758 826 sacri-

137 867 244 922 ﬁcio
257 881 472 920 avocare
496 867 790 936 poterant,
816 862 972 934 quod
997 862 1225 918 solebat
1255 879 1386 918 cum
1415 860 1758 918 exuberanti

135 955 475 1028 lacrymarum
509 951 798 1008 effusione
850 955 1168 1022 praestare;
1201 951 1566 1007 tremendam
1611 950 1758 1006 adeo

131 1044 369 1101 actionem
393 1040 655 1098 excubiis
669 1038 1410 1112 sacris,jejuniis,aliisque
1429 1038 1688 1110 corporis
1703 1041 1762 1094 et

128 1136 304 1191 anima:
320 1129 813 1188 macerationibus
828 1127 1222 1200 praeveniens,
1254 1133 1319 1184 ut
1340 1129 1539 1201 purior
1575 1127 1647 1183 ad
1671 1126 1727 1182 al

128 1229 227 1280 tare
249 1237 470 1279 sacrum
503 1219 822 1276 accederet.
843 1215 1267 1289 Virginitatem
1290 1217 1434 1272 adeo
1460 1216 1658 1283 coluit,
1694 1218 1762 1270 ut

121 1313 270 1387 vulgo
287 1313 425 1382 virgo
435 1310 783 1366 centenarias
795 1307 1195 1372 diceretur,ut
1214 1306 1498 1362 discimus
1511 1304 1762 1362 exChro-

119 1405 229 1459 nico
250 1399 786 1466 Lemovicensi,tum
811 1413 879 1451 ex
895 1395 1235 1451 Senonensi
1252 1395 1438 1450 sancti
1461 1393 1612 1450 Petri
1628 1392 1759 1449 Vivi

115 1494 164 1549 in
185 1489 460 1565 Spicilegii
485 1495 642 1545 tomo
656 1487 870 1543 ll.lnde
896 1485 1265 1540 nascebatur
1281 1484 1336 1539 in
1350 1483 1757 1540 beatissimam

112 1583 384 1654 Virginem
409 1580 553 1636 adeo
578 1580 806 1634 fervens
837 1575 1175 1640 devotio,ut
1207 1590 1336 1628 cum
1372 1577 1675 1629 caneretur
1697 1573 1754 1628 in

107 1671 335 1728 ecclesia
361 1685 566 1725 versus
603 1667 740 1722 ille:
774 1667 847 1721 Tu
893 1662 967 1718 ad
1017 1663 1368 1718 liberandum
1409 1671 1757 1734 suscepturus

108 1763 384 1827 hominem,
444 1773 556 1812 non
603 1755 876 1812 horruisti
932 1752 1184 1820 Virginis
1241 1759 1476 1818 uterum,
1527 1751 1753 1820 statim,
1789 1793 1834 1856 Β

107 1855 237 1906 teste
270 1850 430 1905 Petro
461 1844 756 1908 Damiani,
808 1841 866 1896 in
921 1844 1140 1895 terram
1192 1841 1522 1899 reverentia:
1579 1857 1758 1896 causa

108 1954 312 2010 pronus
341 1937 660 1990 corruerat.
713 1931 997 1986 Observat
1047 1927 1352 1983 Jotsaldus
1405 1927 1464 1982 in
1514 1927 1756 1982 Planctu

108 2027 331 2082 metrico
362 2025 434 2078 de
487 2021 756 2093 ejusdem
802 2016 953 2072 beati
1015 2015 1121 2071 viri
1174 2015 1359 2081 obitu,
1393 2032 1524 2071 eum
1559 2020 1757 2072 tenero

106 2117 296 2170 affectu
358 2109 772 2167 beatissimam
821 2105 1123 2176 Virginem
1177 2121 1410 2175 semper
1468 2103 1754 2160 coluisse:

105 2207 259 2274 cujus
294 2204 422 2258 ideo
443 2205 502 2255 et
525 2199 779 2254 aliorum
795 2194 984 2268 ipsius
1003 2193 1340 2250 tutelarium
1369 2193 1756 2266 patrocinium

104 2293 386 2366 implorat,
422 2295 490 2344 ut
521 2303 654 2344 eum
688 2285 1008 2357 dignentur
1055 2283 1113 2338 in
1160 2281 1252 2337 sui
1287 2282 1622 2338 societatem
1654 2283 1755 2340 ad-

108 2384 339 2438 mittere.

164 2472 280 2526 ltO.
307 2471 496 2536 Quam
527 2480 668 2536 erga
698 2463 884 2518 Deum
916 2461 1172 2517 habebat
1212 2459 1302 2515 vir
1345 2465 1586 2516 sanctus
1618 2461 1756 2515 cha-

105 2560 340 2625 ritatem,
375 2557 438 2612 in
472 2552 812 2628 proximum
863 2551 1063 2617 etiam,
1097 2551 1240 2604 dum
1302 2567 1429 2605 sese
1478 2550 1758 2605 otl‘erebat

105 2647 335 2713 occasio,
374 2642 707 2699 diffundere
741 2655 1044 2711 nunquam
1078 2637 1297 2694 omisit.
1331 2639 1493 2702 Quod
1525 2639 1756 2711 potissi-

105 2754 248 2793 mum
281 2733 468 2791 eluxit
496 2735 761 2802 tempore
802 2729 996 2795 famis,
1034 2744 1152 2800 qua
1200 2727 1587 2783 invalescente
1617 2745 1756 2784 vasa

101 2843 252 2881 sacra
280 2841 347 2880 ac
383 2821 902 2896 pretiosaquaeque
940 2823 1308 2882 ornamenta,
1337 2817 1634 2889 quibusex
1659 2833 1750 2872 re-

99 2931 222 2987 gum
245 2931 313 2970 ac
338 2909 677 2985 principum
723 2905 984 2962 donariis
1026 2905 1304 2961 aflluebat
1350 2905 1752 2961 Cluniacensis

96 2998 693 3068 ecclesia,distrahere
711 3013 775 3050 ac
797 2995 1045 3050 vendere
1075 3012 1190 3050 non
1214 2994 1591 3056 dubitavit,ut
1613 3011 1754 3065 pau-

97 3109 288 3163 perum
333 3085 790 3145 necessitatibus
839 3084 1190 3139 subveniret.
1228 3083 1514 3139 Coronam
1557 3081 1748 3154 ipsam

97 3158 665 3252 imperialem,quam
688 3179 928 3228 sanctus
951 3172 1234 3227 Henricus
1257 3171 1558 3226 beatorum
1585 3187 1748 3243 apos-
1777 3158 1822 3225 C

97 3269 338 3323 telorum
364 3265 512 3322 Petri
537 3270 596 3320 et
623 3262 782 3318 Pauli
804 3261 967 3316 altari
989 3260 1324 3333 impositam
1349 3260 1432 3315 cis
1455 3276 1756 3315 consecra-

93 3363 262 3424 verat,
298 3357 410 3412 hac
436 3353 746 3410 occasione
795 3351 1171 3414 venundedit,
1209 3353 1370 3404 ratus
1409 3349 1554 3404 nihil
1587 3365 1751 3421 pror-

91 3462 186 3500 sus
216 3462 350 3501 esse
384 3443 785 3499 membrorum
831 3439 1045 3494 Christi
1097 3438 1226 3493 vitae
1253 3438 1748 3510 anteponendum.

88 3533 150 3586 Et
176 3534 422 3606 quidem
455 3529 750 3602 ejusmodi
785 3526 1597 3597 largitionibusCluniacense
1627 3543 1751 3581 mo-

89 3622 415 3677 nasterium
447 3617 824 3675 difficillimis
855 3615 973 3670 illis
995 3613 1358 3687 temporibus
1379 3615 1521 3670 adeo
1539 3615 1754 3670 exhau-

88 3715 239 3766 stum
278 3711 411 3776 fuit,
447 3711 513 3765 ut
543 3708 617 3763 ab
667 3705 877 3762 exteris
907 3704 1182 3776 gentibus
1237 3719 1402 3776 opem
1434 3702 1752 3774 efﬂagitare

89 3799 258 3854 fuerit
309 3805 578 3864 coactus,
621 3812 755 3850 cum
807 3792 957 3848 nihil
1009 3792 1414 3848 sustentandis
1462 3793 1590 3863 ejus
1641 3792 1750 3848 loci

87 3887 392 3956 fratribus,
425 3892 482 3943 et
512 3884 750 3959 populis
781 3882 989 3938 vicinis
1017 3880 1366 3954 adjuvandis
1397 3886 1749 3954 superesset.

91 3975 141 4028 Id
175 3980 341 4047 patet
371 3993 440 4032 ex
474 3976 605 4046 ejus
635 3971 880 4045 epistola
913 3971 984 4027 ad
1018 3970 1283 4026 Garsiam
1318 3986 1532 4042 regem,
1559 3969 1656 4024 ubi
1685 3988 1754 4026 ea

87 4063 153 4117 de
183 4082 244 4120 re
279 4065 368 4121 sic
401 4063 644 4120 scribit:
675 4083 704 4112 ι(
740 4061 896 4116 Licet
928 4077 1039 4114 non
1076 4059 1203 4115 sine
1259 4059 1468 4114 rubore
1499 4059 1750 4130 pandere

87 4152 362 4224 cogimur
390 4157 595 4208 vestrae
646 4148 1028 4205 sublimitatis
1081 4147 1493 4202 muniﬁcentia:
1541 4153 1750 4204 nostra:

87 4239 296 4312 inopiae
329 4240 765 4305 necessitatem,
801 4255 915 4311 qua
939 4239 1064 4308 jam
1111 4253 1215 4308 per
1241 4237 1389 4291 duos
1443 4239 1499 4291 et
1529 4254 1595 4292 eo
1626 4255 1750 4293 am-

83 4326 237 4395 plius
273 4347 467 4386 annos
499 4327 822 4402 afﬂigimur
851 4326 1147 4382 continue.
1182 4325 1326 4380 Nam
1359 4325 1646 4397 generalis
1670 4331 1752 4382 to-

79 4415 194 4473 tius
229 4419 404 4492 regni
435 4421 770 4491 paupertas,
820 4413 993 4470 famis
1043 4430 1275 4486 quoque
1305 4419 1362 4470 ct
1401 4411 1610 4486 inepiaa
1641 4431 1751 4472 nos

79 4507 369 4576 opprimit
400 4507 726 4570 calamitas,
761 4503 1000 4592 sicut‘et
1029 4501 1174 4557 alios
1194 4507 1403 4592 nostrae
1433 4502 1750 4592 vicinitatis
1782 4527 1827 4592 ι)

80 4597 508 4668 compatriotas
535 4593 709 4667 :quod
731 4590 1051 4666 periculurn
1079 4595 1144 4645 ut
1168 4591 1408 4646 evadere
1429 4591 1748 4664 possimus,

79 4688 276 4740 vestro
308 4682 693 4754 adminiculo,
727 4681 776 4737 si
834 4679 1042 4754 placet,
1077 4696 1360 4752 perquam
1420 4680 1746 4754 plurimum

80 4767 449 4846 indigemus.
487 4797 514 4822 ››
547 4772 658 4829 Sed
691 4770 836 4826 nihil
879 4769 1066 4842 magis
1126 4769 1388 4826 Odilonis
1420 4769 1746 4826 misericor-

80 4856 238 4916 diam
279 4863 340 4917 in
405 4879 689 4936 pauperes
744 4859 1136 4924 commendat,
1181 4875 1356 4929 quam
1418 4859 1571 4930 quod
1625 4859 1748 4930 ipse

83 4943 262 5004 habet
288 4951 352 5006 in
387 4952 625 5024 prologo
657 4951 729 5005 ad
761 4949 956 5004 Vitam
1009 4947 1194 5002 sancti
1230 4945 1422 5002 Maioli
1457 4963 1490 5002 a
1519 4965 1579 5002 se
1609 4963 1747 5002 con-

85 5035 397 5108 scriptam,
420 5039 519 5095 ubi
544 5040 846 5104 fatetur,se
877 5036 960 5092 ita
982 5037 1289 5108 provinciw
1311 5036 1746 5104 calamitatibus,

87 5134 144 5174 αι’
167 5143 490 5201 pauperum
520 5127 725 5198 grandi
767 5125 1217 5196 lamentabilz’que
1271 5121 1554 5194 dispendio
1610 5125 1749 5180 affe-

89 5217 245 5272 Ctum
281 5219 496 5284 fuisse,
527 5221 596 5274 ut
626 5215 804 5272 etiam
833 5218 1032 5270 noctes
1089 5211 1390 5285 perplures
1448 5212 1749 5271 insomnes

89 5297 466 5380 transegerit.
501 5306 761 5378 Denique
793 5321 926 5358 cum
959 5301 1274 5375 aliquando
1311 5301 1596 5373 improbis
1632 5303 1748 5359 illis

88 5379 263 5448 famis
304 5379 684 5469 temporibus
737 5393 848 5449 iter
889 5408 1066 5464 agens
1124 5391 1273 5446 duos
1329 5407 1540 5462 pueros
1597 5393 1749 5448 fame

85 5485 326 5540 enectos
361 5484 574 5542 mediis
599 5483 657 5538 in
706 5481 864 5554 agris
921 5479 1253 5552 reperisset,
1289 5484 1580 5535 commota
1609 5485 1750 5538 sunt

83 5565 318 5630 Viscera
349 5574 561 5648 cjus,et
591 5587 740 5650 quos
769 5569 962 5627 adhuc
993 5568 1250 5626 viventes
1266 5569 1474 5644 juvare
1505 5586 1621 5628 non
1651 5587 1752 5648 po-

1867 507 2207 562 cumtectos
2235 509 2468 580 sepeliri
2499 511 2742 568 curavit.

1939 610 2502 691 IX.Cozzzmem9rcitio
2531 617 2776 690 ﬁdelium
2806 620 3184 691 defunctorum
3215 637 3250 676 (ι
3277 625 3466 678 sancto

2313 687 2539 745 Odilone
2565 693 2806 763 primum
2839 687 3111 748 instituta.

1942 772 2075 828 111.
2109 773 2366 831 Celebris
2397 783 2486 833 est
2514 777 2572 834 in
2605 783 2730 835 tota
2753 779 3009 836 Ecclesia
3051 779 3336 836 memoria
3382 780 3537 836 beati

1869 859 2166 929 Odilonis,
2200 866 2358 936 quod
2390 866 2617 938 primus
2647 867 2913 924 omnium
2933 869 3086 924 diem
3118 885 3538 926 commemora-

1873 947 2020 1003 tioni
2047 952 2303 1022 generali
2322 955 2587 1013 omnium
2601 958 3009 1013 defunctorum
3024 956 3364 1013 solemniter
3385 956 3535 1014 cele-

1869 1037 2113 1092 brandae
2148 1041 2520 1112 peculiariter
2542 1045 2875 1100 dedicatum
2916 1045 3322 1114 constituerit;
3355 1061 3534 1118 quem
3613 1091 3623 1098 .

1872 1125 2058 1181 ritum
2091 1143 2226 1183 cum
2260 1131 2451 1202 primo
2483 1132 2607 1188 suis
2637 1133 2694 1188 in
2735 1133 3107 1190 monasteriis
3153 1134 3533 1204 instituisset,

1869 1219 2080 1286 postea
2110 1217 2463 1275 universalis
2503 1222 2842 1294 approbavit
2889 1221 3164 1290 Ecclesia,
3197 1227 3256 1279 et
3277 1223 3536 1295 generali

1871 1304 2104 1360 decreto
2137 1305 2361 1380 ubique
2391 1310 2818 1366 observandum
2853 1311 3368 1384 praescripsitJam
3400 1313 3533 1384 qui-

1871 1393 2007 1448 dem
2041 1397 2214 1450 antea
2245 1396 2302 1452 in
2335 1397 2630 1470 plerisque
2659 1397 2803 1454 locis
2834 1399 3010 1454 fiebat
3025 1397 3222 1472 aliquo
3251 1403 3408 1456 certo
3439 1401 3535 1457 die

1870 1485 2354 1541 commemoratio
2403 1487 2834 1552 defunctorum,
2866 1490 2931 1542 ut
2989 1491 3148 1559 patet
3207 1504 3276 1543 ex
3327 1487 3533 1544 multis

1869 1569 2092 1642 passim
2117 1575 2412 1630 veteribus
2461 1574 2890 1648 Martyrologiis
2920 1579 2978 1630 et
3003 1575 3383 1648 Necrologiis,
3411 1575 3532 1632 imo

1867 1662 1926 1713 et
1953 1675 2023 1714 ex
2053 1659 2452 1735 Udalrico,qui
2479 1664 2539 1720 in
2571 1663 3107 1720 Consuetudinihus
3133 1663 3535 1721 Cluniacensi-

1869 1748 1981 1803 bus
2011 1749 2281 1806 observat
2312 1753 2456 1808 feria
2513 1753 2770 1809 secunda
2821 1758 2954 1824 post
3010 1753 3224 1809 festum
3277 1753 3530 1810 sanctis-

1865 1835 2028 1892 sima:
2079 1839 2384 1896 Trinitatis
2437 1842 3056 1897 commemorationem
3114 1841 3528 1898 defunctorum

1867 1927 2022 1999 apud
2053 1927 2470 1987 Cluniacenses
2503 1929 2777 1986 celebrari
2820 1930 3052 1986 solitam
3103 1929 3305 1986 fuisse.
3338 1931 3433 1986 Sic
3464 1931 3528 1986 in

1865 2016 2266 2074 vetustissimo
2319 2019 2659 2076 Kalcudario
2692 2037 2802 2074 ms.
2861 2018 3359 2075 Antissiodorensi
3411 2019 3528 2079 ista

1867 2107 2346 2164 commemoratio
2404 2127 2441 2164 x
2491 2108 2615 2163 Kal.
2676 2107 2972 2164 Februarii
3032 2111 3414 2174 memoratur,
3468 2111 3528 2163 et

1867 2192 2037 2265 longe
2069 2200 2203 2250 ante
2236 2196 2292 2251 id
2323 2200 2560 2269 tempus
2591 2197 2650 2252 in
2684 2213 2810 2269 cap.
2846 2195 3055 2251 ultimo
3086 2195 3318 2268 Regulae
3369 2195 3528 2252 beati

1867 2282 1980 2337 Isid
1991 2283 2096 2350 ori,
2122 2285 2443 2355 quotannis
2461 2285 2818 2342 sacriﬁcium
2843 2283 3026 2340 altera
3047 2283 3141 2339 die
3161 2289 3296 2357 post
3315 2285 3528 2340 Pente-

1866 2375 2061 2426 costen
2089 2373 2490 2444 prmscribitur
2511 2391 2613 2446 pro
2632 2373 2936 2446 spiritibus
2959 2373 3387 2429 defunctorum.
3412 2373 3527 2430 Sed

1865 2461 2159 2530 ejusmodi
2193 2478 2394 2533 preces
2423 2479 2527 2533 pro
2559 2463 2633 2519 iis
2658 2461 3030 2518 solummodo
3053 2461 3290 2528 ﬁebant,
3324 2463 3423 2534 qui
3455 2478 3528 2518 ex

1863 2549 2066 2604 eadem
2099 2551 2549 2622 congregatione
2586 2555 2690 2607 aut
2739 2550 2938 2622 aliqua
2983 2548 3191 2605 saltem
3246 2550 3524 2608 societate

1864 2637 1974 2708 ipsi
2007 2638 2304 2708 conjuncti
2337 2640 2589 2710 fuerant,
2621 2645 2724 2696 aut
2753 2641 2906 2694 certe
2957 2638 3057 2710 qui
3084 2639 3236 2694 hanc
3263 2639 3518 2710 gratiam

1861 2726 2296 2793 donationibus,
2355 2728 2884 2801 consanguinitate,
2937 2731 3039 2782 aut
3096 2725 3514 2796 familiaritate,

1863 2814 2110 2886 aliisque
2142 2815 2461 2883 beneﬁciis,
2497 2821 2869 2883 meruerant;
2903 2819 2961 2870 at
2991 2813 3357 2887 Odilo,cujus
3385 2816 3520 2874 cha-

1862 2903 2004 2958 ritas
2036 2904 2189 2958 intra
2219 2903 2438 2960 limites
2469 2906 2613 2962 adeo
2639 2908 2922 2978 angustos
2951 2905 3232 2960 coarctari
3265 2921 3382 2960 non
3413 2923 3517 2978 po-

1857 2996 2028 3060 terat,
2062 2992 2214 3046 hanc
2241 2993 2314 3047 ad
2345 3010 2550 3049 omnes
2581 2994 2820 3050 omnino
2843 2991 3043 3048 ﬁdeles
3063 2993 3369 3050 defunctos
3389 3011 3520 3066 gra-

1858 3081 2000 3136 tiam
2034 3080 2264 3136 extendi
2299 3080 2500 3138 voluit.

1933 3172 2052 3226 112.
2087 3171 2274 3241 Hujus
2302 3169 2675 3228 instituendas
2729 3171 3307 3229 commemorationis
3349 3189 3517 3229 occa-

1861 3260 2085 3314 sionem
2121 3259 2246 3314 fuse
2296 3261 2640 3317 describunt
2683 3261 2984 3318 Jotsaldus
3042 3266 3100 3318 ct
3151 3262 3355 3318 Petrus
3405 3266 3522 3320 Da-

1864 3348 2042 3405 miani
2073 3349 2134 3403 in
2163 3349 2316 3403 beati
2345 3349 2450 3404 viri
2476 3350 2606 3407 Vita
2631 3369 2644 3421 ;
2679 3367 2859 3424 quare
2904 3350 3049 3406 satis
3077 3351 3270 3407 visum
3301 3355 3392 3406 est
3421 3351 3518 3408 hic

1862 3438 2116 3512 proferre
2148 3437 2468 3494 Burcbardi
2517 3441 2825 3512 cujusdam
2880 3440 3153 3496 monachi
3207 3437 3518 3512 epistolam

1863 3527 1971 3583 hac
1997 3528 2068 3583 de
2100 3543 2159 3582 re
2189 3527 2490 3599 scriptam,
2523 3545 2701 3601 quam
2733 3545 2802 3584 ex
2833 3545 2944 3584 ms.
2995 3528 3194 3584 codice
3223 3527 3516 3586 Thuanem

1861 3615 2224 3672 bibliothecae
2256 3615 2578 3692 habemus:
2610 3615 2930 3672 «Dominus
2957 3616 3225 3673 Patribus
3247 3620 3304 3673 et
3331 3617 3519 3674 senio-

1861 3706 2025 3761 ribus
2037 3704 2438 3760 Cluniacensis
2449 3705 2695 3761 cmnobii
2714 3705 3088 3761 Burchardus
3100 3707 3517 3778 pauperetexi-

1861 3811 2014 3865 gnua
2043 3792 2303 3864 ipsorum
2339 3811 2540 3848 servus
2573 3798 2630 3850 et
2672 3793 3016 3863 monachus,
3049 3794 3300 3850 caelestis
3319 3795 3515 3867 gloriaa

1861 3897 2102 3938 munus.
2135 3881 2281 3946 Quia
2301 3881 2456 3937 enim
2486 3882 2616 3936 novi
2638 3899 2738 3936 vos
2765 3881 3224 3938 ferventissimos
3245 3900 3514 3940 commu-

1862 3971 1954 4026 nis
1985 3970 2203 4026 domini
2238 3976 2294 4026 et
2323 3969 2510 4026 Patris
2542 3969 2723 4025 nostri
2745 3969 3011 4026 Odilonis
3032 3987 3256 4026 coronae
3285 3971 3516 4043 gloriae-

1861 4078 1974 4132 que
2005 4059 2402 4132 propalatores
2433 4064 2489 4114 et
2521 4058 3384 4126 commendatores,sanctitatis
3411 4077 3514 4116 ve-

1861 4153 1992 4204 strze
2023 4148 2264 4203 auribus
2298 4147 2824 4220 intimamus,quod
2847 4148 2918 4203 de
2943 4149 3208 4219 ejusdem
3239 4149 3515 4220 przeconii

1860 4237 2134 4292 laudibus
2164 4235 2435 4292 veridicis
2463 4236 2712 4292 testibus
2742 4253 2930 4309 nuper
2957 4237 3513 4294 audivimus.Homo

1859 4325 2102 4398 quidam
2131 4323 2442 4398 religiosus
2474 4328 2531 4380 et
2559 4325 2730 4381 miles
2779 4326 3008 4382 abbatis
3056 4325 3352 4382 Voltensis
3382 4343 3512 4400 per-

1859 4415 2006 4470 rexit
2035 4413 2448 4486 Hierosolymis
2495 4431 2673 4470 causa
2718 4413 3000 4471 orationis
3057 4415 3130 4470 ad
3174 4415 3512 4488 sepulcrum

1860 4501 2119 4570 Domini;
2145 4519 2399 4574 cumque
2424 4503 2579 4558 idem
2604 4507 2986 4560 reverteretur
3005 4505 3078 4560 ad
3101 4504 3358 4578 prOpria,
3381 4522 3512 4578 per-

1860 4592 2010 4647 didit
2039 4591 2192 4648 viam
2227 4591 2365 4647 recti
2396 4591 2620 4649 itineris
2645 4610 2658 4648 :
2693 4593 2794 4666 qui
2833 4591 3138 4666 ingressus
3166 4593 3226 4649 in
3255 4595 3511 4666 quadam

1857 4681 2004 4736 silva
2033 4681 2239 4753 grandi
2271 4681 2519 4738 errando
2545 4683 2869 4756 vagabatur
2910 4683 3180 4739 nesciens
3231 4699 3348 4754 quo
3377 4683 3508 4738 iret.

1857 4770 2112 4842 Contigit
2143 4774 2336 4826 autem
2371 4773 2513 4825 nutu
2540 4769 2638 4826 Dei
2668 4771 2811 4826 dum
2840 4776 3059 4828 erraret
3087 4771 3145 4826 in
3173 4769 3410 4837 silva,ut
3428 4769 3515 4824 in-

1856 4859 2077 4915 veniret
2106 4861 2419 4932 quemdam
2455 4875 2654 4914 senem
2705 4859 3007 4915 eremitam
3067 4856 3509 4915 sanctissimum

1856 4949 2220 5004 virum.Cum
2254 4964 2388 5020 ergo
2417 4947 2661 5004 vidisset
2689 4964 2822 5003 eum
2841 4964 3017 5004 senex
3046 4947 3163 5014 ille,
3194 4945 3513 5019 interroga-

1857 5036 1938 5092 vit
1967 5036 2135 5092 illum
2167 5037 2300 5109 quis
2332 5039 2506 5102 esset,
2539 5041 2640 5092 aut
2691 5036 2829 5108 quid
2880 5039 3182 5108 quaereret,
3229 5033 3320 5091 vel
3353 5035 3510 5091 unde

1857 5125 2289 5199 veniret,quove
2320 5125 2627 5180 tenderet?
2656 5127 2728 5180 At
2759 5124 2856 5181 ille
2886 5123 3187 5179 humiliter
3215 5123 3511 5180 intimavit

1857 5216 1906 5272 ei
1941 5231 2180 5271 causam
2207 5213 2420 5272 erroris
2452 5219 2510 5270 et
2537 5215 2693 5270 unde
2721 5218 2896 5280 esset,
2929 5217 2986 5269 et
3022 5213 3177 5285 quod
3207 5213 3278 5268 de
3307 5213 3510 5269 Hiero-

1858 5303 2098 5377 solymis
2131 5303 2548 5374 rediret,seque
2579 5303 2732 5358 viam
2754 5302 2892 5358 recti
2913 5301 3138 5358 itineris
3161 5300 3507 5374 perdidisse.

1857 5394 2114 5448 Audiens
2145 5396 2339 5448 autem
2373 5391 2468 5446 ille
2517 5407 2693 5448 senex
2742 5391 2988 5448 eremita
3034 5391 3192 5463 quod
3222 5391 3294 5444 de
3323 5389 3512 5446 Gallia

1857 5486 2032 5550 esset,
2065 5480 2367 5555 inquisivit
2397 5480 2470 5536 ab
2501 5497 2569 5536 eo
2601 5499 2673 5536 an
2720 5481 2831 5538 sibi
2891 5484 3066 5538 notus
3123 5483 3182 5537 et
3237 5479 3510 5552 cognitus

1859 5572 2066 5631 fuisset
2096 5571 2256 5629 locus
2281 5569 2616 5644 Cluniacus,
2647 5575 2705 5631 et
2733 5571 2917 5632 abbas
2972 5569 3162 5650 ipsius
3207 5565 3340 5638 loci,
3373 5583 3514 5628 sau-
