4036 6160
525 306 646 388 8'79

1440 326 1502 386 s.
1552 325 1915 388 ODILONIS
1961 294 2530 386 eLUNIkCENeIs
2577 326 2904 389 ABBATIS
2949 329 3024 388 v.

3741 297 3831 396 δώ

530 462 662 516 ctus
691 457 856 516 Oililo
886 457 1138 516 nomine.
1169 455 1275 514 Cui
1332 457 1500 515 miles
1546 457 1646 514 ille
1693 456 2037 531 peregrinus
2084 473 2172 513 re-
2202 457 2257 524 Α
2285 461 2344 514 et
2375 457 2838 531 prrecipimus,ut
2867 462 2987 516 tam
3010 461 3191 516 inhoc
3215 460 3336 516 loco
3363 477 3521 534 quam
3553 463 3603 518 in
3628 468 3834 521 cunctius

529 548 769 623 spondit
787 547 896 604 sibi
929 547 1164 620 quidem
1183 546 1378 603 locum
1399 547 1595 621 ipsum
1617 553 1672 603 et
1696 548 1967 603 abbatem
1993 546 2178 620 ipsius

527 637 638 694 loci
669 653 798 694 esse
829 635 1212 709 incognitum,
1245 637 1348 693 sed
1400 641 1521 694 tam
1581 635 1946 709 frequentius
1984 653 2046 692 se
2077 653 2180 691 au-

527 726 686 783 disse
715 743 747 782 a
781 742 889 782 suo
919 725 1146 782 seniore
1198 725 1431 794 abbate,
1488 725 1711 782 scilicet
1757 726 1830 781 de
1856 724 2044 792 Volta,
2079 742 2178 780 su-

527 806 776 889 pradicti
807 813 916 871 loci
948 818 1124 888 atque
1153 815 1386 872 abbatis
1419 833 1481 873 se
1537 832 1688 872 esse.
1716 815 1802 870 Ad
1835 814 1957 870 hac
1988 814 2185 870 senior

530 903 676 960 dixit
705 903 793 961 ei:
824 905 932 976 Ego
961 903 1300 976 quod'mihi
1356 905 1422 962 de
1474 922 1534 962 eo
1585 906 1777 961 divina
1822 905 2002 977 pietas
2031 919 2180 959 reve-

531 993 946 1076 lavit,in_dicabo
977 993 1096 1050 tibi.
1132 996 1306 1052 Abbas
1350 995 1660 1068 supradicti
1687 995 1922 1050 caenobii
1961 1000 2184 1050 sanctus

535 1075 698 1142 O'dilo
727 1075 903 1142 tantae
957 1085 1298 1142 excellentiae
1351 1094 1403 1142 et
1463 1087 1608 1140 tanti
1663 1085 1852 1140 meriti
1905 1087 1985 1138 est
2038 1081 2185 1155 apud

527 1177 723 1244 Deum,
758 1181 820 1230 ut
847 1173 1149 1230 obtinuerit
1176 1175 1244 1228 ab
1293 1176 1428 1247 ipso,
1479 1173 1620 1246 quod
1672 1173 1820 1228 nulli
1863 1179 2182 1228 sanctorum

527 1277 774 1335 unquam
823 1279 1150 1334 concessum,
1185 1272 1245 1320 ut
1290 1263 1422 1319 duos
1468 1264 1694 1334 insuper
1746 1261 1879 1328 dies,
1937 1261 2187 1316 videlicet

531 1352 767 1408 secunda
793 1353 938 1424 feria
956 1361 1010 1408 et
1030 1353 1191 1408 tertia
1210 1353 1374 1424 feria,
1411 1352 1604 1408 liberte
1630 1351 1744 1406 sint
1769 1367 1953 1406 omnes
1977 1351 2187 1406 animte

531 1439 907 1513 defunctorum
935 1440 1180 1512 ﬁdelium
1221 1459 1253 1496 a
1299 1445 1693 1496 tormentorum
1739 1441 2009 1505 cruciatu,
2041 1439 2186 1493 etab

531 1529 786 1586 omnibus
817 1530 1076 1601 gehennae
1097 1529 1368 1586 incendiis
1407 1537 1566 1602 atque
1613 1529 1920 1600 suppliciis.
1959 1529 2032 1582 Tu
2060 1542 2187 1582 vero

531 1621 635 1698 viae
659 1627 772 1677 tute
799 1620 962 1675 citius
987 1618 1250 1688 recideris,
1285 1620 1400 1692 qui,
1454 1623 1514 1674 ut
1569 1619 1688 1675 haec
1741 1617 1962 1674 audires
2017 1634 2050 1672 a
2079 1632 2183 1682 me,

532 1709 808 1768 voluntate
833 1709 934 1766 Dei
953 1710 1260 1780 permissus
1307 1725 1362 1765 es
1397 1707 1692 1781 paululum
1722 1707 1787 1762 de
1833 1707 1924 1762 via
1953 1721 2183 1762 errasse.

2285 545 2431 603 locis
2462 549 2533 604 ad
2565 547 2746 603 istum
2777 548 2970 605 locum
3005 549 3423 622 pertinentibus
3470 556 3713 621 servetur,
3737 555 3839 610 etsi

2287 635 2440 692 alius
2473 636 2688 710 aliquis
2715 655 2782 694 ex
2822 639 2935 695 ista
2966 643 3164 696 nostra
3208 639 3358 694 ﬁdeli
3407 638 3696 696 inventione
3720 659 3842 699 sum-

2290 726 2474 798 pserit
2502 726 2856 799 exemplum,
2887 727 3174 801 particeps
3203 729 3456 784 omnium
3485 729 3729 786 bonorum
3751 731 3841 787 elﬁ-

2291 815 2794 872 ciaturvotorum.
2851 817 2996 890 Ergo
3037 816 3282 898 qualiter
3335 817 3578 872 omnium
3629 821 3846 877 memoria

2291 905 2772 961 Christicolarum
2807 905 2986 962 semel
3007 906 3064 962 in
3099 923 3248 962 anno
3265 911 3482 980 agatur,
3508 907 3789 964 monuimus
3803 916 3846 965 et

2287 993 2684 1067 praecipimus,
2738 995 2980 1068 dignum
3012 997 3264 1068 profecto
3296 995 3636 1064 ducimus,ut
3659 1013 3742 1069 pro
3777 1015 3848 1054 no-

2294 1089 2553 1140 strorum
2613 1085 2862 1140 fratrum
2917 1085 3228 1142 animabus
3282 1086 3392 1141 sub
3447 1085 3574 1141 almi
3624 1086 3846 1142 Benedicti

2293 1189 2503 1228 norma
2533 1173 2592 1228 in
2625 1173 2901 1230 cmnobiis
2931 1173 3176 1230 Domino
3205 1174 3597 1245 militantibus,
3619 1178 3673 1228 ut
3694 1173 3852 1230 divinis

2293 1260 2517 1334 aliquid
2549 1263 2844 1335 obsequiis
2866 1263 3001 1337 plus
3023 1281 3182 1320 more
3200 1263 3368 1320 solito
3390 1264 3853 1337 adaugeamus,nec-

2295 1368 2414 1406 non
2440 1352 2967 1409 utmemoriachari
2984 1353 3162 1409 nostri
3183 1353 3853 1427 imperatorisllenricicum

2295 1440 2520 1496 eisdem
2553 1441 2844 1514 praecipue
2881 1447 3091 1515 agatur
3147 1443 3573 1514 constituimus,
3603 1447 3657 1497 ut
3706 1442 3856 1498 merito

2297 1527 2600 1594 debemus,
2633 1529 2836 1586 multis
2865 1531 2936 1585 ab
2982 1530 3109 1604 ipso
3163 1530 3330 1586 ditati
3361 1532 3582 1604 opibus,
3613 1529 3790 1588 scilicet
3810 1531 3857 1585 ad

2294 1616 2556 1690 vigiliam
2591 1623 2956 1674 mortuorum
3009 1623 3140 1692 post
3171 1619 3505 1692 psalmum:
3537 1619 3607 1675 Ad
3646 1619 3859 1676 dominum

2295 1722 2423 1762 cum
2445 1707 2764 1778 tribularer,
2798 1708 2896 1780 qui
2928 1713 3060 1781 post
3091 1707 3366 1765 lectiones
3392 1707 3860 1776 recitatur,Domine,

536 1799 774 1872 Cumque
803 1799 864 1854 in
889 1798 1077 1870 patria
1110 1801 1206 1854 tua
1240 1813 1488 1854 reversus
1515 1797 1713 1869 fueris,
1744 1795 2058 1868 ubicunque
2083 1810 2186 1868 ρο·
2220 1831 2268 1895 Β
2297 1797 2429 1869 quid
2444 1798 3236 1870 multiplicatisunt,dicamus
3263 1799 3354 1865 ;ad
3380 1798 3679 1854 matutinas
3696 1796 3860 1864 laudes,

535 1889 686 1955 teris,
718 1903 914 1944 nomen
943 1887 1107 1960 hujus
1134 1889 1314 1944 sancti
1343 1885 1588 1943 0dilonis
1612 1885 1944 1956 divulgabis,
1975 1883 2189 1940 denun-

534 1979 680 2036 tians
706 1978 958 2034 omnibus
1010 1977 1344 2045 hominibus,
1404 1975 1670 2031 divitibus
1726 1979 1779 2031 et
1829 1974 2187 2047 pauperibus,

532 2068 838 2140 majoribus
866 2071 918 2124 et
947 2067 1275 2134 minoribus,
1307 2074 1369 2122 ut
1388 2066 1764 2138 unusquisque
1789 2079 1890 2136 pro
1917 2063 2032 2118 suis
2062 2063 2194 2118 viri-

539 2157 634 2212 bus
663 2159 934 2214 arationes
963 2163 1014 2212 et
1035 2157 1404 2228 eleemosynas
1433 2153 1685 2210 studeant
1723 2155 1902 2224 facere
1927 2169 2027 2224 pro
2070 2153 2190 2224 glo-

536 2246 843 2318 riﬁcaticne
875 2245 1032 2300 illius
1061 2246 1284 2314 animaa,
1308 2244 1466 2316 cujus
1499 2243 1884 2298 intercessione
1912 2241 2194 2311 singulari

535 2335 704 2392 etiam
759 2333 1026 2406 defunctis
1079 2333 1471 2404 peccatoribus,
1514 2334 1628 2388 sive
1681 2333 1849 2387 etiam
1895 2330 2187 2398 damnatis,

536 2427 653 2479 tam
683 2422 931 2479 inaudito
961 2431 1012 2478 et
1054 2427 1167 2478 tam
1217 2423 1453 2494 benigna
1505 2426 1666 2494 atque
1725 2420 2128 2476 inaestimabilis
2157 2436 2192 2474 α

533 2513 642 2569 Deo
671 2529 919 2569 concessa
943 2519 1023 2568 est
1075 2511 1478 2570 misericordia.
1513 2510 1662 2575 Quid
1691 2509 1827 2565 inde
1857 2509 2187 2564 faciendum

535 2601 614 2656 sit
643 2599 904 2674 sapietis,
937 2601 1297 2658 sanctissimi
1328 2601 1549 2656 Patres.
1583 2599 1797 2654 Scitote
1824 2602 2020 2654 tamen
2052 2596 2190 2668 quia

535 2689 698 2747 nulla
722 2689 1004 2748 remansit
1035 2689 1282 2747 ecclesia
1310 2689 1370 2759 in
1423 2688 1755 2755 Germania,
1779 2687 1878 2743 ubi
1913 2704 2026 2743 non
2060 2685 2190 2758 pul-

537 2779 682 2838 satis
711 2780 988 2837 omnibus
1019 2778 1206 2854 signis
1230 2778 1290 2834 in
1325 2777 1679 2852 supradictis
1725 2777 1954 2834 duobus
1985 2775 2196 2831 diebus

539 2868 777 2947 publica
806 2872 863 2925 et
891 2867 1228 2943 largissime
1280 2885 1386 2942 pro
1441 2869 1570 2940 ejus
1627 2866 1909 2922 charitatc
1936 2865 2086 2921 facta
2115 2864 2193 2922 sit

541 2948 929 3032 eleemosyna.
965 2979 994 3009 »

614 3048 738 3105 H3.
771 3047 916 3103 IIuic
937 3047 1193 3120 epistolae
1218 3045 1638 3120 subjungimus
1661 3045 1956 3100 decretum
1979 3044 2048 3099 de
2073 3047 2190 3098 tam

543 3135 758 3194 celebri
806 3135 1174 3192 institutione
1222 3153 1257 3191 a
1298 3135 1468 3190 beato
1529 3134 1738 3189 abbate
1797 3133 2039 3198 factum,
2063 3132 2190 3202 jam

2301 1889 2435 1958 post
2463 1891 2554 1942 De
2565 1887 2876 1958 profundis,
2931 1887 3231 1958 Usquequo,
3283 1889 3554 1952 Domine;
3598 1886 3662 1942 ad
3704 1885 3863 1960 Vespe-
3953 1885 3955 1932 4

2300 1991 2396 2030 ras
2425 1979 2557 2047 post
2614 1975 2818 2042 Lauda,
2852 1977 3040 2032 anima
3086 1993 3232 2042 mea,
3284 1977 3595 2043 Dominum,
3639 1976 3742 2032 Nisi
3775 1976 3864 2048 quia

2301 2065 2564 2120 Dominus
2585 2065 2910 2133 ;ad...Deus,
2937 2065 3169 2121 auribus
3198 2068 3424 2132 nostris,
3450 2071 3572 2139 post
3599 2066 3786 2121 Domine
3807 2080 3864 2120 re-

2296 2155 2802 2225 fugium.Dominus
2831 2156 2971 2226 regit
3000 2171 3122 2209 me:
3146 2154 3233 2210 Ad
3269 2155 3576 2225 Litaniam,
3602 2154 3772 2212 Indica
3794 2169 3865 2216 me,

2298 2242 2514 2314 Deus,el
2543 2243 2806 2298 discerne.
2868 2243 2938 2297 Et
2987 2243 3068 2298 ita
3119 2242 3318 2298 divina
3376 2244 3593 2300 favente
3644 2241 3867 2316 gratia,ut

2299 2331 2921 2402 prmmisimus,eorum
2954 2336 3163 2406 agatur
3193 2332 3480 2388 memoria
3497 2349 3594 2406 per
3620 2330 3784 2386 omnia
3808 2329 3868 2384 fu-

2299 2425 2432 2476 tura
2455 2425 2738 2492 tempora,
2770 2424 2889 2476 tam
2924 2420 2984 2475 in
3015 2421 3122 2476 hoc
3150 2419 3298 2486 loco,
3333 2437 3512 2493 quam
3566 2421 3621 2477 in
3662 2419 3870 2475 omnibus

2298 2509 2370 2565 ad
2402 2508 2558 2565 hunc
2589 2508 3056 2582 respicientibus.
3089 2532 3116 2560 ››

2370 2599 2493 2654 114.
2555 2599 2740 2670 Hujus
2797 2599 3052 2654 instituti
3118 2599 3392 2656 meminit
3447 2598 3721 2657 Ujalricus
3767 2595 3872 2651 libro

2298 2687 2798 2744 Consuetudinum
2832 2687 3334 2756 Cluniacensium,
3387 2706 3512 2762 cap.
3541 2690 3624 2756 42,
3653 2686 3756 2755 ubi,
3779 2700 3875 2741 cum

2298 2777 2514 2851 egisset
2543 2778 2614 2833 de
2645 2777 2952 2833 festivitate
2971 2777 3245 2834 Omnium
3263 2775 3807 2848 Sanctorum,subdit
3828 2772 3877 2826 de

2299 2867 2570 2938 sequenti
2600 2867 2713 2932 die,
2749 2867 3047 2922 decretum
3104 2883 3232 2923 esse
3291 2887 3328 2923 a
3377 2868 3545 2923 Patre
3592 2863 3878 2927 0dilone,ut

2300 2955 2454 3011 sicut
2483 2955 2540 3010 in
2575 2955 2755 3028 priori
2786 2955 2879 3010 die
2937 2956 3423 3012 commemoratio
3483 2955 3601 3012 fieri
3641 2953 3765 3011 solet
3787 2967 3876 3006 am-

2301 3041 2464 3098 nium
2497 3047 2854 3112 sanctorum,
2883 3044 2968 3100 sic
2998 3049 3056 3100 et
3103 3045 3162 3100 in
3203 3044 3481 3118 sequenti
3514 3045 3664 3100 ﬁeret
3687 3053 3878 3098 comme-

2299 3133 2548 3188 moratio
2581 3133 2845 3189 omnium
2895 3131 3158 3188 fidelium
3219 3134 3650 3190 defunctorum.
3691 3131 3807 3186 Tum
3831 3127 3880 3180 de

545 3217 786 3298 quidem
820 3223 1043 3281 editum
1075 3242 1110 3281 a
1155 3223 1407 3280 Chesnio
1455 3223 1516 3278 in
1574 3221 1932 3278 Bibliotheca
1960 3219 2192 3276 Clunia-
2222 3205 2264 3272 C
2304 3222 2605 3278 occasione
2637 3221 3007 3278 instituendas
3030 3222 3209 3295 hujus
3227 3221 3667 3280 consuetudinis
3694 3218 3762 3276 sic
3785 3230 3880 3290 pro-

542 3314 701 3371 censi
729 3332 742 3383 ;
768 3313 866 3368 sed
901 3312 1045 3368 illud
1076 3313 1190 3369 huc
1217 3311 1568 3384 proferimus
1612 3328 1679 3367 ex
1708 3311 1880 3367 veteri
1915 3327 2024 3366 ms.
2055 3309 2188 3365 Clu-

541 3401 838 3458 niacensis
863 3400 1225 3468 monasterii,
1250 3401 1310 3456 in
1339 3417 1454 3472 quo
1485 3400 1568 3456 sic
1609 3399 1892 3456 habetur:
1924 3423 1951 3451 ‹‹
1984 3399 2189 3455 Decre-

537 3493 667 3558 tum
697 3493 786 3547 est
809 3489 1198 3546 abeatissimo
1221 3490 1386 3546 Patre
1414 3489 1629 3545 domno
1651 3489 2040 3560 0dilone,una
2055 3505 2188 3544 cum

537 3595 832 3636 consensu
863 3583 921 3634 et
954 3582 1159 3651 rogatu
1217 3578 1483 3634 omnium
1539 3579 1787 3634 fratrum
1844 3578 2190 3635 Cluniacen-

537 3667 716 3738 sium,
751 3671 816 3724 ut
847 3666 998 3724 sicut
1025 3667 1084 3723 in
1107 3667 1369 3724 ecclesiis
1389 3667 1512 3734 Dei,
1557 3683 1682 3739 qua:
1718 3685 1820 3740 per
1843 3669 2042 3724 orbem
2075 3672 2188 3724 ter-

538 3773 738 3812 rarum
761 3755 934 3830 longe
963 3756 1193 3829 lateque
1223 3760 1570 3812 constructae
1593 3760 1751 3822 sunt,
1771 3755 1830 3812 in
1855 3757 1946 3812 die
1976 3757 2187 3812 Kalen-

537 3845 748 3902 darum
780 3845 1197 3902 Novembrium
1231 3845 1425 3920 agitur
1447 3845 1730 3901 festivitas
1748 3845 2021 3902 Omnium
2045 3850 2185 3900 San-

536 3933 875 4013 ctorum,ita
895 3935 1050 4008 apud
1075 3953 1179 3991 nos
1201 3940 1412 4008 agatur
1435 3935 1636 3990 festivo
1657 3952 1816 3992 more
1839 3951 2186 3992 commemo-

536 4022 684 4080 ratio
717 4024 984 4081 omnium
1019 4023 1281 4080 fidelium
1313 4025 1746 4093 defunctorum,
1783 4025 1882 4097 qui
1913 4025 1987 4079 ab
2018 4023 2187 4080 initio

534 4114 740 4170 mundi
775 4114 1012 4170 fuerunt
1042 4131 1227 4186 usque
1253 4113 1310 4170 in
1345 4115 1542 4182 finem,
1569 4113 1669 4169 tali
1703 4113 1896 4170 modo.
1930 4117 2060 4186 lpso
2094 4113 2186 4169 die

531 4203 1026 4286 supradicto,post
1057 4202 1381 4276 capitulum
1409 4203 1622 4258 facient
1643 4202 2069 4275 eleemosynam
2095 4201 2189 4256 dc-

529 4287 712 4348 canus
741 4295 799 4347 et
828 4289 1115 4348 cellerarii
1146 4291 1218 4347 de
1252 4307 1402 4364 pane
1432 4295 1490 4346 et
1519 4291 1651 4346 vino
1687 4290 1960 4346 omnibus
1987 4307 2186 4362 super-

526 4379 896 4446 venientibus
945 4381 1323 4454 pauperibus,
1357 4381 1509 4436 sicut
1569 4397 1694 4434 mos
1751 4384 1842 4436 est
1883 4379 2092 4451 agendi
2123 4379 2182 4434 in

527 4468 702 4524 Omna
733 4467 998 4538 Domini;
1027 4473 1084 4526 et
1135 4468 1421 4543 quidquid
1473 4467 1600 4540 ipso
1631 4467 1722 4525 die
1775 4484 1842 4524 ex
1872 4467 2184 4525 refectione

2301 3311 2604 3384 sequitur:
2643 3311 2788 3370 Unde
2805 3311 3066 3368 acciderit
3093 3311 3234 3383 quod
3271 3313 3378 3368 hoc
3402 3315 3530 3386 pius
3575 3317 3718 3368 Pater
3737 3304 3880 3362 consti-

2299 3403 2423 3468 tuit,
2443 3403 2542 3473 qui
2567 3401 2686 3474 ejus
2720 3403 2891 3457 Vitam
2914 3403 3130 3471 legerit,
3163 3401 3244 3456 ibi
3273 3403 3414 3458 bene
3433 3403 3532 3458 hoc
3551 3404 3713 3474 ipsum
3734 3408 3878 3466 cogno-

2296 3507 2446 3546 scere
2469 3498 2661 3563 potest.
2696 3491 2830 3556 Qute
2859 3489 3114 3546 Udalriei
3141 3491 3322 3547 verba
3354 3491 3690 3548 confirmant
3715 3503 3769 3544 ea
3791 3497 3880 3556 que

2298 3581 2357 3634 in
2391 3584 2641 3652 utraque
2683 3579 2832 3635 beati
2883 3579 2994 3634 viri
3043 3579 3176 3636 Vita
3235 3581 3307 3636 de
3357 3581 3468 3636 hac
3529 3595 3586 3635 re
3637 3577 3878 3632 habentur.

2299 3670 2667 3742 Sutl‘ragatur
2695 3685 2925 3741 quoque
2971 3667 3290 3724 Gaufridus
3345 3671 3507 3742 prior
3559 3663 3812 3724 Vosiensis
3839 3658 3880 3712 in

2298 3757 2939 3830 Chronico,cap.l2,ubi
2965 3757 3046 3814 ait
3077 3757 3388 3814 Odilonem
3413 3759 3598 3814 divina
3629 3752 3882 3811 reuelatione

2296 3846 2626 3904 instituisse
2647 3851 2851 3920 festum
2879 3847 3284 3918 defunctorum,
3320 3848 3482 3921 quod
3522 3854 3633 3920 post
3679 3839 3882 3916 festivita-

2297 3943 2402 3991 tem
2431 3938 2680 3992 omnium
2707 3943 3021 3992 sanctorum
3049 3935 3366 4004 celebravit,
3408 3943 3460 3992 et
3507 3936 3605 3990 toti
3649 3928 3802 3986 ordini
3819 3937 3886 3977 $80

2295 4025 2678 4081 celebrandum
2711 4025 2940 4080 indixit.
2963 4027 3096 4091 Quae
3128 4024 3429 4080 institutio
3461 4022 3616 4079 brevi
3635 4017 3765 4094 apud
3788 4011 3888 4069 alias

2297 4130 2530 4186 quoque
2559 4113 2848 4169 Ecclesiae
2895 4112 3160 4180 invaluit,
3192 4117 3257 4169 ut
3317 4114 3474 4168 inter
3524 4111 3661 4167 alios
3705 4105 3889 4161 testatur

2295 4202 2634 4275 Sigebertus
2687 4201 3126 4257 Gemblacensis
3159 4203 3494 4258 monachus
3533 4201 3590 4256 in
3645 4189 3886 4254 Chronico.

2294 4291 2395 4347 ubi
2426 4296 2559 4364 post
2591 4291 2829 4347 relatam
2855 4291 2925 4346 ad
2952 4307 3170 4346 annum
3195 4291 3304 4346 928
3365 4308 3548 4363 supra
3575 4285 3884 4344 memoratam

2293 4379 2603 4448 visionem,
2639 4384 2696 4434 et
2727 4377 2992 4434 ()dilonis
3023 4379 3094 4434 de
3137 4377 3497 4434 celebranda
3547 4374 3886 4432 defunctorum

2294 4470 2578 4526 memoria
2607 4468 3111 4534 constitutionem,
3170 4467 3522 4542 subjungit:
3557 4467 3656 4535 Qui
3689 4462 3809 4517 ritus
3835 4451 3888 4506 ad

526 4557 774 4613 fratrum
809 4557 1158 4614 remanserit
1197 4559 1269 4614 ad
1315 4559 1652 4632 prandium,
1683 4574 1751 4613 ex
1782 4557 2008 4630 integro
2035 4557 2180 4612 reci-
2213 4578 2260 4644 Β
2292 4559 2494 4614 multas
2553 4559 2804 4614 ecclesias
2870 4557 3160 4624 transiens,
3239 4556 3498 4626 ﬁdelium
3577 4554 3887 4626 deluan

523 4643 650 4716 piat
679 4643 1198 4720 eleemosynarius,
1231 4647 1346 4703 nisi
1379 4651 1607 4703 tantum
1642 4662 1853 4719 panem
1895 4649 1950 4702 et
1975 4646 2179 4702 vinum

523 4750 652 4809 quas
683 4751 787 4807 pro
815 4751 980 4796 coena
1008 4734 1406 4808 recipiethso
1427 4736 1607 4792 etiam
1629 4736 1722 4790 die
1743 4738 1876 4808 post
1905 4736 2179 4808 vesperti-

523 4823 717 4880 nalem
747 4823 1013 4898 synaxim
1045 4823 1360 4898 pulsentur
1405 4825 1604 4881 omnia
1651 4825 1838 4898 signa,
1871 4827 1928 4880 et
1970 4830 2181 4897 agatur

519 4911 786 4986 Vespera:
817 4931 922 4987 pro
953 4913 1267 4970 defunctis.
1291 4914 1356 4970 In
1389 4913 1642 4970 crastino
1673 4917 1868 4969 autem
1902 4918 2036 4986 post
2057 4914 2176 4969 Ma-

520 5001 742 5059 tutinas
771 5002 1080 5077 pulsentur
1127 5005 1320 5059 denuo
1375 5003 1574 5058 omnia
1626 5003 1814 5076 signa,
1875 5005 1932 5057 et
1971 5007 2180 5074 agatur

519 5090 779 5159 officium
793 5108 898 5164 pro
919 5091 1212 5148 defunctis
1239 5093 1330 5160 ;ad
1361 5091 1603 5148 missam
1620 5109 1754 5147 vero
1769 5091 2177 5149 matutinalem

517 5177 724 5235 festivo
755 5196 916 5236 more
947 5185 1154 5254 agatur
1183 5181 1468 5248 officium,
1493 5179 1692 5236 omnia
1744 5181 1916 5252 signa
1946 5179 2178 5254 pulsen-

517 5269 640 5339 tur,
670 5271 922 5324 tractum
955 5287 990 5325 a
1036 5270 1264 5327 duobus
1314 5271 1594 5327 fratribus
1653 5275 1938 5326 cantetur.
1971 5270 2176 5327 Cuncti

515 5354 727 5412 fratres
751 5355 997 5428 offerant
1025 5358 1292 5430 privatim
1317 5377 1331 5426 ;
1361 5363 1419 5415 et
1475 5359 1708 5432 publice
1751 5359 1997 5414 missam
2025 5359 2174 5416 cele-

514 5443 688 5500 brent
714 5461 819 5518 pro
851 5444 1053 5518 requie
1109 5446 1376 5502 omnium
1427 5447 1760 5503 animarum
1809 5445 2092 5512 fidelium,
2118 5452 2175 5504 et

514 5531 826 5608 duodecim
858 5549 1144 5605 pauperes
1173 5533 1606 5592 reficiantur.Et
1638 5540 1702 5590 ut
1731 5536 1840 5592 hoc
1873 5535 2170 5593 decretum

507 5619 862 5702 perpetuum
892 5619 1144 5702 vigorem
1177 5623 1457 5694 obtineat,
1484 5623 1760 5684 volumus
1803 5630 1859 5681 et
1885 5623 2164 5701 petimus,

2288 4649 2613 4704 memoriam
2640 4646 3001 4702 solem-nixari
3021 4647 3170 4717 fecit.
3206 4645 3269 4699 Id
3318 4663 3356 4701 a
3402 4646 3646 4718 Notgero
3673 4637 3887 4718 θρίεεοΡΡ

2289 4735 2350 4790 in
2381 4735 2616 4792 dimcesi
2648 4734 2951 4792 Leodiensi
2987 4715 3284 4806 receptum
3318 4733 3507 4790 fuisse
3523 4715 3720 4786 'monet
3735 4715 3888 4780 Auset-

2290 4841 2449 4893 mus,
2479 4825 2746 4897 ejusdem
2807 4821 3063 4879 ecclesiae
3122 4823 3468 4892 canonicus,
3519 4819 3698 4893 capite
3741 4813 3814 4876 53,
3845 4806 3887 4860 in

2289 4914 2480 4970 Gestis
2508 4913 2852 4986 pontiﬁcum
2882 4911 3429 4980 Leodiensium,ubi
3463 4915 3596 4984 post
3622 4900 3885 4986 expositam

2288 5001 2470 5076 hujus
2500 4981 2891 5060 solemnitatis
2936 5019 2971 5057 a
3019 5005 3222 5058 sancto
3272 4981 3520 5057 Odilone
3575 4981 3886 5053 instituenda

2289 5095 2682 5160 occasionem,
2717 5091 3024 5164 subjungit
3067 5107 3194 5148 eam
3226 5090 3405 5146 variis
3437 5089 3498 5144 in
3530 5079 3778 5143 Ecclesiis
3797 5078 3886 5170 sta,-

2287 5181 2396 5238 tim
2427 5186 2719 5254 receptam
2751 5179 2952 5248 fuisse,
2987 5183 3134 5248 tum,
3161 5197 3326 5254 quam
3356 5178 3571 5252 inquit,
3599 5160 3884 5254 consuetudi-

2285 5288 2414 5326 nem
2443 5251 2613 5327 etiam
2640 5271 2915 5342 episwpus
2947 5267 3151 5324 Christi
3165 5251 3182 5254 ν
3205 5251 3473 5340 Notgerus
3519 5263 3588 5320 ad
3615 5275 3756 5317 suam
3780 5251 3882 5308 dit?"

2283 5363 2446 5416 cesim
2477 5361 2786 5424 transtulit,
2815 5373 3040 5430 eamque
3069 5358 3385 5414 solemniter
3412 5357 3541 5428 ﬁeri
3570 5343 3836 5438 culinam}...

2357 5449 2480 5505 H5.
2511 5447 2871 5504 Trithemius
2903 5429 2962 5502 in
3001 5445 3178 5503 veteri
3219 5445 3479 5502 editione
3509 5435 3756 5498 Chronici
3783 5429 3882 5485 Hir-

2283 5535 2614 5611 saugiensis
2647 5539 2946 5592 decretum
2997 5551 3065 5592 ea
3121 5535 3190 5592 de
3248 5549 3306 5590 re
3355 5551 3391 5590 a
3449 5534 3644 5590 sancto
3686 5519 3882 5611 Οάὶἰίξῐξθ

2281 5605 2505 5686 factum
2535 5625 2843 5702 consignat
2870 5641 3024 5682 anno
3046 5623 3222 5694 401ος
3257 5639 3376 5699 quo
3423 5636 3576 5680 anno
3613 5613 3789 5675 narrat
3811 5605 3883 5662 hi-
