4020 6180
221 327 346 407 881

1751 340 2128 407 ELOGIUM.

3530 352 3652 424 882

231 463 479 522 storiam
509 462 807 541 vulgatam
834 469 1217 544 eremitae,qui
1250 470 1387 530 huic
1417 471 1768 530 institutioni
1796 491 1885 531 oc-
1911 476 1965 545 Α
1997 475 2243 536 Odilonis
2278 483 2511 553 paterno
2567 481 2799 558 imperio
2855 485 3110 546 obediens
3186 486 3421 564 scripsit
3474 498 3651 566 Syrus

230 554 532 610 casionem
566 557 882 629 praebuisse
920 559 1152 615 dicitur.
1186 562 1333 617 Eum
1365 579 1495 618 vero
1524 561 1885 620 inhabitasse

228 643 435 700 scribit
453 662 717 701 eremum
741 649 911 719 juxta
941 654 1198 706 montem
1229 650 1450 709 (Ethna:
1505 670 1608 709 seu
1638 652 1883 710 Vulcani

229 734 290 789 in
350 734 550 790 Sicilia
600 736 800 793 situm.
834 738 964 793 Haec
1021 740 1246 809 eadem,
1281 741 1382 797 sed
1430 741 1604 813 paulo
1664 743 1878 813 fusius,

230 824 438 896 repetit
470 824 526 879 in
562 843 709 881 nova
741 827 1006 898 ejusdem
1040 828 1308 885 Chronici
1339 830 1592 887 editione
1633 832 1880 905 Sangal-

225 910 399 977 lensi,
432 913 543 969 nisi
570 915 723 986 quod
754 914 880 971 loco
909 918 1162 973 eremitze
1186 919 1539 975 monachum
1564 922 1878 992 quemdam

224 1001 601 1074 peregrinum
655 1020 685 1059 e
715 1003 1083 1063 Cluniacensi
1123 1007 1348 1063 familia
1389 1008 1633 1065 inducit.
1668 1011 1879 1066 Subdit

220 1091 435 1147 deinde
485 1092 824 1150 institutum
883 1094 1027 1151 illud
1075 1114 1109 1151 a
1155 1097 1378 1153 Joanne
1401 1098 1575 1155 XVIII
1605 1100 1877 1171 pontiﬁce

216 1180 486 1236 Romano
504 1183 918 1241 confirmatum
948 1184 1146 1241 fuisse.
1176 1186 1338 1253 Quod
1367 1187 1564 1259 potius
1604 1189 1675 1243 ad
1705 1188 1876 1245 Joan-

216 1286 356 1326 nem
389 1270 509 1327 ΧΙΧ
540 1271 735 1327 referri
767 1274 959 1339 debet,
978 1274 1027 1329 si
1060 1274 1180 1331 haec
1213 1275 1340 1347 ipsa
1371 1276 1712 1332 constitutio
1745 1281 1876 1349 post

215 1359 458 1416 IIenrici
485 1360 731 1433 Augusti
762 1363 1009 1432 obitum,
1028 1368 1089 1419 ut
1117 1364 1175 1419 in
1200 1360 1431 1421 decreto
1454 1382 1488 1421 a
1509 1366 1677 1423 nobis
1699 1384 1874 1439 supe-

214 1448 345 1505 rius
381 1448 616 1505 laudato
648 1449 881 1507 disertis
923 1454 1118 1508 verbis
1166 1453 1436 1522 habetur,
1469 1456 1621 1511 facta
1664 1456 1870 1525 fuerit;

209 1538 513 1612 siquidem
534 1540 791 1597 Joannes
813 1541 989 1598 XVIII
1010 1544 1138 1614 jam
1172 1560 1202 1599 e
1235 1543 1375 1599 vivis
1423 1551 1752 1601 excesserat
1798 1546 1870 1602 ab

204 1628 444 1701 aliquot
472 1630 664 1697 annis,
696 1647 832 1686 cum
855 1637 1092 1688 sanctus
1115 1633 1396 1689 Henricus
1418 1634 1582 1689 obiit.
1613 1634 1869 1708 Longius

204 1735 242 1773 a
270 1735 414 1775 vero
444 1720 801 1792 abest,quod
831 1719 892 1775 in
917 1722 1089 1776 veteri
1123 1722 1533 1795 Martyrologio
1562 1724 1781 1780 Adonis
1801 1740 1871 1779 ex

198 1805 545 1862 Corbeiensi
603 1807 791 1862 sancti
839 1807 1135 1863 Laurentii
1184 1808 1565 1880 przepositura
1618 1810 1870 1871 habetur

200 1894 305 1951 bis
333 1895 531 1952 verbis
564 1913 576 1949 :
610 1913 668 1951 1v
695 1897 875 1952 Nonas
894 1896 1423 1954 Novembris...item
1454 1901 1568 1971 ipso
1597 1900 1686 1955 die
1712 1917 1868 1971 gene-

195 1986 347 2041 ralis
373 1986 638 2041 memoria
665 1985 912 2056 ﬁdelium
934 1985 1334 2058 defunctorum,
1348 1990 1643 2044 constituta
1658 2007 1692 2044 a
1715 1991 1866 2046 beato

198 2071 460 2139 Odilone,
493 2076 830 2130 auctorisata
863 2091 985 2130 vero
1032 2083 1083 2131 et
1130 2078 1453 2148 conﬁrmata
1476 2094 1511 2131 a
1558 2077 1866 2135 beatissimo

191 2179 353 2234 papa
381 2164 568 2231 Leone,
608 2180 755 2219 anno
784 2164 852 2219 ab
882 2166 1263 2221 incarnatione
1304 2166 1527 2221 Domini
1568 2167 1865 2224 millesimo

194 2252 461 2308 secundo.
496 2252 611 2308 Hoc
635 2252 851 2325 quippe
881 2270 1034 2308 anno
1064 2253 1356 2322 Silvester,
1392 2271 1506 2309 non
1556 2271 1691 2309 vero
1727 2255 1859 2323 Leo,

196 2341 411 2399 Romae
439 2342 697 2398 sedebat.
729 2342 837 2398 Sed
869 2360 1031 2398 error
1060 2345 1150 2398 est
1179 2343 1425 2399 fortasse
1457 2343 1856 2411 amanuensis,

196 2431 311 2503 qui
352 2447 554 2486 vocem
602 2433 1053 2504 quinquagesimo
1099 2436 1331 2488 incaute
1379 2432 1660 2489 omiserit.
1693 2435 1858 2490 Anno

196 2519 430 2594 quippe
458 2520 639 2592 hujus
689 2520 883 2577 saeculi
934 2523 1190 2578 secundo
1240 2539 1419 2594 supra
1441 2521 1858 2595 quinquagesi-

197 2627 373 2665 mum
409 2611 520 2666 Leo
549 2610 618 2667 IX
643 2610 729 2666 vir
756 2610 1171 2667 sanctissimus
1194 2612 1515 2667 Romanam
1544 2611 1856 2668 Ecclesiam

192 2699 463 2770 regebat.

429 2789 494 2844 X.
529 2787 684 2845 Odilo
713 2788 896 2844 studia
922 2793 1217 2860 promovet.
1250 2789 1380 2860 Ejus
1407 2790 1631 2860 scripta.

276 2879 401 2934 116.
417 2877 720 2934 Odilonem
740 2877 1067 2933 litterarum
1083 2877 1385 2933 scientiam
1404 2896 1536 2933 cum
1557 2879 1855 2935 honestate

192 2984 439 3024 morum
474 2966 530 3021 in
564 2984 625 3022 se
658 2966 784 3038 ipso
816 2967 1469 3039 conjunxisse,probant
1488 2984 1555 3023 ea
1575 2984 1703 3038 qua)
1726 2968 1850 3037 jam

188 3058 269 3113 dc
304 3056 493 3129 ipsius
523 3056 838 3113 virtutibus
869 3055 1123 3112 diximus
1171 3060 1227 3112 et
1273 3073 1447 3128 opera
1491 3073 1617 3127 qua:
1649 3056 1849 3111 edidit.

190 3143 408 3199 studia
435 3162 568 3200 vero
597 3144 771 3201 etiam
798 3144 853 3199 id
882 3145 1007 3199 suis
1047 3144 1403 3216 approbasse
1452 3143 1736 3201 discimus
1785 3162 1853 3201 ex

1995 569 2339 625 monachus.
2374 572 2589 630 Caetera
2616 574 2965 643 omittimus,
2996 582 3059 634 ut
3107 579 3376 638 dicamus
3421 581 3646 655 aliquid

1992 656 2062 712 de
2095 658 2363 729 ipsismet
2393 661 2543 717 beati
2573 663 2801 720 abbatis
2834 667 3106 739 operibus
3138 673 3196 725 et
3225 669 3510 728 doctrina.

2064 747 2184 802 117.
2219 748 2480 806 Odilonis
2498 750 2892 825 eloquentiam
2914 753 3115 813 laudat
3133 758 3295 814 Abbo
3320 758 3641 819 Floriacen-

1990 833 2073 891 sis
2117 837 2299 893 abbas
2360 838 2418 894 in
2472 840 2718 913 epistola
2763 844 3034 915 superius
3064 845 3319 904 laudata.
3339 848 3641 908 Jotsaldus

1988 940 2120 980 vero
2147 927 2410 998 eiusdem
2444 929 2501 984 in
2532 930 2850 1003 Scripturis
2895 934 3286 993 eruditionem
3333 942 3390 993 et
3436 938 3497 993 in
3527 956 3640 996 ser-

1988 1029 2160 1068 mone
2194 1014 2525 1073 facundiam
2552 1017 2821 1091 pluribus
2850 1025 3226 1081 commendat
3245 1026 3306 1081 in
3336 1027 3466 1099 ejus
3482 1028 3635 1085 Vita.

1986 1101 2263 1173 Ejusdem
2292 1107 2696 1165 exhortationes
2742 1109 2945 1167 laudat
2993 1112 3196 1171 Petrus
3242 1114 3533 1173 Blesensis
3576 1118 3635 1173 in

1984 1191 2229 1264 epistola
2259 1194 2380 1261 123,
2398 1213 2523 1268 qua:
2555 1203 2643 1253 est
2672 1200 2743 1255 ad
2778 1200 3134 1258 Richardum
3164 1204 3635 1263 Londoniensem

1983 1281 2345 1353 episcopum,
2366 1285 2464 1341 ubi
2497 1287 2670 1342 refert
2695 1288 2919 1361 aliquot
2949 1291 3137 1348 sancti
3161 1293 3391 1350 abbatis
3411 1293 3538 1351 loca
3563 1296 3636 1352 de

1984 1370 2356 1428 sanctissimo
2404 1374 2782 1433 Eucharistize
2831 1384 3217 1438 sacramento.
3253 1382 3632 1455 Tritbemius,

1984 1458 2084 1529 qui
2115 1461 2243 1531 ejus
2275 1460 2643 1520 solummodo
2675 1482 2976 1523 sermones
3006 1469 3246 1538 viderat,
3268 1484 3404 1527 eum
3434 1476 3632 1529 tamen

1982 1554 2242 1604 recenset
2262 1550 2415 1607 inter
2438 1552 2591 1609 viros
2618 1554 2821 1611 doctos
2852 1556 2954 1628 qui
2977 1558 3189 1616 saculo
3208 1576 3264 1615 x1
3289 1559 3631 1617 ﬂoruerunt.

1980 1634 2180 1692 Eidem
2212 1654 2346 1694 cum
2377 1639 2449 1695 iis
2479 1642 2581 1713 qui
2612 1646 2741 1698 ortu
2772 1648 2830 1700 et
2853 1645 3121 1703 doctrina
3148 1646 3414 1720 insignes
3443 1653 3629 1717 erant,

1979 1722 2172 1781 locum
2203 1729 2494 1785 concessit
2523 1729 2768 1786 Platina.
2802 1734 2877 1788 Ad
2912 1733 3128 1790 calcem
3162 1737 3375 1793 veteris
3413 1737 3630 1796 codicis

1981 1830 2091 1869 ms.
2123 1814 2383 1873 ecclesias
2408 1818 2736 1876 Aniciensis
2770 1825 3000 1879 exstant
3030 1824 3292 1881 nonnulli
3324 1836 3526 1884 versus
3556 1828 3628 1884 de

1977 1900 2253 1960 laudibus
2283 1906 2469 1961 sancti
2502 1907 2718 1977 Maioli,
2751 1910 2852 1981 qui
2884 1910 3053 1968 beato
3087 1912 3315 1970 Odiloni
3360 1914 3626 1987 inscripti

1975 1995 2131 2047 sunt.
2164 1996 2385 2050 Horum
2425 1995 2648 2067 aliquot
2697 1998 3068 2071 proferimus,
3100 2000 3161 2057 in
3211 2002 3427 2076 quibus
3468 2004 3624 2060 beati

1973 2079 2079 2135 viri
2110 2082 2375 2139 doctrina
2402 2083 2678 2143 laudatur
2709 2103 2722 2143 :
3390 2102 3393 2107 '
3572 2100 3577 2107 ·

2066 2196 2285 2267 deelio
2320 2198 2538 2267 domino
2572 2201 2727 2267 Patri,
2759 2204 3026 2267 probitate
3056 2207 3298 2267 colendo,

2064 2260 2317 2331 Qogmate
2347 2263 2646 2331 perspicuo,
2679 2260 2860 2331 div-inc
2880 2282 3106 2319 munere
3136 2260 3290 2331 fulto,

2063 2322 2228 2394 Quem
2258 2322 2754 2394 Domini'l’heebum
2782 2328 2872 2394 dat
2900 2331 3056 2379 nobis
3084 2322 3289 2382 ouoma
3310 2333 3572 2394 Graecum,

2061 2384 2193 2464 Cum
2222 2400 2388 2464 grege?
2413 2389 2713 2464 cqmmissq
2724 2391 2851 2464 Regi
2874 2396 3123 2464 parente
3140 2408 3394 2464 superno,

2066 2446 2216 2495 Hunc
2243 2446 2429 2499 omnes
2459 2450 2648 2501 fratres
2676 2446 2897 2503 Domini
2916 2456 3071 2504 matri
3098 2446 3416 2508 famulantes

2064 2508 2253 2559 V'allari
2275 2512 2527 2576 rogitant,
2558 2519 2611 2563 et
2639 2517 2919 2578 pervenire
2948 2522 3255 2582 percptant,
3280 2524 3378 2571 etc.

1967 2615 2184 2673 Omitto
2214 2622 2478 2676 auctores
2508 2622 2606 2694 qui
2648 2622 2905 2679 virorum
2956 2623 3274 2682 illustrium
3323 2628 3617 2703 catalogos

1967 2710 2341 2775 contexuere;
2362 2712 2421 2763 at
2452 2710 2652 2765 mirari
2685 2711 2829 2768 satis
2861 2730 2975 2770 non
2998 2730 3317 2786 possumus
3335 2716 3491 2773 beati
3507 2718 3614 2773 viri

1966 2792 2379 2863 humilitatem,
2414 2798 2513 2868 qui
2547 2799 2895 2872 sibimetipsi
2945 2801 3025 2857 ita
3069 2802 3201 2858 vilis
3244 2807 3301 2859 et
3348 2805 3612 2879 abiectus

1963 2883 2287 2951 videbatur,
2324 2888 2386 2940 ut
2413 2885 2604 2942 Vitam
2635 2887 2969 2946 Adheleidis
2999 2891 3408 2964 imperatricis,
3432 2911 3611 2967 quam

1964 2971 2159 3027 Basilii
2195 2976 2252 3028 et
2276 2973 2608 3047 Hieronymi
2634 2993 2793 3033 more
2830 2980 3185 3051 Epitaphium
3231 2983 3610 3055 nuncupavit,

1964 3075 2025 3114 se
2058 3059 2182 3115 ideo
2213 3061 2403 3117 solum
2437 3063 2773 3135 scripsissse
2797 3068 2896 3122 vili
2925 3069 3179 3141 brevique
3197 3086 3445 3128 sermone
3458 3071 3614 3128 dixe-

1963 3147 2055 3216 rit,
2090 3153 2153 3203 ut
2183 3149 2547 3208 occasionem
2581 3154 2861 3224 praeberet
2884 3155 3060 3212 alicui
3099 3156 3221 3214 viro
3263 3159 3489 3216 erudito
3538 3161 3613 3217 de

194 3232 274 3288 iis
304 3251 434 3305 qua:
464 3234 536 3289 ad
566 3233 663 3289 illa
692 3235 1085 3305 promovenda
1115 3235 1187 3289 ab
1216 3251 1282 3289 eo
1312 3234 1460 3289 facta
1491 3232 1671 3289 fuisse
1697 3234 1849 3305 apud
1884 3220 1926 3287 C
1969 3242 2082 3291 tam
2116 3244 2320 3294 sancta
2349 3220 2718 3312 imperatrice
2739 3243 2914 3315 digne
2934 3249 2992 3300 et
3020 3251 3615 3320 eompetenter,prout

192 3328 464 3378 vetustos
486 3327 752 3379 auctores
784 3322 1004 3395 passim
1042 3322 1312 3395 legimus.
1339 3323 1502 3378 Certe
1532 3322 1694 3377 Abbo
1727 3322 1853 3377 Flo-

194 3411 487 3468 riacensis
517 3413 823 3479 abbas,v1r
855 3411 1089 3468 illorum
1122 3416 1452 3483 temporum
1476 3411 1783 3467 sanctitate
1800 3415 1857 3467 et

192 3500 469 3557 doctrina
479 3499 1151 3573 celeberrimus,scripsit
1164 3500 1469 3573 epistolam
1483 3500 1853 3573 prolixiorem

197 3590 277 3646 ad
308 3591 617 3660 cujusdam
642 3590 907 3645 monachi
930 3589 1330 3647 Cluniacensis
1357 3592 1558 3646 attenti
1575 3595 1627 3646 et
1660 3590 1854 3646 docilis

198 3679 569 3751 petitionem,
596 3679 660 3735 de
691 3681 1011 3751 repetitione
1038 3680 1311 3735 similium
1352 3696 1723 3749 numerorum,
1757 3683 1856 3752 qui

194 3769 471 3825 habentur
522 3770 865 3840 frequentius
924 3770 983 3823 in
1038 3770 1339 3825 canonibus
1396 3771 1849 3839 Evangelz’orum.

199 3861 387 3925 Quam
419 3858 659 3930 quidem
691 3858 1074 3930 quazstionem
1105 3875 1167 3913 se
1202 3859 1514 3913 mandasse
1536 3858 1854 3931 scriptis,et

200 3947 514 4019 prolixiora
546 3965 813 4004 sermone
860 3947 1198 4019 exposuisse
1240 3950 1509 4013 testatur,
1542 3948 1698 4019 quod
1752 3963 1852 4003 ne-

200 4036 490 4108 quivisset
520 4034 601 4090 illi
630 4053 698 4091 ex
728 4041 989 4108 tempore
1020 4037 1205 4092 facere
1231 4036 1536 4101 satis,tum
1560 4037 1633 4092 ob
1667 4037 1852 4108 ipsius

206 4123 543 4196 quaastionis
575 4123 1135 4189 difficultatem,tum
1166 4124 1317 4197 quod
1354 4128 1585 4196 tempus
1616 4126 1686 4181 ad
1712 4125 1854 4181 inte-

206 4229 367 4285 gram
401 4212 560 4269 illius
585 4213 1051 4286 explanationem
1078 4230 1193 4269 non
1222 4213 1547 4269 suffecisset
1581 4231 1595 4269 :
1630 4230 1697 4268 ex
1737 4231 1851 4285 quo

212 4308 363 4374 patet
405 4303 760 4359 monachum
807 4301 974 4357 illum
1018 4303 1090 4357 ad
1131 4298 1489 4358 difﬁciliores
1538 4303 1850 4375 Scriptura:

214 4407 381 4447 sacra:
412 4392 764 4465 quzestiones
790 4391 1128 4447 enodandas
1158 4391 1423 4446 animum
1475 4391 1849 4463 applicuisse.

215 4481 423 4537 Studiis
453 4480 630 4537 etiam
661 4479 915 4536 historia:
947 4480 1365 4536 incumbebant
1404 4480 1671 4536 monachi
1718 4481 1851 4537 Clu-

220 4569 508 4626 niacenses
540 4571 651 4625 sub
680 4570 833 4625 beati
865 4568 1127 4625 Odilonis
1154 4568 1459 4641 regimine,
1494 4574 1557 4624 ut
1588 4573 1743 4641 patet
1783 4587 1851 4625 ex
1882 4591 1928 4655 Β

219 4657 395 4715 Glabri
431 4660 550 4715 Red
564 4659 661 4714 ulti
693 4658 963 4729 Hisloria,
984 4658 1221 4731 ipsimet
1239 4657 1467 4715 Odiloni
1493 4664 1846 4731 nuncupata,

222 4763 498 4821 quamque
529 4766 593 4805 se
614 4748 941 4820 suscepisse
963 4747 1333 4803 scribendam
1348 4746 1560 4803 Glaber
1584 4751 1854 4813 testatur,

221 4838 571 4894 studiosorum
624 4842 869 4910 fratrum
936 4838 1295 4909 querimoniis
1362 4836 1697 4903 excitatum,
1756 4836 1855 4908 qui

224 4941 357 4997 aegre
386 4928 650 4983 ferebant
682 4926 976 4982 neminem
998 4925 1266 4992 inveniri,
1300 4925 1399 4997 qui
1434 4941 1676 4981 suorum
1708 4928 1855 4980 tem-

227 5029 413 5084 porum
444 5021 686 5073 eventus
706 5021 825 5071 tam
853 5018 909 5071 in
937 5016 1177 5071 ecclesiis
1208 5017 1304 5071 Dei
1332 5032 1495 5087 quam
1518 5016 1577 5069 in
1602 5015 1856 5086 plebibus

229 5107 529 5173 posteritati
581 5105 1038 5174 commendaret,
1070 5109 1198 5159 tum
1244 5103 1388 5159 dicit
1428 5120 1489 5159 se
1534 5103 1640 5159 hac
1693 5103 1749 5157 in
1795 5118 1856 5158 re

229 5193 466 5250 Odilonis
494 5194 856 5266 prwceptioni
883 5210 946 5250 ac
973 5195 1217 5264 fratrum
1261 5194 1535 5248 voluntati
1581 5192 1855 5247 obedien-

229 5283 300 5335 tes
329 5282 685 5355 preestitisse.
720 5284 783 5338 Et
816 5300 887 5338 ne
917 5282 1049 5354 quis
1079 5283 1324 5338 fortasse
1355 5285 1517 5353 putet
1547 5281 1696 5336 hanc
1728 5281 1858 5336 His-

226 5372 412 5427 toriam
446 5390 550 5444 pro
582 5371 884 5427 monachis
930 5372 1211 5443 scriptam
1254 5389 1364 5425 non
1415 5371 1615 5437 fuisse,
1650 5370 1862 5426 Glaber

226 5452 355 5517 hanc
387 5462 578 5535 ipsam
604 5479 703 5533 pro
735 5462 1015 5532 religiosis
1047 5478 1109 5516 se
1140 5461 1447 5531 scripsisse
1478 5458 1713 5514 disertis
1746 5476 1864 5514 ver-

226 5548 303 5603 bis
333 5551 663 5607 affirmavit.
700 5549 889 5606 Vitam
924 5550 1111 5606 sancti
1146 5549 1341 5605 Maioli
1373 5566 1505 5604 cum
1540 5549 1770 5604 duobus
1800 5548 1864 5602 li-

230 5632 335 5696 bris
380 5638 799 5697 Miraculorum
847 5639 1035 5696 damni
1079 5657 1143 5694 ac
1188 5641 1611 5696 reuerentissimi
1653 5638 1865 5694 abbatis

1965 3342 2070 3398 par
2112 3332 2253 3395 erat,
2289 3329 2604 3385 scribendi.
2640 3331 2852 3388 Eodem
2902 3333 3113 3405 spiritu
3160 3336 3373 3392 ductus
3418 3336 3613 3395 Vitam

1964 3416 2143 3471 srncti
2177 3416 2371 3473 Maioli
2403 3417 2493 3473 sui
2529 3422 2897 3490 prmcessoris
2927 3424 3272 3496 conscripsit
3319 3426 3617 3484 secundum

1959 3507 2285 3576 parvitatem
2332 3508 2634 3563 intellectus
2680 3511 2790 3577 sui,
2830 3514 2893 3565 ut
2938 3510 3062 3582 ipse
3109 3512 3323 3569 ai'edat.
3355 3514 3616 3587 Hymnos

1963 3593 2137 3649 etiam
2159 3599 2218 3650 et
2246 3596 2540 3652 orationes
2573 3597 2797 3669 aliquot
2823 3597 2884 3653 in
2903 3599 3121 3657 Officiis
3151 3602 3365 3659 divinis
3393 3604 3465 3659 de
3485 3618 3617 3661 san-

1963 3686 2053 3737 cto
2086 3682 2297 3739 Maiolo
2326 3689 2383 3739 et
2414 3690 2617 3741 sancta
2644 3686 2980 3756 Adheleide,
3005 3689 3063 3744 in
3095 3690 3305 3747 horum
3334 3691 3612 3749 festivita-

1962 3771 2121 3826 tibus
2150 3772 2478 3829 recitandas
2509 3777 2839 3847 composuit
2876 3795 2889 3832 :
2922 3794 3049 3848 qua:
3081 3779 3279 3836 omnia
3307 3780 3367 3836 iu
3399 3780 3612 3839 Biblio-

1960 3859 2131 3915 theca
2161 3860 2525 3917 Cluniacensi
2558 3863 2713 3918 edita
2742 3868 2881 3919 sunt
2908 3882 3043 3920 cum
3065 3867 3193 3938 ejus
3218 3868 3611 3939 sermonibus,

1961 3947 2187 4020 aliquot
2229 3949 2512 4021 epistolis,
2548 3952 2904 4021 professione
2947 3953 3103 4021 fidei,
3137 3958 3195 4010 et
3248 3956 3613 4014 orationibus

1962 4038 2282 4093 nonnullis.
2316 4039 2457 4094 Tres
2491 4039 2627 4093 item
2672 4040 2937 4110 ejusdem
2988 4041 3138 4099 beati
3185 4042 3289 4099 viri
3336 4043 3613 4116 epistolas

1960 4126 2145 4181 edidit
2177 4131 2376 4181 noster
2403 4127 2590 4182 Lucas
2612 4127 2931 4184 Dacherius
2964 4130 3023 4184 in
3040 4129 3336 4203 Spicilegii
3356 4135 3515 4188 tomo
3538 4132 3609 4201 II,

1961 4230 2109 4285 quas
2131 4230 2199 4268 ex
2228 4213 2476 4269 archivis
2494 4214 2978 4272 Cluniacensibus
3003 4219 3612 4291 descripserat.Unum

1960 4302 2098 4357 item
2131 4319 2199 4357 ex
2226 4303 2353 4373 ejus
2401 4304 2775 4360 sermonibus
2826 4305 3115 4361 ineditum
3166 4323 3281 4378 prae
3337 4307 3612 4366 manibus

1960 4389 2270 4455 habemus,
2290 4407 2464 4462 quem
2496 4392 2567 4447 de
2598 4392 2966 4450 solemnitate
2997 4399 3211 4450 sanctas
3236 4396 3438 4452 Crucis
3459 4412 3616 4453 com-

1962 4478 2176 4551 posuit.
2211 4479 2357 4534 Huie
2386 4479 2561 4536 etiam
2597 4482 2849 4537 revocari
2883 4487 3076 4555 potest
3095 4482 3429 4541 sollicitudo
3459 4485 3613 4542 beati

1961 4568 2063 4622 viri
2098 4585 2200 4640 pro
2231 4569 2600 4625 asservandis
2652 4569 3094 4645 privilegiorum
3143 4577 3201 4629 et
3229 4572 3613 4631 donationum

1962 4657 2315 4713 monasterio
2348 4676 2454 4713 suo
2484 4660 2769 4716 factarum
2802 4660 3043 4730 chartis,
3078 4661 3180 4734 qui
3209 4679 3413 4720 earum
3440 4662 3612 4719 colle-

1967 4745 2218 4801 ctionem
2278 4751 2609 4822 accuratam
2662 4747 2786 4804 fieri
2840 4750 3071 4822 sategit,
3103 4756 3167 4806 ut
3214 4749 3501 4807 discimus
3548 4767 3618 4808 ex

1967 4834 2291 4890 collectoris
2324 4834 2561 4908 prologo
2614 4836 2672 4891 in
2726 4838 2902 4893 veteri
2937 4856 3047 4894 ms.
3071 4837 3472 4895 Cluniacensis
3502 4853 3614 4895 cm-

1968 4924 2146 4979 nobii.
2177 4924 2438 4995 Denique
2471 4929 2680 4996 praeter
2728 4925 2849 4981 hinc
2879 4927 3096 4994 omnia,
3121 4944 3155 4982 a
3205 4925 3506 4982 nonnullis
3547 4943 3616 4984 ex

1967 5013 2094 5069 cod.
2130 5029 2240 5067 ms.
2273 5012 2549 5067 laudatur
2595 5014 2919 5070 (:hrouicon
2971 5013 3266 5086 quoddam
3321 5018 3617 5071 vetustum

1964 5105 2162 5157 nostro
2193 5100 2423 5157 Odiloni
2459 5102 2777 5171 tributum;
2811 5104 2910 5159 sed
2962 5120 3097 5158 cum
3145 5104 3276 5175 ejus
3326 5103 3407 5160 rei
3461 5104 3619 5176 apud

1965 5195 2186 5247 veteres
2216 5189 2445 5245 nullum
2478 5196 2662 5247 exstet
2692 5191 3022 5265 vestigium,
3053 5192 3402 5265 conjicimus
3423 5192 3621 5251 Odilo-

1970 5280 2062 5335 nis
2097 5296 2306 5335 nomen
2338 5296 2441 5351 pro
2474 5280 2671 5337 Odone
2704 5281 2761 5336 in
2794 5281 2951 5337 hunc
2982 5282 3241 5339 codicem
3291 5282 3618 5356 irrepsisse.

1972 5370 2037 5425 Et
2067 5369 2304 5441 quidem
2334 5368 2655 5425 monachus
2685 5370 2925 5441 Majoris
2958 5371 3315 5440 Monasterii,
3338 5372 3440 5444 qui
3459 5376 3625 5445 gesta

1972 5457 2281 5513 consulum
2326 5458 2833 5530 Andegavensium
2879 5460 3130 5533 collegit,
3163 5461 3324 5517 edita
3370 5465 3529 5517 tomo
3578 5460 3624 5515 X

1973 5546 2269 5619 Spicilegii
2303 5546 2851 5616 Acheriani,laudat
2875 5550 3160 5605 Thomam
3198 5550 3620 5614 Luochensem,

1975 5636 2073 5708 qui
2104 5638 2283 5692 breves
2303 5635 2468 5691 chron
2478 5638 2589 5692 iras
2609 5640 2829 5695 nomine
2858 5638 3059 5696 Odonis
3080 5640 3295 5697 abbatis
3318 5638 3624 5695 intitulatas
