4036 6160
465 337 600 408 383
1403 345 1466 408 S.
1513 343 1878 408 ODILONIS
1923 341 2480 407 CLUNIACENSIS
2525 345 2854 408 ABBATIS
2895 346 2970 408 V.
3727 343 3822 411 88$

477 477 858 552 conscripsit;
882 496 998 535 non
1029 477 1194 546 alias,
1227 477 1312 534 uti
1341 477 1589 546 videtur,
1622 477 1696 533 ab
1747 477 1819 533 iis
1867 493 1995 549 qua:
2044 474 2127 530 illi
2159 477 2212 544 Α
2239 477 2342 532 vit.
2367 477 2450 532 Ex
2479 477 2572 533 his
2603 477 2663 534 in
2695 479 2823 549 ejus
2841 479 2972 534 Vita
2997 496 3030 534 a
3052 482 3254 536 sancto
3270 479 3689 556 PetroDamiani
3703 480 3827 535 edita

480 567 715 624 Odiloni
748 577 948 624 nostro
979 568 1330 624 tribuerunt.
1348 571 1630 622 Czeterum
1655 583 1723 622 ea
1743 583 1860 638 qua
1890 563 2144 638 pollebat
2253 565 2528 622 laudatur
2551 567 2841 624 Adraldus
2875 568 3268 626 Bremetensis
3289 569 3483 625 abbas.
3501 569 3604 624 Nec
3619 574 3829 640 repetere

482 656 576 713 vir
605 662 844 713 sanctus
875 656 1182 712 humilitas
1214 673 1330 712 non
1378 656 1576 711 minus
1628 655 1687 710 in
1736 654 1864 725 ejus
1909 652 2146 724 scriptis
2250 654 2346 710 hic
2376 660 2543 711 vacat
2572 673 2700 727 qua:
2733 674 2914 728 supra
2943 658 3204 713 diximus
3237 659 3307 713 de
3338 657 3571 712 Paterno
3602 663 3652 711 et
3670 657 3834 714 Garsia

485 762 668 818 quam
697 744 756 800 in
789 745 1010 801 caeteris
1029 747 1159 801 vitae
1183 747 1310 817 ejus
1333 743 1664 799 actionibus
1681 742 1970 809 cluxit,ita
1993 747 2058 796 ut
2077 757 2145 797 ea
2252 743 2586 811 abbatibus,
2639 745 2739 816 qui
2796 745 3024 818 Regulm
3075 745 3477 812 Benedictinm,
3531 745 3689 800 simul
3729 762 3832 801 cum

489 833 742 907 propriis
771 833 946 890 etiam
993 833 1299 906 discipulis
1339 833 1730 889 examinanda
1777 831 2145 887 committere
2254 832 2543 888 institutis
2561 832 2962 891 Cluniacensis
2985 835 3660 897 monasterii,accuratam
3681 835 3834 890 obser-

493 939 610 979 non
641 923 1028 979 erubesceret.
1063 923 1256 980 Testis
1286 927 1374 977 est
1395 921 1577 993 hujus
1610 920 1690 976 rei
1725 920 1970 992 ipsemet
2011 935 2146 976 san-
2252 920 2546 977 vationem
2580 923 2638 977 in
2673 922 2962 995 Hispania:
2995 923 3366 979 monasteriis
3398 926 3736 978 renovarunt.
3753 923 3836 978 Alii

495 1011 798 1068 ctissimus
823 1011 1028 1080 abbas,
1060 1012 1161 1084 qui
1188 1029 1257 1067 ea
1285 1011 1357 1066 de
1387 1027 1567 1066 causa
1598 1010 1786 1064 Vitam
1817 1007 2004 1064 sancti
2031 1007 2148 1062 Ma-
2254 1009 2387 1066 aliis
2420 1009 2477 1064 in
2509 1009 2650 1066 locis
2683 1012 2904 1084 passim
2937 1015 3254 1068 occurrunt
3281 1011 3434 1083 apud
3477 1010 3720 1082 vulgatos
3760 1029 3837 1066 au-

497 1097 596 1154 ioli
625 1117 660 1156 a
683 1117 746 1156 se
775 1105 1072 1156 exaratam
1104 1099 1332 1172 Hugoni
1363 1103 1421 1154 et
1450 1096 1738 1153 Almanno
1758 1093 2148 1152 Cluniacensi-
2256 1103 2473 1166 ctores;
2507 1100 2606 1154 sed
2639 1100 2824 1156 multo
2853 1100 3050 1173 plures
3082 1106 3221 1156 sunt
3248 1101 3368 1173 qui,
3401 1099 3715 1155 hominibus
3739 1099 3839 1156 licet

494 1187 607 1245 bus
637 1189 942 1246 monachis
973 1189 1350 1260 nuncupavit,
1368 1191 1430 1242 ut
1462 1203 1531 1242 ex
1560 1185 1808 1258 epistola
1841 1184 1981 1240 Vitae
2010 1201 2149 1256 prae-
2257 1187 2462 1260 ignoti,
2495 1188 2698 1244 vivunt
2727 1189 2785 1244 in
2816 1188 3057 1262 perenni
3088 1188 3292 1262 gloria.
3315 1187 3474 1244 Talis
3511 1187 3698 1244 fuisset
3724 1189 3840 1244 Wal-

493 1277 608 1333 ﬁxa
655 1282 832 1352 patet,
864 1295 1044 1351 quam
1094 1277 1187 1333 hic
1231 1275 1530 1331 brevitatis
1577 1291 1757 1330 causa
1795 1271 2145 1340 omittimus,
2255 1275 2464 1345 terius,
2498 1277 2669 1348 cujus
2698 1295 2803 1333 nec
2833 1295 3066 1345 nomen,
3097 1295 3202 1334 nec
3233 1275 3351 1333 ulla
3392 1280 3552 1349 gesta
3596 1282 3840 1348 perspecta

494 1368 650 1439 quod
673 1369 803 1439 jam
833 1384 950 1423 non
981 1365 1161 1422 semel
1193 1366 1351 1421 edita
1371 1364 1467 1420 sit.
2257 1363 2632 1432 haberemus,
2665 1366 2778 1422 nisi
2825 1365 3035 1422 Glaber
3077 1368 3206 1438 ejus
3253 1364 3561 1431 mentione,
3595 1366 3840 1420 occasione

778 1457 868 1512 XI.
905 1460 980 1512 De
1002 1456 1218 1526 aliquot
1247 1455 1392 1509 beati
1417 1455 1529 1509 viri
1556 1454 1862 1524 discipulis.
2258 1453 2427 1524 quasi
2461 1453 2860 1521 fortuita,eum
2889 1455 3058 1511 nobis
3083 1460 3286 1510 notum
3307 1453 3556 1510 fecisset.
3577 1455 3700 1509 Erat
3715 1456 3842 1527 quip-

489 1585 494 1590 -
571 1547 692 1600 118.
727 1549 816 1600 Ita
844 1561 1024 1600 suave
1053 1547 1179 1600 erat
1203 1541 1414 1598 Christi
1447 1543 1660 1614 jugum
1702 1543 1812 1597 sub
1837 1540 1985 1596 beati
2015 1540 2148 1596 Odi-
2260 1559 2330 1614 pe
2359 1541 2534 1598 homo
2567 1560 2671 1599 nec
2700 1543 2957 1616 corporis
2985 1547 3166 1610 statu,
3201 1560 3305 1600 nec
3338 1541 3552 1612 ingenii
3580 1542 3843 1600 subtilitate

495 1633 651 1690 lonis
680 1632 985 1706 regimine,
1019 1625 1086 1688 ut
1116 1631 1330 1686 mirum
1362 1649 1476 1687 non
1509 1631 1586 1686 sit
1615 1630 1666 1686 si
1697 1628 2028 1701 complures
2058 1646 2152 1702 ge-
2259 1631 2514 1686 multum
2545 1633 3069 1700 commendandus,
3104 1633 3206 1689 sed
3237 1631 3546 1690 sanctitate
3587 1649 3782 1687 morum
3803 1639 3843 1687 et

498 1739 635 1778 nere
676 1721 924 1794 aliisque
972 1722 1210 1778 dotibus
1238 1721 1495 1776 illustres
1542 1719 1672 1788 viri,
1707 1717 1924 1774 relictis
1955 1717 2150 1774 seaculi
2258 1719 2452 1776 cordis
2483 1719 2733 1792 puritate
2766 1721 2882 1776 Deo
2907 1720 3465 1793 acceptissimus,ut
3492 1736 3559 1775 ex
3599 1721 3712 1791 ejus
3749 1719 3845 1776 vita

495 1809 1240 1884 pompis,Cluniacensihus
1270 1807 1566 1865 accenseri
1597 1807 1904 1874 voluerint,
1929 1823 1994 1862 eo
2011 1811 2150 1862 tem-
2181 1844 2226 1908 Β
2258 1807 2412 1863 exitu
2446 1809 2657 1880 patuit.
2691 1810 2799 1865 Sed
2837 1809 3023 1882 ipsius
3065 1809 3299 1865 Rodulﬁ
3329 1809 3526 1864 Glabri
3575 1809 3727 1865 verba
3750 1827 3846 1880 pro-

495 1915 636 1971 pore
666 1917 780 1972 quo
805 1898 1123 1972 percelehri
1155 1897 1237 1953 illi
1271 1897 1625 1954 monasterio
1659 1897 1962 1968 przefectus
2000 1901 2144 1950 erat.
2181 1896 2225 1908 “’
2257 1896 2407 1952 ferre
2458 1896 2620 1962 libet,
2640 1915 2707 1953 ex
2755 1897 2904 1954 libro
2935 1917 2968 1954 ν
3006 1899 3294 1963 Historiae,
3329 1915 3458 1970 cap.
3495 1899 3519 1953 1
3551 1915 3564 1952 :
3595 1921 3621 1946 ‹‹
3651 1897 3848 1970 Contigit

494 1987 608 2044 Eos
627 2005 832 2044 omnes
863 2004 1162 2045 recensere
1191 2003 1296 2043 nec
1325 1989 1619 2052 vacat,nec
1644 1983 1785 2039 sinit
1807 1983 2144 2039 multitudo.
2255 1983 2475 2040 ibidem
2509 1987 2802 2057 (Cluniaci)
2836 1987 2962 2060 ipso
3017 1991 3282 2059 tempore
3313 1987 3514 2059 (sancti
3554 1987 3783 2054 Odilonis)
3804 1991 3848 2040 ut

495 2076 824 2134 Nonnullos
851 2094 919 2133 ex
938 2075 1357 2134 illustrioribus
1381 2089 1705 2130 memorare
1726 2073 2149 2144 sufﬁciat,praa-
2257 2071 2440 2145 aliqui
2469 2093 2500 2130 e
2531 2075 2807 2130 fratribus
2861 2077 3183 2148 migrarent
3225 2092 3294 2132 ex
3344 2075 3455 2131 hac
3492 2075 3624 2140 vita,
3650 2091 3847 2146 quorum

489 2167 581 2222 ter
607 2183 706 2222 eos
732 2183 879 2238 quos
910 2183 1091 2238 supra
1115 2183 1185 2220 ex
1212 2163 1387 2220 variis
1407 2162 1627 2218 chartis
1657 2163 1714 2216 in
1747 2161 2145 2235 parag.41au-
2257 2180 2434 2231 unus,
2463 2165 2698 2220 nomine
2727 2164 3068 2233 Walterius,
3094 2170 3504 2238 cognomento,
3528 2168 3590 2219 ut
3631 2169 3739 2219 erat
3761 2169 3847 2218 sta-

491 2253 781 2309 davimus.
819 2259 974 2310 Inter
998 2270 1096 2311 eos
1126 2270 1260 2308 vero
1290 2252 1390 2324 qui
1423 2251 1667 2307 scientia
1715 2256 1773 2305 et
1817 2249 2147 2305 litterarum
2255 2255 2407 2321 tura,
2443 2251 2716 2325 pusillus,
2749 2270 2816 2309 ac
2847 2257 3058 2310 natura
3080 2252 3845 2326 simplicissimus,incipiente

493 2343 690 2399 studio
719 2342 975 2400 illustres
1002 2343 1256 2409 fuerunt,
1275 2341 1458 2405 Sirus,
1474 2338 1846 2404 Arlebaldus,
1864 2343 1920 2394 et
1939 2337 2148 2394 Jotsal-
2259 2345 2426 2396 nocte
2443 2341 2640 2414 magni
2665 2342 2902 2398 Sabbati
2924 2342 3395 2398 Resurrectionis
3407 2341 3703 2398 Dominicis
3725 2340 3848 2396 obiit.

495 2430 608 2487 dns
640 2430 833 2487 locum
863 2431 1077 2487 habere
1107 2429 1475 2497 debent;sed
1520 2445 1674 2483 unus
1721 2426 1990 2482 omnium
2021 2425 2147 2481 loco
2256 2429 2543 2501 Apparuit
2573 2429 2728 2485 enim
2758 2429 2816 2485 in
2851 2431 2992 2486 hora
3023 2431 3114 2487 sui
3148 2430 3341 2486 exitus
3385 2428 3849 2485 innumerabilibus

493 2535 623 2576 esse
653 2523 843 2592 potest
870 2524 1112 2576 sanctus
1142 2519 1329 2591 Hugo,
1349 2516 1676 2573 sanctitatis
1707 2516 1842 2587 ejus
1889 2513 2065 2570 simul
2092 2519 2149 2570 et
2255 2517 2394 2573 viris
2424 2536 2491 2574 ac
2522 2519 2865 2576 mulieribus
2895 2519 3174 2576 columna
3203 2519 3356 2576 lucis
3389 2520 3567 2592 ignea:
3596 2517 3848 2575 aculmine

496 2608 802 2683 dignitatis
828 2608 1280 2665 successor.Nec
1300 2606 1611 2662 defuerunt
1635 2603 1892 2676 episcopi
1915 2603 2014 2676 qui
2036 2604 2146 2660 sub
2258 2607 2596 2663 monasterii
2641 2607 2712 2663 ad
2772 2607 2982 2664 cmlum
3045 2625 3232 2680 usque
3277 2608 3656 2680 pertingens:
3685 2607 3851 2678 quibus

495 2697 760 2756 Odilonis
791 2696 1105 2771 disciplina
1131 2697 1311 2752 vitam
1345 2693 1630 2750 humilem
1668 2695 1880 2749 ducere
1925 2691 2146 2748 malue-
2257 2713 2466 2769 nempe
2489 2713 2602 2752 non
2624 2697 2869 2752 dubium
2896 2697 3008 2753 fuit
3031 2697 3572 2753 misericordissimi
3598 2695 3682 2752 Dei
3700 2699 3850 2751 actum

494 2794 654 2857 runt,
687 2805 865 2862 quam
896 2785 1117 2844 caeteris
1147 2801 1416 2858 przeesse.
1440 2783 1604 2839 Certe
1635 2783 1867 2838 cuidam
1911 2781 2144 2848 chartae,
2255 2784 2581 2858 largitibne,
2615 2787 2714 2858 qui
2743 2785 3001 2842 animam
3035 2786 3232 2843 fratris
3263 2786 3440 2842 isiius
3488 2803 3601 2842 suze
3635 2784 3849 2858 gloriose

498 2894 675 2950 quam
723 2895 903 2950 supra
950 2893 1114 2932 num.
1137 2877 1208 2930 27
1239 2873 1626 2939 laudavimus,
1661 2877 1790 2944 post
1839 2870 2146 2926 Odilonem
2255 2875 2699 2931 resurrectionis
2721 2875 2898 2930 voluit
2937 2875 3276 2948 participem
3305 2876 3451 2942 fore,
3483 2893 3548 2931 ac
3576 2871 3848 2930 viventibus

497 2967 769 3024 abbatem
819 2970 876 3022 et
923 2963 1232 3022 Nivianum
1263 2961 1662 3036 praepositum,
1693 2960 1993 3016 Lcdbaldus
2023 2960 2144 3032 epi-
2252 2962 2406 3018 viam
2439 2963 2780 3019 innocentiae
2812 2964 3233 3020 demonstrare.
3265 2962 3589 3020 \Nalterius
3635 2963 3688 3016 in
3722 2959 3852 3016 fastis

493 3073 706 3131 scopus
753 3053 1146 3128 subscripsit:
1183 3053 1338 3108 unde
1376 3049 1724 3122 conjicimus
1770 3065 1903 3105 eum
1945 3047 2146 3104 relicta
2254 3050 2646 3108 Benedictinis
2675 3069 2808 3107 cum
2837 3051 3008 3107 titulo
3040 3052 3192 3108 beati
3233 3051 3439 3108 locum
3493 3051 3710 3116 invenit,
3737 3047 3850 3103 die7

491 3149 628 3204 sede
650 3142 967 3220 episcopali
999 3149 1139 3199 tunc
1161 3141 1442 3214 temporis
1463 3139 1617 3211 apud
1641 3137 1983 3194 Cluniacum
2019 3154 2142 3193 mo-
2179 3210 2213 3220 Α
2250 3138 2483 3210 Aprilis.
2503 3138 2672 3195 Nullo
2703 3143 2896 3194 tamen
2928 3137 3089 3194 cultu
3110 3138 3350 3212 publico
3375 3155 3630 3210 unquam
3651 3137 3849 3192 donatus

489 3210 726 3295 nastica:
755 3210 885 3290 vitae
922 3249 1136 3289 nomen
1187 3210 1440 3286 dedisse.
1472 3210 1668 3284 Alium
1717 3243 1852 3282 vero
1898 3225 2140 3282 Ledbal-
2173 3210 2214 3276 C
2255 3227 2383 3283 fuit.
2406 3227 2708 3284 Jotsaldus
2741 3228 2797 3282 in
2831 3226 3072 3282 Planctu
3104 3210 3278 3300 quem
3317 3227 3505 3284 edidit
3523 3227 3591 3282 de
3607 3221 3847 3281 bealiOdi-

487 3327 632 3383 dum
661 3324 1000 3397 episcopum
1030 3320 1164 3377 istis
1195 3317 1563 3390 temporibus
1595 3316 1913 3384 nescimus,
1939 3320 2150 3386 praeter
2254 3315 2408 3372 lonis
2436 3315 2622 3382 obitu,
2656 3316 2707 3372 ei
2740 3315 3072 3389 gratulatur
3102 3316 3256 3388 quod
3292 3317 3357 3372 in
3390 3317 3584 3372 futura
3610 3326 3845 3370 resurrec-

489 3412 853 3471 Ledbaldum
899 3410 1415 3473 Matisconensem,
1449 3404 1686 3460 aliunde
1729 3403 1874 3460 satis
1916 3407 2146 3470 notum,
2255 3405 2414 3460 tione
2445 3403 2648 3461 multis
2673 3403 2979 3478 discipulis
3010 3405 3263 3477 stipatus
3293 3405 3531 3462 Christo
3560 3401 3771 3460 Domino
3793 3397 3848 3453 sit

489 3503 614 3575 qui,
639 3503 705 3556 ut
731 3517 800 3555 ex
828 3496 1005 3553 variis
1033 3495 1255 3552 chartis
1285 3492 1597 3561 discimus,
1633 3491 1986 3548 monasterio
2017 3491 2150 3548 Clu-
2256 3493 2620 3550 obviaturus.

494 3588 756 3646 niacensi
791 3584 1075 3642 nonnulla
1103 3582 1554 3638 contulit.llunc
1578 3586 1772 3636 tamen
1796 3582 1989 3652 ipsum
2021 3596 2152 3636 esse
2413 3581 2568 3653 ριΙὶΙοΔ
2593 3587 2826 3645 tuncque
2857 3595 3028 3653 novus
3056 3581 3259 3653 scelesti
3285 3582 3491 3653 l_uu_nin_e
3522 3581 3694 3653 clarus,

499 3679 560 3734 in
590 3695 661 3734 ea
707 3675 910 3732 charta
954 3674 1344 3728 memoratum
1391 3685 1724 3724 asseverare
1771 3669 1994 3740 absque
2037 3667 2088 3724 al

2096 3669 2150 3724 i0
2415 3643 2969 3693 Sani-torumlmedius
2999 3643 3226 3703 incedet,
3258 3649 3314 3694 et
3342 3645 3530 3694 obvius
3557 3644 3661 3698 ibit,

2087 3715 2110 3768 ς
2415 3706 2638 3768 Agmine
2669 3707 2955 3756 multorum
2987 3707 3217 3756 vallatus
3245 3709 3681 3758 commilitonum.

499 3768 847 3840 argumento
879 3780 995 3818 non
1023 3761 1329 3816 audemus.
1347 3758 1642 3814 Habemus
1665 3756 1802 3812 item
1826 3755 1884 3811 in
1906 3757 2152 3828 epistola
2415 3755 2558 3826 Qiios
2584 3755 2808 3818 Domino
2837 3769 3034 3828 verbis,
3057 3770 3321 3832 exemplis
3351 3755 3682 3818 consociavit.

501 3853 764 3913 Silvestri
794 3854 841 3909 II
870 3869 1054 3924 papae,
1087 3846 1310 3905 anobis
1345 3846 1616 3919 superius
1648 3845 1904 3912 laudata,
1936 3845 2152 3917 episeo-
2334 3848 2454 3902 120.
2490 3848 2592 3902 Hic
2641 3854 2833 3903 autem
2885 3847 3154 3903 omittere
3203 3866 3323 3904 non
3367 3849 3503 3906 licet
3543 3844 3850 3905 Casimirum,

501 3962 642 4019 pum
673 3942 990 4016 quemdam
1016 3939 1187 4010 cujus
1215 3954 1428 3994 nomen
1462 3952 1577 3990 non
1605 3935 1910 4008 expressit,
1943 3933 2044 4006 qui
2071 3951 2152 3990 re—
2260 3935 2514 3992 Miceslai
2549 3935 2596 3992 II
2626 3936 2974 3992 Polonorum
3016 3937 3169 4010 regis
3201 3937 3422 4006 ﬁlium,
3444 3954 3613 4010 quem
3651 3928 3850 4019 historic

498 4015 639 4091 licta
667 4015 804 4090 sede
834 4048 944 4086 sua
973 4027 1314 4084 Cluniacum
1337 4029 1681 4082 secesserat.
1698 4025 1785 4078 An
1819 4023 1869 4079 is
1897 4024 2004 4078 fuit
2019 4024 2149 4078 Let-
2260 4025 2543 4082 Polonicae
2571 4025 2884 4098 scriptores
2917 4025 3083 4080 aiunt
3103 4031 3238 4098 post
3258 4027 3450 4098 patris
3473 4015 3850 4092 mortem,quod

497 4123 728 4188 baldus,
759 4125 862 4177 aut
887 4117 1136 4175 Saucius
1167 4115 1500 4188 episcopus,
1535 4113 1822 4168 incertum
1861 4117 1970 4168 est.
2003 4114 2148 4168 San-
2258 4116 2416 4186 regni
2450 4131 2715 4187 proceres
2747 4113 3012 4170 Riksclne
3047 4114 3253 4170 rnatris
3282 4117 3418 4187 ejus
3467 4113 3706 4187 regimen
3742 4109 3849 4163 ferre

495 4213 654 4270 cium
685 4209 932 4266 dimisso
979 4206 1319 4279 episcopatu
1369 4220 1439 4259 ex
1481 4201 1764 4273 Hispania
1804 4200 2146 4256 Cluniacum
2258 4220 2375 4258 non
2406 4207 2663 4276 possent,
2697 4203 2889 4258 adhuc
2911 4205 3187 4274 juvenem
3239 4221 3270 4258 θ
3321 4219 3502 4276 regno
3556 4200 3779 4276 pulsum,
3805 4191 3847 4246 in

494 4302 860 4366 adventasse,
897 4295 999 4352 ubi
1031 4295 1141 4351 sub
1175 4291 1440 4350 Odilonis
1489 4289 1771 4363 regimine
1813 4291 2146 4346 monasticae
2256 4291 2638 4348 Cluniacense
2687 4291 3106 4348 monasterir’zm
3161 4291 3506 4360 secessisse;
3539 4291 3736 4362 ibique,
3775 4283 3851 4338 ab-

491 4367 622 4446 vitze
649 4389 988 4445 institutum
1022 4384 1326 4457 paofessus
1355 4385 1463 4450 est,
1496 4379 1830 4453 colligimus
1875 4395 1944 4434 ex
1992 4379 2145 4436 beati
2246 4380 2422 4451 jectis
2453 4379 2649 4436 saeculi
2675 4380 2923 4452 pompis,
2949 4379 3336 4436 monasticam
3366 4381 3546 4436 vitam
3579 4375 3847 4452 professum

489 4478 600 4536 viri
627 4476 874 4550 epistola
902 4475 954 4544 1,
985 4470 1278 4547 Spicilegii
1313 4476 1471 4526 tomo
1505 4469 1550 4524 ΙΙ
1599 4469 1776 4534 edita,
1809 4485 1987 4540 quam
2038 4469 2145 4524 Pa-
2239 4468 2566 4527 ,diaconum
2601 4469 2784 4525 fuisse
2815 4469 3172 4526 ordinatum.
3193 4470 3308 4526 Sed
3335 4487 3470 4526 cum
3493 4457 3848 4526 crebrescentiv

491 4570 660 4623 terno
684 4563 956 4636 episcopo
982 4561 1067 4618 sic
1095 4559 1398 4632 inscripsit
1432 4575 1444 4614 :
1479 4559 1628 4627 Igne,
1653 4559 1972 4628 etc.,fratcr
1988 4556 2144 4613 Odilo
2174 4578 2222 4643 Β
2253 4559 2366 4614 bus
2389 4558 2446 4612 in
2481 4558 2718 4614 Pelunia
2747 4557 3013 4614 dissidiis
3047 4557 3414 4615 calamitates
3446 4556 3674 4643 publicae
3693 4568 3750 4608 eo
3765 4561 3853 4604 cre-

489 4670 616 4711 cum
639 4653 835 4710 domno
863 4652 1106 4724 episcopo
1135 4651 1344 4714 Sentio,
1368 4647 1650 4718 omnisque
1675 4661 1983 4718 pauperum
2017 4649 2147 4702 ϐιω-
2181 4642 2188 4643 ί
2257 4648 2499 4714 vissent,
2536 4653 2600 4702 ut
2645 4645 2805 4703 nulla
2853 4646 3226 4702 restituendae
3277 4642 3706 4719 tranquillitatis
3747 4650 3848 4708 spes

486 4743 832 4800 niacensium
860 4740 1224 4809 congregatio,
1255 4741 1366 4793 etc.
2254 4734 2576 4808 all‘ulgeret,
2597 4736 2708 4790 nisi
2759 4751 3003 4808 regnum
3036 4733 3323 4791 Casimiro
3355 4735 3751 4791 restitueretur.
3778 4737 3850 4777 rex

559 4833 683 4888 419.
718 4829 1077 4886 Richardum
1108 4825 1422 4900 quemdam
1445 4822 1787 4896 epis00pum
1819 4821 2019 4878 laudat
2049 4841 2138 4879 se-
2251 4823 2323 4878 ab
2353 4823 2634 4880 omnibus
2659 4823 2981 4879 Casimirus
3012 4823 3186 4878 etiam
3217 4823 3436 4880 absens
3465 4819 3847 4900 proclamabit:

485 4920 600 4977 mel
631 4925 690 4976 et
718 4920 934 4976 iterum
962 4899 1264 4972 Jolsaldus
1313 4913 1461 4970 libro
1511 4929 1574 4975 ιι,
1609 4928 1784 4983 quem
1836 4910 1990 4967 beati
2031 4911 2135 4966 viri
2248 4916 2305 4967 et
2333 4911 2530 4984 legati,
2556 4912 2660 4988 qui.
2687 4928 2822 4966 eum
2858 4916 3242 4976 accerserent,
3274 4924 3620 4983 quocunque
3663 4904 3712 4958 in
3755 4899 3849 4988 loco

483 5008 841 5082 discipulum
871 5011 929 5063 et
948 5007 1076 5076 ejus
1103 5005 1378 5060 itinerum
1411 5001 1683 5057 comitem
1710 5000 1889 5056 fuisse
1908 5001 2128 5058 scribit.
2247 5000 2632 5066 delitesceret,
2654 4985 2780 5072 quo
2811 4999 2966 5056 enim
3003 4998 3098 5055 ille
3129 5000 3475 5056 secessisset
3518 4994 3713 5082 nullus
3738 4985 3847 5082 scle-

481 5073 744 5171 Denique
773 5073 1113 5153 Walterium
1142 5091 1482 5165 episcopum
1535 5089 2022 5145 Matisconensem
2075 5087 2132 5144 in
2244 5091 2362 5156 bat,
2396 5089 2773 5160 deputantur.
2810 5087 2876 5143 Hi
2909 5093 3040 5159 post
3069 5087 3261 5143 varias
3293 5088 3556 5143 fortunas
3586 5100 3615 5136 a
3639 5073 3845 5171 Rikscha

479 5164 909 5243 monasterium
931 5164 1313 5238 Cluniacense
1336 5177 1779 5246 secessisse,ubi
1801 5179 1912 5233 sub
1933 5178 2138 5234 habitu
2251 5178 2548 5250 accipiunt
2604 5176 2955 5232 Casimirum
2999 5175 3258 5233 Cluniaci
3309 5172 3677 5232 monasticam
3704 5164 3843 5220 vitam

485 5273 844 5331 monasterio
895 5272 1204 5327 defunctus
1251 5276 1363 5336 est,
1413 5273 1610 5322 narrat
1665 5266 2045 5338 Sanjulianus
2072 5284 2141 5322 ex
2250 5270 2604 5339 professum,
2641 5264 2782 5320 nihil
2807 5267 2934 5336 jam
2966 5265 3038 5322 de
3070 5265 3243 5321 rebus
3269 5263 3514 5320 terrenis
3541 5257 3841 5330 cogitantem

478 5363 657 5418 veteri
717 5361 1008 5432 catalogo,
1055 5361 1112 5414 in
1169 5358 1427 5414 Historia
1479 5355 1938 5414 Matisconensi:
1982 5357 2135 5427 quod
2249 5357 2472 5429 degere.
2515 5354 2602 5410 llli
2638 5361 2832 5410 tamen
2863 5354 3202 5410 Cluniacum
3227 5356 3452 5426 petunt,
3486 5362 3665 5421 regem
3703 5349 3841 5432 sintut

477 5451 632 5506 idem
668 5450 888 5504 habent
912 5423 1146 5520 quoque
1175 5445 1614 5503 Sammarlhani
1649 5445 1706 5499 in
1738 5442 1927 5500 Gallia
1974 5423 2136 5498 Chri-
2249 5423 2523 5510 salutant,
2547 5443 2935 5514 abbatemquc
2969 5423 3278 5514 precantur
3302 5445 3367 5495 ut
3397 5435 3674 5520 licentiam
3702 5423 3844 5520 uidet

477 5539 950 5596 stiana.Abbates
979 5536 1107 5608 ejus
1140 5535 1412 5606 discipuli
1447 5540 1531 5590 tot
1552 5534 1839 5590 recenscri
1873 5541 2130 5606 possunt,
2247 5533 2544 5604 repetendi
2580 5533 2761 5603 regni,
2795 5549 2926 5587 cum
2961 5531 3074 5586 alia
3115 5549 3227 5586 non
3259 5529 3581 5602 superesset
3627 5518 3707 5608 \iti
3745 5516 3840 5608 ηιξ

471 5627 626 5702 quod
659 5627 775 5684 fere
802 5601 1160 5682 monasteria
1189 5624 1258 5682 ad
1293 5601 1590 5680 meliorem
1633 5601 2131 5693 frugem-revoca-
2249 5601 2502 5678 nobilem
2534 5601 2848 5677 Christiani
2882 5619 3040 5677 orbis
3070 5601 3394 5694 portionem
3441 5616 3511 5672 ab
3553 5601 3836 5668 imminenti
