4036 6160
126 269 247 336 885

1672 259 2057 326 ELOGIUM.

3473 251 3633 326 886.

127 403 302 465 exitio
331 397 641 460 liberandi.
671 397 868 475 Negat
899 395 1088 465 Odilo,
1118 398 1475 470 protestatus
1503 393 1564 451 id
1605 393 1667 452 in
1698 412 1808 453 sua
1836 395 1893 462 Α
1920 391 2294 450 Halinardus
2323 395 2512 452 sancti
2545 396 2790 475 Benigni
2823 402 2956 475 post
2982 398 3367 460 Guillelmum
3391 394 3598 470 abbas)

126 499 416 571 potestate
433 509 550 548 non
572 508 702 548 esse
724 489 1120 546 constitutum
1139 505 1152 555 ;
1173 505 1276 543 nec
1305 503 1571 559 unquam
1593 487 1653 542 id
1677 503 1800 559 per-

126 587 455 642 missurum
488 581 811 654 respondet
843 579 1072 650 absque
1102 575 1339 649 speciali
1371 575 1672 648 pontificis
1693 575 1802 630 Ro-

124 673 286 731 mani
318 673 616 727 mandato.
651 670 905 725 Romam
938 667 1138 738 itaque
1185 664 1363 738 legati
1413 665 1796 728 contendunt,

1909 483 2066 555 quod
2088 483 2315 538 absens
2338 485 2568 543 tardius
2593 491 2868 546 nuntium
2890 491 3216 564 accepisset
3238 490 3310 544 de
3328 485 3592 546 Odilonis

1911 572 2068 644 apud
2105 571 2417 629 Divionem
2449 575 2838 647 adventu,ubi
2873 597 3010 636 eum
3044 579 3337 653 potuisset
3373 576 3592 636 videre.

1911 660 1998 715 En
2029 660 2170 732 ejus
2202 661 2381 716 verba
2413 680 2425 718 :
2465 685 2492 713 «
2525 666 2690 730 Quod
2741 669 2923 734 tarde,
2953 667 3172 740 inquit,
3205 665 3409 721 domni
3463 685 3598 726 san-

1914 747 2298 822 ctissimique
2323 750 2509 808 Patris
2541 753 2806 812 Odilonis
2837 757 2909 812 ad
2941 773 3047 811 vos
3080 752 3231 811 mihi
3282 753 3600 816 adventum

1917 837 2283 905 mandastis,
2317 839 2484 896 valde
2518 845 2760 900 effectus
2807 862 2942 900 sum
2989 843 3213 909 tristis;
3239 842 3380 914 quia
3422 862 3604 920 quem

1917 926 2092 998 longe
2132 927 2392 999 positum
2428 929 2788 990 dulcissima
2819 949 2886 989 ac
2912 931 3364 1004 benignissima
3417 939 3610 1011 gratia

1917 1013 2351 1071 consolationis
2379 1017 2748 1078 decreveram
2794 1035 3081 1094 quaerere,
3115 1022 3419 1094 propriam
3467 1027 3608 1087 visi-

1916 1107 2148 1160 tantem
2188 1103 2439 1176 patriam
2472 1124 2590 1164 non
2624 1115 2824 1182 potero
2855 1107 3080 1176 videre,
3107 1129 3135 1156 »
3159 1113 3272 1167 etc.
3303 1113 3431 1172 Alia
3445 1135 3612 1178 ocea-

1920 1193 2089 1250 sione
2120 1191 2441 1250 Alinardus
2471 1196 2621 1252 vidit
2669 1199 2906 1254 beatum
2954 1195 3296 1274 Odilonem,
3329 1211 3395 1264 ut
3430 1212 3617 1269 testa-

1919 1287 2018 1338 tur
2045 1281 2302 1355 ipsemet
2331 1283 2500 1340 Odilo
2533 1286 2592 1341 in
2625 1285 2831 1341 charta
2861 1284 3142 1356 quadam
3175 1299 3622 1372 compositionis

1921 1372 2085 1427 factae
2115 1371 2270 1427 inter
2297 1389 2360 1428 se
2394 1373 2590 1446 ipsum
2627 1378 2686 1429 et
2731 1373 3066 1432 Elizabeth
3105 1371 3333 1444 Balmre
3372 1392 3632 1456 abbatis-

1921 1477 2072 1554 sam,
2095 1462 2268 1532 cujus
2300 1462 2380 1516 rei
2413 1461 2606 1554 gratia
2640 1460 2992 1554 Odilocum
3017 1466 3251 1547 aliquot
3272 1496 3303 1536 e
3325 1483 3474 1554 suis,
3493 1491 3550 1545 et
3566 1506 3638 1547 ex

1923 1547 2107 1646 altera
2128 1553 2292 1646 parte
2314 1550 2640 1646 abbatissa,
2667 1549 2975 1646 comitata
3004 1564 3233 1627 pariter
3253 1547 3480 1646 aliquot
3501 1595 3638 1636 san-

1924 1637 2572 1712 ctimonialibus,prout
2591 1639 2820 1693 ferebat
2845 1639 3052 1703 istoru
3066 1668 3118 1708 η]
3145 1637 3488 1732 temporum
3506 1685 3638 1728 eon-

1927 1729 2199 1794 suetudo,
2233 1728 2291 1783 in
2326 1727 2521 1825 locum
2549 1726 2945 1799 designatum
2980 1726 3410 1808 convenerant.
3445 1755 3507 1812 Id
3543 1726 3634 1832 ip-

1919 1831 2054 1870 sum
2087 1820 2288 1871 narrat
2312 1815 2480 1872 Odilo
2505 1813 2564 1869 in
2593 1817 2780 1871 veteri
2805 1819 2994 1894 huius
3019 1830 3098 1884 rei
3136 1836 3378 1906 notitia,
3404 1858 3534 1913 quas
3565 1813 3625 1904 in

1916 1904 2221 1961 Cbartario
2267 1903 2643 1960 Cluniacensi
2696 1904 2972 1968 habetur.
3009 1938 3038 1966 «
3067 1919 3188 1992 Ego
3243 1903 3619 1990 Οάἱίοόιυηξ

1917 1993 2262 2050 monasterii
2294 1993 2606 2066 presbyter
2635 1997 2692 2049 et
2724 2001 3078 2074 monachus,
3099 2012 3160 2064 et
3191 2011 3460 2074 domnus
3478 2020 3616 2077 Ret-

1915 2081 2119 2137 bertus
2152 2083 2425 2154 ejusdem
2467 2080 2578 2138 loci
2615 2089 2991 2162 prccpositus,
3024 2098 3237 2152 notum
3294 2118 3428 2160 esse
3457 2110 3616 2166 volu-

1913 2186 2070 2238 mus,
2107 2169 2544 2226 contentionem
2571 2188 2706 2230 cum
2733 2178 2956 2236 ratione
2979 2185 3037 2236 et
3055 2179 3202 2254 pace
3227 2186 3392 2247 inter
3419 2211 3526 2252 nos
3555 2202 3615 2254 et

1911 2259 2285 2315 abbatissam
2323 2262 2658 2318 monasterii
2692 2265 2764 2321 de
2815 2267 3018 2325 Balma
3068 2271 3380 2334 Elizabeth
3425 2283 3610 2342 fuisse

122 763 526 836 expositisque
560 759 824 832 pontiﬁci
857 758 928 830 (is
967 758 1094 810 erat
1133 755 1482 810 Benedictus
1513 755 1608 824 IX)
1637 753 1799 826 regni

123 851 651 917 ealamitatibus,et
681 848 936 920 acceptis
965 844 1145 902 variis
1178 843 1802 916 conditionibus,quas

124 943 218 997 isti
249 944 524 996 auctores
554 940 912 1003 memorant,
938 933 1241 1008 postulata
1268 933 1804 1006 impetrantAtque

123 1032 204 1088 sic
229 1028 590 1093 Casimirus,
625 1025 914 1082 dissoluto
947 1021 1243 1080 castitatis
1289 1027 1443 1090 voto,
1478 1021 1804 1078 monachus

121 1117 302 1176 simul
339 1121 399 1173 et
429 1114 719 1170 diaconus
751 1113 812 1168 in
847 1110 1150 1169 Poloniam
1185 1111 1520 1176 revertitur,
1555 1127 1654 1166 rex
1697 1109 1806 1166 ite-

121 1226 250 1264 rum
289 1203 720 1280 proclamatur,
749 1217 986 1258 uxorem
1017 1199 1202 1266 ducit,
1221 1199 1374 1256 ﬁlios
1405 1200 1808 1272 procreat.Me-

122 1314 248 1353 mor
281 1301 485 1351 tamen
505 1310 626 1349 suae
649 1289 1003 1347 conditionis
1025 1288 1555 1360 pristinze,pietatis
1573 1287 1804 1354 ofﬁciis,

121 1390 418 1459 quantum
450 1385 644 1438 status
677 1379 916 1447 ferebat,
951 1375 1224 1433 animum
1259 1375 1614 1449 applicuisse
1657 1375 1807 1432 dici-

121 1481 230 1541 tur,
268 1477 332 1529 et
370 1471 538 1527 varia
587 1467 941 1526 monasteria
987 1483 1094 1539 pro
1144 1467 1273 1521 suis
1321 1465 1810 1521 Cluniacensibus

121 1561 614 1620 exstruxisse.Ne
643 1576 777 1615 vero
806 1556 950 1612 tanti
979 1555 1252 1610 beneﬁcii
1288 1554 1668 1610 immemores
1700 1553 1809 1610 ali-

123 1653 366 1728 quando
399 1653 602 1706 essent
635 1647 856 1714 Poloni,
890 1649 1133 1702 cautum
1167 1649 1258 1700 est
1289 1649 1354 1700 ut
1382 1649 1590 1717 praeter
1630 1661 1804 1699 num-

125 1759 292 1799 mum
317 1739 502 1796 annui
538 1755 774 1804 census,
791 1753 964 1810 quem
989 1735 1152 1807 regni
1181 1733 1408 1790 nobiles
1431 1734 1554 1790 sedi
1579 1737 1807 1806 aposto-

123 1833 237 1888 lica:
274 1830 512 1887 solvere
545 1831 906 1894 tenerentur,
927 1823 1008 1879 illi
1039 1824 1219 1878 etiam
1254 1823 1550 1879 caesariem
1581 1821 1639 1876 in
1674 1839 1801 1906 mo-

123 1927 261 1978 dum
298 1936 533 1976 coronae
566 1917 880 1980 deferrent,
913 1919 970 1969 et
1001 1911 1116 1968 alia
1147 1916 1492 1984 praestarent
1533 1929 1660 1984 qua:
1694 1915 1802 1966 Po-

123 2011 288 2068 lonize
317 2005 590 2064 historici
624 2005 818 2061 fusius
847 2005 1106 2059 narrant.
1127 2007 1202 2057 De
1230 2001 1340 2056 hac
1359 2001 1516 2056 enim
1549 2017 1610 2056 re
1631 1999 1688 2056 in
1713 2017 1800 2056 ve-

120 2099 346 2156 teribus
379 2093 792 2152 Cluniacensis
823 2089 1160 2148 monasterii
1197 2090 1605 2146 instrumentis
1653 2088 1800 2144 nihil

121 2188 381 2262 reperire
414 2183 953 2240 licuit.Casimirus
985 2199 1118 2236 vero
1154 2196 1402 2252 regnum
1435 2179 1637 2236 iniisse
1663 2177 1802 2234 dici-

123 2283 212 2334 tur
232 2293 402 2332 anno
431 2273 595 2341 10-il,
631 2271 788 2344 quod
824 2269 1135 2326 defunctus
1167 2285 1318 2324 anno
1349 2269 1490 2324 1058
1533 2267 1651 2324 filio
1692 2285 1798 2323 suo

125 2364 398 2422 Bolcslao
433 2363 482 2418 ΙΙ
517 2359 780 2433 reliquit.
815 2359 1098 2413 Caeterum
1133 2356 1298 2412 initio
1330 2356 1524 2412 seaculi
1555 2374 1650 2412 xxv
1680 2360 1798 2410 Vo-

127 2450 585 2524 ladislaum,qui
619 2449 880 2522 primum
915 2446 1331 2513 Cistercii,tum
1361 2446 1419 2501 in
1443 2445 1798 2500 monasterio

131 2545 319 2600 sancti
348 2540 601 2613 Benigni
621 2535 988 2594 Divionensis
1010 2535 1334 2590 monachus
1351 2552 1661 2590 conversus
1684 2535 1802 2589 fuc-

133 2637 232 2698 rat,
267 2650 311 2688 θ,
361 2629 519 2685 votis
565 2626 817 2683 absolvit
849 2624 1116 2682 Clemens
1143 2625 1192 2678 V
1222 2642 1490 2680 summus
1521 2623 1797 2697 pontifex,

133 2726 191 2776 ut
221 2719 528 2776 Casimiro
558 2716 813 2772 Polonize
842 2715 962 2787 regi
995 2714 1265 2770 defuncto
1295 2714 1600 2769 succedere
1643 2711 1799 2767 vale-

139 2814 236 2865 ret.
277 2808 404 2864 Scd
440 2805 633 2860 innuit
666 2803 926 2876 pontifex
958 2802 1017 2857 in
1051 2801 1260 2857 litteris
1291 2819 1359 2858 ca
1407 2803 1478 2857 de
1529 2819 1588 2857 re
1627 2801 1800 2868 datis,

140 2915 258 2970 quae
298 2895 605 2952 habentur
635 2899 796 2948 tomo
828 2892 925 2946 VII
957 2889 1248 2963 Spicilegii
1282 2890 1607 2957 Acheriani,
1636 2889 1804 2944 istius

139 2985 574 3058 professionem
607 2981 853 3038 liberam
886 2997 1002 3036 non
1035 2979 1235 3036 fuisse.
1273 2980 1623 3035 Casimirum
1669 2995 1805 3034 cum

142 3076 278 3132 beati
313 3072 496 3130 titulo
545 3072 972 3126 commemorat
1017 3068 1329 3124 Bucelinus
1379 3069 1438 3124 in
1476 3067 1802 3140 Menologio

139 3161 530 3219 Benedictino
562 3159 656 3215 die
680 3162 752 3214 28
783 3157 1145 3214 Novembris.

207 3254 334 3308 121.
373 3251 596 3306 Mirum
653 3252 745 3304 est
790 3248 996 3320 quanti
1056 3247 1296 3302 fecerint
1349 3247 1498 3302 beati
1542 3245 1805 3302 Odilonis

141 3340 391 3397 consilia
417 3337 682 3410 plerique
713 3338 844 3408 ejus
874 3334 1161 3408 temporis
1185 3335 1474 3392 antistites
1494 3340 1551 3391 et
1571 3335 1666 3390 alii
1699 3333 1806 3390 viri

145 3427 408 3502 potentia
429 3431 488 3482 et
511 3425 708 3482 szeeuli
733 3424 1124 3496 dignitatibus
1144 3423 1423 3491 illustres,
1439 3423 1655 3494 quibus
1671 3441 1806 3478 eum

144 3536 242 3590 pro
263 3536 395 3574 sua:
417 3513 779 3570 conditionis
801 3518 957 3570 statu
981 3516 1038 3568 in
1063 3513 1439 3569 monasteriis
1461 3513 1669 3584 degere
1691 3530 1805 3568 non

142 3607 362 3674 liceret,
384 3607 469 3660 ita
495 3609 695 3659 tamen
725 3619 852 3659 sese
881 3619 1108 3674 suaque
1133 3603 1330 3658 omnia
1352 3601 1503 3658 beati
1535 3602 1640 3656 viri
1665 3603 1806 3673 regi-

146 3695 282 3752 mini
319 3692 767 3760 commiserant,
797 3697 856 3746 ut
884 3691 1026 3747 nihil
1057 3691 1309 3762 alicujus
1345 3691 1623 3748 momenti
1667 3692 1806 3747 abs-

147 3802 253 3857 que
286 3782 489 3856 ipsius
509 3780 755 3837 consilio
785 3785 888 3837 aut
907 3781 1082 3850 jussu
1115 3780 1302 3836 facere
1332 3780 1804 3852 aggrederentur.

148 3874 221 3929 Ex
251 3873 352 3928 his
379 3870 493 3926 fuit
523 3869 831 3926 Fulbertus
855 3869 1302 3924 Carnotensium
1333 3869 1805 3942 episcopus,prze-

149 3959 552 4027 clarissimum
579 3957 758 4029 hujus
788 3957 1082 4013 undecimi
1116 3957 1311 4013 saeculi
1343 3958 1562 4024 lumen,
1594 3957 1690 4030 qui
1743 3975 1806 4012 se

151 4065 438 4105 excusans
469 4047 628 4120 quod
655 4047 725 4102 ad
757 4048 995 4102 beatum
1023 4047 1210 4102 virum
1243 4048 1512 4102 accedere
1558 4063 1672 4102 non
1703 4064 1805 4119 po-

151 4138 360 4194 tuisset
391 4136 649 4208 spondet
677 4153 804 4192 sese
833 4135 892 4190 id
943 4151 1118 4207 quam
1171 4134 1426 4206 primum
1476 4135 1526 4192 ei
1557 4135 1802 4204 licuerit,

153 4225 469 4282 facturum.
508 4225 754 4292 Veniam,
797 4223 1012 4296 inquit,
1061 4225 1358 4298 aliquando
1413 4225 1482 4280 ad
1538 4241 1646 4289 vos,
1678 4241 1806 4296 quos

153 4331 269 4372 vere
300 4314 581 4370 inhabitat
607 4314 845 4386 Spiritus
873 4321 1116 4377 sanctus,
1141 4315 1436 4370 consilium
1475 4313 1653 4369 divini
1681 4331 1805 4370 ora-

154 4405 265 4460 culi
287 4406 586 4476 petiturus,
611 4407 718 4458 etc.
741 4404 808 4459 Et
837 4406 990 4458 certe
1017 4419 1086 4459 ex
1115 4403 1358 4474 epistola
1391 4420 1568 4475 quam
1599 4403 1807 4458 beatus

1911 2365 2018 2420 pro
2051 2347 2338 2420 praediolo
2361 2347 2527 2420 juxta
2558 2351 2758 2409 villam
2791 2355 3144 2415 Givriacum.
3183 2363 3274 2419 Ol)
3311 2366 3371 2424 id
3424 2371 3605 2430 simul

1909 2437 2069 2492 dicta
2100 2435 2414 2494 abbatissa
2443 2445 2498 2496 et
2527 2441 2727 2514 plures
2751 2445 2847 2500 Dei
2879 2445 3106 2502 ancillas
3125 2466 3268 2508 eum
3291 2454 3398 2514 illa
3417 2464 3474 2516 et
3496 2479 3604 2518 nos

1909 2527 1980 2581 ad
2015 2525 2430 2598 supradictum
2468 2529 2656 2587 locum
2689 2535 3094 2604 convenimus,
3129 2540 3233 2596 ubi
3281 2554 3603 2616 praesentes

1909 2616 2154 2706 fuerunt
2207 2619 2568 2676 venerabiles
2617 2623 2860 2680 abbates
2909 2623 3168 2682 domnus
3212 2631 3596 2706 Allenardus,

1909 2704 2170 2760 domnus
2201 2706 2538 2775 Guidricus,
2573 2711 2826 2767 domnus
2856 2711 3151 2784 Otgerius,
3185 2721 3444 2795 etc.,qui
3470 2704 3591 2782 rem

1913 2802 2395 2887 composuere,et
2425 2803 2619 2870 partes
2650 2800 3070 2857 fraternitatem
3099 2809 3382 2866 mutuam
3432 2814 3596 2887 pepi-

1914 2898 2068 2955 gere.
2102 2905 2129 2932 ››
2159 2883 2336 2938 Nulla
2382 2889 2650 2960 apposita
2709 2894 2798 2945 est
2855 2888 2992 2944 huic
3051 2889 3271 2952 chartas
3321 2883 3478 2968 data,
3507 2883 3586 2959 ne

1915 2970 2154 3042 quidem
2199 2973 2258 3026 in
2305 2977 2698 3050 autographo;
2741 2995 2870 3034 eam
2918 2982 3112 3034 tamen
3161 2989 3302 3053 post
3357 3006 3581 3048 annum

1917 3059 2054 3114 1030
2085 3059 2297 3116 factam
2331 3062 2514 3120 fuisse
2544 3065 2896 3138 colligimus,
2929 3067 3084 3138 quod
3115 3067 3435 3132 Alinardus
3475 3095 3579 3133 an-

1839 3140 1880 3204 C
1919 3148 1979 3204 ni
2015 3149 2142 3203 1031
2195 3149 2360 3206 initio
2393 3153 2704 3209 Guillelmo
2755 3155 3032 3224 suffectus
3081 3157 3283 3216 fuerit.
3331 3164 3402 3218 Et
3449 3165 3578 3237 qui-

1917 3237 2048 3292 dem
2095 3238 2442 3296 Rotbcrtum
2492 3241 2754 3297 Cluniaei
2805 3243 3058 3316 priorem
3111 3249 3254 3304 tunc
3295 3253 3579 3325 temporis

1915 3325 2098 3382 fuisse
2127 3343 2194 3381 ex
2219 3327 2422 3384 multis
2448 3330 2667 3386 chartis
2700 3335 2876 3402 patet,
2907 3349 3055 3405 quas
3087 3351 3196 3391 suo
3225 3336 3352 3396 loco
3379 3339 3580 3398 lauda-

1913 3431 2126 3471 νιωυε.

1989 3505 2108 3560 122.
2141 3504 2424 3562 Caeterum
2458 3507 2622 3564 Odilo
2645 3525 2760 3563 non
2792 3527 2918 3582 qua:
2947 3527 3056 3567 sua
3083 3519 3270 3585 erant,
3307 3519 3410 3574 sed
3445 3537 3573 3592 quas

1913 3593 2050 3650 Jesu
2087 3593 2299 3648 Christi
2331 3597 2664 3663 attendens,
2697 3597 2852 3652 haud
2887 3600 3084 3658 minus
3113 3603 3363 3662 aliorum
3397 3625 3572 3680 quam

1917 3682 2160 3756 propria:
2187 3682 2424 3740 utilitati
2446 3687 2996 3760 ixwigilabat.Cujus
3017 3692 3096 3748 rei
3120 3694 3462 3765 praeclarum
3486 3716 3576 3754 ar-

1913 3778 2257 3844 gumentum
2283 3775 2805 3847 suppeditatllugo
2831 3777 3284 3840 Flaviniaeensis
3305 3785 3490 3843 abbas
3513 3789 3570 3846 in

1913 3859 2195 3914 Chronico
2208 3859 2583 3927 Virdunensi,
2602 3863 2699 3917 ubi
2731 3868 2932 3920 narrat
2962 3867 3198 3924 beatum
3213 3871 3570 3932 Riehardum

1913 3947 2352 4004 etli‘rederieum
2377 3950 2926 4022 comitem,abjeetis
2939 3954 3068 4025 jam
3093 3958 3290 4014 saeculi
3311 3964 3567 4036 pompis,

1914 4038 1984 4093 de
2015 4036 2278 4108 eligendo
2314 4039 2688 4105 monasterio,
2723 4039 2823 4093 ubi
2847 4040 3026 4098 vitam
3058 4044 3326 4118 religiose
3354 4052 3568 4108 transi-

1913 4130 2131 4199 gerent,
2165 4124 2448 4181 sollicitos
2479 4127 2549 4181 ad
2586 4128 2820 4182 beatum
2871 4129 3177 4188 Odilonem
3227 4137 3567 4206 accessisse,

1914 4219 1979 4270 ut
2007 4232 2075 4271 ea
2103 4215 2174 4268 de
2193 4230 2252 4269 re
2273 4213 2590 4270 concilium
2615 4217 2688 4271 ab
2723 4232 2788 4272 eo
2811 4220 3162 4292 acciperent,
3182 4228 3414 4294 paratos
3445 4243 3573 4286 sese

1915 4303 2067 4361 beati
2100 4303 2205 4358 viri
2240 4303 2562 4375 disciplinas
2589 4303 2955 4376 subjicere,si
2977 4309 3034 4365 id
3055 4310 3264 4368 melius
3285 4312 3398 4386 ipsi
3418 4315 3574 4372 vide-

1916 4397 2095 4449 retur.
2133 4395 2204 4448 At
2235 4391 2322 4446 vir
2353 4399 2592 4449 sanctus
2624 4393 2940 4466 prophetiae
2979 4398 3190 4472 spiritu
3221 4400 3452 4473 plenus,
3487 4406 3573 4462 eis

158 4493 334 4548 abbas
363 4493 439 4549 ad
476 4490 815 4547 Fulbertum
847 4490 1108 4564 scripsit,
1142 4496 1199 4546 et
1242 4510 1310 4548 ex
1359 4491 1474 4547 illis
1505 4509 1654 4564 quas
1682 4491 1808 4564 ipse
1842 4507 1888 4570 Ι)
1922 4489 1984 4538 ιιι
2015 4483 2085 4536 ad
2117 4481 2266 4536 beati
2301 4481 2493 4536 Vitoni
2524 4481 2892 4541 Virdunense
2939 4490 3382 4562 monasterium,
3415 4495 3572 4566 quod

161 4580 471 4637 Fulhertus
503 4580 573 4635 ad
616 4597 747 4636 eum
779 4580 1153 4652 direxit,qua:
1186 4580 1475 4636 habentur
1505 4580 1562 4636 in
1596 4581 1809 4636 Biblio-

160 4669 324 4724 theca
379 4669 772 4739 Cluniacensi,
805 4669 896 4726 vol
953 4670 1078 4738 351,
1131 4672 1287 4740 patet
1337 4668 1676 4726 Fulbertum
1727 4670 1810 4724 ita

163 4773 285 4812 sese
315 4759 486 4814 beato
519 4757 746 4813 Odiloni
780 4757 1196 4828 subjecisse,ut
1223 4761 1381 4813 totus
1413 4775 1481 4812 ex
1510 4760 1639 4829 ejus
1662 4764 1807 4814 nutu

165 4846 458 4915 penderet.
495 4847 620 4902 Non
653 4847 808 4903 enim
841 4847 911 4903 de
937 4863 1052 4902 uno
1083 4850 1184 4901 aut
1213 4846 1394 4903 altero
1421 4847 1674 4920 negotio,
1709 4849 1810 4903 sed

164 4933 230 4988 de
255 4940 374 4990 toto
398 4953 522 4990 sua:
547 4935 731 5007 ipsius
751 4936 883 4991 vita:
907 4939 1061 4991 statu
1085 4935 1397 4992 consilium
1421 4937 1493 4992 ab
1516 4953 1582 4992 eo
1615 4937 1811 5008 requi-

165 5025 341 5078 rebat.
377 5026 442 5079 In
475 5024 592 5080 alia
620 5026 864 5098 epistola
900 5024 1240 5080 Leutherico
1266 5025 1564 5080 Senonum
1616 5026 1811 5081 archi-

167 5110 433 5184 episcopo
456 5113 762 5179 suadct,ut
792 5131 919 5170 sese
951 5112 1187 5168 omnino
1221 5110 1466 5168 Odilonis
1495 5123 1545 5169 et
1583 5115 1700 5185 ejus
1731 5131 1813 5168 as-

167 5199 432 5256 seclarum
459 5204 688 5258 consilio
717 5202 1061 5268 committat,
1095 5201 1142 5256 si
1178 5201 1302 5272 ipse
1332 5201 1468 5257 velit
1500 5220 1610 5257 non
1638 5204 1814 5259 solum

168 5289 367 5346 animi:
387 5293 716 5362 periculum,
748 5293 838 5348 sed
885 5301 936 5348 el
987 5293 1116 5347 vita?
1162 5293 1454 5362 praesenlis
1497 5293 1734 5360 gloriam
1762 5301 1814 5348 et

173 5374 419 5434 honorem
451 5397 788 5452 recuperare.
821 5380 1093 5454 Deplorat
1123 5383 1336 5434 sortem
1387 5397 1555 5434 suam
1589 5381 1654 5436 H.
1689 5382 1813 5454 qui-

177 5464 310 5520 dam
340 5470 660 5528 monachus
692 5470 750 5527 in
781 5469 1024 5544 epistola
1070 5469 1141 5523 ad
1183 5467 1560 5525 Divionenses
1605 5489 1809 5526 mona-

180 5551 338 5624 chos,
370 5555 656 5632 Spieilegii
693 5564 850 5617 temo
882 5559 950 5616 ll.
985 5574 1116 5631 pag.
1165 5557 1271 5612 390
1310 5557 1382 5628 (is
1405 5561 1511 5626 est,
1547 5563 1609 5611 ut
1648 5564 1809 5632 pum:

1919 4574 2040 4644 jam
2071 4571 2384 4642 elegerant,
2419 4577 2762 4638 remearent,
2796 4577 3109 4646 persuasit,
3145 4601 3173 4630 ‹‹
3203 4579 3504 4652 adjiciens,
3541 4604 3570 4633 »

1918 4660 2112 4732 inquit
2141 4660 2236 4715 ille
2266 4665 2488 4726 auctor,
2516 4682 2543 4710 ‹‹
2568 4677 2737 4732 posse
2772 4679 2881 4734 per
2914 4681 3012 4722 eos
3045 4667 3168 4722 ﬁeri
3199 4667 3259 4724 in
3292 4686 3571 4740 processu

1918 4749 2222 4821 temporis,
2241 4751 2304 4803 ut
2325 4747 2661 4804 habitacula
2689 4767 2989 4823 servorum
3029 4756 3124 4811 Dei
3157 4773 3312 4812 nunc
3342 4759 3573 4816 modica

1920 4837 2294 4912 postmodum
2345 4847 2690 4905 crescerent,
2719 4844 2776 4894 et
2822 4841 2986 4898 fieret
3029 4860 3228 4900 eorum
3276 4844 3572 4904 industria

1920 4926 2084 4982 locus
2112 4926 2208 4981 ille
2238 4925 2506 4998 insignis,
2543 4928 2641 4998 qui
2676 4933 2816 4984 tunc
2837 4930 3142 4988 videbatur
3181 4937 3474 5006 angustus
3509 4941 3571 4993 et

1922 5013 2316 5088 despicabilis.
2351 5037 2380 5063 »
2412 5015 2686 5072 Pluribus
2725 5018 2948 5074 extollit
2978 5024 3179 5091 postea
3217 5021 3372 5079 idem
3401 5024 3570 5098 Hugo

1923 5104 2073 5160 beati
2106 5103 2366 5160 Odilonis
2397 5104 2758 5174 charitatem,
2786 5112 2984 5180 utpote
3012 5111 3110 5180 qui
3145 5111 3253 5168 hac
3301 5113 3572 5172 anctione

1922 5195 2159 5250 sincera:
2181 5192 2485 5248 eharitatis
2514 5195 2843 5267 exemplum
2876 5199 3205 5271 praebuerit,
3229 5201 3414 5258 multo
3445 5221 3572 5261 ma-

1922 5284 2012 5357 gis
2043 5284 2113 5338 de
2146 5282 2332 5336 alieno
2363 5299 2538 5352 quam
2561 5283 2634 5338 de
2661 5283 2890 5355 proprio
2914 5285 3063 5342 bono
3085 5288 3390 5347 sollicitus.
3408 5291 3574 5351 Unde

1923 5371 2216 5429 concludit
2263 5375 2478 5447 totum,
2505 5378 2764 5442 quantus
2813 5373 2910 5429 ille
2929 5377 3153 5447 fuerit,
3185 5378 3574 5438 Virdunensis

1923 5459 2257 5520 monasterii
2289 5461 2617 5532 profeceum
2651 5461 2817 5519 beato
2838 5439 3067 5522 Odiloni
3085 5472 3388 5543 acceptum
3406 5471 3578 5527 refer-

1924 5555 1970 5610 ri
2002 5551 2228 5608 debere.
