4036 6160
154 351 269 422 889

1690 341 2075 408 ELQGIUM.

3499 334 3620 399 890

155 509 268 570 gna
296 488 400 548 Dei
433 486 643 563 pietas,
670 487 995 559 postquam
1034 479 1282 538 excessit
1319 478 1390 570 ad
1418 495 1689 553 superos,
1723 479 1824 534 de-
1855 480 1910 545 Î‘
1940 476 2253 570 nescimus
2275 475 2621 570 quid._Quod
2643 478 2885 537 verbum
2916 476 3165 551 quidam
3198 490 3268 531 ex
3294 467 3465 570 nobis
3488 486 3623 570 cum

157 569 501 639 monstravit
523 577 596 633 ad
623 574 931 631 tumulum
965 574 1114 643 ejus,
1135 569 1473 627 studuimus
1503 569 1671 624 vobis
1699 570 1827 624 bre-

154 672 296 729 viter
318 671 535 726 cuncta
556 666 946 721 innotescere.
972 663 1109 717 Post
1138 660 1285 716 duos
1316 676 1550 715 menses
1574 674 1732 731 ergo,
1759 674 1829 712 ex

154 775 269 834 quo
300 758 561 813 domnus
592 754 783 810 abbas
813 752 1056 808 venerat
1087 750 1159 803 ad
1193 766 1299 805 nos
1329 748 1517 822 gratia
1549 746 1828 803 visitandi

156 845 455 906 tumulum
506 843 692 900 sancti
747 841 946 898 Maioli
998 838 1446 911 praedecessoris
1480 836 1596 904 sui,
1628 836 1830 892 volens

155 936 502 994 Cluniacum
539 932 748 1001 redire,
778 934 1021 1003 rogatus
1046 932 1137 983 est
1169 927 1487 999 quamdam
1520 924 1827 982 ecclesiam

157 1026 339 1091 adire,
366 1022 568 1094 ibique
593 1020 687 1076 die
709 1018 1037 1081 Dominico,
1053 1020 1287 1072 astante
1308 1016 1620 1071 innumera
1640 1012 1835 1069 multi-

158 1108 366 1171 tudine
398 1109 731 1176 hominum,
768 1109 1018 1165 missam
1051 1121 1283 1161 canere.
1318 1105 1463 1160 Hinc
1492 1121 1626 1159 vero
1648 1102 1835 1158 altera

158 1204 272 1270 die,
301 1219 432 1274 quae
458 1198 632 1255 tertia
651 1197 879 1254 decima
898 1201 988 1252 est
1009 1211 1044 1249 a
1064 1193 1158 1248 die
1179 1192 1407 1249 Natalis
1428 1191 1834 1259 Domini,dum

157 1290 587 1355 revertebatur,
617 1286 829 1343 solitus
860 1284 1027 1340 dolor
1066 1281 1292 1338 ventris
1322 1299 1457 1338 eum
1492 1281 1745 1350 invasit;
1779 1284 1838 1337 et

154 1378 494 1437 invadendo
517 1394 621 1449 per
641 1392 741 1431 sex
761 1371 1123 1430 continuosd
1136 1372 1220 1427 ies
1236 1376 1506 1443 torquere
1520 1388 1635 1425 non
1658 1371 1839 1426 desti-

156 1471 248 1527 tit.
286 1469 426 1524 Post
456 1482 608 1540 quos
642 1464 877 1520 tandem
912 1461 1259 1533 relinquens
1282 1459 1472 1527 illum,
1498 1459 1684 1516 solam
1705 1477 1837 1517 cor-

157 1557 319 1633 poris
351 1554 765 1621 defectionem,
803 1551 888 1607 uti
918 1551 1045 1623 ipse
1078 1550 1387 1617 referebat,
1422 1566 1540 1604 non
1573 1547 1837 1605 dolorem

154 1645 426 1722 pertulit,
460 1660 580 1700 non
614 1641 814 1699 valens
845 1640 999 1697 ultra
1029 1639 1362 1712 quidquam
1395 1638 1508 1694 cibi
1539 1638 1628 1694 vel
1661 1642 1838 1711 potus

157 1752 422 1801 sumere,
442 1738 652 1807 praeter
673 1730 894 1802 aliquid
918 1726 1123 1793 mulsi,
1143 1728 1301 1799 quod
1320 1728 1494 1783 etiam
1510 1730 1640 1800 post
1654 1727 1841 1782 modi-

157 1842 298 1884 cum
322 1819 916 1897 projiciebat.Vigilia
936 1817 1095 1874 enim
1108 1816 1336 1873 Natalis
1354 1816 1837 1873 Dominivcniens

159 1915 215 1971 in
249 1910 616 1986 capitulum,
649 1926 713 1966 se
743 1908 868 1965 solo
902 1907 1153 1963 ubertim
1199 1905 1491 1979 lacrymas
1539 1906 1837 1961 fundendo

162 2002 512 2078 prostravit,
537 2016 674 2055 cum
698 1996 928 2054 Domini
951 1996 1317 2051 nativitatem
1342 1995 1721 2067 pronuntiare
1740 2012 1841 2049 au-

161 2088 612 2160 divit.Denique
634 2100 965 2142 sermonem
992 2088 1301 2156 postquam
1326 2083 1568 2138 mirifice
1592 2081 1837 2155 peregit,

155 2181 437 2253 seipsum
471 2176 641 2232 valde
672 2173 847 2246 erepit
866 2172 1153 2245 judicare,
1188 2174 1389 2229 dicens
1427 2190 1490 2229 se
1522 2171 1668 2228 nihil
1698 2171 1837 2227 boni

165 2285 440 2341 unquam
463 2265 947 2339 egisse,attamen
970 2262 1069 2317 Dei
1092 2261 1280 2335 gratia
1298 2261 1578 2334 virginem
1597 2277 1839 2333 corpore

160 2360 415 2424 esse;et
436 2371 545 2411 nos
576 2351 908 2418 absolvens,
933 2355 990 2407 et
1022 2367 1253 2407 summo
1283 2350 1507 2407 Pastori
1537 2366 1838 2407 commen-

165 2447 322 2503 dans
336 2441 744 2501 benedicendo
767 2439 1164 2503 admonuit,ut
1178 2439 1361 2511 ipsam
1376 2438 1838 2495 sacratissimam

163 2533 621 2593 solemnitatem
649 2546 787 2586 cum
819 2527 1033 2600 gaudio
1066 2527 1352 2600 spirituali
1387 2527 1836 2595 celebraremus,

164 2623 451 2695 nihilque
478 2621 550 2677 ob
584 2620 677 2675 sui
705 2616 1247 2673 incommoditatem
1280 2615 1726 2672 dimitteremus.
1752 2617 1839 2672 Ad

165 2712 513 2770 matutinos
526 2725 658 2765 vero
674 2708 730 2763 in
747 2706 952 2762 eadem
969 2710 1134 2761 nocte
1146 2705 1205 2760 in
1219 2704 1534 2761 oratorium
1549 2706 1722 2761 beata:
1736 2706 1845 2761 vir-

164 2803 337 2877 ginis
362 2798 561 2856 Mariae
583 2798 708 2871 ipse
730 2794 1133 2862 delatus,cum
1156 2793 1541 2866 psallentibus
1564 2810 1757 2849 coram
1783 2810 1846 2850 se

166 2890 475 2948 fratribus
494 2886 756 2960 psalmos
781 2888 839 2941 et
860 2883 1230 2955 responsoria
1249 2884 1479 2955 cecinit,
1495 2882 1846 2940 benedictio-

168 2999 282 3036 nes
296 2975 585 3052 protulit;
608 2977 675 3030 Te
688 2978 863 3031 Deum
887 2972 1176 3028 laudamus
1198 2971 1404 3027 adnisu
1428 2988 1544 3043 quo
1557 2971 1737 3027 valuit
1760 2990 1851 3029 ex-

171 3069 340 3125 celsa
374 3083 518 3121 voce
553 3060 974 3137 pronuntiavit.
1010 3060 1316 3116 Enimvero
1346 3061 1486 3132 quia
1520 3062 1646 3132 jam
1674 3065 1850 3117 terre-

170 3174 326 3213 num
352 3154 558 3210 cibum
573 3151 876 3216 omiserat,
892 3149 1259 3222 spiritualem
1278 3150 1537 3222 quotidie
1559 3151 1851 3219 sumebat,

1938 584 2057 622 non
2093 567 2251 622 bene
2299 566 2733 637 intellexerunt,
2766 568 2815 626 ei
2848 569 3127 625 dixerunt
3158 562 3431 637 protinus
3465 577 3479 616 :
3515 563 3625 627 Do-

1937 656 2118 721 mine,
2141 654 2329 710 dicitis
2351 664 2411 711 ut
2442 672 2530 712 vos
2561 658 2839 713 redamas.
2865 656 3092 721 Quibus
3115 652 3211 708 ille
3240 649 3624 721 respondens,

1942 744 2095 800 dixit
2129 742 2298 817 valde
2329 751 2531 816 aperta
2561 765 2697 804 voce
2727 765 2738 802 :
2771 749 3071 817 Nunquam
3092 743 3192 797 hoc
3223 738 3346 793 dixi
3375 741 3517 811 quod
3547 741 3629 807 di-

1941 836 2105 890 citis.~
2133 834 2354 890 Deinde
2382 837 2705 907 respiciens
2732 832 3078 893 terribiliter
3106 831 3314 887 contra
3343 829 3627 889 orientem

1945 922 2122 996 quasi
2143 940 2276 978 cum
2300 922 2497 996 aliquo
2520 926 2874 998 loqueretur,
2892 921 3074 993 C(Bpit
3090 918 3435 993 altyrnatim,
3458 921 3631 981 silere

1945 1018 2005 1068 et
2032 1011 2171 1067 fari.
2193 1013 2343 1067 Tum
2368 1018 2683 1086 postquam
2716 1015 2846 1085 ejus
2876 1023 3172 1082 organum
3198 1009 3367 1077 quasi
3387 1010 3630 1075 ridendo

1947 1100 2292 1158 diutissime
2321 1102 2513 1157 visum
2549 1109 2636 1159 est
2668 1100 2911 1166 moveri,
2951 1097 3089 1152 felix
3121 1096 3256 1168 ejus
3286 1100 3485 1165 anima
3516 1106 3632 1161 mi-

1948 1190 2145 1266 gravit
2175 1191 2249 1246 ad
2280 1190 2475 1247 ccelos.
2513 1193 2658 1247 Hinc
2690 1204 2905 1262 corpus
2942 1187 3076 1258 ejus
3106 1190 3176 1242 ut
3206 1188 3319 1246 fuit
3361 1190 3548 1253 lotum
3582 1202 3640 1255 et

1948 1279 2322 1337 aromatibus
2350 1280 2678 1347 conditum,
2711 1295 2778 1333 ac
2824 1275 3056 1330 iisdem
3095 1280 3387 1353 vestibus,
3423 1286 3643 1361 quibus

1950 1368 2078 1442 ipse
2111 1368 2356 1423 vivendo
2378 1369 2662 1438 jusserat,
2697 1366 3020 1429 indutum,
3055 1366 3320 1431 delatum
3343 1383 3431 1435 est
3458 1377 3519 1441 in
3550 1397 3648 1439 eo-

1951 1458 2151 1524 clesia,
2186 1463 2242 1514 et
2268 1459 2526 1529 positum
2559 1461 2696 1511 ante
2739 1453 2937 1509 altare
2978 1462 3387 1529 apostolorum
3417 1470 3570 1531 Petri
3600 1480 3658 1533 et,

1949 1546 2140 1613 Pauli,
2162 1547 2261 1602 ubi
2296 1546 2591 1603 maximus
2624 1542 2795 1599 dolor
2808 1541 3111 1608 etluctus
3138 1559 3309 1615 actus
3331 1563 3421 1616 est
3449 1564 3520 1621 ab
3543 1565 3662 1625 illis

1951 1637 2053 1710 qui
2084 1637 2360 1693 excubias
2421 1639 2557 1691 ante
2615 1635 2750 1705 ejus
2810 1631 3116 1698 feretrum
3174 1644 3279 1705 illa
3321 1657 3489 1710 nocte
3529 1673 3660 1731 per-

1951 1731 2217 1799 egerunt.

2026 1838 2052 1866 â€¹â€¹
2084 1816 2310 1874 Interea
2336 1814 2585 1888 quidam
2617 1811 2820 1883 frater,
2846 1818 3098 1878 nomine
3131 1822 3657 1900 Gregorius,valde

1952 1903 2286 1977 religiosus,
2311 1907 2568 1960 stratum
2601 1904 2833 1973 petens,
2855 1921 2995 1962 eum
3021 1910 3135 1967 sibi
3159 1915 3453 1975 assistere
3483 1923 3648 1994 vidit,

1951 1995 2122 2065 quasi
2144 1994 2204 2050 in
2227 1995 2435 2050 eodem
2459 1990 2588 2047 loco
2611 2008 2733 2063 quo
2764 1993 2991 2052 obierat
3014 2016 3027 2054 :
3052 2016 3235 2071 quem
3275 1990 3649 2082 interrogans

1952 2084 2248 2153 quomodo
2282 2098 2346 2137 se
2376 2080 2641 2146 haberet,
2663 2098 3000 2142 memorans
3022 2087 3305 2148 videlicet
3331 2097 3489 2165 quod
3513 2080 3644 2170 jam

1951 2172 2218 2240 obiisset,
2254 2170 2562 2261 respondit
2593 2173 2796 2228 omnia
2826 2173 2982 2231 bona
3011 2175 3123 2232 sibi
3155 2183 3527 2254 provenisse,
3561 2187 3648 2261 ip-

1951 2279 2210 2335 sumque
2238 2262 2455 2332 Regem
2486 2259 2684 2334 gloriae
2716 2262 2924 2319 Jesum
2956 2264 3261 2323 Christum
3296 2269 3409 2327 sibi
3435 2259 3643 2334 occur-

1951 2351 2121 2406 risse.
2150 2349 2311 2406 Dixit
2331 2348 2502 2406 etiam
2525 2353 2682 2424 quod
2707 2353 2895 2409 forma
2919 2353 3138 2413 diaboli
3164 2353 3365 2414 instar
3385 2364 3518 2423 tetri
3542 2364 3645 2421 ho-

1951 2440 2134 2496 minis
2167 2438 2291 2497 sibi
2336 2440 2668 2514 adprimum
2700 2441 3060 2515 apparuerit,
3094 2447 3429 2506 ostendens
3460 2451 3543 2507 illi
3576 2452 3638 2508 in

1950 2547 2132 2602 quam
2190 2533 2444 2603 partem,
2493 2532 2713 2588 ostium
2761 2531 3030 2588 videlicet
3077 2531 3462 2607 latrinarum,
3497 2558 3636 2598 eon-

1952 2621 2123 2676 fusus
2154 2621 2533 2687 abscesserit,
2568 2638 2700 2677 cum
2734 2623 2791 2677 in
2825 2638 2888 2676 se
2941 2618 3086 2675 nihil
3124 2621 3379 2683 invenit.
3414 2612 3638 2686 Deinde

1949 2708 2239 2765 velociter
2270 2711 2527 2767 transitu
2550 2712 2679 2781 ejus
2699 2709 3068 2783 personante,
3088 2706 3464 2779 incredibilis
3486 2716 3636 2775 mul-

1953 2798 2145 2853 titudo
2158 2798 2546 2856 hominumin
2560 2799 2909 2873 obsequium
2934 2796 3159 2853 funeris
3183 2800 3235 2871 ej
3247 2819 3318 2857 us
3341 2805 3634 2877 agglome-

1957 2887 2073 2942 rari
2104 2888 2305 2959 cmpit,
2340 2906 2516 2961 quem
2550 2891 2711 2962 [Mag.
2736 2887 2893 2961 quia]
2920 2884 3179 2942 universi
3205 2892 3468 2963 quodam
3499 2911 3628 2968 ger-

1961 2993 2136 3031 mano
2154 2976 2573 3033 etdulcissimo
2601 2979 2806 3034 atlâ€˜ectu
2838 2975 3218 3049 plangebant,
3244 2983 3306 3033 et
3328 2982 3628 3038 nescimus

1962 3079 2077 3136 quo
2101 3063 2297 3120 divino
2321 3064 2626 3137 instinctu,
2641 3064 3051 3139 cempunctius
3074 3079 3213 3119 eum
3239 3065 3623 3140 lugebant,ob
3690 3132 3693 3135 _

1963 3151 2023 3207 id
2056 3152 2324 3208 videlicet
2353 3157 2508 3227 quod
2541 3171 2676 3211 eum
2711 3154 2997 3228 placuisse
3029 3152 3282 3210 Domino
3315 3173 3431 3215 non
3464 3146 3627 3231 igno-

170 3244 460 3302 faciendo
484 3258 684 3298 coram
711 3258 774 3296 se
794 3239 983 3311 legere
1006 3244 1342 3294 sanctorum
1366 3239 1602 3294 Patrum
1624 3256 1849 3296 sermo-
1884 3223 1927 3290 C
1967 3242 2192 3297 rabant.
2226 3223 2486 3299 Evolutis
2522 3223 2728 3301 exinde
2782 3242 2984 3316 paucis
3039 3240 3273 3309 diebus,
3309 3223 3622 3321 postquam

170 3353 307 3404 nes,
336 3348 674 3403 eorumque
694 3329 974 3401 sullâ€˜ragia
995 3327 1385 3400 implorando,
1409 3345 1523 3401 quo
1544 3345 1612 3384 ex
1632 3328 1741 3385 hac
1768 3329 1852 3385 la-

168 3437 531 3497 crymarum
564 3416 823 3474 convalle
856 3434 1061 3473 eorum
1110 3416 1383 3489 precibus
1432 3423 1851 3474 assumeretur.

164 3514 363 3570 Porro
399 3508 600 3584 vigilia
630 3506 959 3563 festivitatis
1001 3507 1187 3563 sancti
1223 3505 1506 3574 Silvestri,
1540 3512 1853 3581 antequam

166 3603 402 3658 fratres
425 3600 499 3657 ad
522 3597 846 3653 matutinos
879 3600 1207 3668 surgerent,
1230 3596 1491 3652 sentiens
1513 3613 1574 3652 se
1596 3595 1856 3670 ingrave-

165 3688 731 3762 scerejamjamque
747 3685 1140 3758 propinquare
1159 3685 1230 3740 ad
1248 3685 1855 3752 exitum,communio-

168 3797 320 3836 nem
356 3775 732 3833 Dominicam
753 3779 1057 3830 etcrucem
1085 3771 1194 3829 sibi
1221 3774 1406 3844 jussit
1436 3774 1852 3848 afferri;quam

165 3883 428 3925 crucem
450 3869 521 3921 ut
540 3864 707 3931 vidit,
731 3864 931 3920 statim
956 3863 1027 3918 ab
1050 3861 1168 3917 imo
1191 3864 1441 3935 pectoris
1463 3863 1637 3937 longa
1665 3866 1854 3937 suspi-

170 3958 266 4013 ria
304 3954 657 4030 protrahere
688 3952 878 4025 C(Bpit,
913 3967 1160 4024 eamque
1196 3951 1484 4025 lacrymas
1532 3952 1851 4022 fundendo,

168 4052 232 4103 et
266 4044 575 4119 quasdam
616 4041 927 4106 orationes,
962 4057 1110 4113 quas
1141 4041 1313 4097 corde
1345 4046 1519 4097 tenus
1547 4040 1848 4110 retinebat,

166 4130 871 4198 decantando,adoravit;
888 4130 1090 4201 sicque
1103 4133 1365 4186 sanctam
1377 4131 1851 4187 communionem

169 4222 475 4295 suscepit.
500 4220 717 4276 Eadem
740 4236 872 4275 vero
895 4219 1010 4284 die,
1033 4218 1406 4290 vespertinali
1429 4218 1652 4275 scilicet
1681 4219 1845 4287 hora,

168 4318 328 4370 ante
361 4312 553 4369 altare
593 4313 807 4365 sanctm
856 4308 955 4363 Dei
987 4306 1286 4381 genitricis
1320 4307 1512 4364 Maria:
1545 4307 1759 4364 faciens
1791 4325 1853 4365 se

166 4403 287 4459 def
283 4399 639 4471 erri,ibique
652 4413 921 4470 vesperas
937 4395 1852 4462 solemnitercanere,diutissime

165 4509 319 4547 eam
341 4507 481 4547 cum
505 4487 781 4562 lacrymis
804 4486 1172 4559 rogavit,quo
1194 4485 1284 4541 sui
1309 4485 1651 4558 dignaretur
1673 4487 1850 4543 mise-

168 4580 325 4636 reri.
360 4578 632 4649 Denique
663 4593 723 4632 se
756 4576 975 4632 faciens
1022 4574 1233 4630 iterum
1284 4574 1484 4630 referri
1516 4574 1574 4629 in
1607 4576 1849 4631 domum

166 4669 918 4739 inï¬rmorum,postquam
941 4662 1377 4737 aliquantulum
1399 4662 1663 4720 videlicet
1685 4665 1849 4738 quic-

164 4756 263 4812 vit
280 4752 597 4821 inlectulo,
611 4769 739 4809 sese
751 4754 973 4825 erigere
988 4750 1348 4818 fecit,etinde
1363 4751 1617 4807 sedendo
1636 4757 1851 4826 tenere,

164 4861 309 4918 quo
341 4859 535 4916 usque
565 4842 758 4897 subito
788 4844 964 4913 caput
993 4838 1316 4896 inclinavit.
1350 4839 1515 4904 Quod
1559 4840 1759 4897 statim
1792 4847 1856 4898 ut

162 4934 471 4990 viderunt
517 4930 625 5005 qui
684 4931 974 4999 astabant,
1017 4946 1123 4985 nos
1168 4934 1540 4997 vocaverunt,
1572 4934 1854 5004 ponentes

164 5039 332 5081 eum
360 5021 603 5078 interim
633 5021 693 5077 in
714 5019 924 5088 cilicio,
949 5024 1006 5075 et
1025 5017 1253 5074 lumina
1282 5020 1686 5089 accendentes,
1717 5021 1856 5094 quia

163 5129 308 5169 nox
332 5108 695 5178 imminebat,
715 5127 833 5183 qua
849 5107 1204 5165 sacratissim
1215 5125 1283 5163 us
1307 5108 1433 5164 dies
1454 5108 1855 5166 Circumcisioâ€”

168 5202 285 5256 nis
312 5199 551 5257 Domini
572 5196 1303 5257 habetur.Occurrentibus
1316 5214 1453 5271 ergo
1476 5198 1645 5253 nobis
1669 5200 1853 5255 conti-

170 5307 344 5354 nuo,
363 5296 421 5347 et
441 5306 640 5346 vocem
663 5290 720 5344 in
743 5288 886 5345 coelo
907 5305 1041 5344 cum
1064 5286 1340 5360 lacrymis
1374 5287 1569 5342 dando
1602 5288 1675 5344 ob
1709 5290 1852 5346 tanti

170 5378 390 5436 Patris
422 5377 820 5446 amissionem,
848 5377 1184 5448 innuitipse
1218 5381 1281 5431 ut
1310 5380 1638 5433 taceremus
1675 5396 1686 5433 :
1721 5380 1851 5451 qui-

171 5473 314 5526 bus
341 5468 689 5535 tacentibus,
713 5465 1087 5538 interrogavit
1118 5464 1249 5521 illos
1281 5464 1379 5537 qui
1403 5481 1465 5520 se
1486 5467 1782 5534 tenebant,
1802 5469 1851 5524 si

166 5561 365 5615 esset
392 5557 612 5630 positus
641 5557 700 5612 in
732 5556 937 5612 cilicio.
973 5556 1238 5628 Cumque
1260 5553 1341 5609 illi
1375 5556 1847 5627 respondissent:

174 5644 737 5719 Utique,subjï¬‚nxit
756 5644 873 5713 ille,
888 5650 943 5702 et
965 5644 1138 5700 dixit:
1166 5646 1380 5701 Trahite
1400 5661 1504 5709 me,
1532 5645 1851 5718 respiciens

1962 3336 2051 3387 est
2073 3331 2339 3403 sepultus
2359 3331 2417 3388 in
2444 3334 2687 3389 sinistra
2718 3331 2907 3406 ipsius
2936 3330 3195 3387 ecclesiae
3221 3338 3423 3406 crypta
3445 3352 3623 3408 prope

1963 3420 2142 3477 altare
2201 3421 2389 3476 sancti
2450 3421 2725 3478 Lauriani
2788 3418 3079 3494 martyris,
3113 3419 3399 3477 virtutum
3436 3424 3624 3498 signis

1962 3509 2277 3565 Salvatoris
2310 3512 2497 3567 nostri
2529 3511 2790 3584 dignatio
2839 3510 3012 3582 coepit
3059 3526 3195 3565 eum
3246 3510 3623 3571 manifestare

1963 3599 2270 3654 mundo.ln
2295 3599 2697 3675 Longoumnis
2716 3598 2855 3655 villa
2874 3599 3143 3671 qumdam
3165 3599 3618 3674 dcgehatvidua,

1962 3690 2131 3759 cujus
2150 3687 2323 3744 unica
2341 3689 2466 3747 filia
2482 3688 2710 3745 occulto
2735 3688 3090 3759 Deijudicio,
3117 3706 3232 3746 non
3258 3687 3449 3751 solum
3464 3708 3622 3748 men-

1962 3777 2037 3834 tis
2060 3793 2299 3832 sensum
2333 3778 2688 3848 perdiderat,
2707 3794 2908 3833 verum
2933 3778 3107 3833 etiam
3133 3777 3344 3859 linguae
3358 3778 3618 3843 officium

1961 3871 2019 3922 et
2049 3864 2299 3921 aurium.
2331 3867 2493 3923 lianc
2527 3866 2721 3939 itaque
2750 3865 2920 3922 tertio
2953 3866 3013 3921 in
3042 3865 3266 3923 somnis
3308 3867 3620 3924 admonuit

1960 3954 2105 4031 ipse,
2135 3954 2289 4027 quod
2322 3955 2395 4009 ad
2430 3972 2606 4012 suum
2639 3953 2976 4026 sepulcrum
3007 3971 3136 4011 eam
3168 3955 3423 4011 duceret.
3451 3956 3614 4012 Acci-

1961 4043 2127 4117 piens
2155 4059 2291 4115 ergo
2326 4043 2540 4099 mulier
2572 4041 2846 4098 miseram
2879 4042 3124 4114 prolem,
3158 4047 3214 4098 et
3244 4043 3314 4098 ad
3359 4045 3487 4117 ejus
3518 4048 3614 4103 tu-

1960 4132 2189 4188 mulum
2215 4132 2460 4199 ducens,
2479 4149 2612 4188 mox
2630 4135 2693 4186 ut
2710 4130 2759 4186 ei
2779 4130 2981 4186 vinum
3000 4131 3215 4198 bibere,
3241 4131 3394 4187 unde
3415 4147 3616 4193 sacra-

1957 4221 2254 4277 tissimum
2273 4222 2405 4292 ejus
2426 4238 2639 4293 corpus
2662 4220 2771 4276 fuit
2793 4217 3376 4291 lotum,auribusque
3396 4219 3617 4276 infudit

1959 4311 2029 4366 de
2047 4308 2441 4383 eo,loquelam
2464 4314 2520 4365 et
2549 4310 2816 4365 auditum
2849 4326 2916 4365 ac
2948 4327 3189 4366 sensum
3223 4308 3437 4365 mentis
3466 4326 3617 4366 rece-

1960 4400 2064 4472 pit.
2081 4399 2319 4454 Interim
2344 4398 2485 4453 dum
2500 4398 2621 4454 haec
2633 4401 2826 4471 grates
2852 4399 3214 4471 persolvebat
3229 4398 3613 4471 omnipotenti

1960 4490 2097 4555 Deo,
2127 4488 2368 4560 quidam
2410 4489 2627 4544 surdus
2667 4488 3003 4556 adveniens,
3031 4488 3143 4544 sibi
3171 4486 3347 4544 etiam
3381 4487 3613 4544 infundi

1882 4598 1928 4662 Î™)
1961 4578 2205 4636 auribus
2226 4576 2411 4634 exillo
2434 4577 2566 4632 vino
2589 4576 2849 4649 rogavit;
2883 4578 2983 4649 qui
3019 4575 3217 4633 statim
3253 4575 3614 4645 audiens,re-

1959 4669 2070 4724 diit
2095 4669 2167 4724 ad
2199 4666 2494 4739 regionem
2548 4665 2759 4721 deserti
2814 4666 2968 4722 unde
2998 4666 3328 4722 advenerat.
3363 4666 3613 4732 Quidam

1962 4758 2137 4813 etiam
2171 4756 2344 4813 homo
2390 4772 2459 4810 ex
2506 4753 2857 4828 Biturigensi
2905 4756 3113 4827 patria,
3144 4754 3245 4828 qui
3278 4771 3382 4828 per
3411 4754 3612 4811 decem

1964 4864 2150 4909 annos
2175 4844 2432 4901 ofï¬cium
2459 4844 2672 4917 linguae
2703 4844 3055 4917 perdiderat,
3077 4845 3149 4899 ad
3182 4843 3311 4915 ejus
3343 4842 3612 4903 tumbam

1964 4936 2246 4992 accedens
2294 4936 2427 5005 post
2469 4931 2694 5004 aliquot
2740 4932 2864 4988 dies
2918 4948 3033 5007 quo
3083 4932 3417 4992 advenerat,
3449 4929 3611 5003 loqui

1962 5026 2110 5080 bene
2133 5021 2470 5096 promeruit.
2496 5022 2757 5094 Denique
2779 5021 3019 5094 quidam
3046 5019 3278 5077 vetulus
3300 5019 3361 5075 in
3390 5017 3612 5093 longis-

1964 5115 2126 5170 simae
2149 5110 2421 5169 caecitatis
2445 5127 2753 5167 remanens
2774 5109 3209 5176 tenebrositate,
3232 5107 3386 5167 illico
3408 5112 3472 5164 ut
3493 5126 3615 5182 cry-

1962 5209 2147 5277 ptam,
2171 5219 2287 5274 qua
2310 5200 2513 5256 tumba
2531 5201 2659 5271 ejus
2678 5198 2943 5261 habetur,
2968 5198 3224 5268 intravit,
3241 5196 3442 5271 vigilia
3460 5195 3616 5252 vide-

1961 5292 2096 5349 licet
2124 5291 2323 5348 Ramis
2353 5288 2710 5354 Palmarum,
2743 5287 2973 5343 ductori
3005 5304 3112 5344 suo
3146 5305 3207 5344 se
3239 5287 3393 5343 clare
3418 5285 3615 5342 videre

1961 5381 2124 5448 dixit,
2142 5380 2329 5455 gratia
2353 5379 2453 5435 Dei
2485 5382 2541 5433 et
2571 5379 2701 5449 ejus
2728 5375 2974 5446 meritis,
3000 5378 3170 5448 cujus
3200 5375 3499 5433 tumulum
3522 5392 3616 5431 ex-

1962 5470 2194 5543 petebat
2235 5469 2402 5538 [.llag.
2431 5465 2801 5537 exspectabat
2826 5482 2927 5537 pro
2960 5465 3300 5538 spectabat].
3333 5464 3613 5529 Quaedam

1961 5559 2170 5615 deinde
2202 5555 2411 5612 mulier
2435 5572 2503 5610 ex
2531 5553 2747 5613 Montis
2779 5553 2939 5610 Lucii
2971 5555 3502 5627 castro,aggravata
3530 5551 3611 5605 vi-

1961 5648 2165 5705 delicet
2197 5645 2358 5701 visus
2389 5643 2714 5716 dispendio,
2741 5644 2811 5699 ad
2841 5645 2971 5717 ejus
3001 5642 3367 5700 mausoleum
3399 5657 3460 5695 se
3487 5655 3614 5713 pro-
