4020 6180
439 295 556 364 891

1362 297 1429 362 S.
1475 298 1840 364 ODILONIS
1883 295 2444 363 CLUNIAGENSIS
2486 295 2814 360 ABBATIS
2855 295 2930 360 V.

3647 305 3758 374 8ολ

441 431 597 492 trahi
623 432 786 491 fecit:
807 450 922 508 quo
950 430 1091 490 dum
1112 432 1294 490 verba'
1313 432 1598 491 orationis
1628 430 1998 506 multiplicat,
2029 435 2086 489 et
2113 433 2168 501 Α
2197 437 2414 498 nasset,
2430 430 2617 489 caeteri
2638 447 2844 489 omnes
2865 428 3131 488 unanimi
3151 431 3742 498 consensuhancelec’io-

443 523 558 579 ﬁde
575 522 757 579 Deum
780 521 1025 590 invocat,
1046 522 1214 580 adest
1230 523 1383 579 beati
1399 522 1662 579 Odilonis
1687 521 1955 595 generale
1987 539 2089 576 au-

442 611 670 679 xilium,
700 628 816 684 quo
846 609 1071 667 caecitas
1118 611 1332 666 orbata:
1380 611 1647 668 mulieris
1678 610 1989 684 depcllitur
2017 609 2090 666 ab

445 699 650 767 oculis,
685 700 824 773 quia
849 699 1011 756 ﬁlius
1033 698 1182 756 lucis
1213 704 1272 756 et
1301 699 1349 756 ei
1382 717 1498 756 non
1526 699 1683 756 ﬁlius
1715 700 2090 755 tenebrarum

443 789 574 844 fuit.
597 793 675 844 Ex
695 787 927 844 Diezeze
949 791 1140 844 castro
1171 787 1412 860 quidam
1443 787 1619 844 homo
1641 788 1710 843 ad
1735 789 1864 861 ejus
1895 785 2089 859 sepul-

445 895 612 934 crum
641 876 897 944 veniens,
931 877 1206 948 loquendi
1242 876 1500 932 officium
1549 877 1704 949 quod
1738 875 2088 948 perdiderat,

444 984 561 1022 non
584 965 774 1023 solum
793 966 1028 1038 recepit,
1051 983 1252 1021 verum
1277 965 1452 1022 etiam
1485 966 1648 1038 pedis
1679 965 1861 1020 dextri
1887 969 1945 1020 et
1969 981 2089 1020 ma-

440 1072 555 1111 nus
588 1054 994 1120 nihilominus,
1020 1053 1219 1126 sicque
1240 1053 1408 1110 laetus
1431 1056 1502 1110 ad
1523 1053 1758 1126 propria
1789 1052 2087 1108 remeavit.

437 1143 690 1200 Turonis
719 1147 843 1200 erat
864 1142 1103 1216 quidam
1125 1143 1378 1209 vetulus,
1400 1141 1622 1199 lumine
1646 1141 1946 1198 oculorum
1972 1141 2088 1214 pri-

438 1239 610 1290 vatus
643 1249 656 1288 :
689 1231 783 1289 hic
811 1249 946 1304 ergo
978 1232 1236 1288 secundo
1267 1235 1578 1305 postquam
1629 1232 1700 1286 ad
1733 1231 1859 1302 ejus
1896 1227 2089 1302 sepul—

438 1339 607 1380 crum
629 1321 804 1390 venit,
838 1320 1039 1376 lumen
1070 1321 1226 1392 quod
1259 1319 1535 1376 amiserat
1567 1318 1822 1392 recipere
1853 1319 2087 1374 meruit.

511 1436 538 1461 ‹‹
569 1412 697 1467 Haec
727 1411 796 1466 de
832 1413 990 1465 una
1019 1409 1128 1464 uiis
1169 1409 1354 1464 Patris
1401 1409 1583 1466 nostri
1633 1407 1882 1464 breviter
1925 1407 2090 1464 vobis

437 1499 876 1574 explicavimus.
895 1499 1181 1554 Dicuntur
1199 1497 1374 1554 etiam
1405 1503 1612 1570 praeter
1633 1513 1701 1552 ea
1723 1495 1927 1562 multa,
1961 1513 2090 1568 qua:

437 1587 568 1644 ideo
582 1605 696 1642 non
715 1585 1198 1658 crcduntur,quia
1215 1603 1248 1641 a
1266 1585 1810 1658 contemptibilibus
1825 1585 2090 1658 personis

438 1675 792 1732 referuntur.
823 1674 1045 1731 Valete.
1076 1676 1200 1744 (llic
1227 1675 1431 1730 desinit
1462 1676 1522 1728 in
1551 1677 1787 1742 Fossat.)

509 1789 536 1816 ‹‹
571 1765 651 1822 De
671 1763 949 1821 electione
973 1781 1106 1820 vero
1133 1763 1444 1820 clarissimi
1467 1763 1654 1819 Patris
1679 1762 1860 1818 nostri
1887 1762 2087 1817 domni

439 1853 700 1928 Hugonis
725 1851 972 1922 abbatis,
1005 1852 1301 1908 canticum
1334 1868 1547 1908 novum
1579 1851 1895 1916 cantantis,
1923 1852 1968 1906 si
1995 1867 2090 1906 cu-

438 1944 578 2017 pitis
627 1959 820 2011 nosse,
867 1941 1066 1999 sciatis
1115 1940 1282 1996 illum
1335 1941 1658 1997 secundum
1710 1939 1849 1995 almi
1899 1939 2086 1996 Patris

437 2033 730 2090 Benedicti
752 2030 1064 2104 imperium
1097 2029 1346 2087 electum
1368 2046 1520 2102 esse,
1549 2029 1826 2102 omnique
1854 2029 2084 2100 sapien-

436 2121 520 2178 tia
545 2126 604 2178 et
641 2121 968 2177 eruditione
1014 2120 1344 2192 praaditum,
1377 2136 1442 2174 ac
1492 2135 1722 2174 morum
1774 2119 2086 2190 probitate,

437 2209 708 2277 utilitate,
732 2210 1039 2265 honestate
1069 2206 1792 2279 subnixum,abbatia3que
1806 2205 2086 2261 honorem

436 2297 686 2354 invitum
707 2296 1022 2370 accepisse,
1045 2295 1422 2369 lacrymando
1455 2294 1678 2352 scilicet
1697 2300 1753 2350 et
1765 2294 2088 2368 judicando

437 2404 500 2446 se
521 2386 832 2458 indignum
858 2401 986 2441 esse
1002 2384 1102 2440 tali
1126 2384 1364 2442 honore.
1388 2383 1649 2457 Denique
1671 2400 1704 2439 a
1726 2383 2088 2456 Burgundio-

437 2493 581 2532 num
611 2473 976 2548 principibus
1014 2477 1072 2530 et
1099 2474 1514 2530 Arvernorum.
1547 2472 1665 2528 imo
1697 2477 1756 2528 et
1785 2489 1820 2528 a
1853 2488 2086 2528 summo

436 2564 712 2638 pontiﬁce
741 2568 952 2619 sancta:
998 2561 1326 2636 apostolica:
1379 2561 1536 2618 sedis
1585 2561 1751 2618 valde
1797 2559 2082 2634 diligitur,

435 2652 776 2720 honoratur,
803 2651 1123 2720 attollitur;
1151 2653 1208 2706 et
1236 2648 1520 2723 quidquid
1555 2649 1612 2704 in
1641 2649 2086 2723 prtedecessoris

435 2741 528 2800 sui
554 2745 677 2799 erat
707 2741 946 2808 ditione,
980 2739 1032 2797 ei
1063 2740 1402 2796 conceiitur
1433 2744 1490 2795 et
1518 2739 1788 2796 donatur.
1819 2761 1848 2788 »

503 2831 820 2890 Jodsaldus
841 2831 1110 2888 observat
1130 2830 1366 2886 beatum
1389 2829 1580 2886 virum
1605 2830 1663 2885 in
1686 2829 1958 2886 extremis
1981 2846 2082 2902 po-

433 2921 636 2990 situm,
667 2920 947 2977 fratribus
985 2919 1060 2975 ab
1109 2935 1176 2975 eo
1227 2916 1667 2975 sciscitantibus
1696 2917 1832 2990 quis
1861 2916 1921 2972 in
1951 2919 2081 2988 ejus

432 3011 626 3068 locum
649 3008 989 3066 monasterii
1007 3006 1268 3080 regimen
1281 3011 1852 3080 essetsuscepturus,
1867 3007 1940 3062 ab
1952 3007 2082 3078 ejus

431 3100 647 3174 quippe
659 3101 806 3155 nutu
827 3097 1066 3154 omnino
1087 3095 1440 3169 pendebant,
1453 3095 1845 3168 respondisse,
1862 3111 1924 3152 se
1937 3094 2084 3152 hanc

431 3171 554 3247 rent
579 3171 640 3245 in
670 3189 768 3245 Dei
791 3187 1148 3259 dispositione
1175 3192 1226 3241 et
1250 3187 1493 3258 fratrum
1538 3185 1797 3241 electione
1833 3185 2079 3240 commit-
2109 3171 2151 3239 C

433 3287 564 3336 tere.
592 3276 913 3334 Verebatur
971 3275 1220 3330 fortasse
1276 3273 1483 3330 beatus
1545 3273 1732 3342 Pater,
1766 3290 1838 3328 ne
1877 3273 1927 3329 si
1957 3273 2082 3346 ipse

433 3381 834 3424 successorem
866 3362 978 3419 sibi
1009 3361 1365 3435 designaret,
1393 3379 1486 3418 res
1511 3362 1568 3416 in
1601 3361 1932 3435 exemplum
1966 3365 2080 3418 tra-

431 3454 691 3522 heretur,
722 3467 907 3524 eoque
955 3450 1194 3506 tandem
1239 3449 1552 3517 deveniret,
1586 3454 1652 3506 ut
1683 3451 1922 3506 abbates
1951 3449 2080 3505 Clu-

433 3543 738 3601 niacenses
767 3557 884 3597 non
914 3539 1161 3594 fratrum
1189 3537 1486 3606 electione,
1522 3539 1678 3611 quod
1708 3543 1904 3595 tamen
1937 3539 2081 3596 adeo

433 3633 650 3689 diserte
669 3627 994 3702 praescribit
1011 3625 1168 3682 beati
1191 3625 1542 3698 legislatoris
1561 3625 1780 3700 regula,
1801 3629 1900 3682 sed
1925 3629 2080 3700 ejus-

433 3719 594 3778 modi
611 3715 1120 3792 designationibus
1141 3718 1493 3771 crearentur.
1511 3715 1618 3782 Qui
1641 3715 1797 3771 enim
1821 3715 2081 3772 Cluniaci

431 3810 669 3866 beatum
690 3805 995 3864 Odilonem
1025 3809 1446 3876 praecesserant
1473 3804 1716 3862 abbates
1746 3809 2082 3874 omnes,aut

433 3917 468 3956 a
496 3895 948 3972 praecessoribus
980 3893 1106 3949 suis
1149 3893 1383 3948 fuerant
1430 3893 1740 3967 designati,
1773 3897 1876 3950 aut
1903 3900 2078 3962 certe,

430 3985 610 4045 veluti
632 3986 691 4042 in
714 3981 1048 4041 subsidium
1074 3981 1148 4038 ab
1172 3981 1243 4037 iis
1269 3981 1460 4038 adhuc
1491 3981 1821 4038 viventibus
1850 3982 1908 4037 in
1937 3983 2083 4056 regi-

431 4075 610 4134 minis
649 4073 1010 4132 consortium
1057 4071 1368 4150 assumpti.
1405 4075 1490 4127 Ita
1521 4071 1765 4128 Bernoni
1800 4072 2082 4128 successit

431 4165 574 4235 Odo,
605 4163 793 4222 Odoni
830 4160 1180 4236 Aymardus,
1213 4160 1502 4234 Aymardo
1535 4159 1802 4228 Maiolus,
1831 4161 1916 4216 uti
1947 4177 2080 4234 pro-

429 4257 636 4312 batum
667 4257 757 4310 est
783 4251 844 4308 in
894 4251 1160 4323 ejusdem
1191 4249 1464 4322 Aymardi
1495 4249 1714 4323 Elogio.
1747 4249 1816 4305 Et
1841 4251 2079 4306 tandem

430 4343 736 4404 Odilonem
761 4341 965 4399 eodem
987 4339 1160 4396 modo
1183 4337 1368 4395 sancti
1391 4337 1586 4395 Maioli
1618 4338 1876 4411 primum
1903 4339 2080 4396 colle-

430 4449 588 4507 gam,
619 4436 748 4488 tum
779 4445 1177 4487 successorem
1206 4425 1388 4483 fuisse
1427 4443 1600 4482 nemo
1645 4432 1734 4482 est
1763 4428 1864 4500 qui
1895 4429 2083 4500 possit

2201 540 2335 580 nem
2393 523 2868 595 comprobarunt.
2925 522 2987 577 Id
3049 521 3288 579 fortasse
3353 524 3563 582 innuero
3606 527 3747 587 voluit

2201 617 2406 668 auctor
2450 611 2720 667 Chronici
2763 609 3191 677 Malleacensis,
3225 610 3317 684 qui
3343 613 3408 668 ad
3437 631 3621 671 annum
3648 620 3749 674 1048

2199 701 2299 768 ait,
2321 700 2624 757 Odilonem
2657 701 2716 755 in
2751 703 3047 756 senectute
3077 700 3230 756 bona
3257 718 3424 758 annos
3451 706 3751 778 septuaginta

2200 807 2300 847 sex
2329 789 2632 862 [legendum
2687 789 2985 861 octoginta
3031 791 3152 856 sex]
3184 792 3373 844 natum
3417 791 3680 862 quievisse,
3709 797 3752 849 in

2198 880 2354 951 cujus
2385 881 2582 945 locum,
2613 877 2828 950 inquit,
2851 878 3012 950 jussu
3053 895 3175 948 suo,
3207 885 3258 932 et
3290 879 3523 936 electione
3561 884 3753 938 omnium

2197 970 2456 1040 fratrum,
2489 969 2775 1024 ordinatus
2805 969 2883 1023 est
2917 971 3076 1038 [Iugo
3103 966 3303 1023 nobilis
3329 975 3516 1040 pastor,
3543 971 3652 1026 vitae
3671 989 3753 1026 me-

2198 1060 2307 1114 rito
2339 1074 2444 1114 non
2475 1057 2784 1113 dissimilis.

2274 1147 2395 1202 125.
2430 1149 2572 1202 Cum
2629 1162 2764 1200 vero
2815 1143 3136 1201 Jodsaldus
3183 1144 3410 1200 disertis
3454 1143 3617 1201 verbis
3653 1149 3756 1204 scri-

2200 1233 2380 1306 pserit
2421 1234 2654 1290 beatum
2705 1232 3011 1289 Odilonem
3061 1232 3209 1306 ipsis
3256 1233 3501 1289 Januarii
3545 1233 3758 1290 Kalendis

2199 1340 2353 1379 anno
2385 1323 2524 1378 1049
2551 1321 2870 1380 excessisse
2913 1337 2984 1377 ex
3033 1322 3142 1378 hac
3191 1321 3328 1390 vita,
3360 1321 3540 1378 nullus
3561 1339 3618 1378 ea
3641 1323 3697 1378 de
3720 1342 3761 1379 re

2199 1428 2500 1468 remanere
2563 1415 2756 1484 potest
2808 1411 3146 1484 ambigendi
3203 1411 3380 1468 locus.
3406 1412 3504 1476 Qui
3530 1428 3641 1467 vero
3664 1429 3764 1468 eum

2200 1518 2354 1556 anno
2380 1503 2516 1556 1048
2532 1500 2748 1556 obiisse
2765 1503 3142 1572 scripserunt,
3159 1503 3262 1556 aut
3281 1517 3490 1556 annum
3509 1500 3768 1557 aPaschate

2197 1589 2508 1661 incoepisse
2559 1589 2834 1644 censendi
2893 1593 3069 1651 sunt;
3104 1593 3207 1644 aut
3255 1593 3422 1655 certe,
3454 1605 3574 1644 cum
3600 1589 3648 1643 in
3672 1587 3767 1660 ipsa

2199 1683 2386 1744 nocte,
2403 1695 2529 1750 quae
2549 1677 2700 1733 inter
2721 1681 2852 1732 ulru
2863 1693 3036 1748 mque
3053 1695 3273 1734 annum
3293 1677 3473 1734 media
3487 1677 3768 1744 fuit,beatus

2199 1767 2381 1824 abbas
2411 1766 2741 1834 excesserit,
2765 1765 2863 1822 alii
2892 1765 3006 1822 dici
3039 1766 3513 1838 praecedenti,qui
3539 1769 3768 1822 extremus

2197 1859 2320 1912 erat
2352 1855 2490 1911 anni
2525 1856 2700 1924 10318;
2730 1853 2830 1910 alii
2881 1855 3290 1928 subsequenti,
3322 1855 3417 1928 qui
3463 1855 3660 1928 primus
3681 1860 3772 1909 erat

2197 1943 2336 2001 anni
2375 1945 2526 2012 I049,
2557 1945 2686 2016 ejus
2745 1943 2993 2018 obitum,
3023 1944 3403 2018 consignasse
3452 1944 3700 1999 videntur.
3723 1944 3770 1997 Et

2197 2033 2432 2107 quidem
2468 2050 2625 2099 cum,
2655 2031 2930 2089 .lodsaldo
2960 2036 3128 2104 teste,
3163 2034 3258 2090 die
3311 2031 3593 2090 Dominica
3611 2032 3772 2088 obierit

2195 2121 2384 2189 Odilo,
2420 2123 2549 2194 ejus
2583 2138 2742 2178 mors
2787 2121 3114 2178 necessario
3146 2121 3537 2194 consignanda
3561 2125 3637 2176 est
3659 2135 3772 2174 anno

2197 2213 2357 2278 1049,
2372 2211 2470 2284 qui
2497 2211 2621 2284 ipse
2642 2228 2842 2268 revera
2861 2228 2896 2266 a
2917 2211 3013 2267 die
3033 2210 3340 2268 Dominica
3360 2209 3631 2267 exordium
3649 2225 3769 2264 sum-

2195 2301 2331 2374 psit.
2357 2299 2529 2356 Nulla
2574 2300 2715 2356 item
2761 2303 2850 2356 est
2898 2299 3219 2356 difﬁcultas
3269 2301 3422 2356 circa
3462 2304 3666 2372 tempus
3691 2313 3773 2370 quo

2195 2390 2404 2446 beatus
2440 2389 2529 2445 vir
2575 2388 2941 2450 Cluniacensi
2995 2389 3352 2446 monasterio
3395 2387 3672 2461 praefuerit.
3695 2384 3772 2449 Qui

2195 2479 2352 2536 enim
2378 2477 2611 2533 nonnisi
2645 2477 3076 2551 quinquaginta
3115 2495 3219 2534 sex
3249 2476 3540 2551 regiminis
3565 2491 3717 2532 annos
3736 2474 3772 2528 ei

2193 2569 2482 2632 tribuunt,
2505 2570 2848 2640 computant
2877 2567 3194 2622 eosabeati
3231 2565 3422 2623 Maioli
3453 2565 3776 2636 obitu,quam-

2191 2657 2300 2722 vis,
2335 2660 2399 2712 ut
2442 2655 2632 2712 fusius
2687 2673 2866 2729 supra
2921 2654 3326 2728 exposuimus,
3360 2655 3554 2712 saltem
3594 2650 3774 2709 biennio

2191 2749 2364 2801 antea
2392 2743 2450 2800 in
2489 2743 2840 2800 monasterio
2870 2743 3242 2800 Cluniacensi
3277 2759 3481 2799 nomen
3501 2745 3552 2798 et
3569 2738 3772 2796 ofﬁcium

2191 2833 2422 2890 abbatis
2454 2831 2800 2906 impleverit.

2263 2925 2385 2978 126.
2419 2923 2592 2978 Porro
2614 2921 2749 2978 licet
2766 2920 3034 2994 ipsismet
3055 2921 3338 2978 Kalendis
3355 2917 3600 2977 Januarii
3613 2919 3770 2973 beatus

2188 3011 2356 3070 Odilo
2377 3010 2690 3068 excesserit
2707 3027 2738 3066 e
2754 3011 2891 3080 vita,
2916 3011 3044 3083 ejus
3065 3014 3268 3067 tamen
3301 3009 3570 3066 festivitas
3589 3007 3638 3062 in
3655 3005 3770 3060 diem

2189 3105 2529 3176 sequentem
2560 3098 2846 3156 translata
2884 3098 3015 3167 fuit,
3051 3099 3210 3172 quod
3265 3099 3486 3156 scilicet
3529 3097 3640 3170 ipso
3678 3093 3772 3162 ejus

2189 3191 2386 3248 obitus
2415 3189 2507 3246 die
2538 3187 3010 3245 Circumcisionis
3042 3188 3365 3245 Dominicis
3397 3186 3652 3244 festivitas
3675 3197 3773 3254 age-

2191 3283 2370 3336 retur.
2396 3279 2456 3334 Id
2479 3293 2611 3333 vero
2634 3276 2808 3350 paulo
2829 3279 2962 3349 post
2984 3276 3112 3347 ejus
3142 3280 3397 3332 mortem
3422 3275 3619 3331 factum
3639 3267 3775 3325 fuisse

2189 3366 2524 3441 colligimus
2556 3383 2625 3422 ex
2654 3364 2905 3421 Udalrici
2945 3363 3096 3420 libro
3126 3383 3144 3420 1
3175 3362 3657 3421 Consuetudinum
3679 3355 3778 3414 ειη.

2191 3455 2578 3521 niacensium,
2613 3453 2803 3528 capite
2833 3455 2921 3521 47,
2967 3453 3070 3508 ubi
3123 3451 3222 3509 ille
3282 3453 3366 3509 ait
3419 3447 3775 3524 depositionem

2190 3543 2376 3602 sancti
2423 3543 2686 3599 Odilonis
2735 3551 2849 3598 tam
2893 3541 3054 3598 chari
3101 3545 3288 3600 sancti
3328 3550 3382 3600 et
3404 3549 3514 3598 tam
3535 3533 3778 3612 familiaris

2191 3635 2419 3702 fecisse,
2445 3636 2510 3688 ut
2530 3631 2652 3687 dies
2675 3636 2875 3688 octava
2895 3629 3108 3687 natalis
3129 3632 3322 3688 sancti
3343 3627 3608 3703 Stephani
3632 3623 3776 3681 solam

2189 3723 2429 3780 haberet
2453 3721 3071 3778 commemorationem
3112 3737 3252 3777 cum
3285 3738 3405 3776 una
3432 3723 3644 3776 tantum
3669 3707 3780 3770 anti-

2189 3811 2382 3885 phona
2415 3815 2472 3866 et
2500 3826 2618 3866 una
2645 3807 3090 3866 collecta.Unde
3118 3809 3412 3866 Henricus
3443 3798 3781 3864 Cluniacensis

2189 3901 2371 3956 abbas
2394 3899 2451 3953 in
2475 3897 2744 3964 Statutis,
2771 3897 2938 3953 initio
2960 3896 3156 3954 saeculi
3179 3898 3398 3954 decimi
3423 3893 3602 3968 quarti
3631 3885 3779 3950 editis.

2190 3989 2384 4063 potius
2415 3987 2718 4060 antiquam
2743 3985 3232 4042 consuetudinem
3268 3989 3533 4042 ﬁrmasse
3551 3977 3779 4038 dicendus

2189 4083 2278 4136 est
2306 4094 2483 4150 quam
2517 4077 2588 4131 de
2619 4093 2764 4135 novo
2785 4075 3470 4144 instituisse,statuendo
3485 4077 3546 4128 ut
3563 4069 3784 4136 deinceps

2190 4165 2537 4224 festivitates
2587 4164 2776 4221 sancti
2827 4162 3114 4230 Odilonis,
3173 4163 3464 4238 Hugonis,
3511 4157 3702 4218 Odonis
3744 4155 3786 4206 et-

2188 4254 2378 4312 Maioli
2402 4255 2512 4310 sub
2537 4252 2652 4309 ritu
2675 4251 2895 4325 duplici
2926 4252 3384 4309 celebrarentur.
3409 4253 3478 4308 Et
3497 4252 3638 4307 certe
3659 4245 3786 4300 tanta

2189 4344 2302 4403 fuit
2329 4359 2468 4416 erga
2498 4346 2769 4399 sanctum
2799 4341 3105 4398 Odilonem
3155 4339 3620 4398 Cluniacensium
3647 4327 3788 4390 animi

2189 4431 2522 4509 propensio,
2557 4434 2622 4488 ut
2653 4431 2851 4487 statim
2883 4435 3018 4504 post
3043 4429 3232 4504 ipsius
3255 4434 3506 4488 mortem
3532 4427 3647 4499 ejus
3673 4422 3786 4509 fece-

429 4519 700 4578 inﬁciari.
733 4521 1016 4576 Caeterum
1047 4515 1333 4606 Jodsaldq
1345 4515 1722 4606 suffragatur
1749 4515 2076 4606 Udalricus,
2109 4541 2157 4606 D
2189 4508 2308 4580 rint
2327 4519 2503 4578 simul
2535 4537 2669 4576 cum
2699 4517 2832 4576 aliis
2862 4518 3203 4576 monasterii
3236 4519 3504 4593 patronis
3530 4508 3786 4606 specialem

431 4607 532 4682 qui
545 4607 694 4662 libro
707 4623 765 4661 In
781 4604 1282 4661 Consuetudinum
1298 4602 1700 4659 Cluniacensis
1715 4605 2076 4674 monasterii,

429 4696 684 4772 capitel,
699 4711 996 4768 exponens
1018 4709 1136 4766 qua
1157 4693 1381 4748 ratione
1394 4692 1465 4747 ad
1489 4693 1720 4750 abbatis
1737 4692 2078 4750 electionem

431 4784 865 4862 procedendum
886 4783 1059 4851 sit,ea
1069 4799 1198 4855 quae
1214 4785 1348 4854 post
1368 4781 1556 4838 sancti
1579 4780 1842 4838 Odilonis
1855 4782 2078 4839 obitum

431 4869 495 4933 ἱιῖ
514 4877 664 4933 beati
689 4873 950 4948 Hugonis
972 4871 1254 4929 electione
1271 4870 1658 4942 contigerant,
1675 4871 1734 4926 in
1749 4873 2082 4946 exemplum

430 4964 524 5022 his
552 4963 744 5022 verbis
774 4967 1048 5020 enarrat:
1090 4965 1291 5018 Beatus
1333 4961 1504 5015 Pater
1543 4959 1718 5030 Odilo,
1768 4966 1989 5034 rogatus
2021 4963 2081 5018 in

430 5055 689 5110 extremis
725 5055 842 5109 suis
889 5051 1021 5125 quid
1067 5051 1175 5106 sibi
1209 5049 1274 5105 de
1301 5065 1604 5105 successore
1648 5049 1944 5116 videretur,
1973 5067 2083 5107 non

431 5143 707 5214 acquievit
723 5141 794 5196 ad
813 5141 910 5196 hoc
929 5139 1216 5214 quemdam
1246 5138 2080 5212 nominare.Subjungittamen

433 5228 658 5301 aliquot
683 5245 715 5286 e
743 5229 1046 5300 majoribus
1071 5235 1122 5283 et
1145 5227 1616 5298 probabitioribus
1659 5229 1908 5298 personis
1953 5245 2082 5284 mo-

433 5316 676 5376 nasterii
707 5335 741 5374 a
789 5317 956 5372 beato
1007 5333 1144 5372 sene
1204 5315 1385 5371 fuisse
1444 5314 1800 5388 designatos,
1829 5333 2080 5389 quorum

425 5404 652 5479 judicio
665 5420 731 5460 ac
743 5403 1040 5478 suffragiis
1061 5402 1250 5460 czeteri
1271 5407 1428 5460 stare
1451 5409 1720 5475 possent;
1745 5409 1802 5462 et
1821 5406 2078 5480 quidem,

433 5499 500 5552 ut
527 5493 683 5551 idem
715 5497 920 5550 auctor
945 5491 1340 5565 prosequitur,
1375 5509 1508 5548 cum
1552 5493 1712 5566 prior
1749 5492 2082 5554 claustraiis

434 5584 662 5658 primus
674 5583 942 5640 omnium
960 5583 1287 5656 Hugonem,
1302 5581 1401 5654 qui
1418 5584 1547 5639 tum
1564 5586 1688 5639 erat
1703 5583 1882 5656 prior,
1896 5587 2082 5643 nomi-

2189 4609 2807 4670 commemorationem
2839 4607 2900 4664 in
2932 4608 3046 4664 illis
3069 4609 3364 4682 precibus,
3381 4624 3505 4681 quaa
3524 4602 3677 4675 vulgo
3693 4593 3786 4682 suf-

2189 4699 2374 4773 fragia
2389 4702 2728 4755 sanctorum
2741 4679 3792 4773 appellanturJdipsum—testaturUdal°

2192 4769 2348 4845 ricus
2379 4786 2526 4842 libro
2555 4803 2574 4842 ι
2598 4785 2724 4857 jam
2762 4769 2998 4842 laudato
3031 4785 3220 4857 capite
3240 4769 3304 4840 ’5.
3338 4785 3620 4841 Habemus
3647 4777 3696 4830 in
3719 4769 3789 4826 Bi-

2191 4876 2481 4934 bliotheca
2519 4873 2909 4945 Cluniacensi,
2942 4873 3051 4930 col.
3083 4875 3210 4941 328,
3242 4873 3490 4948 hymum
3526 4875 3580 4925 et
3620 4859 3771 4920 oratio

2191 4983 2295 5022 nes
2327 4981 2452 5037 quae
2484 4963 2544 5018 in
2574 4963 2704 5036 ejus
2727 4961 3042 5018 festivitate
3071 4961 3400 5034 antiquitus
3425 4955 3790 5037 recitabantur,

2192 5059 2250 5111 et
2270 5053 2330 5108 in
2346 5035 2480 5125 ejus
2511 5051 2694 5108 missa
2715 5056 2922 5124 praeter
2942 5056 3060 5108 tres
3082 5051 3378 5108 orationes
3397 5047 3704 5108 consuetas,
3719 5035 3794 5093 ad-

2182 5143 2388 5216 jicitur
2408 5145 2617 5214 quarta
2639 5157 2816 5213 super
2833 5139 3114 5213 populum
3129 5136 3598 5196 recitanda.Adeo
3609 5126 3792 5216 celebre

2182 5214 2310 5302 jam
2327 5234 2468 5286 tunc
2483 5234 2608 5285 erat
2628 5229 2784 5302 apud
2809 5246 3013 5286 omnes
3034 5229 3218 5286 sancti
3240 5224 3506 5284 Odilonis
3526 5214 3796 5279 nomenmt

2191 5337 2344 5377 anno
2375 5320 2515 5374 1064
2545 5317 2769 5391 capella
2799 5317 2856 5373 in
2887 5319 3016 5390 ejus
3044 5318 3326 5375 honorem
3356 5313 3674 5372 constructa
3696 5304 3792 5360 fue-

2190 5409 2284 5465 rit.
2318 5409 2382 5464 ld
2411 5406 2696 5464 discimus
2744 5423 2814 5463 ex
2855 5407 3032 5464 veteri
3081 5405 3372 5464 chartario
3421 5400 3570 5476 quod
3607 5394 3794 5452 vivente

2190 5501 2391 5556 sancto
2433 5497 2674 5570 ﬂugone
2717 5496 3114 5568 conscriptum
3143 5499 3245 5563 est,
3278 5493 3380 5550 ubi
3413 5493 3471 5547 in
3501 5488 3684 5576 charta

2188 5586 2492 5646 Acbardus
2523 5568 2833 5658 episcopus
2870 5583 3264 5644 Cabilonensis
3311 5597 3466 5639 anno
3499 5575 3644 5638 1064,
3665 5568 3788 5628 indi-
