4036 6160
146 324 271 389 893

1672 323 2060 389 ELOGIUM.

3489 334 3610 395 894

145 460 343 518 ctione
375 476 435 525 ιι,
469 458 606 515 feria
633 477 712 528 vx,
743 459 889 518 luna
906 478 1074 534 xxm,
1105 461 1283 521 Nonis
1316 461 1657 519 Decembris
1712 461 1811 517 de-
1844 461 1900 526 Α
1932 457 2353 527 translatione,
2406 462 2679 533 quamvis
2743 461 2898 519 beati
2967 459 3159 518 Maioli
3229 463 3614 523 elevationem

142 549 380 607 dicasse
411 554 766 606 memoratur
795 552 1078 625 capellam
1100 554 1155 609 in
1176 554 1392 609 honore
1412 553 1594 607 beatae
1610 551 1808 606 Maria:

139 644 199 697 et
230 640 540 695 dulcissimi
565 640 748 696 Patris
779 640 1046 708 Odilonis,
1081 643 1138 697 in
1189 641 1314 698 loco
1373 641 1532 697 dicto
1573 640 1810 695 Alacar-

143 729 344 795 meda,
380 728 438 783 in
468 727 745 800 parechia
775 730 1039 785 Cidanis.
1074 732 1210 787 Inde
1236 732 1426 786 factus
1470 733 1560 786 est
1610 734 1816 784 tantus

148 818 503 894 populorum
535 820 947 875 cencursusad
981 819 1122 875 illud
1155 818 1819 885 eratorium,indensis-

146 909 309 966 sima
337 906 471 961 licet
494 904 634 962 silva
650 905 862 976 situm,
890 912 956 963 ut
977 925 1109 963 cum
1138 909 1307 966 multi
1326 925 1497 963 suam
1518 908 1715 962 sedem
1735 905 1819 960 ibi

146 996 441 1060 ﬁxissent,
465 996 867 1050 necessarium
908 997 1082 1051 fuerit
1110 1002 1311 1069 postea
1335 995 1675 1069 parochiam
1706 993 1821 1050 ibis

142 1088 282 1143 dem
310 1083 623 1139 instituere.
643 1082 965 1140 Odilonem
994 1085 1141 1141 inter
1161 1089 1418 1158 quatuor
1438 1087 1673 1140 sanctos
1689 1082 1826 1139 Clu-

144 1173 450 1233 niacensis
489 1173 837 1228 monasterii
880 1174 1123 1230 abbates
1171 1178 1437 1230 recenset
1483 1171 1826 1237 Gaufridus,

148 1262 454 1321 Vesiensis
480 1261 648 1333 prior,
672 1262 730 1316 in
766 1262 1064 1318 Chronico
1090 1263 1179 1318 sui
1212 1262 1781 1332 menasteriicap.3!c
1813 1279 1827 1328 ;
1900 1333 1909 1343 .

144 1354 328 1425 cujus
344 1350 701 1406 festivitatem
716 1350 785 1404 in
804 1350 1271 1408 Claromontensi
1286 1350 1531 1407 ecclesia
1545 1348 1832 1407 celebrari

146 1439 481 1517 procuravit
501 1438 665 1495 Odilo
694 1440 776 1495 de
817 1441 1121 1507 Mercerie,
1140 1440 1324 1497 nostri
1350 1444 1417 1495 ut
1429 1440 1554 1512 jam
1569 1439 1834 1494 diximus

148 1548 323 1589 num.
353 1529 403 1597 5,
423 1528 607 1585 sancti
639 1528 923 1585 Odilonis
955 1530 1600 1603 censanguineus.lpsa
1620 1529 1840 1584 Necre-

149 1619 294 1694 logii
322 1618 488 1674 verba
517 1617 634 1672 huc
677 1618 914 1673 referre
970 1619 1163 1675 visum
1217 1623 1326 1690 est,
1359 1636 1427 1675 ex
1484 1617 1833 1683 Quercetani

153 1706 304 1765 netis
353 1707 421 1763 ad
472 1705 917 1762 Bibliothecam
966 1707 1439 1774 Cluniacensem,
1473 1707 1581 1762 col.
1623 1708 1741 1761 69:
1778 1725 1834 1762 ιν

155 1798 325 1854 Nonas
364 1797 657 1861 Januarii,
693 1795 911 1852 Octava
957 1799 1140 1853 sancti
1186 1797 1467 1869 Stephani,
1500 1801 1551 1851 et
1584 1797 1834 1853 Odilonis

157 1887 356 1942 abbatis
383 1893 432 1941 ct
474 1886 837 1957 confessoris,
861 1903 965 1957 pro
1011 1903 1116 1958 quo
1172 1888 1311 1957 festo
1363 1885 1612 1941 librando
1673 1886 1832 1942 Odilo

151 1975 212 2031 de
240 1974 491 2030 Mercerio
520 1976 837 2031 canonicus
885 1976 1363 2031 Claromontensis
1411 1982 1462 2030 et
1505 1976 1834 2046 pramositus

155 2066 488 2121 Brivatcnsis
531 2065 805 2136 promisit
851 2065 1236 2136 quadraginta
1279 2064 1481 2120 solidos
1511 2065 1830 2132 censuales,

149 2163 249 2211 aut
278 2153 496 2210 reddere
526 2154 695 2210 semel
727 2154 1106 2227 quadraginta
1132 2154 1332 2219 libras,
1352 2161 1403 2208 et
1430 2153 1835 2208 debentlibrari

151 2246 211 2301 in
243 2246 419 2299 missa
446 2252 497 2300 et
522 2244 584 2299 in
612 2245 853 2315 vesperis
881 2243 1000 2299 diei
1019 2244 1465 2314 festi.Czeterum
1498 2241 1836 2315 Martyrolo-

154 2334 255 2407 gia
272 2331 515 2405 vulgata
526 2331 795 2389 Odilonis
821 2331 1168 2407 memoriam
1186 2328 1485 2384 celebrant
1501 2331 1522 2384 1
1542 2330 1832 2397 Januarii,

162 2428 273 2480 aut
304 2426 463 2479 certe
495 2422 587 2478 die
619 2420 911 2494 sequenti,
945 2420 1103 2492 quod
1136 2419 1195 2473 in
1232 2417 1365 2474 aliis
1389 2418 1584 2475 obitus
1612 2419 1834 2488 dies,in

155 2512 299 2570 aliis
332 2528 473 2567 vero
504 2509 908 2584 depositionis,
945 2527 1046 2564 seu
1078 2507 1276 2580 potius
1323 2509 1453 2579 ejus
1497 2508 1835 2565 festivitatis

160 2600 470 2658 memoria
507 2600 819 2656 indicetur.
844 2603 906 2653 In
939 2596 1350 2669 Martyrelegie
1394 2596 1579 2652 sancti
1610 2597 1837 2653 Arnulﬁ

152 2691 324 2766 apud
357 2690 571 2745 Mettus
601 2706 641 2744 Il
675 2687 967 2745 Kalendas
995 2685 1261 2741 Januarii
1297 2686 1360 2740 ﬁt
1389 2685 1652 2743 Odilonis
1699 2704 1836 2743 con-

153 2780 547 2837 memoratie.
570 2780 629 2833 In
653 2775 992 2849 Necrelegio
1024 2778 1219 2829 autem
1254 2774 1839 2831 RemensisEcclesiaa

155 2871 295 2944 ipsa
308 2869 411 2924 die
425 2867 823 2925 Kalendarum
844 2864 1109 2920 Januarii
1132 2862 1405 2918 laudatur
1428 2863 1627 2936 Oydelo
1647 2866 1837 2935 abbas,

156 2956 349 3016 simul
384 2972 523 3011 cum
554 2950 1098 3023 Willelme'pariler
1127 2950 1357 3005 abbate.

162 3065 317 3122 XIV.
385 3063 637 3120 Odilonis
694 3057 1196 3185 sacrcetreliquiw,
1245 3060 1298 3111 et
1354 3072 1546 3111 earum
1601 3059 1839 3113 transla-

922 3145 1091 3185 tones.

922 3145 1091 3185 tenes.

243 3227 373 3284 128.
408 3229 652 3279 Sacrum
684 3218 838 3275 beati
863 3216 1126 3273 Odilonis
1159 3216 1450 3288 corpusin
1466 3216 1840 3274 Silviniacen-
1869 3191 1913 3259 Ο

176 3314 258 3373 sis
292 3309 781 3377 monasterii,ubi
818 3307 939 3380 ipse
971 3307 1284 3362 defunctus
1315 3305 1841 3373 est,ecelcsia3na'.'i

172 3419 361 3479 prope
412 3402 687 3459 sanctum
740 3395 1014 3451 Maiolum
1057 3394 1387 3466 depositum
1438 3395 1565 3450 fuit.
1598 3395 1840 3452 Visitur.

172 3493 359 3550 etiam
393 3505 551 3546 nunc
573 3484 1003 3559 ejustumulus,
1018 3482 1153 3539 licet
1165 3500 1339 3539 sacra:
1353 3484 1570 3539 exuviae
1590 3501 1623 3539 a
1640 3486 1844 3542 multis

172 3587 333 3639 retro
367 3577 601 3636 saeculis
630 3573 839 3631 exinde
864 3572 1096 3628 elevatae
1128 3571 1345 3626 fuerint
1364 3576 1420 3627 et
1438 3572 1684 3644 publicae
1708 3574 1846 3629 ﬁde-

172 3672 325 3728 lium
350 3662 716 3725 venerationi
748 3662 1040 3734 expositaz.
1078 3662 1240 3716 Certe
1273 3661 1322 3715 si
1362 3650 1508 3717 fides
1557 3667 1647 3718 est
1694 3662 1843 3719 libro

172 3764 262 3817 An
272 3755 731 3816 niversarierum
744 3750 1056 3818 Silviniaci,
1074 3765 1247 3821 quem
1263 3750 1577 3807 Gaufridus
1599 3750 1843 3821 Choleti,

178 3850 313 3919 ejus
362 3845 473 3902 loci
525 3841 709 3915 prior,
762 3858 916 3896 anno
960 3840 1096 3894 1453
1164 3838 1285 3893 fieri
1354 3840 1593 3908 curavit,
1643 3841 1846 3897 Petrus

179 3935 476 4001 Damiani,
503 3931 862 4006 proindeque
895 3928 1071 4002 paulo
1104 3931 1237 4000 post
1266 3928 1418 3987 beati
1449 3929 1680 3985 abbatis
1700 3947 1847 3986 mer.

175 4032 322 4095 tem,
346 4023 538 4098 ipsius
568 4037 781 4092 corpus
803 4036 832 4075 e
864 4022 1020 4074 terra
1052 4018 1308 4072 levatum
1341 4019 1568 4090 primus
1584 4023 1842 4076 transtu-

179 4116 273 4171 lit.
308 4114 390 4170 lbi
421 4111 643 4185 quippe
675 4107 889 4182 legitur
924 4124 935 4163 :
970 4124 1068 4163 vm
1099 4107 1374 4163 Kalendas
1403 4109 1694 4164 Februarii
1721 4110 1842 4182 ofﬁ-

181 4206 335 4260 cium
361 4203 460 4275 ﬁat
488 4200 739 4273 plenum,
770 4200 911 4253 sicut
939 4196 1005 4251 de
1035 4197 1323 4251 abbatibus
1371 4198 1844 4265 Cluniacensibus,

180 4309 289 4366 pro
316 4298 476 4348 Petro
505 4289 772 4345 Damiano
801 4288 1069 4358 episcopo,
1101 4287 1197 4357 qui
1224 4301 1418 4358 corpus
1461 4288 1605 4342 beati
1660 4289 1845 4343 Patris

186 4383 365 4438 nostri
393 4379 644 4437 Odilonis
675 4377 955 4443 releuauit,
983 4380 1035 4430 et
1066 4376 1126 4429 in
1156 4375 1266 4432 loco
1298 4377 1357 4430 in
1398 4392 1499 4447 quo
1555 4393 1705 4432 nunc
1757 4393 1845 4432 re-

184 4472 432 4544 quiescit,
460 4469 611 4523 mira
648 4464 928 4521 devotione
977 4464 1281 4520 collocavit.
1315 4465 1675 4537 Ite/ectionem
1718 4468 1843 4538 fra-

1924 550 2289 620 approbent,
2325 552 2483 622 quod
2520 554 2664 609 forte
2717 554 2843 624 jam
2897 552 3122 608 dudum
3171 555 3327 612 facta
3380 555 3616 611 fuisset.

2000 637 2283 693 428.Alia
2311 644 2510 694 tamen
2535 640 2689 696 beati
2713 640 2975 697 Odilonis
3006 639 3394 714 reliquiarum
3425 647 3620 696 trans-

1930 723 2080 779 latio
2100 732 2345 796 peracta
2360 727 2468 782 fuit
2481 730 2774 802 aRegerie
2790 730 3229 804 archiepiSCOpo
3244 728 3622 788 Bituricensi:

1931 828 2127 883 quam
2163 815 2426 885 quidem,
2450 820 2935 875 convenientibus
2958 836 3025 874 ea
3053 822 3364 877 occasione
3399 818 3472 873 ad
3508 833 3628 872 mo-

1937 901 2282 958 nasterium
2315 904 2735 963 Silviniacense
2773 908 3179 981 compluribus
3228 903 3524 979 episcopis
3575 910 3633 961 et

1940 989 2295 1060 abbatibus,
2331 992 2657 1051 solemnem
2710 997 2892 1052 fuisse
2937 996 3229 1054 discimus
3279 1014 3353 1052 ex
3404 993 3632 1051 instru-

1939 1084 2151 1135 mento
2184 1083 2361 1137 veteri
2395 1085 2551 1154 quod
2588 1085 2645 1141 in
2678 1084 3037 1142 Bibliotheca
3086 1083 3475 1143 Cluniacensi
3522 1085 3632 1143 ha-

1939 1168 2144 1224 betur.

2014 1258 2151 1314 129.
2188 1259 2455 1317 Clemens
2487 1268 2709 1332 sextus,
2739 1282 2857 1337 quo
2891 1266 3230 1322 mandante
3268 1264 3387 1323 ista
3412 1270 3656 1335 transla-

1944 1346 2025 1403 tio
2060 1347 2222 1404 facta
2239 1350 2789 1425 fuit,indulgentias
2820 1354 3237 1411 concessitiis
3279 1355 3384 1430 qui
3402 1360 3664 1430 Silvinia-

1945 1453 2191 1527 cenisem
2215 1438 2520 1527 ecclesiam
2542 1441 2852 1499 inviserint
2873 1444 3095 1501 diebus
3123 1444 3670 1527 festissaucterum

1946 1526 2447 1621 Maiol-igdil-on‘is
2474 1534 2536 1621 et
2553 1530 2805 1621 aliorum
2829 1550 2981 1605 quos
3003 1542 3346 1609 recenset,
3361 1541 3495 1608 item
3513 1558 3569 1612 et
3585 1526 3677 1621 die

1945 1615 2357 1717 translationis
2387 1617 2539 1673 beati
2574 1620 2959 1717 Odilonis;ex
2989 1639 3133 1693 qua
3148 1625 3423 1717 quidem
3441 1615 3675 1717 special;

1946 1704 2359 1801 translationis
2391 1708 2678 1763 memoria
2699 1708 3051 1783 colligimus
3066 1726 3220 1766 eam
3246 1716 3440 1786 fuisse
3457 1704 3677 1801 catenis

1945 1792 2350 1891 οθ¹9ἓπίοιῖθαγ
2384 1794 2790 1891 Υθνξιηξηίξιξξη
2812 1797 2968 1891 -th
3001 1798 3210 1891 Pu'ta-
3277 1810 3415 1874 data
3466 1792 3673 1891 sui};

1944 1882 2190 1955 quidem
2212 1882 2558 1978 habetur‘in
2579 1885 2962 1978 bibliotheca
2989 1872 3413 1978 Cluniacensi
3436 1872 3670 1978 cell’3r2.

1941 1988 2097 2065 anno
2130 1989 2171 2026 11
2204 1971 2559 2065 Clementis,
2578 1973 2633 2029 id
2656 1980 2746 2031 est
2775 1993 2905 2030 aera:
2937 1975 3223 2049 vulgaris
3264 1989 3421 2061 1343,
3456 1971 3660 2065 aut};

1942 2060 2057 2116 alia
2087 2059 2478 2117 translatione
2509 2063 2584 2118 ab
2608 2080 2676 2119 ea
2705 2080 2887 2135 quam
2925 2064 3051 2136 ipse
3081 2066 3221 2124 fieri
3264 2059 3651 2149 mandaverat

1942 2149 2209 2221 loquitur
2238 2152 2517 2223 pontifex,
2555 2153 2710 2224 quod
2745 2170 2864 2208 non
2896 2159 2989 2209 est
3018 2154 3393 2236 verisimile;
3423 2179 3528 2229 aut
3558 2178 3645 2233 in-

1943 2242 2346 2295 strumentum
2383 2240 2617 2313 Regerii
2652 2240 2895 2297 biennio
2954 2242 3167 2299 saltem
3224 2258 3362 2320 post
3412 2258 3632 2319 factam

1942 2327 2393 2384 translationem
2437 2329 2645 2384 datum
2700 2329 2850 2398 fuit;
2884 2335 2988 2386 aut
3028 2332 3287 2406 denique
3345 2359 3510 2401 error
3565 2350 3628 2405 in

1944 2417 2118 2473 bulla
2177 2422 2345 2474 notas
2406 2417 2855 2489 chrenelegicas
2913 2418 3170 2495 irrepsit.
3205 2425 3370 2484 Certe
3412 2430 3624 2490 litterm

1944 2507 2231 2578 Aymonis
2260 2508 2493 2580 prioris,
2528 2506 2743 2579 quibus
2775 2508 2958 2565 ﬁdem
3018 2512 3158 2568 facit
3189 2531 3370 2572 unam
3403 2536 3435 2575 e
3464 2522 3622 2579 beati

1944 2595 2053 2650 viri
2087 2596 2267 2653 costis
2299 2597 2759 2653 Carnotensibus
2811 2601 3120 2656 canonicis
3169 2603 3365 2660 datam
3412 2608 3616 2679 fuisse,

1946 2684 2101 2740 hanc
2134 2686 2578 2742 translationem
2610 2702 2763 2741 anno
2789 2687 3016 2758 pariter
3052 2692 3187 2746 1345
3244 2694 3611 2769 consignant.

1948 2773 2065 2829 Has
2093 2775 2318 2830 litteras
2352 2773 2466 2829 huc
2500 2774 2758 2847 integras
2789 2776 3153 2845 proferimus
3180 2797 3248 2836 ex
3276 2782 3511 2842 schedis
3542 2788 3610 2841 V.

1947 2867 2006 2917 Ο.
2040 2864 2278 2919 Antonii
2308 2861 2537 2919 \Vionis
2568 2861 2901 2919 Herovallii.

2022 2953 2148 3007 130.
2163 2953 2446 3008 Caeterum
2472 2967 2648 3006 sacrae
2671 2951 2932 3022 reliquiae
2953 2954 3108 3011 beati
3132 2957 3391 3016 Odilonis
3403 2961 3610 3018 etiam-

1949 3057 2109 3095 nunc
2138 3040 2197 3094 in
2229 3038 2474 3096 ecclesia
2499 3036 2897 3094 Silviniacensi
2923 3057 2958 3097 a
2984 3045 3201 3099 nostris
3216 3045 3610 3106 Cluniacensi-

1951 3128 2064 3184 bus
2098 3128 2364 3201 religiose
2395 3131 2787 3193 asservantnr,
2804 3143 3024 3200 corpus
3045 3132 3354 3203 quidemin
3371 3137 3607 3206 scrinio,

1952 3219 2111 3289 quod
2142 3222 2233 3275 est
2261 3234 2438 3290 super
2466 3215 2647 3272 altare
2678 3216 2749 3270 ad
2772 3215 3035 3274 ecclesia:
3066 3222 3346 3291 odeum,e
3373 3227 3607 3300 regione

1952 3305 2177 3362 scilicet
2208 3306 2448 3361 alterius
2480 3303 2874 3376 altaris,quod
2912 3307 2988 3362 ad
3021 3313 3607 3373 asservandumbeati

1953 3394 2150 3451 Maioli
2180 3412 2392 3467 corpus
2421 3398 2821 3450 constructum
2852 3394 3037 3453 fuisse
3068 3398 3214 3456 alias
3245 3403 3467 3461 dictum
3497 3410 3604 3463 est.

1953 3485 2168 3541 Eorum
2198 3501 2331 3539 vero
2363 3482 2555 3555 capita
2585 3482 2641 3536 in
2674 3481 2860 3539 thecis
2886 3490 3174 3558 separatis
3206 3490 3606 3562 inclusasunt,

1954 3590 2082 3645 quae
2112 3572 2173 3627 in
2195 3573 2462 3643 jucunde
2490 3571 2740 3627 adventu
2773 3571 2963 3629 Caroli
2994 3578 3163 3634 ducis
3196 3579 3609 3641 Berboniensis

1954 3662 2311 3717 etArvernize
2325 3660 2532 3717 deferri
2550 3660 3014 3721 fecitGaufridus
3027 3668 3291 3737 ejusdem
3306 3668 3413 3725 loci
3428 3673 3610 3742 prior,

1954 3767 2089 3807 curn
2120 3750 2379 3823 primum
2411 3767 2564 3806 anno
2597 3750 2737 3805 4434
2768 3749 3043 3824 princeps
3090 3753 3184 3811 ille
3231 3756 3610 3816 Silviniacum

1954 3839 2208 3907 advenit,
2243 3844 2398 3895 utex
2430 3839 2821 3894 instrumento
2853 3839 3088 3910 publice
3115 3861 3183 3899 ea
3224 3845 3296 3901 de
3345 3863 3406 3902 re
3462 3847 3610 3904 facto

1953 3933 2130 4002 patet,
2183 3929 2337 3999 quod
2382 3928 2441 3982 in
2491 3926 2853 3981 Bibliotheca
2900 3927 3293 4001 Cluniacensi,
3338 3935 3448 3991 col.
3481 3937 3608 4003 312,

1953 4017 2178 4075 editum
2210 4022 2320 4073 est.
2355 4017 2409 4071 Is
2434 4020 2541 4081 est,
2577 4018 2641 4070 ut
2670 4014 2908 4086 quidem
2934 4016 3082 4072 mihi
3113 4020 3362 4090 videtur,
3379 4019 3609 4079 Gaufri-

1955 4107 2066 4163 dus
2097 4104 2342 4170 Choleti,
2373 4107 2444 4160 de
2474 4121 2587 4176 quo
2609 4104 2736 4175 jam
2769 4102 3047 4174 diximus,
3079 4108 3181 4179 qui
3239 4127 3477 4182 capsam
3535 4112 3607 4168 ad

1954 4193 2137 4252 sancti
2169 4192 2430 4249 Odilonis
2464 4209 2678 4265 corpus
2709 4194 3167 4264 recondendum,
3200 4202 3258 4254 et
3295 4198 3470 4255 aliam
3505 4216 3608 4272 pro

1953 4286 2081 4357 ejus
2111 4281 2300 4355 capite
2320 4299 2453 4338 cum
2486 4282 2737 4337 armario
2770 4282 2895 4338 ﬁeri
2925 4284 3168 4342 curavit.

1954 4402 2174 4476 Littera
2199 4397 2601 4476 testimonialis
2612 4406 2776 4476 costa?
2793 4401 2982 4476 sancti
2995 4401 3106 4459 Odi
3110 4403 3199 4458 ton
3207 4403 3255 4459 is
3267 4405 3610 4476 confessoris
3688 4394 3693 4402 ’

2024 4471 2247 4528 abbatis
2276 4469 2661 4527 Cluniacensis
2690 4473 2984 4528 canonicis
3013 4469 3455 4532 Carnotensibus
3476 4494 3605 4534 con-

186 4568 338 4616 trum
347 4553 1180 4631 procuretsacrista.Conseutit
1197 4552 1461 4623 ejusdem
1514 4552 1847 4610 lociNecro-
1877 4564 1925 4629 υ
2028 4559 2220 4601 cossic.

189 4647 431 4720 legium,
468 4644 569 4700 ubi
599 4660 699 4699 VIII
730 4641 871 4698 item
904 4640 1198 4698 Kalendas
1244 4641 1540 4697 Februarii
1585 4642 1845 4714 depositio

186 4736 378 4791 damni
404 4735 563 4791 Petri
587 4733 845 4787 Damiani
869 4732 1105 4804 episcopi
1137 4728 1431 4786 recelitur.
1460 4730 1629 4801 Apud
1672 4734 1846 4788 Saus-

192 4823 386 4880 saium
416 4823 475 4879 in
503 4820 912 4894 Martyrologie
944 4819 1241 4876 Cailicano
1257 4818 1635 4875 recoliturdie
1664 4820 1847 4876 3Maii

192 4914 463 4969 Reseratio
493 4911 736 4982 corporis
763 4911 945 4965 sancti
976 4908 1222 4965 Odilonis
1252 4908 1469 4963 abbatis
1512 4908 1846 4964 Cluniacen-

190 5003 438 5068 sis.Quae
456 5000 632 5057 verba
645 4996 1009 5055 Bellandiani
1035 4997 1106 5052 ad
1135 4997 1400 5051 eamdem
1433 4995 1587 5050 diem
1612 4995 1669 5051 in
1695 4996 1847 5051 Praz-

196 5090 491 5147 termissis
515 5088 889 5160 adoptarunt.
913 5086 1182 5143 Clemens
1205 5085 1276 5140 IV
1302 5091 1359 5141 et
1388 5084 1678 5141 Honorius
1711 5086 1846 5142 item

201 5178 409 5251 IV,qui
435 5180 706 5235 Romanis
730 5176 995 5233 Ecclesiae
1016 5175 1245 5231 labente
1263 5172 1474 5231 szeculo
1500 5174 1727 5230 decimo
1745 5186 1849 5231 ter-

202 5268 292 5322 tio
318 5269 682 5340 praefuerunt,
719 5270 1011 5322 testantur
1056 5265 1112 5319 in
1151 5264 1348 5331 bullis,
1382 5281 1508 5336 quae
1559 5263 1851 5320 habentur

202 5356 278 5411 in
304 5356 653 5413 Bibliotheca
698 5353 1085 5421 Cluniacensi,
1119 5353 1226 5409 cel.
1258 5354 1386 5418 306,
1421 5369 1665 5425 corpora
1718 5370 1848 5408 san-

202 5447 426 5503 ctorum
448 5444 642 5502 Maioli
666 5449 723 5501 et
751 5443 1036 5510 Odilonis,
1067 5460 1192 5514 quae
1226 5443 1285 5497 in
1317 5441 1846 5498 ccclesiaSilvinia-

203 5536 360 5589 censi
394 5534 783 5608 requiescunt,
802 5533 1004 5589 multis
1020 5531 1320 5587 miraculis
1339 5529 1464 5586 suis
1486 5532 1847 5603 temporibus

207 5638 589 5682 coruscasse:
634 5624 731 5680 sed
771 5621 914 5679 nihil
964 5622 1182 5694 habent
1219 5621 1291 5676 de
1350 5620 1535 5676 sancti
1583 5619 1846 5679 Odilonis

2032 4665 2052 4690 σι
2078 4638 2523 4696 Venerabilibus
2554 4639 2824 4696 Patribus
2846 4640 3172 4699 etdominis
3189 4644 3538 4717 domnisque
3555 4651 3612 4702 et

1957 4730 2166 4787 amicis
2198 4728 2583 4797 charissimis,
2618 4728 2874 4785 dominis
2905 4730 3122 4786 decano
3145 4732 3481 4805 ceterisque
3508 4751 3608 4790 ca-

1958 4819 2186 4876 nonicis
2215 4818 2557 4874 Carnetens.
2591 4817 2707 4873 Nos
2739 4818 2917 4874 frater
2943 4820 3127 4892 Aymo
3153 4822 3225 4876 de
3248 4825 3447 4877 sancto
3502 4823 3606 4878 Ge-

1959 4925 2143 4989 ranne
2201 4905 2444 4963 humilis
2502 4907 2793 4980 prioratus
2857 4907 3355 4981 Silvigniacensis,
3418 4913 3606 4966 totus-

1958 5014 2072 5071 que
2092 4997 2357 5069 ejusdem
2384 4996 2491 5051 leci
2515 4996 2631 5051 Deo
2651 4996 2893 5052 devotus
2915 5003 3258 5065 conventus,
3276 4998 3526 5055 salutem
3549 5000 3605 5054 in

1957 5104 2023 5144 eo
2057 5088 2156 5159 qui
2187 5088 2276 5142 est
2303 5084 2567 5140 omnium
2601 5101 2733 5140 vera
2750 5084 3089 5141 salus.Cum
3114 5105 3214 5159 per
3231 5087 3607 5143 reverendum

1959 5175 2017 5232 in
2049 5174 2279 5231 Christo
2300 5174 2529 5229 Patrem
2544 5190 2608 5227 ac
2625 5173 2931 5229 dominum
2955 5174 3260 5231 dominum
3280 5175 3345 5230 Η.
3364 5175 3610 5246 permis-

1958 5264 2119 5320 sione
2133 5262 2328 5317 divina
2341 5261 2845 5347 archiepiscewm
2863 5263 3296 5331 Bituricensem,
3314 5264 3609 5335 adjunctis

1958 5370 2158 5410 secum
2174 5350 2475 5407 nonnullis
2488 5349 2796 5422 episcopis,
2812 5351 3300 5420 abbatibus,clere
3314 5370 3379 5408 ac
3391 5352 3609 5425 populo

1956 5460 2060 5516 pro
2094 5440 2299 5513 majori
2332 5444 2495 5512 parte
2518 5438 2696 5494 totius
2716 5441 3028 5512 patrm"...
3055 5442 3127 5498 ad
3159 5443 3377 5499 dictum
3394 5441 3611 5514 priora-

1956 5536 2082 5586 tum
2117 5527 2568 5593 conﬂuentibus,
2602 5533 2659 5583 et
2700 5528 2846 5601 ipsis
2908 5532 3312 5606 praesentibus,
3347 5531 3605 5586 secundo

1956 5621 2095 5677 Idus
2126 5619 2344 5676 mensis
2374 5616 2777 5690 Aprilis,anno
2797 5619 3026 5680 Domini
3053 5621 3367 5681 millesimo
3381 5622 3602 5675 trecen-

2400 5708 2435 5737 ἢ
