4054 6158
244 282 377 348 901

1694 284 1901 347 VI'I‘A.
1937 317 2013 329 --
2046 284 2199 345 LIB.
2244 282 2295 344 ῐ.

3591 284 3710 348 902

252 414 629 472 auctoritatis
657 414 714 471 et
734 412 937 487 gratiae
959 432 973 484 ;
999 412 1327 470 mansuetis
1352 412 1557 469 hilaris
1579 420 1631 469 rt
1656 415 1929 481 blandus,
1968 425 2009 483 Α
2046 417 2186 470 ΟΜ).
2221 414 2344 469 VII.
2380 446 2446 454 —-
2480 416 2551 469 De
2573 416 2817 485 jus/ilia,
2873 418 2952 471 ml
2990 417 3140 487 quod
3169 435 3199 471 (ι
3227 417 3592 487 pontiﬁcibm.
3626 433 3711 471 re-

251 506 538 579 superhis
564 521 698 560 vero
729 510 785 558 et
816 503 1079 572 offensis,
1105 509 1170 559 ut
1199 505 1293 559 vix
1324 504 1553 559 sufferri
1587 512 1802 576 posset,
1828 511 1937 560 ter-

252 594 473 650 ribilis.
505 593 690 648 Macie
711 592 967 661 validus,
992 592 1214 665 pallore
1240 596 1501 661 ornatus,
1525 592 1736 649 canitie
1770 595 1938 649 deco-

250 681 623 740 ratus.0culi
645 679 804 737 illius
820 680 999 735 veluti
1018 681 1273 753 quodam
1293 680 1602 753 splendore
1618 680 1933 754 fulgentes,

248 773 637 830 intuentibus
658 776 717 826 et
738 770 945 827 terrori
969 775 1138 826 erant
1158 774 1216 826 et
1237 769 1636 838 admirationi,
1660 770 1938 843 lacrymis

249 860 513 929 assidui,
549 859 689 933 quia
720 859 936 933 saepius
987 860 1190 916 aderat
1219 859 1407 914 virtus
1439 859 1936 932 compunctionis.

250 950 577 1015 Renitebat
606 948 782 1004 etiam
805 946 866 1002 in
891 947 1080 1020 ipsius
1103 953 1288 1013 motu,
1314 952 1504 1019 gestu,
1528 947 1785 1009 incessu,
1812 964 1941 1020 spe-

249 1040 382 1096 cies
400 1036 791 1104 auctoritatis,
806 1036 1038 1108 pondus
1055 1036 1358 1109 gravitatis
1373 1035 1941 1107 tranquillitatisque

248 1126 602 1199 vestigium.
623 1125 915 1181 Occursus
946 1124 1110 1181 illius
1131 1125 1300 1197 quasi
1323 1124 1563 1196 quidam
1587 1122 1941 1197 gratissimas

237 1215 660 1289 jucunditatis
677 1214 965 1278 radius.et
980 1213 1229 1269 insolita:
1249 1212 1654 1269 delectationis
1670 1218 1939 1268 eventus.

250 1306 386 1361 Vox
416 1304 505 1360 illi
549 1303 760 1372 virilis,
793 1307 850 1358 et
881 1303 963 1358 ita
993 1302 1168 1375 plena
1196 1301 1446 1365 decoris,
1482 1306 1547 1357 ut
1577 1306 1803 1358 mentes
1834 1318 1943 1357 au-

252 1393 560 1451 dientium
620 1409 738 1447 non
798 1391 1168 1446 mediocriter
1223 1390 1582 1446 demulceret
1629 1389 1945 1445 dulcedine

254 1480 716 1540 modulationis.
738 1481 945 1539 Sermo
968 1478 1128 1535 illius
1153 1479 1365 1552 plenus
1389 1478 1696 1535 suavitatis
1727 1482 1787 1533 et
1814 1495 1950 1550 gra—

255 1574 381 1640 tiae,
417 1575 599 1645 prout
630 1569 777 1626 ratio
806 1586 1122 1625 causarum
1167 1586 1229 1624 se
1258 1568 1532 1634 habebat,
1568 1567 1759 1623 medie
1794 1571 1946 1622 tem-

254 1665 550 1734 peratus;
584 1675 693 1714 nec
752 1658 992 1714 modum
1053 1657 1434 1730 progrediens
1482 1655 1779 1729 loquendi,
1834 1671 1948 1711 nec

254 1751 469 1806 minus
496 1765 605 1821 pro
636 1752 899 1820 tempore
921 1745 1284 1818 improvidus
1311 1745 1656 1800 disserendi.
1691 1743 1845 1799 Nihil
1879 1742 1944 1798 in

251 1856 328 1895 eo
364 1839 657 1903 fucatum,
692 1834 835 1889 nihil
869 1835 1202 1890 affectatum
1232 1851 1245 1900 ;
1278 1834 1377 1888 sed
1412 1838 1621 1889 natura
1650 1832 1942 1888 mirabili-

258 1935 357 1983 ter
383 1925 669 1981 reddebat
698 1941 832 1979 eum
867 1922 1126 1995 corporis
1170 1922 1459 1993 positione
1487 1925 1543 1976 et
1572 1921 1774 1976 ordine
1804 1920 1943 1975 vita:

260 2013 732 2088 quadratumEt
759 2010 1394 2084 quamvis,sccundum
1427 2011 1659 2065 beatum
1692 2009 1943 2063 Ambro-

263 2106 453 2167 sium,
481 2102 539 2157 in
574 2101 1015 2174 pulchritudine
1046 2100 1305 2171 corporis
1337 2098 1529 2153 locum
1558 2098 1789 2153 virtutis
1821 2114 1944 2152 non

264 2207 591 2266 ponamus,
610 2188 861 2262 gratiam
901 2193 1097 2243 tamen
1130 2204 1243 2243 non
1275 2186 1659 2243 excludimus.
1682 2187 1782 2241 llis
1806 2202 1945 2241 vero

264 2279 538 2345 omissis,
563 2279 632 2334 ad
661 2277 1146 2350 compositionem
1171 2292 1404 2332 morum
1432 2278 1579 2347 ejus,
1603 2276 1817 2348 quibus
1843 2292 1947 2347 per

265 2370 537 2426 divinam
562 2367 811 2440 gratiam
845 2368 1165 2423 adornatus
1196 2364 1439 2433 exstitit,
1471 2366 1794 2421 redeamus.

267 2478 413 2533 ΟΑΡ.
455 2475 549 2531 VI.
585 2507 651 2516 —
684 2474 836 2543 Quod
870 2475 928 2529 in
959 2489 1019 2529 eo
1057 2481 1293 2547 quatuor
1340 2474 1563 2547 virtutes
1608 2472 1946 2544 principales

442 2574 447 2580 -
944 2546 1283 2617 refulscrint.

354 2636 414 2692 Ia
449 2640 739 2709 quantum
774 2634 1040 2689 humana
1060 2633 1371 2689 aestimatio
1393 2649 1455 2688 se
1475 2632 1669 2696 habet,
1694 2636 1946 2704 quatuor

268 2727 334 2781 in
372 2730 575 2781 sancto
606 2725 728 2780 viro
761 2722 1115 2797 principales
1149 2740 1263 2778 non
1319 2721 1693 2777 mediocriter
1724 2720 1943 2776 reluce-

270 2818 425 2872 bant
456 2815 720 2880 virtutes,
748 2813 1078 2885 prudentia,
1105 2810 1360 2883 justitia,
1394 2810 1673 2866 fortitudo
1705 2814 1761 2864 et
1791 2814 1942 2865 tem-

274 2904 567 2979 perantia.
621 2902 999 2959 Prudentiam
1036 2894 1366 2974 philosophi
1401 2899 1690 2956 definiunt
1721 2899 1779 2954 in
1825 2899 1942 2954 veri

274 2992 731 3066 investigatione
781 2990 1117 3067 consistere,
1152 2994 1210 3046 et
1252 2989 1507 3047 scientia:
1536 2986 1811 3061 plenioris
1842 3005 1944 3043 cu-

279 3081 550 3156 piditate.
574 3082 697 3146 Quo
728 3097 938 3153 genere
968 3079 1202 3135 virtutis
1234 3081 1316 3135 ita
1339 3079 1568 3146 enituit,
1588 3082 1653 3133 ut
1682 3094 1795 3132 non
1829 3077 1945 3132 die-

2118 488 2304 552 gibus,
2360 487 2610 560 ducibus,
2668 489 2747 543 vel
2818 490 3236 560 nupta-alaribus
3300 490 3544 542 mamma
3603 490 3715 559 fuit

2120 573 2312 612 umore
2340 557 2592 613 dilectus.

2119 663 2363 719 Justitia
2421 668 2529 732 est,
2587 670 2652 721 ut
2707 664 2910 721 volunt
2957 665 3311 739 philosophi,
3362 681 3490 736 qua:
3538 683 3714 722 suum

2048 752 2271 823 cuique
2318 753 2544 822 tribuit,
2591 754 2849 811 alienum
2900 774 3013 811 non
3068 754 3346 818 vindicat,
3401 753 3714 811 utilitatem

2050 840 2355 913 propriam
2387 841 2652 915 negligit,
2672 848 2737 899 ut
2761 859 3133 901 communem
3164 842 3495 915 aequitatem
3528 848 3718 900 custo-

2050 929 2197 984 diat.
2234 929 2362 985 Haec
2396 931 2594 987 omnia
2624 932 2682 986 in
2716 932 2812 989 illo
2862 950 2978 988 non
3031 930 3415 1000 mediocriter,
3448 932 3550 988 sed
3582 950 3716 1006 pro-

2052 1018 2185 1074 fuse
2244 1019 2475 1076 noveris
2537 1021 2843 1078 reluxisse.
2874 1020 3161 1077 Omnibus
3217 1020 3374 1076 enim
3422 1021 3716 1092 aetatibus,

2054 1106 2346 1181 personis,
2380 1112 2437 1164 et
2484 1109 2939 1177 conditionibus,
2972 1112 3146 1182 prout
3179 1108 3424 1180 justitia:
3456 1110 3585 1178 fuit,
3617 1112 3718 1168 de-

2054 1195 2247 1250 bitum
2278 1195 2559 1253 honorem
2597 1197 2896 1267 exhibuit;
2922 1204 2979 1255 et
3000 1197 3275 1254 omnibus
3299 1198 3379 1255 ita
3401 1216 3463 1256 se
3484 1205 3719 1274 gratum

2055 1284 2328 1356 praebuit,
2364 1290 2430 1341 ut
2461 1303 2577 1342 non
2609 1286 2779 1342 aliter
2808 1303 2984 1359 quam
3018 1286 3283 1359 angelus,
3316 1287 3366 1343 si
3414 1288 3493 1346 ita
3523 1290 3723 1348 dicen-

2057 1373 2203 1428 dum
2235 1379 2343 1443 est,
2364 1374 2485 1430 imo
2517 1376 2655 1448 quia
2688 1376 2768 1431 ita
2788 1376 3102 1432 dicendum
3129 1380 3239 1445 est,
3262 1378 3490 1435 cunctis
3511 1380 3726 1437 charus

2058 1462 2367 1519 exstiterit.
2418 1463 2796 1537 Principibus
2846 1470 2905 1521 et
2945 1467 3331 1538 potestatibus
3380 1469 3728 1528 Christianis

2061 1553 2389 1608 secundum
2414 1553 2806 1626 apostolicam
2831 1556 3181 1621 sententiam
3214 1558 3273 1615 in
3301 1558 3464 1617 nullo
3496 1560 3731 1630 restitit,

2062 1640 2164 1694 sed
2198 1641 2279 1697 ita
2324 1641 2705 1698 amicabilem
2756 1649 2817 1700 et
2867 1644 3194 1705 officiosum
3241 1666 3303 1707 se
3352 1650 3621 1727 reddidit,
3669 1657 3736 1711 ut

2063 1732 2347 1802 tanquam
2380 1730 2529 1788 alter
2554 1731 2781 1806 Joseph
2819 1734 2898 1789 ab
2928 1738 3199 1796 omnibus
3229 1747 3524 1800 amaretur
3551 1749 3609 1801 et
3637 1762 3736 1803 ce-

2062 1816 2298 1875 lebriter
2346 1825 2746 1877 veneraretur.
2784 1822 3112 1884 Concurrat
3166 1830 3224 1886 in
3276 1831 3432 1890 hunc
3474 1851 3738 1894 amorem

2062 1906 2375 1964 Rothertus
2415 1927 2512 1965 rex
2544 1911 2920 1969 Francorum
2950 1934 2962 1981 ;
2992 1920 3225 1975 accedat
3253 1923 3524 1981 Adeleida
3554 1933 3743 1983 mater

2059 1994 2337 2053 Ottonum
2362 2016 2374 2063 ;
2400 2000 2594 2055 veniat
2623 1999 2925 2059 Henricus
2949 2004 3265 2078 imperator
3296 2011 3692 2073 Romanorum
3719 2034 3735 2087 ;

2061 2083 2336 2141 intersint
2366 2087 2670 2143 Conradns
2710 2094 2768 2144 et
2827 2092 3131 2160 Henricus,
3169 2098 3435 2156 videlicet
3481 2108 3647 2174 pater
3678 2083 3739 2163 et

2060 2174 2241 2242 filius,
2277 2175 2534 2232 CZBSBJ'BS
2565 2182 2621 2232 et
2653 2177 2763 2249 ipsi
2800 2181 3029 2237 nobiles
3062 2184 3257 2240 invicti
3286 2205 3299 2242 :
3333 2205 3583 2260 quorum
3607 2210 3737 2250 om-

2058 2263 2227 2318 nium
2261 2265 2561 2331 amicitiis,
2596 2266 2808 2321 officiis
2851 2274 2910 2323 et
2948 2270 3354 2343 imperialibus
3387 2281 3736 2340 muneribus

2057 2351 2140 2406 ita
2175 2354 2598 2426 magnificatus
2628 2360 2739 2421 est,
2771 2361 2838 2411 ut
2887 2359 2998 2415 sibi
3039 2364 3094 2414 et
3146 2361 3263 2419 illis
3311 2380 3412 2420 cor
3457 2384 3641 2425 unum
3673 2376 3735 2427 et

2055 2441 2261 2496 anima
2294 2444 2488 2499 fuerit.
2524 2444 2672 2509 Quid
2704 2444 2879 2501 etiam
2934 2448 3267 2519 Stephanus
3318 2470 3417 2509 rex
3459 2455 3732 2529 Hungro-

2055 2546 2213 2593 rum,
2239 2532 2359 2587 sive
2390 2532 2642 2589 Saucius
2674 2550 2771 2588 rex
2802 2534 3186 2608 Hesperidum
3219 2541 3593 2612 populorum,
3623 2547 3730 2617 qui

2056 2621 2331 2689 quamvis
2362 2638 2497 2677 eum
2531 2624 2975 2692 prmsentialiter
3005 2642 3118 2680 non
3143 2627 3410 2696 viderint,
3436 2635 3631 2688 tamen
3653 2637 3727 2691 ad

2056 2708 2280 2764 famam
2314 2709 2647 2765 sanctitatis
2693 2712 2824 2782 ejus
2874 2713 3400 2774 intercurrentibus
3431 2718 3638 2791 legatis
3668 2729 3729 2781 et

2054 2797 2373 2868 reciprocis
2424 2797 2658 2864 litteris,
2692 2800 3093 2856 astrinxerant
3142 2802 3311 2861 illum
3360 2807 3470 2862 sibi
3504 2809 3724 2867 benefi-

2054 2882 2163 2937 ciis
2196 2891 2254 2940 et
2286 2886 2541 2958 copiosis
2565 2888 3427 2950 muneribus.commendantes
3449 2911 3511 2951 se
3532 2896 3726 2955 humi-

2052 2970 2190 3028 liter
2239 2973 2609 3030 orationibus
2659 2973 2819 3030 illius
2849 2981 2907 3032 et
2939 2978 3257 3050 suffragiis.
3292 2982 3421 3039 Fuit
3449 2983 3625 3040 etiam
3658 2987 3719 3044 in

2053 3062 2297 3118 remotis
2317 3062 2586 3134 partibus
2610 3063 3059 3120 occidentalium
3092 3066 3242 3123 alter
3271 3070 3718 3137 Sancius,Pam-

282 3149 402 3228 bus
434 3188 623 3243 neque
655 3149 931 3226 noctibus
962 3186 995 3224 a
1024 3169 1142 3225 veri
1175 3167 1621 3241 investigatione
1668 3170 1940 3221 cessaret.
1976 3156 2018 3222 C
2058 3149 2411 3243 Ρυίίξηονυῐη
2445 3151 2776 3243 (ῗρίὲοορυει
2818 3153 2918 3243 (Illi
2967 3153 3048 3243 im
3076 3154 3188 3210 Sibi
3223 3157 3279 3213 in
3313 3158 3589 3216 amiculis
3614 3164 3717 3219 ad-

284 3263 535 3333 Semper
558 3258 610 3316 ei
638 3259 790 3314 liber
811 3258 1016 3313 divinae
1039 3257 1548 3331 contemplationis
1570 3256 1626 3310 in
1650 3255 1947 3322 manibus,

287 3365 526 3421 semper
555 3348 604 3403 ei
640 3364 833 3403 sermo
865 3347 935 3402 de
966 3346 1283 3419 Scripturis
1308 3345 1603 3412 assiduus,
1629 3348 1686 3400 et
1718 3344 1788 3399 ad
1812 3343 1948 3399 aedi-

290 3437 627 3493 ficationem
671 3439 1016 3492 cunctorum
1067 3436 1233 3491 labor
1277 3434 1615 3491 continuus.
1648 3433 1720 3488 Ut
1750 3433 1948 3488 Hiero-

287 3542 506 3598 nymus
533 3524 916 3581 Eustochium
951 3524 1208 3591 instruit,
1242 3524 1447 3580 faciem
1483 3521 1828 3578 dormientis
1859 3521 1949 3577 in-

282 3615 524 3669 terdum
556 3613 771 3687 pagina
800 3617 1000 3669 sancta
1033 3612 1410 3685 suscipiebat,
1444 3611 1811 3684 evigilantem
1846 3610 1947 3666 ite-

287 3708 418 3759 rata
448 3701 617 3758 lectio
649 3703 965 3758 recreabat.
1013 3702 1168 3757 Nihil
1217 3701 1267 3757 ei
1300 3701 1358 3756 in
1391 3700 1502 3756 hac
1532 3701 1649 3754 vita
1696 3698 1947 3765 dulcius,

282 3792 441 3847 nihil
471 3792 787 3847 amabilius
820 3792 947 3846 fuit.
982 3791 1233 3847 Lectioni
1267 3790 1452 3845 oratio
1474 3789 1638 3861 jugis
1671 3789 1948 3844 succede—

281 3883 407 3936 bat.
444 3881 551 3946 Qui
583 3880 859 3953 gemitus,
884 3897 1011 3952 quae
1034 3880 1314 3952 suspiria,
1334 3877 1423 3934 vel
1447 3877 1744 3933 affluentia
1766 3877 1947 3949 lacry-

282 3986 546 4037 marum,
579 3974 636 4024 et
666 3969 956 4042 praecipue
987 3969 1043 4024 in
1091 3968 1190 4023 illo
1240 3972 1440 4023 sancto
1490 3966 1774 4021 sacrificio
1802 3965 1948 4039 Agni

282 4057 655 4113 immaculati
678 4063 823 4126 erat,
847 4057 1102 4131 Spiritus
1124 4063 1363 4113 sanctus
1384 4060 1587 4112 auctor
1615 4055 1801 4127 ipsius
1827 4072 1952 4110 mu-

284 4147 453 4202 neris
477 4152 534 4202 et
559 4147 757 4220 gratiae
791 4147 966 4202 novit.
1004 4147 1144 4202 Rem
1180 4146 1390 4202 miram
1421 4146 1685 4201 dicturus
1716 4160 1870 4211 sum,
1893 4149 1951 4199 et

285 4240 450 4291 certe
476 4252 689 4291 veram.
714 4239 854 4291 Cum
880 4235 1095 4309 saepius
1116 4234 1280 4291 illum
1308 4233 1650 4308 psallentem
1682 4233 1739 4288 in
1762 4237 1948 4289 stratu

284 4340 544 4380 somnus
563 4323 871 4397 exciperet,
888 4328 1083 4380 tamen
1106 4322 1373 4396 psalmus
1395 4322 1466 4378 ab
1489 4338 1585 4379 ore
1606 4322 1950 4379 dormientis

283 4430 411 4468 non
446 4412 767 4483 recedebat,
792 4417 855 4468 ut
877 4412 926 4468 si
960 4410 1493 4485 nescires,vigilare
1521 4428 1655 4467 eum
1688 4416 1947 4485 putares.

281 4500 590 4574 Evigilans
620 4519 751 4558 vero
786 4502 866 4557 ita
908 4501 1205 4574 psalmum
1238 4518 1369 4556 cum
1406 4500 1775 4557 festinatione
1803 4501 1948 4557 arri-
1982 4526 2026 4592 υ

284 4591 513 4663 piebat,
549 4591 714 4663 quasi
748 4609 860 4647 non
914 4590 1348 4646 intermisisset.
1381 4589 1749 4662 Loquebatur
1776 4590 1948 4646 credo

277 4686 437 4734 tunc
467 4695 600 4734 cum
631 4697 847 4753 sponsa
876 4680 936 4735 in
965 4679 1223 4736 Canticis
1252 4679 1615 4736 canticorum
1645 4696 1658 4734 :
1691 4681 1802 4750 Ego
1829 4680 1951 4736 dor-

276 4769 406 4823 mio
439 4776 489 4822 et
515 4784 606 4823 cor
648 4786 827 4824 meum
875 4770 1074 4839 vigilat
1106 4771 1287 4838 (Cant.
1320 4786 1375 4837 v,
1406 4772 1482 4836 2).
1516 4768 1577 4822 In
1633 4769 1950 4840 Scripturis

278 4872 477 4929 quam
498 4855 667 4913 fuerit
687 4858 976 4925 eruditus,
992 4862 1049 4914 et
1064 4859 1124 4913 in
1147 4873 1417 4913 sermone
1435 4857 1950 4929 facundus,quam-

278 4960 412 5017 que
443 4943 616 5000 etiam
646 4944 705 5000 in
737 4951 894 5002 recta
918 4946 1029 5002 fide
1058 4945 1401 5012 catholicus,
1419 4948 1709 5001 testantur
1728 4962 1947 5002 sermo-

281 5050 401 5089 nes
433 5032 580 5104 ejus,
624 5040 679 5090 et
720 5034 1079 5109 multiplices
1124 5033 1403 5108 epistolae,
1452 5051 1619 5106 quas,
1665 5039 1947 5108 tanquam

278 5123 463 5179 favos
482 5122 806 5181 dulcedinis
830 5123 1256 5198 pinguissimae,
1278 5123 1475 5179 videas
1498 5124 1755 5180 redolere
1776 5124 1950 5181 odore

279 5206 605 5284 prudentis
617 5210 979 5285 eloquentiae,
996 5212 1315 5284 decoreque
1328 5211 1635 5268 suavitatis
1656 5216 1710 5267 et
1726 5212 1945 5285 gratiaa.

2059 3238 2231 3294 haesit
2261 3246 2318 3295 et
2349 3239 2603 3313 copiosis
2643 3242 2988 3296 muneribus
3019 3242 3350 3313 deservivit,
3383 3251 3447 3302 ut
3474 3248 3546 3303 ad
3577 3266 3717 3307 eum

2055 3328 2234 3384 etiam
2265 3330 2336 3385 de
2369 3333 2486 3385 tam
2523 3328 2861 3403 longinquis
2890 3331 3228 3403 regionibus
3259 3336 3497 3405 veniret,
3512 3341 3570 3393 et
3590 3354 3716 3395 mo-

2059 3418 2313 3473 nachum
2345 3436 2406 3475 se
2436 3419 2508 3474 ab
2560 3435 2626 3474 eo
2658 3419 2779 3475 fieri
2811 3421 3171 3476 decerneret.
3203 3425 3386 3489 Quem
3419 3424 3715 3483 intantum

2057 3505 2247 3563 dulcis
2278 3507 2572 3563 memoria:
2605 3506 2773 3563 0dilo
2805 3507 3025 3576 dilexit,
3061 3515 3123 3565 ut
3151 3512 3328 3567 etiam
3360 3513 3616 3570 moriens
3644 3516 3716 3571 de

2056 3611 2123 3649 eo
2167 3596 2524 3652 mentionem
2576 3596 2807 3667 faceret,
2840 3602 2899 3653 et
2946 3604 3077 3671 post
3122 3604 3369 3656 mortem
3420 3618 3590 3657 suam
3640 3604 3715 3660 ad

2057 3699 2191 3738 eum
2230 3685 2611 3752 visitandum,
2645 3702 2778 3741 cum
2812 3688 3033 3743 exuviis
3062 3689 3544 3746 vestimentorum
3576 3709 3713 3747 suo-

2058 3789 2187 3828 rum
2219 3773 2367 3828 duos
2401 3774 2607 3829 fratres
2641 3775 2915 3840 mitteret,
2948 3776 3046 3848 qui
3079 3776 3164 3831 illi
3209 3779 3384 3833 ﬁnem
3434 3778 3559 3834 vitae
3593 3796 3712 3835 suae

2057 3862 2414 3926 nuntiarent,
2466 3870 2524 3915 et
2578 3862 2881 3933 antiquam
2940 3865 3262 3921 amicitiam
3313 3867 3425 3921 sibi
3480 3873 3712 3924 mortuo

2055 3950 2434 4005 conciliarent
2462 3950 2559 4021 (6),
2592 3955 2649 4004 et
2679 3967 2913 4006 rursum
2956 3955 3223 4009 eamdem
3257 3955 3585 4012 viventibus
3618 3975 3711 4013 re-

2057 4045 2353 4096 novarent.
2386 4039 2511 4095 Non
2545 4040 2933 4110 praetereundi
2965 4047 3105 4096 sunt
3151 4042 3326 4098 etiam
3364 4043 3445 4097 illi
3480 4044 3711 4101 Domini

2057 4130 2387 4184 sacerdotes
2428 4132 2485 4183 et
2514 4126 2816 4199 apostolici
2847 4128 2978 4196 viri,
3010 4129 3304 4196 Silvester,
3340 4129 3706 4201 Benedictus,

2053 4218 2391 4285 Joannes,et
2405 4218 2464 4271 in
2483 4216 2711 4272 ultimis
2728 4216 2832 4289 pia:
2851 4219 3145 4274 memoria:
3161 4218 3709 4293 Clemens,quorum

2057 4307 2307 4380 gratiam
2330 4306 2410 4361 ita
2432 4306 2773 4378 promeruit,
2788 4311 2853 4361 ut
2868 4312 3151 4380 tanquam
3172 4325 3241 4363 ex
3260 4309 3539 4364 fratribus
3555 4326 3710 4366 unus

2056 4395 2357 4452 exstiterit.
2395 4397 2527 4461 Quae
2559 4394 2716 4450 enim
2746 4410 2996 4467 persona
3027 4397 3418 4471 undecunque
3448 4397 3707 4455 locorum

2059 4503 2173 4541 non
2224 4489 2461 4557 cuperet
2512 4484 2728 4539 habere
2778 4483 3083 4542 0dilonem
3134 4490 3417 4559 tanquam
3460 4486 3707 4543 alterum

2058 4574 2427 4631 Salomonem
2446 4572 2699 4628 amicum
2721 4577 2779 4627 et
2798 4578 3047 4645 patrem,
3062 4580 3120 4631 et
3141 4592 3245 4648 pro
3266 4592 3329 4631 se
3346 4577 3500 4649 apud
3523 4577 3708 4633 Deum

2057 4663 2500 4719 intercessorem
2518 4661 2545 4716 ‘I
2561 4661 2864 4717 Gaudebat
2883 4662 3049 4717 Italia
3069 4680 3202 4719 cum
3227 4663 3488 4721 0dilonis
3510 4665 3710 4721 aderat

2058 4751 2384 4824 praesentia,
2417 4754 2473 4805 et
2512 4750 2797 4822 praecipue
2827 4749 3135 4806 familiaris
3166 4752 3277 4806 sibi
3309 4753 3505 4824 Papia,
3538 4754 3708 4823 cujus

2059 4857 2224 4913 prece
2256 4844 2311 4895 et
2340 4838 2650 4907 industria,
2683 4839 3048 4910 temporibus
3096 4839 3325 4895 Henrici
3373 4845 3435 4915 et
3460 4840 3707 4896 Conradi

2056 4930 2475 5002 imperatorum
2507 4926 2751 4983 liberata
2780 4932 2868 4982 est
2894 4928 2967 4981 ab
2994 4928 3215 4983 excidio
3244 4927 3421 5000 gladii
3462 4933 3518 4984 et
3551 4928 3707 5000 peri-

2057 5018 2185 5074 culo
2218 5015 2490 5073 incendii.
2525 5015 2853 5071 Lmtabatur
2879 5014 3057 5071 etiam
3090 5016 3232 5073 urbs
3264 5017 3467 5083 Roma,
3501 5017 3706 5072 mundi

2058 5107 2315 5174 domina,
2335 5104 2482 5162 tanti
2503 5104 2610 5159 viri
2636 5105 3071 5172 conturbernio,
3098 5105 3461 5179 frequentata
3492 5106 3707 5179 saepius

2057 5201 2393 5253 sanctorum
2427 5192 2822 5265 apostolorum
2850 5209 3047 5249 amore
3073 5198 3132 5250 et
3159 5194 3704 5252 desiderio.0flicia‘

2055 5287 2141 5343 les
2165 5286 2340 5343 etiam
2372 5287 2429 5339 et
2456 5282 2669 5351 clerici,
2703 5281 2821 5338 sive
2870 5283 3162 5352 monachi,
3199 5284 3280 5340 ita
3318 5283 3430 5340 sibi
3463 5283 3706 5357 applau-

2057 5377 2273 5431 debant
2301 5371 2576 5438 venienti,
2620 5375 2688 5427 ut
2716 5373 2999 5444 tanquam
3031 5372 3103 5428 de
3132 5371 3259 5429 suis
3291 5372 3706 5429 charissimum

2059 5469 2293 5524 fratrem
2347 5462 2632 5519 haberent
2677 5476 2876 5518 amore
2928 5461 3276 5520 vehementi.
3310 5461 3439 5520 Haec
3482 5460 3613 5520 ideo
3646 5461 3706 5520 in

362 5567 444 5647 (6)
474 5567 601 5627 Haec
629 5571 824 5643 verba,
855 5580 907 5630 et
935 5587 1156 5629 rursum
1182 5569 1429 5630 eamdem
1462 5570 1766 5629 viventibus
1788 5581 2134 5650 renovarent,
2161 5575 2375 5633 desunt
2404 5569 2466 5629 in
2496 5584 2640 5628 mss.
2671 5569 2726 5627 2.
