4054 6158
525 285 562 346 9
585 286 644 343 “3

527 423 722 490 partes
746 415 989 488 justitite
1021 417 1353 490 posuimus,
1389 421 1452 473 ut
1485 422 1682 492 aperte
1715 423 2178 476 monstraremus

529 505 693 561 illum
717 506 1016 578 proprium
1043 505 1252 579 cuique
1275 507 1574 574 tribuisse,
1594 511 1651 564 et
1677 508 1890 564 idcirco
1913 508 2178 566 omnium

523 593 772 668 gratiam
801 600 857 650 et
887 611 1146 651 amorem
1169 596 1586 668 promeruisse,
1611 601 1667 653 et
1697 602 1763 654 ut
1792 597 1970 654 etiam
1997 598 2182 654 omni-

522 685 635 741 bus
658 683 1076 752 -deelararetur,
1110 685 1252 757 quia
1284 701 1520 742 necesse
1545 689 1670 742 erat
1703 690 1767 742 ut
1797 704 1971 760 quem
2021 687 2178 744 Deus

517 766 855 846 perfuderat
881 773 1092 846 gratia,
1122 774 1194 829 ab
1225 773 1502 830 omnibus
1533 780 1848 832 amaretur.
1882 777 2036 832 Bene
2067 777 2176 833 ita-

518 871 634 934 que
663 863 735 918 de
763 878 830 918 eo
856 877 1062 918 omnes
1091 861 1151 918 in
1182 877 1496 920 commune
1525 868 1858 934 senserunt,
1883 865 2023 937 quia
2053 863 2178 921 ubi-

517 960 633 1025 que
657 950 892 1008 cunctis
923 956 981 1008 et
1006 951 1192 1007 amori
1225 956 1282 1008 et
1314 951 1519 1008 honori
1552 950 1679 1008 fuit.
1731 952 1863 1008 Jam
1915 970 2050 1010 vero
2102 955 2175 1010 de

513 1039 890 1098 inferioribus
918 1039 1177 1097 seniores
1211 1039 1534 1097 honorabat
1564 1046 1630 1098 ut
1667 1047 1880 1114 patres,
1905 1042 2176 1114 juniores

515 1133 584 1186 ut
625 1129 855 1199 fratres,
891 1145 1038 1184 anus
1083 1133 1149 1184 ut
1195 1133 1432 1197 matres,
1482 1131 1736 1204 virgines
1787 1135 1852 1187 ut
1897 1149 2170 1202 sorores;

513 1215 720 1276 omnes
751 1223 950 1275 tamen
983 1219 1284 1274 aestimans
1311 1217 1428 1274 sibi
1460 1219 1812 1294 superiores,
1855 1221 2082 1278 cunctis
2112 1221 2170 1278 in

513 1307 1148 1381 commune'prz‘ebebat
1201 1305 1486 1364 familiare
1532 1309 1892 1365 consortium
1925 1313 1982 1366 et
2013 1309 2170 1366 salu-

514 1403 636 1454 tare
667 1395 1220 1468 colloquium.Nulli
1253 1413 1557 1464 onerosus,
1590 1397 1736 1454 nulli
1772 1398 2169 1471 importunus,

514 1483 734 1542 nullius
763 1485 1004 1542 honoris
1037 1485 1304 1558 cupidus,
1357 1485 1614 1542 alienum
1665 1503 1782 1543 non
1813 1487 2168 1561 vindicabat,

511 1574 630 1630 imo
660 1575 851 1648 magis
881 1575 1036 1647 quod
1069 1591 1244 1630 suum
1275 1581 1398 1631 erat
1425 1574 1689 1632 hilariter
1709 1575 1872 1632 alteri
1897 1579 2170 1634 concede-

510 1663 630 1721 bat.
654 1661 974 1720 Utilitatem
1003 1663 1298 1736 propriam
1332 1663 1682 1737 negligebat,
1707 1669 1772 1720 ut
1793 1681 2166 1723 communem

501 1751 843 1824 aequitatem
875 1752 1214 1809 custodiret.
1249 1752 1716 1810 Benevolentiam
1757 1758 1814 1811 et
1843 1753 2166 1812 liberalita-

505 1845 646 1910 tem,
675 1850 804 1914 quze
853 1841 1028 1897 etiam
1077 1845 1135 1898 et
1174 1842 1314 1914 ipsa:
1348 1846 1542 1915 partes
1575 1847 1714 1899 sunt
1745 1844 2164 1912 beneficentiae,

507 1930 626 1987 sive
646 1925 890 2002 juStitize
914 1931 1016 2004 (7),
1039 1930 1122 1986 ita
1149 1931 1453 1998 retinebat,
1488 1935 1553 1987 ut
1580 1932 1638 1987 in
1668 1931 1753 1988 eis
1785 1925 2004 1989 nostris
2023 1937 2168 1988 tem-

483 2020 747 2092 ‘poribus
775 2019 835 2075 in
869 2031 974 2076 suo
1005 2019 1209 2076 ordine
1239 2017 1618 2094 singulariter
1647 2019 1810 2076 solus
1859 2021 2162 2078 reluceret.

485 2102 792 2164 ‘Omnibus
833 2109 989 2165 enim
1040 2109 1100 2164 in
1151 2126 1463 2166 commune
1510 2109 1739 2166 volebat
1785 2110 2160 2179 benefacere;

503 2199 606 2254 sed
639 2199 857 2270 quibus
902 2203 1129 2272 poterat
1181 2197 1500 2255 liberaliter
1548 2198 1805 2256 liberalis
1857 2200 2159 2257 existebat.

503 2287 642 2342 Plus
701 2289 995 2362 gaudebat
1042 2288 1196 2345 datis
1243 2303 1422 2362 quam
1476 2288 1750 2362 acceptis,
1785 2288 1977 2346 sciens
2015 2287 2162 2344 illud

503 2375 818 2445 felicitatis,
853 2377 1008 2434 istud
1039 2377 1372 2450 indigentiae
1421 2395 1572 2445 esse,
1603 2383 1661 2434 et
1691 2379 2014 2435 secundum
2047 2378 2162 2434 Do-

480 2465 732 2522 ‘minicaa
787 2465 1062 2537 veritatis
1119 2468 1492 2536 sententiam,
1547 2467 1776 2524 beatius
1836 2483 1966 2524 esse
2022 2467 2161 2524 dare

478 2561 683 2629 ‘quam
717 2556 994 2629 accipere.

588 2645 723 2702 CAP.
755 2643 906 2702 VIII.
941 2677 1005 2687 —
1033 2646 1191 2716 Quod
1220 2647 1280 2702 in
1307 2663 1577 2718 pauperes
1606 2647 1900 2718 muniﬁcus
1926 2647 2055 2719 fuit.

570 2735 634 2790 In
667 2747 951 2808 pauperes
980 2733 1055 2790 ita
1091 2734 1406 2792 muniﬁcus
1436 2739 1579 2803 erat,
1605 2741 1668 2791 ut
1697 2735 2014 2808 aliquando
2040 2752 2155 2792 non

475 2822 970 2896 "dispensatorem
1017 2825 1119 2881 sed
1171 2824 1477 2898 profusum
1526 2823 1863 2898 largitorem
1905 2824 2152 2880 videres.

497 2898 727 2968 Etenim
746 2913 933 2986 magis
957 2913 1355 2970 delectabatur
1371 2914 1429 2968 in
1449 2913 1728 2970 faciendis
1746 2912 2152 2986 eleemosynis,

477 3010 674 3074 quam
707 3001 922 3075 aliquis
953 3002 1230 3076 gratulari
1267 3003 1454 3076 possit
1482 3001 1541 3058 in
1569 3002 1945 3076 acquirendis
1978 3018 2154 3075 pecu-

1453 286 1516 346 S.
1563 286 1930 349 ODlLONIS
1976 285 2545 350 CLUNIACENSIS
2590 289 2922 351 ABBATIS
2951 288 3026 350 V.

2207 422 2262 489 Α
2292 419 2664 493 marsupium
2715 419 2871 476 illius
2919 422 3000 478 ita
3049 422 3420 488 exinanitum,
3451 427 3512 478 ut
3551 425 3684 497 quod
3725 427 3854 484 daret

2288 510 2570 566 fratribus
2603 527 2714 566 non
2743 509 3006 581 haberet,
3035 527 3171 568 cum
3201 511 3388 568 subito
3415 528 3479 568 ex
3504 511 3758 586 insperato
3779 531 3853 572 vc-

2287 598 2488 656 niebat
2537 599 2650 656 sibi
2709 599 3008 657 sufﬁciens
3057 601 3400 669 benedictio,
3432 601 3571 658 unde
3613 602 3858 660 sedaretur

2287 689 2613 761 petentium
2640 689 2992 746 vociferatio.
3017 691 3087 746 Et
3110 707 3183 747 ne
3214 689 3545 764 generaliter
3569 690 3676 747 haec
3701 709 3855 764 prose-

2287 777 2541 848 quendo,
2575 777 2704 849 ejus
2743 778 2943 852 aliqua
2970 778 3378 836 misericordia
3408 795 3567 852 opera
3594 781 3860 852 specialiter

2285 865 2556 938 ignorare
2611 867 2936 935 videamur,
2968 868 3236 941 quaedam
3283 867 3374 924 hic
3414 873 3547 924 sunt
3587 867 3854 936 inserenda,

2283 956 2428 1011 satis
2469 959 2795 1012 memoratu
2841 957 3039 1030 digna,
3073 973 3204 1030 quae
3235 957 3406 1013 ﬁdem
3436 957 3703 1030 praebcant
3721 957 3857 1016 etiam

2283 1043 2375 1100 his
2407 1061 2536 1117 quae
2567 1044 2918 1102 nominatim
2950 1063 3064 1102 non
3096 1050 3236 1102 sunt
3265 1047 3542 1119 ponenda.

2281 1189 2412 1243 CAP.
2434 1187 2538 1262 _IX.
2572 1219 2639 1230 —
2672 1189 2921 1257 Qualiter
2969 1189 3112 1262 binis
3154 1189 3341 1261 pueris
3379 1189 3498 1262 jam
3541 1187 3772 1262 defuncti:
3796 1190 3860 1244 ia-

2409 1259 2665 1316 dumenta
2690 1263 2969 1332 przrstitit,
3001 1261 3085 1316 vel
3113 1259 3412 1332 sepulturae
3437 1277 3520 1316 eos
3543 1259 3762 1315 tradidit.

2351 1401 2614 1465 Quodam
2661 1405 2922 1476 tempore
2965 1419 3096 1458 cum
3145 1403 3216 1458 ad
3271 1405 3535 1458 sanctum
3582 1401 3859 1474 Dionysium

2281 1487 2538 1546 Parisius
2569 1496 2853 1565 pergeret,
2887 1495 2943 1547 et
2992 1508 3095 1564 per
3137 1490 3438 1563 publicum
3476 1491 3580 1546 iter
3609 1488 3860 1555 incederet,

2278 1577 2522 1634 offendit
2551 1581 2699 1636 duos
2729 1597 2942 1654 pueros
2972 1581 3146 1636 famis
3177 1585 3236 1636 et
3265 1580 3497 1654 frigoris
3525 1579 3776 1653 supplicio
3797 1596 3865 1636 οοο

2277 1667 2572 1740 cubuisse,
2606 1674 2662 1726 et
2691 1670 2802 1726 sub
2830 1669 3018 1728 oculis
3047 1669 3336 1738 omnium,
3367 1669 3525 1725 dictu
3555 1667 3858 1725 miserabile!

2278 1757 2468 1812 nudos
2493 1763 2550 1814 et
2581 1759 2904 1831 insepultos
2933 1759 2992 1815 in
3026 1759 3220 1816 media
3249 1759 3341 1815 via
3362 1760 3576 1832 jacere.
3608 1757 3723 1813 Erat
3745 1757 3861 1813 enim

2275 1861 2342 1900 eo
2367 1849 2636 1918 tempore
2651 1847 2834 1904 fames
2856 1847 3067 1916 valida,
3089 1865 3216 1921 qua:
3239 1848 3334 1904 sui
3358 1845 3736 1920 magnitudine
3753 1861 3862 1918 pene

2275 1937 2427 1990 totas
2454 1935 2771 1992 Galliarum
2796 1936 2918 1992 sive
2949 1937 3276 2009 Aquitaniae
3303 1938 3663 2010 oppresserat
3687 1933 3864 2008 provin-

2275 2022 2416 2080 cias.
2449 2023 2848 2097 Compunctus
2879 2025 3076 2098 itaque
3127 2025 3216 2081 vir
3264 2029 3504 2082 sanctus
3531 2023 3629 2080 tali
3657 2023 3859 2088 horrore,

2199 1798 2244 1863 Β

2273 2129 2422 2184 equo
2452 2113 2728 2184 desilivit,
2761 2115 3048 2182 substitit,
3085 2113 3460 2187 pollinctores
3481 2113 3724 2170 mercede
3745 2129 3862 2185 qus-

2273 2202 2428 2258 sivit.
2483 2203 2674 2260 Lanea
2701 2209 2878 2270 veste,
2913 2221 3092 2276 quam
3121 2203 3296 2276 vulgo
3329 2202 3656 2260 staminiam
3685 2205 3860 2266 vocant,

2271 2309 2306 2347 a
2334 2291 2509 2348 dorso
2531 2293 2844 2360 abstracta,
2861 2292 3095 2349 illorum
3119 2293 3448 2350 nuditatem
3471 2290 3704 2365 propriis
3721 2287 3861 2346 mani-

2271 2381 2382 2436 bus
2435 2381 2754 2454 cooperuit,
2804 2381 3090 2454 sepelivit,
3141 2380 3410 2438 debitum
3462 2380 3696 2437 mortuis
3729 2379 3862 2439 obse-

2269 2469 2477 2542 quium
2535 2469 2828 2544 persolvit,
2879 2471 3081 2542 sicque
3129 2475 3386 2543 coeptum
3439 2471 3548 2526 iter
3603 2468 3780 2524 tenuit.
3818 2465 3860 2523 Si

2269 2557 2559 2615 Martinus
2590 2576 2692 2631 per
2746 2563 2934 2616 totum
2982 2560 3183 2615 orbem
3233 2559 3566 2616 celebratur
3589 2558 3642 2612 in
3671 2554 3863 2612 dimidia

2266 2647 2466 2702 tunica
2497 2648 2736 2720 pauperi
2779 2647 2985 2714 divisa,
3019 2665 3125 2704 cur
3172 2664 3286 2704 non
3342 2651 3402 2704 et
3446 2647 3557 2702 iste
3599 2643 3866 2702 secundum

2265 2735 2357 2791 sui
2388 2737 2641 2809 speciem
2667 2735 2912 2794 celebris
2933 2737 3220 2794 habeatur
3239 2737 3300 2792 in
3327 2737 3531 2793 tunica
3550 2737 3865 2808 integra,non

2264 2823 2368 2881 uni
2397 2825 2546 2893 vivo,
2571 2827 2670 2882 sed
2706 2825 2938 2882 duobus
2968 2826 3220 2882 mortuis
3248 2826 3444 2883 data?
3474 2824 3649 2882 Multa
3673 2819 3866 2896 proferri

2266 2913 2494 2985 possint
2513 2913 2748 2978 similia,
2776 2914 2888 2970 nisi
2911 2915 3294 2971 succumbere
3306 2919 3372 2970 nt
3392 2917 3598 2970 nostrae
3619 2908 3866 2986 parvitatis

2262 3001 2519 3074 ingenia.
2551 3003 2660 3059 Sed
2692 3007 2886 3060 tamen
2917 3020 2989 3060 ne
3037 3003 3268 3060 silentio
3333 3007 3666 3077 premantur
3690 2996 3864 3062 omnia,

495 3090 879 3163 niis.thuid
903 3089 1141 3146 dicam?
1162 3091 1457 3147 Cazcorum
1482 3091 1746 3158 baculus,
1767 3091 2149 3148 esurientium
2261 3095 2403 3148 tunc
2435 3093 2534 3147 tali
2565 3094 2868 3166 temporis,
2902 3097 2959 3148 et
3011 3094 3284 3166 deinceps
3343 3111 3447 3166 per
3491 3090 3692 3148 multos
3719 3101 3862 3144 annos

471 3179 686 3247 "cibus,
712 3193 847 3252 epes
879 3178 1249 3248 miserorum,
1283 3179 1543 3236 solamen
1577 3180 1903 3255 lugentium
1937 3180 2152 3236 fuit.Et
2181 3167 2226 3236 C
2264 3179 2637 3238 incumbente
2669 3183 2926 3250 miseria,
2977 3181 3038 3238 in
3071 3199 3214 3238 usus
3259 3197 3592 3256 pauperum
3637 3175 3864 3248 confregit

493 3269 635 3341 quid
681 3267 921 3324 dicam?
952 3267 1360 3324 Misericordiae
1415 3269 1737 3326 visceribus
1791 3269 1945 3326 ultra
1971 3285 2150 3343 quam

469 3356 630 3412 'Dici'
648 3355 833 3428 possit
860 3355 1158 3424 afﬂuebat,
1177 3361 1253 3426 et,
1277 3361 1566 3430 quantum
1589 3359 1647 3414 in
1671 3375 1732 3415 se
1762 3357 2149 3424 erat,nullum

473 3461 532 3500 -a
571 3443 852 3500 beneficio
901 3443 1312 3500 misericordiae
1363 3446 1725 3504 excludebat.
1773 3448 1842 3504 Et
1891 3448 2041 3504 sicut
2091 3448 2150 3502 in

496 3532 792 3606 epitaphio
821 3532 1118 3588 Sabiniani
1150 3551 1311 3606 papae
1341 3533 1556 3606 legitur
1588 3553 1601 3591 :

559 3639 652 3688 Hic
682 3637 964 3688 hominum
995 3640 1123 3688 vitia
1152 3640 1352 3689 blando
1382 3653 1630 3691 sermone
1659 3643 1888 3693 removit
1919 3659 1931 3693 :

556 3702 664 3752 Nec
691 3701 862 3764 culpis
887 3701 1071 3766 judex,
1103 3703 1193 3752 sed
1226 3703 1497 3754 medicina
1523 3704 1642 3754 fuit.

470 3799 634 3854 'Erat
659 3803 812 3855 certe
843 3799 900 3854 in
952 3797 1061 3855 hac
1107 3799 1320 3856 virtute
1352 3801 1648 3857 intantum
1679 3802 1950 3870 diffusus,
1985 3807 2050 3858 ut
2077 3803 2152 3859 ab

468 3887 972 3961 (imprudentibus
1003 3888 1061 3944 in
1091 3889 1285 3945 ofﬁcio
1317 3889 1566 3962 hujusce
1603 3891 1834 3948 virtutis
1863 3891 2150 3963 dijudica-

495 3981 657 4033 retur
686 3977 925 4034 nimius.
956 3979 1067 4034 Sed
1097 3978 1196 4034 ille
1235 3981 1308 4035 ad
1359 3979 1469 4036 hoc
1515 3981 1809 4052 objectum
1859 3979 2154 4054 eleganter

469 4065 756 4122 ‘alludere
807 4065 1016 4123 solitus
1046 4073 1188 4124 erat.
1223 4089 1251 4118 «
1285 4067 1425 4141 Ego,
1455 4068 1668 4140 inquit,
1704 4068 1894 4144 magis
1921 4072 2051 4126 volo
2081 4070 2152 4126 de

489 4155 896 4212 misericordia
923 4156 1380 4212 misericorditer
1399 4157 1678 4230 judicari,
1712 4174 1891 4231 quam
1913 4159 1984 4214 de
2013 4173 2151 4214 cru-

469 4243 732 4301 "delitate
761 4244 1078 4300 crudeliter
1119 4245 1410 4302 damnari.
1445 4269 1474 4296 «
1508 4246 1582 4302 Ut
1610 4246 1766 4302 enim
1799 4247 1880 4302 ait
1913 4247 2151 4302 Ambro~

495 4333 620 4388 sius
652 4349 666 4388 :
699 4334 896 4389 Bonus
948 4334 1114 4405 (Mss,
1167 4336 1410 4408 bonum]
1459 4339 1550 4391 est
1589 4335 1922 4393 misericors
1952 4335 2151 4402 homo,

483 4420 597 4493 qui
629 4422 770 4477 dum
813 4422 948 4478 aliis
995 4423 1269 4479 subvenit
1315 4424 1428 4480 sibi
1478 4423 1753 4492 consulit,
1785 4429 1841 4481 et
1869 4425 1929 4480 in
1963 4425 2150 4482 alieno

467 4510 762 4564 'remedio'
783 4509 1022 4566 vulnera
1071 4529 1180 4568 sua
1227 4517 1410 4569 curat.
1443 4513 1721 4586 Agnoscit
1750 4513 1906 4570 enim
1934 4529 1996 4570 se
2021 4531 2150 4572 esse

493 4597 817 4660 hominem.
871 4598 971 4670 qui
1004 4600 1160 4655 novit
1192 4601 1495 4674 ignoscere
1531 4617 1544 4656 :
1578 4607 1634 4658 et
1665 4601 1788 4660 vias
1815 4602 2029 4660 Christi
2059 4620 2148 4660 se-

491 4683 724 4760 quitur,
747 4688 873 4760 qui,
906 4705 1080 4744 carne
1110 4694 1406 4762 suscepta,
1453 4689 1662 4747 maluit
1690 4691 1752 4747 in
1786 4691 1943 4748 hunc
1977 4683 2149 4748 mun-

493 4776 636 4832 dum
665 4777 1024 4850 Redemptor
1069 4779 1263 4835 venire
1311 4795 1490 4851 quam
1530 4780 1732 4851 judex.
1768 4780 1928 4837 Unde
1957 4786 2014 4837 et
2041 4780 2152 4838 iste

491 4865 582 4921 vir
610 4870 872 4938 sanctus,
894 4870 960 4922 ut
979 4867 1377 4940 praediximus,
1397 4868 1654 4926 malebat
1681 4886 1810 4927 esse
1840 4871 2152 4944 culparum

491 4955 786 5012 medicina
813 4971 993 5029 quam
1015 4957 1218 5029 judex.
1251 4958 1324 5012 At
1353 4957 1462 5014 huc
1487 4956 1795 5030 aliquoties
1826 4959 1980 5033 quod
2011 4959 2150 5016 olfe-

490 5045 748 5111 rebatur,
780 5045 1172 5103 libentissime
1222 5045 1562 5119 accipiebat,
1598 5054 1663 5104 ut
1707 5048 1950 5106 haberet
1993 5049 2149 5121 quod

490 5133 851 5206 pauperibus
889 5133 1287 5192 distribuerat.
1341 5135 1700 5209 Ifnplebatur
1728 5155 1959 5212 semper
1984 5137 2043 5194 in
2077 5155 2146 5194 eo

493 5223 648 5294 quod
679 5221 898 5278 dicitur
925 5222 985 5278 in
1018 5225 1326 5299 Evangelio
1361 5243 1374 5284 :
1410 5227 1574 5284 Omni
1599 5229 1826 5284 habenti
1853 5229 2150 5294 dabitur,“

491 5311 794 5368 abundabit
823 5311 1031 5386 (Matth.
1065 5330 1192 5386 xm,
1212 5317 1324 5384 12).
1353 5315 1626 5374 Vidimus
1654 5317 1810 5373 enim
1847 5315 2147 5374 multoties

563 5439 642 5510 (7)
674 5436 766 5492 Sic
797 5453 944 5516 mss.
973 5441 1029 5516 2τ
1061 5439 1141 5516 At
1163 5439 1392 5516 Thuan.
1412 5459 1546 5500 cum
1569 5437 1702 5500 edit.
1724 5443 2149 5516 Beneﬁcentiam

493 5515 824 5591 auferte:
855 5511 1258 5591 syiitjustttiw.
1273 5517 1396 5591 _etc.

563 5578 652 5657 (8)
687 5579 812 5639 Huc
861 5578 1040 5639 dubio
1091 5582 1292 5663 procul
1337 5585 1658 5646 revocanda
1704 5589 1794 5644 est
1841 5585 1991 5644 beati
2041 5585 2150 5644 vrri

2259 3269 2513 3342 plurima
2542 3287 2682 3327 vasa
2709 3270 3104 3327 ecclesiastica
3143 3276 3201 3326 et
3247 3275 3602 3328 ornamenta
3642 3264 3863 3339 insignia,

2259 3358 2414 3416 inter
2442 3377 2570 3432 qua:
2617 3361 2798 3417 etiam
2845 3359 3206 3432 imperialem
3258 3360 3500 3418 Henrici
3553 3353 3860 3431 imperatoris

2259 3463 2556 3516 coronam,
2589 3447 2898 3522 indignum
2917 3449 3198 3520 judicans
3244 3450 3400 3506 talia
3446 3451 3716 3522 denegare
3750 3457 3862 3517 pau-

2261 3539 2500 3611 peribus
2557 3538 2792 3608 Christi,
2844 3554 2946 3611 pro
2994 3539 3210 3612 quibus
3267 3541 3502 3596 effusus
3547 3543 3630 3594 est
3673 3531 3863 3604 sanguis

2259 3627 2494 3684 Christi.
2529 3633 2592 3684 In
2622 3628 2914 3685 thesauris
2945 3627 3210 3685 Ecclesiae
3242 3627 3608 3702 pauperibus
3649 3622 3780 3681 datis
3800 3618 3865 3674 di-

2260 3717 2411 3773 vinis
2437 3722 2494 3773 et
2543 3718 2817 3774 humanis
2866 3717 3121 3774 oraculis
3171 3717 3529 3774 Laurentius
3577 3711 3866 3788 praedicatur

2261 3805 2586 3876 mirabilis;
2623 3806 2714 3862 cui
2748 3805 2884 3862 licet
2927 3806 3107 3862 istum
3156 3807 3527 3879 aequiparare
3563 3819 3670 3859 non
3698 3799 3861 3856 audea-

2262 3912 2416 3964 mus,
2449 3897 2646 3951 tamen
2693 3895 2924 3951 cunctis
2969 3911 3117 3968 quos
3162 3895 3430 3952 vidimus
3476 3891 3721 3950 moderni
3756 3894 3866 3942 τρω-

2261 3985 2419 4056 poris
2451 3985 2790 4040 hominibus
2819 3985 3000 4057 (quod
3037 3985 3161 4040 sine
3193 3983 3539 4056 praejudicio
3569 3981 3864 4053 cuiusquam

2261 4072 2529 4145 dixerim)
2559 4073 2618 4128 in
2651 4089 2757 4130 suo
2789 4073 2993 4128 ordine
3039 4073 3096 4129 in
3145 4072 3255 4129 hac
3283 4073 3502 4130 virtute
3540 4067 3865 4144 praeferimus.

2260 4162 2570 4218 Consuluit
2627 4161 3111 4234 quibus,potuit,
3165 4167 3224 4217 et
3271 4162 3497 4234 quibus
3545 4175 3642 4233 per
3688 4171 3740 4211 se
3779 4165 3864 4206 non

2259 4250 2460 4316 valuit,
2501 4250 2648 4306 alios
2705 4253 2768 4306 ut
2825 4251 3243 4308 misererentur
3290 4251 3540 4323 rogavit.
3572 4249 3706 4304 Cum
3747 4239 3865 4298 enim

2262 4356 2378 4395 non
2429 4338 2725 4396 sufficeret
2767 4343 2886 4394 tam
2939 4340 3162 4396 acerba:
3210 4339 3393 4396 famis
3432 4334 3711 4412 praedictis
3754 4335 3867 4384 tem-

2261 4428 2504 4501 poribus
2575 4427 2841 4484 omnium
2917 4427 3171 4485 miseriis
3251 4427 3587 4493 subvenire,
3661 4419 3868 4478 vidimus

2182 4540 2228 4605 Ι)
2259 4535 2396 4574 eum
2425 4517 2582 4575 vicos
2635 4521 2692 4573 et
2743 4515 3020 4574 ecclesias
3073 4533 3222 4590 quas
3273 4521 3508 4590 poterat
3554 4501 3866 4605 circuire,ad

2260 4605 2661 4680 eleemosynas
2712 4606 3008 4664 faciendas
3059 4605 3354 4679 principes
3407 4606 3509 4678 (8),
3540 4601 3753 4662 divites,
3777 4607 3869 4650 me-

2261 4695 2486 4752 diocres
2509 4697 2779 4762 suadere,
2797 4695 3070 4752 dulcibus
3091 4696 3474 4752 sermonibus
3495 4694 3568 4749 ad
3600 4684 3870 4746 miserin

2259 4784 2418 4840 diam
2454 4801 2786 4857 provocare,
2819 4783 3020 4858 eisque
3049 4784 3185 4840 inde
3216 4782 3626 4856 plenissimam
3654 4773 3868 4851 ρθθωῑο·

2260 4889 2392 4928 rum
2453 4873 2860 4930 remissionem
2932 4872 3115 4930 libera
3177 4889 3315 4929 voce
3377 4872 3451 4928 de
3505 4867 3661 4927 caelis
3712 4871 3871 4932 νθρνο·

2261 4963 2513 5020 mittere.
2547 4963 2633 5019 Ita
2661 4963 2748 5018 vir
2789 4967 3030 5018 sanctus
3072 4979 3222 5035 quos
3249 4978 3370 5018 non
3405 4956 3726 5018 sufﬁciebat
3749 4946 3871 5006 alere

2259 5052 2618 5124 sumptibus.
2643 5052 2892 5125 juvabat
2933 5052 3090 5125 apud
3142 5051 3270 5108 illos
3321 5063 3477 5124 quos
3523 5045 3734 5121 poterat
3771 5050 3868 5128 89!:

2257 5119 2532 5197 monibus
2589 5119 3052 5197 misericordiam
3119 5119 3541 5196 suadentibus:
3591 5133 3746 5220 Certe
3785 5119 3867 5220 tu.“

2256 5229 2524 5286 consultu
2554 5229 2742 5286 multa
2761 5228 2947 5286 millia
2968 5244 3292 5303 pauperum
3324 5225 3699 5313 cognovimus
3723 5217 3866 5313 futili?

2256 5323 2315 5374 et
2363 5320 2572 5377 mortis
2620 5319 2873 5376 evasisse
2921 5317 3264 5391 periculum.
3319 5314 3556 5372 Nullius
3609 5307 3865 5366 miseriam

2257 5443 2504 5526 epistola
2529 5445 2600 5500 ad
2623 5445 2885 5528 Qarsiam
2909 5458 3126 5528 regem,
3144 5441 3296 5528 edito;
3321 5444 3482 5528 torno
3494 5421 3862 5528 AI‘I

2257 5506 2374 5644 qua
2389 5517 2480 5598 _vir
2501 5520 2740 5573 sanctus
2761 5516 2840 5591 pii
2859 5506 3137 5589 principis
3159 5511 3437 5586 implorat
3455 5506 3865 5584 opem,tempol'°

2285 5604 2456 5646 amis.
