4020 6180
192 294 311 362 905

1606 305 1812 366 VITA.
1846 338 1923 348 —
1952 304 2097 365 LIB.
2146 306 2192 366 Ι.

3477 307 3603 369 eos

193 433 513 506 praterivit,
566 432 787 492 nullius
830 440 1236 497 necessitatum
1287 438 1572 509 despexit,
1614 438 1834 494 nullius
1863 443 1916 509 Α
1944 440 2342 511 computabat.
2374 441 2592 495 Tamen
2626 440 2767 512 quia
2795 438 2904 495 hoc
2937 440 3063 496 sine
3106 440 3382 498 seandalo
3414 438 3599 512 pluri-

188 523 583 579 infirmitatem
624 525 942 581 exhorruit.

273 611 404 668 CAP.
437 613 501 668 Χ.
530 645 600 654 ——
627 620 704 669 De
733 615 926 671 clerico
954 617 1206 686 contagio
1239 616 1408 688 lepra?
1436 617 1730 673 maculato.

254 700 509 773 Denique
550 702 792 774 quidam
843 709 1058 760 sanctae
1092 704 1193 760 Dei
1222 703 1534 760 Genitricis
1563 704 1832 762 Anician-

182 788 265 843 sis
292 789 546 846 ecclesiae
577 790 847 860 clericus,
882 793 1207 848 secundum
1255 809 1492 847 carnem
1531 793 1830 850 nobilissi-

182 896 329 943 mus,
362 879 532 951 lepra:
563 882 832 953 contagio
862 882 1215 949 maculatus,
1247 881 1542 954 privatum
1574 882 1687 938 sibi
1717 881 1832 939 vel-

182 966 264 1021 uti
297 973 466 1023 tanta:
508 971 867 1041 corruptioni
922 971 1318 1027 necessarium
1359 972 1531 1041 juxta
1578 971 1828 1043 Ligerim

180 1057 255 1135 (9)
286 1057 523 1112 ﬂuvium
557 1059 873 1129 quemdam
905 1059 1158 1131 elegerat
1188 1059 1382 1116 locum
1416 1060 1829 1116 monasteriolo

175 1145 327 1217 quod
358 1145 572 1202 dicitur
599 1146 770 1203 Volta
817 1149 1181 1221 contiguum.
1217 1152 1338 1214 Quo
1384 1149 1698 1205 adveniens
1729 1149 1835 1206 Dei

175 1233 432 1289 famulus
461 1240 517 1291 et
549 1235 656 1292 hoc
690 1252 1040 1307 agnoscens,
1072 1238 1306 1294 infirmo
1338 1239 1709 1310 compatitur,
1742 1255 1830 1295 so-

175 1321 360 1377 latiari
392 1324 474 1379 illi
506 1326 565 1380 in
614 1326 831 1397 quibus
884 1344 1118 1395 necesse
1156 1332 1300 1391 erat,
1333 1328 1611 1383 fratribus
1643 1328 1824 1400 impc-

170 1419 278 1467 rat.
313 1415 575 1485 Requirit
615 1431 750 1470 vero
799 1415 923 1486 ipse
967 1416 1324 1471 miserabilis
1355 1417 1537 1471 sancti
1571 1415 1675 1471 viri
1707 1417 1825 1488 pri-

162 1505 364 1556 vatum
397 1502 777 1574 colloquium,
810 1509 960 1558 etut
1004 1505 1075 1559 ad
1131 1520 1194 1559 se
1243 1506 1479 1559 accedat
1526 1504 1829 1561 humiliter

161 1596 329 1661 rogat
362 1608 465 1662 per
514 1593 967 1647 internuntium.
1020 1594 1181 1659 Quod
1218 1600 1457 1649 sanctus
1492 1596 1676 1649 facere
1708 1612 1823 1650 non

158 1681 478 1747 recusavit,
538 1681 797 1737 recolens
856 1682 1169 1737 Dominicaa
1225 1682 1574 1739 humilitatis
1625 1701 1823 1739 exem-

157 1768 353 1840 plum,
390 1770 492 1842 qui
519 1770 694 1826 etiam
726 1787 842 1825 non
875 1775 1114 1843 rogatus
1145 1773 1339 1827 venire
1371 1772 1554 1828 voluit
1584 1774 1652 1828 ad
1686 1791 1822 1829 cen-

149 1858 418 1913 turionis
471 1875 723 1914 servum.
772 1860 921 1914 Dum
973 1876 1107 1915 vero
1158 1861 1228 1915 ad
1279 1878 1415 1915 eum
1462 1861 1815 1933 pervenitur,

146 1946 322 2001 illius
355 1964 471 2002 non
504 1947 920 2004 exhorrescens
950 1948 1271 2015 miseriam,
1324 1948 1493 2005 nobis
1527 1950 1625 2022 qui
1662 1951 1822 2006 vide-

145 2038 375 2093 bamus
404 2036 571 2092 valde
600 2035 973 2098 mirantibus.
1007 2036 1064 2092 in
1107 2038 1308 2093 oscula
1358 2038 1493 2106 ruit,
1526 2038 1818 2111 amplexa-

142 2129 273 2189 tur,
293 2131 357 2180 et
389 2125 489 2179 diu
522 2142 655 2180 cum
685 2124 784 2181 illo
811 2124 1098 2180 familiare
1128 2126 1484 2197 colloquium
1516 2127 1822 2199 participa-

140 2218 273 2270 tur.
308 2215 358 2271 0
390 2214 576 2270 virum
612 2231 714 2286 per
755 2215 953 2269 omnia
982 2213 1154 2270 laude
1186 2216 1463 2288 dignum!
1500 2216 1600 2287 qui
1633 2216 1821 2289 magis

142 2304 209 2358 in
246 2302 496 2358 homine
528 2308 750 2357 natura:
799 2302 1081 2374 diligebat
1134 2304 1594 2374 praerogativam,
1640 2322 1821 2376 quam

142 2392 419 2463 alicujus
446 2392 637 2448 morbi
666 2396 1083 2464 expavescebat
1106 2393 1461 2449 accidentcm
1496 2394 1816 2450 miseriam.

143 2502 293 2554 CAP.
325 2500 421 2555 Xl.
457 2530 525 2540 ——
554 2502 735 2572 (luam
761 2500 947 2571 hospes
972 2502 1104 2572 fuit,
1136 2507 1188 2555 et
1214 2502 1563 2572 quamplura
1592 2502 1821 2560 diversae

356 2574 562 2637 aetatis,
594 2570 804 2627 diversi
828 2570 1046 2641 generis
1077 2570 1286 2627 Christo
1314 2570 1626 2643 acquisivit.

226 2660 294 2715 In
326 2660 722 2733 suscipiendis
754 2660 1083 2733 hospitibus
1116 2662 1356 2717 festivus
1386 2668 1507 2717 erat
1530 2668 1586 2717 et
1608 2664 1817 2733 jocun-

159 2750 296 2805 dus.
330 2750 490 2805 Nihil
525 2766 784 2821 unquam
814 2749 929 2804 sibi
975 2750 1177 2806 deesse
1206 2750 1462 2807 liberalis
1493 2752 1822 2808 conﬁciebat

158 2839 418 2906 animus,
453 2839 556 2894 sed
602 2838 660 2894 in
713 2838 1075 2894 abundantia
1127 2840 1546 2896 benedictionis
1603 2841 1819 2897 Christi

159 2928 441 2983 omnibus
474 2926 712 2999 largiter
743 2932 869 2982 erat
891 2929 1188 2999 profusus.
1217 2928 1565 2984 Munditiam
1590 2929 1821 3003 integri-

164 3015 303 3071 tatis
330 3016 416 3072 ita
460 3015 851 3071 inviolabilem
885 3015 1217 3080 custodivit,
1252 3022 1317 3072 ut
1348 3018 1601 3089 Spiritus
1632 3020 1816 3074 sancti

164 3110 486 3161 mereretur
514 3105 639 3161 fieri
672 3105 1037 3160 domicilium
1083 3111 1140 3161 et
1169 3107 1515 3162 castissimae
1546 3109 1819 3180 puritatis

1944 544 2174 583 morum
2209 528 2501 584 declinare
2532 545 2647 585 non
2676 534 2923 601 poterat,
2953 530 3206 585 exterius
3233 530 3468 600 quidem
3491 532 3605 591 fra-

1942 620 2173 671 ternum
2211 616 2559 688 obsequium
2593 617 2973 689 suscipiebat,
3006 618 3106 674 scd
3140 618 3383 674 interius
3411 635 3445 673 a
3474 632 3605 691 pro-

1943 704 2131 775 posito
2148 704 2392 760 humilis
2414 706 2622 777 rigoris
2640 724 2756 761 non
2779 706 3473 764 discedebat.Conventus
3491 707 3603 763 fra-

1940 798 2095 848 trum
2130 795 2354 850 fortiter
2380 794 2586 861 tenuit,
2626 795 2810 851 donec
2841 796 2911 850 ad
2944 795 3073 867 ipsa
3105 795 3312 850 mortis
3341 799 3609 859 extrema,
3668 820 3685 837 ε

1939 883 2217 953 pervenit.
2255 883 2298 939 Ο
2330 900 2505 955 quam
2535 884 2834 953 jocundus
2865 883 3017 941 inter
3045 883 3192 939 alios
3225 883 3592 955 procedebat,

1940 988 2115 1041 quam
2149 973 2390 1027 festivus
2423 973 2481 1027 in
2516 972 2614 1027 illo
2662 977 2864 1028 sancto
2913 972 3087 1033 choro
3120 972 3348 1035 medius
3378 970 3605 1039 stabat,

1940 1077 1973 1115 a
2002 1061 2219 1115 dextris
2241 1066 2296 1115 et
2318 1079 2351 1116 a
2373 1061 2628 1117 sinistris
2662 1062 3023 1133 prospiciens
3048 1077 3322 1123 coronam
3353 1059 3603 1127 novellas.
3638 1090 3644 1097 -

1938 1148 2339 1220 plantationis,
2362 1168 2587 1206 memor
2607 1150 2765 1206 illius
2790 1150 3061 1207 versiculi
3093 1149 3347 1206 Davidici
3377 1150 3590 1215 carmie

1939 1237 2030 1292 nis
2065 1254 2078 1292 :
2113 1240 2246 1294 Filii
2290 1242 2374 1294 tui
2422 1242 2563 1296 sicut
2607 1241 2841 1297 novella:
2885 1241 3179 1305 olivarum,
3234 1241 3294 1295 in
3349 1240 3588 1295 circuitu

1935 1343 2142 1384 mensa?
2171 1337 2283 1384 tua?
2312 1330 2481 1393 (Psal.
2516 1334 2746 1395 cxxvu).
2780 1330 2849 1384 Et
2879 1333 3097 1401 quanto
3124 1327 3312 1401 magis
3342 1328 3592 1397 augebat

1936 1420 2033 1470 tur
2054 1434 2335 1472 numerus
2355 1420 2619 1487 fratrum,
2640 1423 2801 1474 tanto
2820 1418 3009 1487 magis
3023 1417 3378 1489 quibusdam
3402 1415 3607 1487 signis,

1935 1511 1991 1558 et
2022 1507 2192 1560 certis
2222 1505 2454 1561 indiciis
2485 1507 2819 1563 declarabat
2847 1505 2937 1562 sui
2968 1506 3149 1561 animi
3181 1505 3485 1577 gaudium.
3523 1504 3591 1559 Et

1934 1593 2074 1664 quia
2102 1594 2397 1651 multoties
2428 1596 2658 1650 videbat
2678 1596 3034 1667 quibusdam
3057 1594 3114 1649 id
3143 1594 3304 1650 oneri
3326 1610 3475 1658 esse,
3495 1609 3589 1648 so-

1933 1682 2075 1739 litus
2096 1689 2220 1739 erat
2239 1685 2463 1740 dicere:
2488 1708 2515 1734 «
2545 1684 2753 1753 Nolite,
2776 1685 3005 1754 fratres,
3030 1684 3087 1738 in
3110 1682 3591 1755 augmentatione

1933 1772 2127 1845 gregis
2159 1773 2511 1830 contristari.
2546 1775 2728 1846 Cujus
2776 1774 2935 1830 enim
2984 1778 3130 1830 nutu
3184 1777 3242 1829 et
3288 1771 3609 1835 vocatione.

1931 1864 2378 1933 congregantur,
2413 1863 2543 1933 ejus
2574 1862 2941 1935 providentia
2987 1866 3044 1918 et
3075 1860 3449 1919 miseratione
3476 1875 3588 1932 gu-

1932 1949 2354 2007 bernabuntur.
2383 1974 2410 2000 »
2434 1951 2748 2009 Multorum
2782 1952 2937 2006 enim
2971 1949 3393 2007 monachorum
3424 1952 3591 2021 pater

1930 2038 2168 2106 exstitit,
2218 2056 2365 2111 quos
2418 2041 2489 2099 de
2537 2040 2783 2096 diversis
2840 2037 3296 2104 conditionibus,
3336 2036 3585 2094 diversis

1930 2128 2199 2184 zelatibus
2247 2134 2303 2183 et
2350 2129 2719 2199 temporibus
2762 2128 3008 2184 Domino
3057 2126 3385 2200 acquisivit.
3424 2125 3583 2182 Alios

1933 2232 2187 2288 namque
2218 2216 2274 2271 in
2310 2217 2579 2289 pueritia,
2608 2216 2753 2273 alios
2784 2217 2842 2271 in
2865 2217 3191 2286 juventute,
3225 2215 3372 2279 alios
3402 2215 3461 2270 in
3493 2231 3586 2271 se-

1933 2310 2161 2360 nectute
2192 2306 2452 2377 accepit;
2486 2310 2543 2360 et
2572 2305 2843 2377 quamvis
2869 2306 3114 2362 diversis
3145 2306 3219 2360 ad
3248 2322 3381 2359 eum
3412 2319 3584 2360 vene-

1930 2393 2049 2447 rint
2070 2394 2455 2465 temporibus,
2468 2398 2665 2450 tamen
2684 2395 2793 2450 sub
2811 2410 2929 2450 una
2948 2393 3344 2449 moderatione
3366 2392 3583 2457 discre-

1931 2482 2225 2554 tionisque
2255 2483 2487 2552 virtute,
2524 2488 2788 2539 materna
2815 2483 3118 2551 charitate,
3153 2487 3397 2555 paterna
3424 2480 3583 2536 solli-

1929 2572 2186 2626 citudine
2218 2572 2376 2639 fovit,
2410 2572 2653 2627 nutrivit
2682 2578 2738 2628 et
2768 2589 2837 2628 ex
2861 2572 3064 2627 multis
3094 2571 3363 2643 partibus
3393 2570 3586 2642 dispas-

1930 2661 2210 2731 ribusquc
2233 2661 2494 2716 moribus
2518 2661 2575 2715 in
2600 2678 2782 2715 unum
2808 2677 3020 2733 corpus
3041 2658 3294 2731 collegit.
3314 2661 3583 2724 Quocun-

1930 2765 2043 2821 que
2068 2749 2278 2815 exibat,
2300 2765 2651 2821 quocunque
2671 2749 3207 2821 proccdebat,tanta
3230 2746 3586 2818 sequebatur

1930 2854 2062 2895 eum
2095 2824 2422 2909 frequentia
2453 2839 2720 2904 fratrum,
2739 2838 2940 2908 utjam
2965 2853 3079 2892 non
3101 2836 3311 2893 ducem
3341 2839 3398 2890 et
3423 2836 3582 2908 prin-

1929 2928 2137 2998 cipem,
2170 2928 2269 2982 sed
2305 2944 2503 2983 revera
2533 2930 2769 2998 putares
2809 2943 2944 2982 eum
2988 2941 3116 2981 esse
3162 2924 3583 2996 archangelum

1931 3016 2371 3071 monachorum.
2406 3015 2524 3071 Hoc
2552 3014 2706 3070 enim
2742 3014 2977 3069 nomine
3007 3014 3283 3069 censebat
3311 3030 3445 3068 eum
3478 3030 3581 3085 ap-

1933 3104 2266 3160 pellandum
2286 3104 2341 3159 in
2362 3104 2487 3160 suis
2509 3102 2880 3159 sermonibus
2901 3106 2958 3157 et
2977 3100 3244 3173 epistolis
3269 3100 3582 3157 Fulbertus

168 3193 620 3266 receptaculum.
674 3192 1031 3250 Ilumilitatis
1078 3196 1253 3250 etiam
1302 3200 1463 3250 tanta
1509 3197 1561 3250 in
1615 3213 1681 3251 eo
1714 3198 1819 3252 fuit
1851 3180 1893 3246 C
1932 3193 2027 3249 ille
2052 3192 2573 3265 sibiprzecordialis
2595 3190 3577 3263 amicus,Carnotensisepiscopus,

172 3281 468 3351 perfectio,
502 3288 568 3338 ut
598 3301 668 3339 ne
699 3284 769 3338 ad
812 3284 1108 3338 modicum
1161 3284 1396 3355 quidem
1432 3289 1731 3341 notaretur
1761 3286 1820 3340 in

174 3368 272 3424 illo
304 3372 587 3442 superbire
620 3372 951 3443 vestigium.
974 3372 1308 3427 lnnocentia
1342 3373 1397 3426 in
1428 3372 1525 3428 illo
1559 3391 1673 3428 non
1701 3392 1823 3430 me-

172 3456 441 3515 diocriter
471 3459 699 3516 reluxit.
742 3462 822 3516 Ex
871 3478 978 3516 suo
1027 3461 1234 3516 affectu
1269 3463 1551 3533 pensabat
1578 3480 1819 3531 omnes;

170 3551 228 3600 et
272 3547 424 3604 sicut
451 3548 547 3604 ille
599 3554 722 3604 erat
764 3549 991 3605 alienus
1022 3567 1055 3605 a
1086 3548 1216 3605 felle
1249 3549 1504 3616 malitiae,
1536 3549 1617 3605 ita
1647 3551 1823 3605 etiam

176 3636 499 3693 astimabat
529 3637 675 3693 alios
715 3638 937 3694 nullius
967 3638 1081 3693 doli
1115 3643 1275 3710 peste
1304 3639 1598 3712 corrumpi
1632 3656 1821 3711 posse.

180 3722 506 3783 Honestatis
536 3727 742 3783 decore
775 3727 857 3782 ita
889 3727 1160 3799 pollebat,
1210 3733 1273 3782 ut
1302 3728 1360 3783 in
1393 3728 1554 3784 omni
1593 3744 1701 3784 sua
1729 3746 1824 3786 ac-

178 3812 328 3869 tione
353 3814 531 3887 hujus
564 3815 794 3871 virtutis
826 3815 1284 3887 pulchritudine,
1315 3822 1594 3888 tanquam
1627 3820 1823 3888 cujus-

181 3900 308 3958 dam
340 3903 585 3975 fulgoris
611 3904 1011 3976 rcsplenderet
1042 3904 1282 3961 lumine.
1304 3905 1458 3961 Nihil
1481 3906 1636 3961 enim
1664 3906 1826 3962 inho-

189 3996 427 4061 nestum,
465 3992 610 4048 nihil
644 3993 983 4049 indecorum
1028 3993 1127 4049 illa
1178 3999 1379 4050 sancta
1409 3994 1605 4049 anima
1634 3995 1827 4050 videre

189 4074 269 4129 vel
314 4080 512 4135 audire
558 4079 806 4136 volebat.
847 4080 1164 4137 Veritatem
1215 4081 1385 4136 corde
1433 4081 1741 4147 retinebat,
1771 4086 1829 4137 et

192 4179 282 4220 ore
304 4169 664 4241 proferebat;
699 4170 1068 4226 mendacium
1117 4187 1249 4226 vero
1281 4176 1559 4241 tanquam
1594 4172 1825 4242 pestife-

197 4267 313 4311 rum
356 4259 624 4315 morbum
678 4259 868 4315 modis
919 4260 1194 4315 omnibus
1242 4260 1497 4315 cavebat.
1549 4260 1826 4315 Humana:

198 4341 354 4402 etiam
378 4346 569 4404 laudis
601 4349 823 4404 favores
853 4365 967 4403 non
1002 4349 1350 4420 requirebat,
1370 4365 1556 4420 neque
1581 4348 1827 4421 gloriam

200 4442 347 4489 suam
378 4436 434 4491 in
481 4453 582 4492 ore
630 4438 934 4492 hominum
968 4438 1241 4509 ponebat.
1275 4437 1332 4493 Si
1368 4440 1602 4510 quando
1632 4456 1764 4495 vero
1797 4456 1831 4495 a

1934 3283 1989 3337 in
2022 3283 2329 3337 sanctitate
2360 3280 2696 3346 laudabilis,
2730 3279 2791 3335 in
2845 3280 3135 3352 sapientia
3179 3278 3485 3347 mirabilis,
3516 3278 3578 3334 in

1931 3372 2101 3442 cujus
2131 3375 2316 3427 morte
2347 3371 2610 3427 studium
2644 3368 3023 3442 philosophia:
3043 3368 3103 3423 in
3126 3368 3369 3424 Francia
3387 3367 3579 3441 periit,

1932 3468 1987 3516 et
2016 3460 2200 3532 gloria
2230 3460 2597 3516 sacerdotum
2632 3476 2777 3531 pene
2807 3458 3034 3515 cecidit.

2323 3548 2457 3604 CAP.
2500 3548 2616 3604 XII.
2648 3580 2717 3589 —
2748 3548 2820 3603 De
2846 3546 3189 3619 fortitudine.

2003 3638 2134 3693 Jam
2165 3638 2235 3694 de
2265 3636 2603 3692 fortitudine
2633 3637 2814 3692 animi
2846 3637 2995 3705 ejus,
3013 3634 3102 3691 vel
3120 3635 3379 3708 corporis
3402 3652 3587 3707 pauca

1933 3726 2170 3793 dicturi,
2200 3726 2377 3781 etiam
2409 3725 2638 3781 virtutis
2667 3725 2826 3781 illius
2856 3724 3277 3792 definitionem,
3296 3725 3469 3794 juxta
3495 3741 3591 3781 ve-

1936 3822 2127 3872 terum
2159 3814 2605 3869 aestimationem
2646 3813 2921 3869 adhibere
2951 3812 3253 3869 debemus.
3291 3813 3589 3869 Fortitudo

1935 3910 2024 3961 est
2053 3905 2317 3965 animum
2347 3920 2526 3974 supra
2558 3900 2802 3975 periculi
2834 3906 3056 3956 metum
3086 3918 3273 3973 agere,
3324 3901 3590 3973 nihilque

1936 3993 2049 4049 nisi
2102 3993 2296 4065 turpia
2346 3990 2570 4057 timere,
2604 3989 2851 4045 tolerare
2906 3988 3134 4044 fortiter
3183 3990 3448 4056 adversa,
3500 3987 3589 4044 vel

1936 4098 2235 4155 prospera.
2268 4081 2384 4135 Hac
2434 4078 2630 4151 itaque
2676 4079 2859 4133 fretus
2906 4078 3138 4145 virtute,
3194 4093 3371 4147 quam
3423 4076 3605 4133 fortis.

1939 4172 2112 4227 fuerit
2144 4171 2202 4225 in
2235 4168 2578 4241 repellendis
2609 4166 2978 4223 inimicorum
3008 4164 3260 4232 insidiis,
3278 4181 3455 4237 quam
3487 4181 3588 4236 pa-

1937 4260 2089 4317 tiens
2118 4258 2175 4313 in
2210 4258 2546 4324 tolerandis,
2580 4258 2740 4312 dictu
2770 4255 2999 4310 videtur
3028 4254 3283 4309 difficile.
3312 4254 3589 4309 Cerneres

1936 4350 1995 4405 in
2027 4349 2126 4406 illo
2158 4349 2266 4404 hoc
2297 4346 2660 4420 privilegium
2712 4343 3038 4418 patientiae;
3070 4342 3209 4415 quia
3238 4343 3330 4399 his
3361 4343 3458 4414 qui
3490 4342 3588 4399 las-

1938 4444 2158 4507 serant,
2192 4442 2473 4509 tanquam
2508 4435 2653 4491 alter
2677 4434 2880 4501 David,
2912 4435 3195 4506 majorem
3237 4432 3593 4505 rependebat
3674 4475 3691 4496 .

201 4523 568 4580 confratribus
600 4524 685 4580 vel
710 4526 1000 4597 episcopis
1021 4542 1181 4581 more
1201 4526 1593 4583 ecclesiastico
1620 4528 1831 4597 officio-
1861 4549 1907 4613 Ι)
1940 4527 2200 4585 beneﬁcii
2233 4525 2503 4599 gratiam,
2530 4527 2585 4580 et
2614 4523 2707 4578 his
2738 4522 2833 4595 qui
2867 4524 3109 4579 oderant
3138 4522 3421 4594 potiorem
3454 4538 3590 4579 con-

201 4605 276 4661 Sis
298 4613 588 4686 obsequiis
618 4615 1052 4688 suscipiebatur
1080 4616 1167 4672 vel
1199 4615 1617 4685 honorabatur,
1651 4623 1832 4674 testor

199 4691 379 4779 {esum
410 4704 756 4760 advocatum
782 4705 992 4760 animae
1024 4707 1173 4776 ejus,
1199 4706 1338 4777 quia
1368 4706 1508 4762 talia
1537 4706 1835 4779 parvipen-

197 4778 369 4858 debat,
392 4796 449 4847 et
477 4790 659 4847 veluti
692 4793 986 4865 quoddam
1016 4794 1238 4850 nullius
1270 4778 1553 4850 momenti
1578 4778 1834 4868 pretium

262 4946 338 5027 (9)_
357 4952 449 5008 Sic
479 4952 700 5027 habent
730 4955 897 5027 codd.
932 4972 1075 5010 mss.
1105 4954 1487 5027 Crispeiensis
1518 4960 1575 5011 et
1605 4956 1665 5011 S.
1697 4961 1834 5011 Ger-

385 5024 547 5110 ‘Atjn
577 5024 864 5110 Thuane'pi
884 5026 1100 5099 legitur
1119 5021 1287 5110 juxta
1587 5044 1835 5110 .quono:

184 5092 341 5171 {alno
368 5095 778 5171 designaretur
805 5092 1027 5171 Elaver,
1050 5092 1222 5169 vulgo
1253 5098 1484 5171 i'Allier,
1507 5092 1838 5171 cuiinsidet

181 5146 574 5241 folia—13:53;
582 5146 674 5241 Et}
686 5146 1223 5241 ’πῖπόιῖεὶὲίεῖἑίύᾘέἷῦ
1253 5146 1575 5241 aggeres
1583 5146 1598 5223 ἰ
1606 5146 1837 5225 16ἑῖέῖΒί

174 5234 483 5312 fﬂuditum
517 5238 793 5312 celebris;
818 5247 875 5296 et
900 5241 1133 5312 quidem
1166 5234 1320 5295 idem
1352 5240 1531 5295 codex
1557 5240 1734 5296 habet
1754 5242 1838 5296 in-

168 5290 271 5384 .E’P
322 5290 879 5384 asserui;
906 5290 1221 5384 ἴξιῖἷῇιῦ
1234 5290 1835 5384 eaea-«iisiis.

160 5358 356 5455 {Eiet
386 5358 748 5455 Bibliotheca
776 5358 1199 5448 Cldniace’ns'is,
1220 5382 1316 5437 ubi
1341 5382 1397 5437 in
1415 5382 1531 5455 hac
1562 5358 1840 5455 ipsajVita

154 5427 396 5524 {ﬁgitur
432 5453 604 5523 juxla
649 5454 978 5511 Atexim.....
1011 5427 1357 5510 τηοηαέιενίο.
1414 5427 1731 5510 Bollaiidus
1770 5471 1840 5509 ex

150 5510 359 5580 γεκενὶ
389 5510 518 5581 cdd.
550 5541 663 5580 ms.
699 5525 757 5581 S.
780 5510 1080 5582 Maximini
1113 5526 1286 5583 habet
1311 5525 1548 5625 quidem
1572 5530 1840 5583 monaste-

132 5584 241 5625 ΠΟ
313 5595 407 5625 ...ιλ
431 5600 626 5625 ιηκη..
660 5598 889 5625 κακέ...
922 5599 1144 5625 n....:.....
1169 5613 1314 5625 --.ιη
1369 5601 1422 5625 ..ι
1468 5596 1628 5625 tnui...
1650 5596 1815 5625 τηις...

506 5722 769 5789 ΡΑτιιοι..
817 5721 1049 5790 CXLII.

256 5627 297 5659 δ
312 5595 410 5652 sed
431 5600 628 5655 tamen
651 5598 892 5669 Ligerim
915 5599 1148 5671 ﬂuvium
1169 5595 1444 5674 appellat.
1468 5596 1629 5656 Unde
1650 5596 1842 5656 lectio-

1941 4617 2208 4674 servahat
2261 4612 2743 4671 benevolentiam.
2794 4612 2920 4667 Non
2968 4611 3239 4668 valebant
3284 4611 3440 4667 hunc
3488 4612 3591 4668 ad-

1941 4723 2108 4762 versa
2164 4705 2433 4776 dejicere,
2467 4719 2571 4758 nec
2628 4718 2909 4775 prospera
2965 4701 3207 4758 elevare.
3247 4700 3291 4756 Ο
3342 4703 3593 4772 quantas

1943 4793 2367 4859 infestationes,
2399 4796 2455 4847 et
2485 4808 2663 4864 quam
2694 4791 3074 4864 gravissimas
3104 4788 3517 4846 insectationes
3559 4804 3595 4843 a

1948 4973 2102 5028 nem,
2122 4953 2505 5028 qurecxhibet
2536 4952 2772 5028 Ligerim
2802 4948 3596 5028 prmtulimuszNam‘praeler

1944 5018 2174 5101 Veliam
2226 5026 2383 5101 illam
2417 5018 2726 5101 celebrem,
2771 5018 2948 5101 quam
2983 5021 3154 5101 modo
3186 5018 3592 5101 laudabamus,

1947 5098 2018 5154 ad
2042 5096 2323 5152 Elaverim
2349 5095 2613 5161 ﬂuvium,
2638 5089 2806 5150 haud
2819 5092 3013 5165 procul
3041 5092 3113 5146 ab
3140 5089 3597 5165 urbeAnicienpi

1947 5152 2239 5233 dissitam,
2270 5152 2612 5222 invenimus,
2649 5152 2955 5236 intabulis
2986 5161 3390 5236 geographicis
3423 5152 3609 5233 paulo

1947 5240 2099 5295 infra
2144 5239 2410 5294 eamdem
2462 5238 2666 5293 urbem
2720 5235 2911 5291 locum
2943 5233 3174 5290 ta'Volte
3202 5233 3607 5303 nominatum,

1946 5328 2127 5382 supra
2143 5310 2390 5392 .Ifigerim
2415 5311 2615 5392 situm,
2633 5324 2810 5392 quem
2828 5305 3594 5392 hicindicari'suspipamur.

1947 5376 2111 5439 Certe
2142 5376 2239 5436 ibi
2252 5385 2391 5436 tunc
2422 5376 2667 5437 fortasse
2694 5382 2819 5435 erat
2847 5378 3121 5450 exiguum
3144 5376 3382 5450 aliquod
3404 5392 3594 5450 mona-

1946 5452 2213 5527 etei-ium,
2248 5454 2402 5527 quod
2437 5456 2638 5508 auctor
2668 5454 2865 5507 noster
2904 5447 3353 5509 nionasteriotum
3400 5447 3598 5526 appel-

1947 5524 2104 5585 lavit.

3196 5722 3277 5793 29
