4054 6158
491 371 499 374 _
531 316 647 380 907

1455 315 1518 376 S.
1554 313 1923 377 ODILONIS
1967 311 2534 376 CLUNIACENSIS
2579 313 2907 378 ABBATIS
2949 314 3021 378 V.

3749 319 3846 385 908

526 451 868 510 domesticis
889 454 946 507 et
959 449 1249 507 extraneis
1270 447 1399 521 ipsa
1419 452 1618 506 sancta
1641 449 1839 504 anima
1860 447 2173 516 sustinuit;
2205 449 2258 515 Α
2290 453 2347 504 et
2385 465 2512 504 com
2523 448 2751 520 positus
2783 450 2978 504 coram
3009 449 3124 506 Deo
3153 453 3212 506 ct
3238 449 3554 508 hominibus
3579 454 3849 524 apparebat.

527 546 586 598 et
610 546 819 616 printer
849 539 976 607 has,
1011 549 1190 612 quam
1219 537 1400 594 duras
1427 537 1687 611 corporis
1717 555 1920 610 poenas
1951 537 2007 592 in
2032 537 2184 609 jeju-

527 630 664 700 niis,
687 629 747 687 in
775 627 1008 702 vigiliis,
1027 627 1088 683 in
1119 627 1486 684 orationibus
1519 627 1644 700 ipse
1675 627 1786 683 sibi
1819 625 2086 695 adscivit,
2101 630 2176 690 et,

529 720 684 794 quod
709 720 838 792 jam
869 717 1050 774 libere
1081 717 1396 774 dicendum
1426 721 1517 774 est
1549 721 1680 789 post
1705 715 2032 788 navigantis
2061 713 2184 770 feli-

455 830 467 838 '
527 810 783 874 citatem,
806 805 1164 880 quibusdam
1183 805 1436 862 vinculis
1457 809 1515 862 et
1541 805 1787 862 nexibus
1819 804 2042 871 ferreis,
2056 801 2180 859 solo

527 897 644 956 Deo
672 899 841 964 teste,
875 895 1142 952 membra
1169 912 1280 952 sua
1309 895 1391 952 ita
1432 895 1828 960 damnaverat,
1861 897 1927 948 ut
1957 893 2044 950 vix
2076 893 2183 948 hu-

528 1003 707 1044 mana
733 1002 869 1044 caro
899 985 1008 1042 hoc
1051 983 1300 1042 tolerare
1343 984 1616 1058 potuerit.
1649 982 1913 1040 Cilicium
1945 981 1996 1038 ei
2027 999 2182 1038 sem-

529 1092 633 1149 per
660 1073 1051 1148 asperrimum
1082 1073 1329 1130 interius
1368 1073 1720 1141 adhaerebat,
1752 1072 2002 1144 desuper
2048 1080 2182 1126 vero

529 1163 808 1221 mediocri
829 1168 888 1220 et
915 1161 1215 1220 communi
1235 1165 1394 1218 veste
1415 1160 1656 1218 indutus
1677 1161 2014 1234 apparebat.
2031 1159 2180 1215 Mul—

527 1253 754 1326 tiplices
779 1253 958 1310 ctiam
981 1256 1040 1308 et
1059 1251 1318 1308 diversos
1341 1249 1571 1306 labores
1595 1249 1878 1305 sustinuit
1907 1265 2011 1321 pro
2042 1263 2182 1320 pace

526 1341 942 1409 Ecclesiarum,
972 1357 1077 1414 pro
1109 1343 1266 1396 statu
1299 1355 1542 1394 suorum
1572 1338 1858 1403 locorum,
1889 1354 1993 1410 pro
2025 1335 2180 1393 utili-

526 1421 648 1489 tate
669 1431 1068 1504 proximorum
1091 1432 1148 1483 et
1169 1427 1422 1501 propriis
1446 1425 1723 1500 periculis
1745 1425 2010 1498 quaesivit
2030 1429 2184 1480 tran-

528 1518 880 1594 quillitatem
910 1518 1340 1574 universorum.
1389 1515 1517 1573 Scis
1563 1519 1622 1572 et
1663 1519 1725 1570 tu
1766 1514 2100 1570 misericors
2128 1517 2186 1570 et

529 1608 843 1666 miserator
869 1607 1200 1674 hominum,
1232 1606 1370 1662 Jesu
1411 1605 1658 1672 Christe,
1693 1604 1766 1660 ad
1798 1604 2184 1677 comproban-

530 1698 666 1756 dam
695 1698 824 1770 ejus
876 1695 1218 1770 patientiam
1250 1711 1428 1769 quam
1458 1693 1840 1768 gravissimos
1871 1693 2100 1752 dolores
2130 1695 2187 1748 et

530 1787 769 1844 acerbos
799 1783 1094 1842 cruciatus
1120 1784 1348 1840 dederis
1378 1782 1490 1839 sibi
1515 1781 1575 1838 in
1607 1781 1833 1839 occulto
1858 1799 1871 1838 :
1903 1786 1960 1837 et
1988 1785 2182 1837 tamen

529 1875 591 1932 in
616 1875 710 1932 hic
730 1874 1014 1932 invictum
1038 1873 1230 1930 tenuit
1248 1873 1534 1939 animum,
1553 1876 1836 1944 tanquam
1860 1872 2012 1927 bona
2033 1874 2188 1926 terra

528 1967 786 2023 fructum
838 1963 1088 2021 reddens
1135 1961 1195 2017 in
1243 1961 1546 2036 patientia,
1591 1961 1790 2016 dicens
1847 1977 1908 2016 se
1963 1959 2188 2032 majora

529 2055 742 2112 mereri
772 2069 950 2127 quam
998 2051 1333 2126 patiebatur
1377 2049 1685 2122 supplicia.
1719 2049 2067 2105 Animarum
2099 2064 2186 2103 re-

527 2145 816 2216 demptor,
848 2141 1112 2209 Domine,
1143 2140 1243 2212 qui
1275 2141 1346 2196 ad
1379 2139 1487 2194 hoc
1519 2139 1777 2211 percutis
1805 2141 1869 2193 ut
1898 2154 2094 2206 sanes,
2116 2137 2188 2192 ad

528 2231 640 2288 hoc
671 2230 990 2287 mortiﬁcas
1015 2233 1080 2284 ut
1095 2228 1370 2296 viviﬁces,
1393 2227 1718 2284 secundum
1742 2225 2188 2282 multitudinem

527 2319 688 2376 illius
717 2318 1145 2392 praeteritorum
1173 2315 1464 2384 dolorum,
1498 2316 1818 2371 succedant
1847 2313 1959 2369 sibi
1992 2331 2192 2370 conso-

531 2410 778 2466 lationes
826 2413 1060 2464 tuarum
1117 2406 1438 2462 sanitatum
1500 2409 1558 2458 et
1609 2403 1810 2459 laetitia
1867 2403 2190 2460 caelestium

533 2497 906 2573 gaudiorum.

535 2607 673 2663 CAP.
707 2605 850 2660 XIII.
883 2633 951 2644 —-
981 2605 1056 2660 De
1085 2601 1448 2673 temperantia
1476 2607 1528 2656 et
1574 2601 1922 2655 renovatione
1968 2615 2192 2654 suorum

1234 2675 1493 2728 locorum.

609 2765 1039 2839 Temperantia,
1073 2779 1202 2836 qua:
1233 2760 1442 2816 ultima
1469 2763 1531 2815 in
1570 2758 1832 2832 catalogo
1863 2776 2044 2832 propo
2080 2758 2192 2814 ita-

543 2872 677 2911 rum
710 2854 992 2910 virtutum
1019 2855 1126 2920 est,
1146 2851 1206 2905 in
1229 2848 1320 2906 sui
1342 2847 1679 2905 definitione
1704 2849 1946 2904 modum
1969 2853 2024 2904 et
2045 2847 2197 2902 ordi-

543 2960 678 3001 nem
709 2946 900 3000 servat
919 2956 1122 2997 eorum
1143 2955 1272 3012 quas
1292 2937 1539 2994 dicenda
1561 2940 1720 3002 sunt,
1745 2935 1834 2991 vel
1861 2936 2105 3009 agenda.
2129 2935 2192 2991 In

542 3049 659 3107 quo
689 3030 921 3088 virtutis
953 3028 1144 3085 ofﬁcio
1186 3029 1421 3083 tantum
1471 3023 1674 3090 valuit,
1707 3028 1770 3080 ut
1811 3023 1869 3080 in
1919 3024 2195 3080 omnibus

541 3121 868 3180 actionibus
890 3123 948 3175 et
975 3115 1238 3190 imperiis
1261 3116 1501 3172 modum
1527 3117 1768 3182 teneret,
1795 3113 2059 3170 ordinem
2082 3131 2198 3170 ser-

2218 1829 2266 1894 Β

2289 539 2359 593 Et
2389 541 2599 610 praeter
2629 537 2752 593 haec
2795 538 3086 608 interiora,
3121 539 3356 596 fuerunt
3393 539 3449 594 in
3477 556 3536 594 eo
3561 540 3854 599 extrinsecus

2289 625 2547 699 gloriosa
2601 625 2796 686 studia
2855 627 2914 682 in
2971 627 3234 685 aediliciis
3292 633 3602 684 sanctorum
3648 628 3856 687 locorum

2290 716 2722 786 construendis,
2756 717 3122 784 renovandis,
3151 721 3210 773 et
3250 717 3588 774 ornamentis
3613 719 3852 775 undecun-

2291 820 2408 877 que
2439 805 2834 877 acquirendis.
2868 805 3242 862 Demonstrat
3287 805 3390 861 hoc
3435 805 3711 864 Cluniacus
3747 825 3858 864 suus

2291 892 2634 966 principalis
2680 893 2865 962 locus,
2899 893 2959 949 in
3011 894 3240 950 cunctis
3285 893 3534 952 aedificiis
3577 895 3782 952 interius
3813 901 3860 968 et

2291 981 2568 1051 exterius,
2603 987 2809 1055 praeter
2839 983 3088 1056 parietes
3118 981 3390 1051 ecclesiae,
3423 984 3493 1038 ab
3521 983 3634 1056 ipso
3662 985 3867 1042 studiose

2301 1075 2632 1138 renovatus,
2674 1075 2731 1127 et
2759 1071 3120 1128 ornamentis
3155 1071 3548 1144 multipliciter
3573 1073 3868 1142 adornatus;

2303 1159 2404 1214 ubi
2439 1159 2614 1216 etiam
2645 1159 2704 1215 in
2737 1160 3074 1216 novissimis
3102 1161 3230 1217 suis
3257 1161 3567 1216 claustrum
3593 1161 3867 1228 construxit,

2293 1247 2580 1304 colomnis
2612 1250 2960 1305 marmoreis
2991 1267 3057 1305 ex
3091 1249 3320 1306 ultimis
3350 1247 3600 1322 partibus
3621 1249 3754 1306 illius
3777 1267 3868 1322 pro-

2291 1337 2518 1405 vinciaz,
2556 1354 2623 1393 ac
2655 1354 2758 1410 per
2787 1338 3196 1410 rapidissimos
3234 1338 3519 1394 Durentiaa
3563 1338 3868 1411 Rhodanique

2293 1443 2528 1496 cursus,
2549 1443 2664 1482 non
2698 1426 2824 1482 sine
2847 1443 3058 1500 magno
3089 1425 3286 1482 laboro
3319 1427 3566 1482 advectis
3594 1425 3871 1482 mirabiliter

2293 1515 2630 1572 decoratum
2656 1533 2668 1571 :
2696 1515 2766 1571 de
2797 1533 2912 1588 quo
2943 1515 3154 1572 solitus
3185 1520 3313 1571 erat
3335 1515 3584 1590 gloriari,
3609 1519 3666 1571 ut
3681 1513 3872 1587 jucundi

2294 1611 2420 1660 erat
2450 1605 2708 1672 habitus,
2753 1605 3044 1664 invenisse
3099 1622 3160 1662 se
3207 1603 3465 1680 ligneum
3512 1610 3566 1662 et
3614 1605 3875 1676 relinquam

2295 1711 2716 1762 marmoreum,
2779 1695 2848 1750 ad
2917 1696 3250 1768 exemplum
3328 1693 3614 1751 Octaviani
3675 1693 3876 1758 Cesaris,

2299 1799 2476 1855 quem
2511 1783 2854 1839 describunt
2877 1783 3133 1840 historias
3164 1784 3412 1840 Romam
3443 1784 3714 1840 invenisse
3735 1781 3880 1838 lateri-

2295 1871 2442 1927 tiam
2477 1871 2592 1942 (10)
2621 1877 2678 1928 et
2706 1873 3014 1946 reliquisse
3063 1887 3476 1930 marmoream.
3507 1873 3723 1946 Incmpit
3753 1872 3880 1927 etiam

2300 1961 2589 2018 ciborium
2624 1979 2802 2035 super
2829 1961 3009 2018 altare
3041 1962 3226 2018 sancti
3262 1963 3618 2034 Petri,cujus
3645 1960 3880 2017 columnas

2296 2045 2530 2106 vestivit
2558 2067 2626 2106 ex
2661 2055 2896 2124 argento
2929 2069 3061 2106 cum
3096 2050 3313 2124 nigello
3344 2053 3478 2125 (11),
3511 2049 3734 2124 pulchro
3757 2065 3880 2122 opere

2297 2140 2621 2198 decoratas.
2657 2140 2786 2196 Jam
2819 2158 2952 2196 vero
2983 2141 3054 2196 de
3105 2141 3386 2197 omnibus
3434 2140 3772 2197 monasteriis
3796 2139 3882 2193 suis

2299 2228 2440 2301 quid
2493 2229 2862 2286 Paterniacus
2912 2231 3025 2303 (l2)
3057 2231 3131 2285 ob
3162 2230 3261 2286 Dei
3315 2229 3622 2286 (ienitricis
3665 2244 3880 2292 amorem,

2300 2318 2412 2374 sibi
2443 2317 2802 2375 delectabilis
2846 2319 3009 2375 locus
3029 2320 3057 2374 ?
3087 2320 3419 2376 Romanum
3473 2318 3841 2374 monasterium
3861 2331 3884 2370 α

2301 2407 2482 2462 fundo
2512 2413 2937 2478 constructum,
2969 2407 3134 2464 locus
3165 2409 3354 2464 sancti
3383 2409 3629 2464 Victoris
3655 2409 3884 2462 Geneven-

2301 2496 2631 2569 sis,praeter
2650 2513 2817 2554 suam
2847 2497 3154 2570 antiquam
3186 2502 3242 2553 et
3273 2496 3533 2554 nobilem
3564 2495 3824 2552 ecclesiam
3841 2509 3886 2547 ex

2299 2588 2420 2642 toto
2451 2585 2628 2642 etiam
2679 2602 2784 2642 suo
2833 2591 3097 2658 tempore
3137 2590 3534 2654 constructus,
3567 2583 3886 2642 Caruslocns.

2301 2674 2580 2730 Amberta
2606 2674 2771 2730 valde
2800 2673 3047 2731 celebris
3077 2675 3344 2743 ecclesia,
3383 2675 3545 2731 Rivis
3572 2691 3636 2731 ex
3662 2677 3784 2738 toto,
3805 2668 3887 2725 Cel-

2302 2763 2988 2836 sinanias,.Silviniacus,
3019 2763 3305 2821 translata
3338 2763 3627 2830 Firmitas,
3658 2764 3886 2818 monastec

2305 2851 2457 2908 rium
2490 2851 2675 2908 sancti
2719 2853 3042 2921 Saturnini,
3077 2855 3231 2926 apud
3265 2853 3512 2926 Papiam
3543 2851 3712 2908 sancti
3739 2845 3887 2906 Maioli

2303 2941 2710 2998 nobilissimus
2739 2940 2924 3010 locus,
2949 2947 3005 2998 et
3025 2947 3231 3015 printer
3249 2941 3376 2998 haec
3399 2943 3736 2998 diversarum
3757 2936 3890 2994 eccle-

2305 3030 2528 3088 siarum
2561 3030 2868 3106 multiplex
2897 3049 3204 3099 numerus,
3233 3031 3359 3088 hazc
3390 3032 3586 3088 omnia
3612 3015 3750 3087 illius
3772 3026 3895 3083 indu~

2305 3119 2450 3177 stria
2478 3137 2586 3176 suo
2616 3125 2876 3193 tempore
2907 3121 2965 3176 in
2998 3120 3280 3190 adificiis,
3309 3121 3374 3176 in
3406 3117 3830 3194 possessionibus
3850 3119 3890 3169 et

535 3215 717 3280 varet,
745 3215 803 3268 et
825 3209 1113 3266 discretus
1165 3203 1514 3261 mirabiliter
1542 3203 1831 3260 existeret.
1863 3202 2102 3274 Jejunia
2131 3202 2188 3258 in
2221 3197 2264 3264 C
2301 3208 2666 3265 ornamentis
2687 3209 3052 3282 amplissime
3072 3209 3322 3266 dilatata
3344 3215 3661 3266 creverunt.
3682 3207 3889 3262 Constru-

537 3300 753 3372 aurigm
785 3297 1048 3363 modum,
1081 3285 1408 3352 secundum
1459 3292 1697 3347 beatum
1747 3291 2187 3364 Hieronymum,

537 3404 642 3461 pro
669 3384 1018 3443 lassitudine
1043 3387 1101 3439 et
1128 3382 1352 3438 viribus
1378 3381 1636 3452 corporis
1659 3381 2072 3436 moderabatur
2096 3398 2110 3448 ;
2135 3383 2192 3436 et

537 3477 623 3534 sic
645 3473 914 3550 apposita
933 3487 1177 3546 quaeque
1199 3469 1438 3537 libabat,
1454 3473 1518 3524 ut
1533 3473 1589 3525 et
1605 3469 2081 3542 superstitionem
2107 3469 2192 3524 fu-

537 3571 721 3640 geret,
752 3565 811 3620 et
838 3559 1258 3618 continentiam
1291 3561 1628 3613 reservaret.
1661 3557 1868 3614 Cultus
1919 3558 2042 3631 ipse
2085 3574 2191 3614 nec

537 3652 868 3720 munditiis,
902 3667 1008 3706 nec
1037 3648 1312 3706 sordibus
1351 3643 1626 3702 notabilis
1659 3650 1801 3701 erat.
1835 3646 2190 3703 Gravitatem

538 3760 769 3800 morum
800 3739 1093 3798 hilaritate
1120 3735 1327 3793 frontis
1349 3735 1726 3807 tcmperebat.
1748 3735 1809 3790 In
1833 3735 2190 3807 corrigendis

534 3833 694 3892 vitiis
723 3849 827 3908 pro
857 3830 1030 3887 modo
1060 3831 1119 3884 et
1145 3831 1406 3898 tempore
1439 3840 1694 3894 severus,
1735 3819 1794 3878 in
1826 3823 2190 3880 remittendis

535 3922 851 3998 gratiosus,
884 3923 942 3976 et
972 3919 1032 3974 in
1083 3921 1334 3988 utroque
1373 3930 1540 3986 aequa
1587 3912 1751 3970 lance
1789 3911 2060 3968 libratus.
2093 3913 2189 3969 Hae

533 4031 668 4071 vero
699 4028 846 4086 quas
877 4005 1292 4082 proposuimus
1331 4003 1391 4059 in
1444 4019 1510 4058 eo
1555 4001 1894 4058 relucebant
1919 4002 2186 4072 virtutes,

533 4107 592 4160 et
620 4103 680 4158 in
729 4101 837 4158 has
883 4095 1269 4154 concurrebat
1315 4097 1532 4149 cisterna
1580 4107 1807 4147 omnes.
1841 4091 1988 4146 Tota
2033 4091 2188 4148 enim

533 4207 801 4250 cerneres
851 4189 912 4244 in
944 4185 1044 4242 illo
1075 4181 1341 4256 exempla
1389 4181 1698 4236 virtutum.
1731 4180 1817 4236 Ita
1847 4180 1908 4235 in
1939 4180 2190 4254 singulis

533 4281 848 4347 eminebat,
881 4277 1052 4350 quasi
1098 4279 1336 4330 caeteras
1387 4287 1502 4325 non
1563 4269 1837 4338 haberet;
1877 4269 1955 4325 ita
1985 4287 2190 4326 omnes

519 4367 838 4437 retinebat,
872 4370 938 4423 ut
978 4364 1141 4421 nulla
1187 4363 1454 4428 deesset;
1485 4359 1563 4414 ita
1593 4359 1768 4414 etiam
1803 4357 2094 4414 affabilem
2127 4375 2190 4414 se

531 4464 589 4516 et
639 4455 985 4514 benevolum
1018 4451 1302 4524 subjectis
1345 4447 1672 4516 exhibebat,
1706 4452 1774 4503 ut
1803 4447 1992 4520 magis
2019 4447 2191 4504 vellet

2297 3298 2383 3352 xit
2409 3297 2585 3353 etiam
2611 3298 2668 3352 in
2702 3297 2925 3354 ultimis
2954 3297 3081 3353 vitae
3104 3315 3223 3353 suis
3247 3298 3306 3353 in
3331 3298 3607 3371 praediolo
3626 3295 3887 3370 genitorum

2299 3403 2542 3442 suorum
2573 3387 2868 3458 quoddam
2917 3387 3371 3454 monasterium,
3405 3386 3574 3443 Volta
3603 3386 3670 3457 (la
3701 3381 3842 3450 Vana)
3863 3395 3888 3432 ι

2299 3475 2654 3532 revolutione
2674 3491 2838 3548 aqua:
2859 3475 3380 3532 circumcurrentis
3397 3475 3888 3548 nuncupatum,stu-

2298 3564 2464 3621 dioso
2493 3581 2667 3638 opere
2700 3566 3058 3635 decoratum,
3077 3565 3232 3638 quod
3257 3565 3333 3621 de
3366 3566 3686 3622 redditibus
3703 3572 3887 3618 suorum

2299 3654 2626 3709 amicorum
2657 3653 3032 3726 antiquorum
3067 3658 3124 3708 et
3153 3659 3494 3726 parentum,
3548 3657 3704 3728 prout
3731 3645 3888 3722 potuit.

2299 3742 2370 3797 ad
2403 3741 2772 3798 serviendum
2807 3743 2920 3798 Deo
2965 3742 3352 3810 haereditavit,
3388 3748 3444 3798 et
3499 3735 3888 3812 competentibus

2298 3829 2466 3886 libris
2491 3829 2581 3886 vel
2612 3831 2973 3886 ornamentis
3004 3831 3276 3886 decenter
3307 3831 3631 3888 adornavit.
3651 3820 3888 3883 Siinimici

2300 3920 2770 3987 subsanaverint,
2803 3919 2889 3976 vel
2938 3919 3112 3974 amici
3166 3919 3652 3992 reprehenderint
3693 3932 3771 3972 me
3807 3912 3889 3966 hec

2299 4009 2592 4082 superﬂue
2623 4009 2911 4081 posuisse,
2937 4008 3202 4064 noverint
3227 4010 3514 4080 profecto,
3549 4004 3785 4063 noverint
3805 4000 3891 4056 hac

2299 4099 2500 4155 omnia
2529 4099 2600 4154 ad
2632 4097 2875 4153 virtutes
2906 4097 3089 4152 animi
3119 4098 3251 4166 ejus
3283 4101 3574 4171 spectare,
3604 4100 3658 4152 et
3685 4109 3770 4166 pro
3800 4087 3890 4144 tali-

2298 4189 2410 4242 bus
2425 4186 2744 4259 patrocinia
2762 4189 3032 4241 sanctoru
3044 4202 3098 4240 m
3120 4185 3368 4242 feliciter
3381 4184 3754 4260 promeruisse
3764 4183 3890 4248 atque

2298 4292 2572 4332 coronam
2607 4277 2784 4333 beatae
2816 4274 3220 4330 retributionis
3252 4277 3384 4346 jam
3420 4294 3456 4332 a
3485 4274 3717 4332 Domino
3743 4279 3888 4342 perce-

2299 4364 2475 4438 pisse.
2508 4364 2655 4428 Quid
2677 4366 2822 4436 jam,
2856 4363 3091 4436 agimus
3138 4365 3342 4421 anima
3363 4366 3393 4420 ‘2
3420 4382 3528 4421 cur
3556 4371 3668 4420 tam
3695 4355 3889 4434 prolixis

2297 4453 2838 4510 circumlocutionis
2891 4469 3086 4509 moras
3133 4453 3544 4510 innectimus?
3589 4454 3666 4508 sic
3712 4448 3888 4504 ditl‘crre

531 4546 697 4620 diligi
757 4560 936 4618 quam
991 4542 1208 4609 timeri,
1255 4539 1446 4612 magis
1503 4537 1779 4610 pI'OdeSSG
1824 4553 2005 4632 quam
2043 4554 2185 4610 pI‘aB-
2218 4567 2267 4632 Β
2297 4541 2570 4599 volumus
2600 4547 2872 4607 mortem,
2903 4545 2962 4598 et
2991 4542 3167 4598 vitam
3201 4543 3394 4600 facere
3425 4527 3890 4616 longiorem,qua5i

529 4652 678 4693 esse.
711 4633 852 4700 Quis
883 4647 1146 4704 unquam
1201 4629 1274 4684 de
1317 4627 1427 4683 hoc
1476 4626 1598 4682 viro
1649 4625 1806 4698 quod
1856 4623 2192 4698 displiceret
2218 4623 2262 4632 ”
2297 4633 2616 4688 timeamus
2641 4631 2834 4688 venire
2858 4631 2930 4686 ad
2950 4631 3476 4690 ultimum.Manet
3495 4631 3678 4690 adhuc
3697 4626 3890 4682 illasen-

529 4723 800 4782 audivit?
839 4720 975 4795 quis
1023 4717 1247 4776 audivit
1292 4721 1356 4772 ut
1403 4714 1708 4772 crederct?
1757 4713 1891 4786 quis
1939 4713 2188 4770 credidit

527 4818 738 4872 utnon
788 4808 979 4884 magis
1027 4825 1090 4865 se
1141 4806 1338 4880 ipsum
1391 4802 1778 4876 malignitatis
1827 4806 1884 4858 et
1931 4802 2185 4859 infamia:

527 4901 872 4961 denotaret?
902 4901 1032 4973 Ipse
1062 4895 1220 4954 enim
1261 4893 1374 4950 sibi
1421 4892 1823 4948 auctoritatem
1855 4891 2052 4960 dabat,
2083 4892 2186 4965 qui

526 4991 588 5048 in
616 4991 892 5049 omnibus
940 4987 1066 5050 suis
1115 4983 1343 5050 actibus
1391 4979 1478 5038 vel
1528 4979 1856 5036 actionibus
1902 4979 2184 5038 euformis

599 5117 714 5187 (10)
764 5116 862 5187 Sic
887 5115 1072 5187 codex
1097 5107 1516 5187 Crespeiensis,
1549 5103 1702 5187 alius
1735 5120 1868 5160 cum
1900 5104 2180 5187 B_ollando

527 5177 796 5256 ligneam.
820 5186 1030 5241 Nostra
1059 5177 1500 5256 lectio-videtur
1528 5177 1754 5256 melior,
1792 5177 1950 5256 quod
1981 5182 2182 5256 auctor

525 5246 792 5314 videatur
822 5255 1079 5312 alludere
1123 5255 1195 5310 ad
1255 5249 1504 5326 Augusti
1548 5246 2062 5304 Caesaris—dictum
2110 5250 2181 5306 de

528 5329 673 5384 urbe
704 5327 910 5384 Roma.

528 5343 673 5384 “PDS
706 5343 910 5384 ηοωει.

736 5397 836 5479 _Sjc
864 5413 1009 5479 mss.
1037 5412 1300 5479 pronquo
1321 5392 1640 5479 Bollandus
1670 5389 1810 5479 legit
1829 5390 2060 5479 μέμψις).

621 5463 710 5542 12)
736 5463 1090 5542 Monasteria
1105 5463 1339 5542 aliunde
1371 5463 1778 5542 notaj'usiores
1799 5477 1915 5542 no_n
1937 5463 2180 5542 exigunt

519 5531 616 5600 hic
633 5531 985 5600 natationes.
1006 5538 1409 5596 Paterniacum
1431 5541 1490 5592 et
1511 5536 1842 5592 Romanum
1864 5531 1922 5588 in
1943 5531 2180 5593 dioecesi

515 5611 929 5684 LauSannensi
959 5610 1074 5671 sita
1101 5608 1265 5671 0dilo
1297 5609 1371 5668 ab
1399 5605 1716 5665 Adhelaide
1739 5603 1968 5664 habuit.
1992 5605 2174 5667 Carus

2296 4721 2478 4777 tentia
2509 4720 2696 4793 primo
2727 4718 2951 4776 homini
3001 4721 3138 4776 data
3170 4739 3182 4776 :
3222 4723 3392 4777 Terra
3438 4739 3514 4788 es,
3549 4729 3600 4776 et
3645 4720 3697 4773 in
3737 4722 3890 4770 terra?!

2294 4811 2402 4865 ibis
2443 4810 2596 4878 (Gen.
2631 4826 2714 4876 111,
2777 4807 2877 4880 l9).
2925 4808 3218 4881 Quotquot
3261 4815 3397 4882 post
3451 4811 3600 4866 hanc
3645 4799 3892 4861 venerunt.

2293 4915 2498 4956 omnes
2529 4897 2949 4972 praeterierunt,
2980 4901 3037 4954 et
3067 4899 3273 4956 mortis
3304 4899 3498 4973 legem
3529 4888 3890 4972 persolverunt.

2294 4987 2508 5044 Mortui
2539 4992 2680 5045 sunt
2709 4986 3073 5060 patriarcha},
3088 4988 3387 5062 propheta:
3404 4993 3464 5046 et
3483 4981 3734 5061 apostoli,
3747 4988 3892 5049 rests»

2289 5111 2455 5185 109119
2479 5111 2537 5168 in
2561 5111 3340 5185 PaBQMatiscgnensirsitus,
3366 5113 3542 5169 datus
3563 5113 3649 5185 est
3670 5107 3723 5185 S_.
3744 5099 3887 5185 Odoni

2291 5201 2325 5240 a
2357 5181 2606 5240 Robertb
2633 5181 2908 5257 cpiscOpo
2939 5181 3216 5239 valentia:
3248 5191 3306 5240 et
3337 5182 3626 5240 Edwardo
3653 5181 3890 5257 ejus

2290 5271 2484 5336 mann.
2519 5241 2794 5312 Ambarta
2823 5241 2910 5336 ad
2925 5257 3640 5336 pagumlugdunenlsem
3664 5241 3885 5336 geniis};

2290 5327 2688 5401 adgArvernos‘
2709 5343 2840 5401 vero
2872 5317 3052 5396 Rivis,
3069 5325 3243 5401 vulgo
3265 5317 3385 5395 liis,
3412 5332 3470 5382 et
3497 5317 3760 5401 C_els_ilii§3.

2289 5399 2576 5480 gilanges.
2611 5397 3011 5480 $ilv‘iniacum,
3039 5391 3346 5480 'Soain'ani',
3369 5391 3551 5480 ;apud
3602 5391 3884 5480 Bo‘rboginofz

2289 5462 2582 5542 Firmi—tas.
2615 5471 2886 5542 ιιιᾷριῖενιεξ,Δ
2925 5462 3217 5542 prioratus
3247 5462 3556 5527 Silviniaco
3601 5462 3884 5535 subjectus?

2287 5541 2358 5598 de
2388 5541 2612 5600 caeteris
2643 5540 2786 5600 alias
2832 5539 3052 5599 dictum
3085 5547 3192 5604 est.
3628 5562 3634 5568 ·
