4020 6180
216 268 340 332 eis
384 236 393 239 ’

1602 273 1811 337 νιΤΑ.
1860 306 1935 320 --
1979 275 2125 337 LIB.
2172 275 2250 339 II.

3516 287 3633 350 9H

212 405 487 465 tissimus
517 403 868 480 consolator,
901 405 999 481 qui
1027 404 1171 465 vivis
1199 409 1258 465 et
1289 424 1499 483 regnas
1548 405 1608 465 in
1652 407 1865 466 smeula
1894 406 1951 477 Α
1978 424 2116 467 voce
2146 408 2399 469 diceret:
2426 409 2690 484 Domine,
2722 412 2957 488 quando
3005 412 3121 474 huc
3153 419 3212 475 et
3240 433 3347 476 cur
3374 419 3636 479 advenis-

212 497 591 564 seculorum,
622 514 814 554 amen.

209 609 351 663 CAP.
384 606 532 671 XVI,
565 637 630 648 —
664 606 909 675 Qualiter
935 612 1157 733 sancti]?
1186 608 1273 663 vir
1302 610 1625 681 apparuerit
1648 608 1871 664 cuidam

902 695 1095 733 monac
1133 695 1183 733 ο.

902 695 1183 735 monacno.

287 768 507 824 Eadem
531 784 665 824 vero
697 772 864 824 nocte
896 784 1012 841 qua
1040 769 1126 823 vir
1152 772 1392 824 sanctus
1424 769 1713 837 discessit,
1738 769 1867 842 qui-

204 859 353 914 dam
405 859 603 921 frater,
653 858 970 931 Gregorius
1019 858 1275 926 nomine,
1328 857 1583 915 Ninivita
1620 860 1733 928 (14)
1766 878 1865 915 na-

202 947 392 1014 tione,
421 945 706 1019 simplicis
738 951 954 1002 natura:
986 950 1043 1001 et
1072 946 1562 1002 innocentissimos
1584 947 1863 1018 vitte,illo,

200 1036 367 1092 sicut
395 1035 673 1105 diximus,
706 1034 766 1090 in
814 1033 1117 1090 ecclesiam
1165 1035 1486 1107 deportato,
1520 1035 1866 1093 lassitudine

197 1130 265 1181 et
314 1124 656 1180 infirmitate
701 1127 997 1197 gravatus,
1047 1123 1120 1179 ad
1170 1124 1472 1197 proprium
1533 1129 1753 1181 statum
1803 1127 1863 1182 in

196 1215 477 1271 eamdem
506 1214 770 1282 domum,
802 1212 863 1268 in
893 1230 1009 1285 qua
1039 1217 1279 1269 sanctus
1309 1213 1549 1282 obierat,
1579 1214 1774 1284 rediit,
1805 1219 1862 1272 et

196 1321 268 1361 se
303 1302 486 1375 quieti
518 1302 711 1371 dedit;
743 1302 844 1374 qui
878 1301 1128 1357 necdum
1158 1301 1219 1357 in
1250 1318 1524 1358 somnum
1572 1302 1743 1375 plene
1773 1321 1860 1360 re-

199 1392 461 1458 solutus,
493 1392 764 1447 eumdem
795 1391 1025 1447 Patrem
1075 1390 1186 1447 sibi
1234 1395 1423 1447 astare
1470 1391 1635 1447 vidit.
1664 1396 1735 1448 At
1766 1392 1861 1450 ille

192 1470 655 1555 praesumptibili
703 1496 845 1536 voce
878 1497 890 1535 :
922 1479 1070 1543 Quid
1123 1481 1269 1553 agis,
1322 1479 1531 1552 inquit,
1582 1481 1860 1538 domine?

196 1570 339 1643 Ipse
364 1586 498 1625 vero
532 1588 544 1624 :
578 1569 750 1635 Bene,
786 1568 981 1634 frater,
1016 1572 1074 1623 et
1101 1566 1339 1639 optime,
1374 1567 1853 1641 respondit.Nam

191 1658 488 1716 Dominus
521 1674 688 1713 meus
715 1657 889 1713 Jesus
913 1655 1177 1712 Christus
1208 1672 1312 1729 per
1348 1657 1731 1728 semetipsum
1764 1658 1851 1713 di-

1978 499 2099 557 sti?
2125 500 2211 557 Ad
2242 502 2569 576 exsequias,
2592 502 3010 577 inquit,fratris
3041 506 3225 565 nostri
3256 508 3458 566 domni
3489 510 3635 568 Lau-

1979 590 2149 646 rentii
2208 590 2629 665 archiepiscopi
2686 593 2815 650 veni
2850 612 2863 649 :
2898 596 3115 667 quibus
3171 597 3435 670 expletis,
3494 599 3632 657 hinc

1978 681 2255 736 recedens
2286 681 2428 753 quin
2460 681 2716 737 viderem
2749 686 2804 738 te
2836 684 3130 755 praeterire
3161 685 3342 743 nolui.
3372 688 3474 745 His
3504 690 3630 747 dic-

1977 769 2107 835 ctis,
2141 769 2285 825 visio
2317 770 2621 841 disparuit.
2652 773 2780 844 Ipse
2809 789 2939 827 vero
2968 776 3346 845 postmodum
3378 777 3497 834 haec
3530 796 3629 836 no-

1977 858 2068 913 bis
2101 862 2157 913 et
2188 856 2455 931 pluribus
2481 857 2612 915 aliis
2634 860 2690 915 in
2715 860 2955 918 veritate
2981 864 3255 921 narravit.

2048 945 2420 1019 Epitaphium
2445 948 2573 1019 jam
2605 950 3050 1021 terminetur,ne
3070 952 3365 1010 mentibus
3388 956 3627 1013 audien-

1973 1036 2124 1091 tium
2154 1035 2339 1109 longa:
2372 1036 2653 1093 orationis
2683 1038 2984 1095 fastidium
3014 1046 3344 1113 generetur.
3377 1044 3623 1102 Verum-

1973 1128 2169 1181 tamen
2204 1125 2259 1179 in
2291 1124 2448 1182 calce
2477 1127 2768 1184 sermonis
2794 1131 3203 1202 compendiose
3230 1133 3623 1203 dicatur,0di-

1971 1213 2159 1271 Ionem
2196 1230 2266 1270 ex
2296 1215 2481 1270 multo
2510 1219 2771 1289 tempore
2798 1218 3119 1275 terminum
3148 1221 3276 1277 vita;
3298 1221 3411 1279 sibi
3432 1228 3625 1298 optas—

1970 1304 2161 1371 se,sed
2193 1303 2517 1360 secundum
2561 1305 2925 1377 Apostolum,
2960 1309 3333 1367 subditorum
3380 1319 3623 1387 cogente

1969 1392 2447 1465 necessitate,per
2464 1392 2564 1448 Dei
2594 1395 2845 1467 gratiam
2876 1400 2995 1452 tam
3027 1398 3128 1454 diu
3164 1398 3223 1454 in
3254 1417 3429 1458 carne
3459 1418 3621 1460 man-

1967 1482 2134 1540 sisse.
2166 1483 2302 1537 Erat
2332 1487 2485 1538 certe
2520 1499 2776 1555 praasens
2804 1484 2925 1541 vita
2955 1484 3067 1541 sibi
3097 1487 3354 1557 taedium,
3386 1494 3444 1547 et
3470 1493 3619 1550 mori

1967 1570 2422 1643 lucrum.Usque
2443 1571 2516 1626 ad
2538 1572 2884 1629 effusionem
2904 1573 3299 1647 lacrymarum
3319 1580 3618 1639 multoties

1966 1658 2199 1715 dolebat
2229 1663 2551 1715 coaetaneos
2581 1664 2640 1715 et
2660 1660 2930 1731 juniores
2961 1680 3101 1719 suos
3140 1666 3530 1738 praeessisse,
3561 1674 3620 1727 et

193 1752 419 1821 gnatus
457 1751 548 1803 est
592 1746 787 1801 venire
835 1746 905 1801 ad
955 1761 1188 1801 servum
1220 1761 1429 1813 suum;
1465 1746 1565 1801 sed
1619 1746 1676 1800 in
1710 1746 1854 1803 hora
1881 1784 1930 1849 Β
1964 1765 2027 1804 se
2056 1748 2324 1805 dolorum
2353 1748 2550 1804 videre
2579 1750 2881 1807 miseriam
2903 1753 3278 1824 superstitem
3300 1757 3617 1815 remansis-

193 1853 345 1893 mea:
375 1834 751 1891 discessionis
782 1834 863 1891 ibi
896 1835 956 1889 in
1002 1833 1239 1907 angulo,
1266 1834 1609 1890 ostendebat
1653 1840 1851 1891 autem

197 1925 373 1998 quasi
407 1923 591 1997 digito
620 1923 850 1991 locum;
880 1923 998 1979 vidi
1020 1927 1244 1979 trucem
1267 1928 1325 1979 et
1342 1922 1509 1979 valde
1530 1923 1851 1981 terribilem

196 2016 617 2088 ﬁguram,quze
641 2029 734 2069 me
763 2014 856 2068 sui
886 2012 1122 2068 horrore
1151 2016 1209 2069 et
1236 2012 1455 2085 ingenti
1486 2012 1853 2069 deformitate

191 2106 418 2160 terrere
447 2101 661 2170 voluit;
695 2102 797 2157 sed
829 2100 1075 2157 Domino
1116 2102 1258 2156 mihi
1310 2106 1613 2174 praesente,
1646 2118 1853 2159 nocere

192 2208 311 2249 non
349 2192 558 2264 potuit.
594 2191 723 2246 Haec
754 2191 956 2246 dicens
1005 2190 1264 2247 recessit.
1292 2190 1494 2245 Frater
1536 2206 1671 2245 vero
1719 2190 1855 2248 inde

192 2297 473 2354 surgens,
505 2297 631 2351 quae
661 2280 928 2335 audierat
948 2283 1006 2334 et
1052 2279 1278 2334 viderat
1330 2278 1610 2334 fratribus
1640 2278 1740 2351 qui
1772 2279 1851 2335 ibi

190 2376 348 2426 tunc
380 2370 642 2437 aderant,
675 2374 732 2425 et
761 2369 930 2425 nobis
957 2368 1330 2441 postmodum
1363 2367 1422 2422 in
1451 2367 1690 2423 veritate
1721 2385 1853 2423 nar-

186 2457 375 2517 ravit.

577 2548 713 2603 Car.
748 2547 917 2603 XVII.
946 2548 1021 2603 De
1049 2547 1229 2603 simili
1257 2548 1484 2602 visione.

267 2637 634 2693 Succedente
664 2653 794 2692 vero
824 2635 1570 2709 Quadragesima,domnus
1597 2635 1854 2691 Lauren-

192 2726 325 2782 tius
349 2725 847 2798 archiepiscopus,
884 2725 954 2780 de
986 2742 1101 2797 quo
1132 2741 1312 2797 supra
1347 2724 1628 2794 diximus,
1661 2724 1856 2780 Roma:

188 2815 471 2870 moritur.
500 2814 714 2870 Aderat
736 2814 978 2870 devotus
1008 2813 1068 2869 in
1112 2813 1407 2885 exsequiis
1453 2813 1581 2884 ejus
1613 2813 1854 2885 quidam

190 2902 471 2969 ciericus,
504 2902 713 2958 Albero
766 2902 1025 2969 nomine,
1064 2903 1297 2958 natione
1345 2901 1723 2970 Teutonious,
1753 2920 1856 2974 ge-

190 3008 337 3048 nere
367 2990 795 3059 nobilissimus,
828 2990 977 3063 patri
1007 2991 1235 3047 0diloni
1268 2991 1408 3046 dum
1444 2990 1660 3046 viveret
1686 2990 1855 3045 fami-

190 3080 581 3147 liarissimus,
617 3079 719 3152 qui
751 3097 886 3135 cum
918 3081 1134 3136 domno
1165 3096 1317 3153 papa
1348 3081 1558 3145 Leone,
1583 3078 1691 3134 sibi
1726 3095 1855 3150 pro-

191 3170 356 3225 ximo
389 3174 647 3242 parente,
682 3170 925 3225 Romam
960 3169 1271 3224 advenerat
1299 3184 1367 3224 ea
1394 3171 1761 3239 tempestate.
1797 3168 1852 3222 Is

193 3258 421 3331 itaque,
452 3263 771 3314 memorato
802 3257 1236 3330 archiepiscopo
1267 3258 1539 3313 defuncto
1568 3260 1626 3311 et
1650 3257 1718 3311 ad
1754 3272 1851 3311 ec-

194 3347 440 3403 clesiam
498 3348 822 3421 deportato,
852 3346 1202 3403 lassitudine
1256 3350 1515 3419 cogente,
1547 3362 1609 3401 se
1656 3344 1851 3417 sopori

198 3436 361 3492 dedit
404 3438 464 3491 in
514 3436 768 3508 quodam
830 3436 1094 3507 ejusdem
1141 3433 1395 3490 ecclesiae
1444 3433 1680 3507 angulo,
1715 3450 1850 3489 cum

198 3524 395 3580 subito
428 3524 622 3580 adhuc
652 3541 798 3597 pene
823 3522 1291 3597 vigilanti,Odilo
1325 3521 1412 3577 vir
1435 3522 1642 3577 beatus
1670 3538 1849 3594 appa-

197 3614 336 3670 ruit.
365 3614 469 3669 Cui
520 3631 654 3670 cum
702 3613 799 3670 ille
842 3617 1101 3670 tremens
1148 3616 1206 3668 et
1254 3610 1500 3685 pavidus
1557 3609 1851 3666 amicabili

1963 1854 2044 1893 se.
2076 1836 2398 1893 Videbatur
2422 1836 2533 1893 sibi
2566 1838 2717 1893 inter
2746 1836 2893 1896 alios
2922 1856 3050 1897 esse
3080 1844 3445 1916 peregrinus,
3480 1847 3618 1919 quia

1962 1942 2284 1998 paucorum
2317 1925 2400 1980 illi
2429 1926 2719 1983 discretus
2748 1933 2805 1984 et
2835 1931 3173 1987 moderatus
3215 1935 3618 1995 consentiebat

1964 2014 2285 2071 affectionis
2314 2014 3099 2091 habitus.Compungebatur
3127 2021 3361 2095 saepius,
3376 2023 3516 2096 quia
3545 2025 3615 2082 de

1963 2105 2185 2159 mundo
2215 2121 2363 2176 pene
2396 2111 2715 2161 recesserat
2744 2107 2925 2164 totius
2954 2108 3279 2167 honestatis
3322 2111 3523 2181 decus,
3557 2118 3617 2171 et

1961 2192 2236 2265 ingenita:
2264 2192 2544 2249 bonitatis
2573 2194 2780 2251 virtus.
2812 2196 2935 2252 Heu
2978 2200 3102 2255 mel
3139 2199 3277 2271 quia
3323 2200 3614 2260 incolatus

1963 2297 2131 2337 meus
2162 2281 2541 2354 prolongatus
2572 2287 2679 2349 est,
2713 2300 2848 2340 cum
2877 2284 3056 2341 David
3084 2286 3420 2361 frequenter
3448 2305 3615 2348 cane-

1963 2371 2149 2436 bat,et
2179 2369 2505 2425 secundum
2535 2370 2876 2442 Apostolum
2925 2372 3167 2430 dissolvi
3205 2380 3264 2432 et
3291 2392 3427 2434 cum
3458 2374 3620 2435 Chri-

1962 2462 2055 2515 sto
2086 2474 2215 2513 esse
2246 2457 2430 2513 multo
2461 2458 2672 2514 melius
2707 2458 2976 2533 eligebat.
3005 2464 3152 2529 Quia
3196 2480 3333 2538 ergo
3370 2467 3498 2538 jam
3530 2484 3619 2525 re-

1962 2545 2141 2602 cessit
2169 2550 2235 2601 ut
2262 2545 2466 2612 voluit,
2498 2545 2697 2604 luctus
2724 2548 2947 2605 funeris
2986 2551 3117 2621 ejus
3165 2567 3301 2610 cum
3351 2570 3622 2613 sermone

1965 2634 2295 2702 claudatur,
2327 2638 2385 2690 et
2412 2635 2642 2707 requies
2681 2637 2810 2708 ejus
2858 2636 2917 2693 in
2966 2638 3293 2699 Jerusalem
3341 2644 3621 2702 omnibus

1964 2722 2174 2779 diebus
2204 2724 2416 2779 iterum
2447 2727 2623 2795 atque
2650 2724 2861 2781 iterum
2893 2727 3328 2800 imprecetur,et
3357 2745 3461 2803 per
3489 2749 3616 2789 om-

1966 2812 2066 2866 nia
2095 2810 2309 2867 saecula
2338 2811 2684 2868 saeculorum
2718 2818 3032 2886 repetatur.
3055 2818 3261 2873 Amen.

2038 2898 2204 2956 Odilo
2234 2915 2370 2954 cum
2401 2899 2631 2956 Christo
2663 2904 2727 2955 tu
2758 2902 2915 2958 vivas
2946 2918 3179 2975 semper
3207 2904 3265 2960 in
3292 2905 3412 2963 alto
3444 2924 3458 2963 :

2039 2987 2205 3044 Odilo
2235 2993 2577 3060 perpetuam
2610 2989 2807 3060 capias
2837 2994 2900 3045 tu
2932 2996 3131 3049 sancte
3156 3009 3451 3051 coronam.

2040 3076 2206 3133 Odilo
2238 3077 2535 3149 virgineus
2565 3081 2743 3133 temet
2773 3080 3062 3151 praecedat
3089 3084 3147 3137 et
3175 3098 3365 3155 agnus
3398 3102 3410 3141 :

1883 3152 1926 3217 C
2036 3168 2279 3222 Currere
2308 3171 2441 3238 post
2472 3164 2684 3233 valeas,
2716 3165 2883 3225 laetus
2911 3168 3156 3243 vestigia
3183 3152 3414 3245 tangas,

2033 3253 2198 3310 Illius
2231 3254 2514 3327 unguenti
2545 3254 2715 3327 pleno
2746 3256 3018 3329 perfusus
3043 3260 3240 3328 odore,

2033 3345 2154 3410 Quo
2182 3336 2402 3399 recreat
2445 3347 2673 3401 mentes
2720 3348 2842 3417 [ηις.
2878 3348 2929 3414 1,
2960 3348 3212 3422 animas]
3243 3348 3457 3408 diffuso
3507 3368 3612 3409 no-

3144 3438 3327 3509 [mine
3355 3443 3611 3509 sanctas,

2031 3521 2152 3585 Quo
2184 3526 2360 3593 caput
2388 3520 2517 3593 ipsa
2540 3521 2640 3578 Dei
2675 3524 2932 3595 perfudit
2960 3526 3138 3583 odore
3167 3526 3369 3598 Maria,

2031 3610 2113 3665 Ex
2141 3625 2204 3665 se
2235 3610 2547 3682 peccatrix,
2579 3610 2776 3667 divino
2806 3628 3050 3671 munere
3080 3613 3235 3672 felix.

1108 3792 1403 3855 INCIPIT
1444 3790 1857 3853 PROLOGUS
1902 3791 1979 3853 IN
2025 3789 2259 3851 LIBltO
2304 3790 2694 3853 SECUNDO.

264 3956 331 4011 In
362 3953 661 4025 superiore
692 3951 863 4021 libro,
893 3952 983 4009 vel
1015 3954 1210 4025 potius
1243 3952 1619 4009 denominata
1663 3952 1846 4024 epita-

191 4043 351 4117 phio,
383 4043 455 4098 de
487 4041 749 4098 moribus
796 4041 979 4115 patris
1029 4040 1315 4108 Odilonis,
1349 4045 1406 4098 et
1434 4041 1616 4097 animi
1665 4040 1846 4096 virtu-

193 4131 372 4197 tibus,
407 4130 517 4187 etsi
550 4148 664 4186 non
698 4131 768 4186 ad
801 4130 1063 4202 plenum,
1095 4134 1292 4187 tamen
1324 4131 1649 4186 secundum
1688 4128 1845 4202 quod

192 4220 498 4293 potuimus
527 4219 805 4276 diximus.
842 4220 1157 4292 Signorum
1187 4237 1318 4275 vero
1372 4218 1843 4292 inquisitoribus,

191 4316 250 4365 et
279 4308 555 4364 meritum
583 4309 870 4381 cujusque
902 4308 959 4363 in
993 4307 1260 4364 miraculi
1295 4308 1548 4364 novitate
1580 4308 1694 4380 (15)
1726 4323 1846 4362 me-

1955 3949 2229 4020 fecimus?
2260 3949 2465 4021 (Matth.
2499 3949 2599 4020 vr.)
2633 3950 2700 4005 Et
2727 3949 2852 4021 ipse
2883 3951 3172 4008 Dominus
3202 3953 3262 4009 in
3302 3954 3612 4029 Evangelio

1957 4038 2178 4093 sanctis
2209 4036 2491 4110 apostolis
2521 4055 2555 4094 a
2576 4038 2985 4111 przedicatione
3007 4041 3391 4099 redeuntibus
3414 4043 3607 4101 dicat:

1956 4126 2134 4181 Nolite
2161 4127 2223 4181 in
2267 4127 2365 4181 hoc
2409 4126 2667 4195 gaudere,
2701 4128 2834 4199 quia
2877 4128 3154 4185 (immania
3197 4130 3438 4201 subiecta
3476 4136 3611 4187 sunt

1956 4216 2141 4280 vobis;
2170 4214 2260 4269 sed
2289 4216 2350 4269 in
2378 4214 2483 4270 had
2510 4214 2762 4284 gaudete,
2784 4217 2917 4288 quia
2941 4218 3171 4273 nomina
3196 4225 3375 4275 vestra
3401 4220 3610 4293 scripta

1954 4306 2086 4358 sunt
2118 4304 2175 4357 in
2205 4304 2360 4358 caelis
2384 4306 2536 4371 (Luc.
2567 4321 2623 4371 x,
2653 4304 2769 4375 20).
2797 4304 2945 4360 Cum
2993 4320 3130 4378 ergo
3178 4306 3303 4362 hac
3351 4306 3435 4363 ita
3462 4308 3604 4376 sint,

188 4397 474 4454 tientibus
500 4396 556 4451 id
587 4377 901 4465 dicendum
933 4400 1041 4465 est,
1077 4396 1215 4469 quia
1256 4397 1464 4452 divinae
1513 4377 1843 4452 dilectionis
1876 4377 1918 4441 D
1949 4407 2167 4446 vanum
2195 4395 2283 4446 est
2314 4409 2418 4464 pro
2449 4408 2662 4464 magno
2694 4393 2927 4461 ducere,
2957 4377 3113 4466 quod
3146 4397 3376 4452 constat
3403 4412 3607 4469 repro-

190 4486 575 4559 prazrogativa
604 4486 860 4558 ponitur,
896 4502 1010 4541 non
1042 4486 1099 4541 in
1132 4486 1467 4541 ostensione
1516 4485 1842 4558 signorum,

188 4575 295 4630 sed
323 4575 382 4629 in
410 4573 760 4646 perfectione
790 4573 1091 4630 virtutum.
1125 4575 1323 4647 Neque
1371 4575 1529 4629 enIm
1563 4572 1846 4629 miracula

186 4663 279 4719 vel
310 4664 482 4735 signa
508 4679 613 4718 nos
636 4664 751 4719 Deo
771 4664 1314 4731 commendant,sed
1337 4662 1581 4718 virtutes
1601 4678 1843 4734 operum

185 4753 479 4825 perfectos
498 4769 624 4808 esse
643 4753 1219 4809 demonstrant.Cum
1240 4751 1339 4808 etJ
1348 4753 1492 4809 udas
1509 4750 1686 4808 simul
1708 4768 1843 4808 cum

185 4839 474 4914 apostolis
506 4841 675 4915 signa
709 4841 925 4908 fecerit,
958 4846 1015 4898 et
1043 4840 1275 4915 reprobi
1305 4841 1365 4896 in
1396 4841 1492 4897 die
1513 4841 1724 4913 judicii
1759 4841 1842 4897 fo-

184 4930 269 4987 ris
300 4946 335 4986 a
366 4947 542 5004 regno
575 4930 814 4997 exclusi,
840 4931 1070 4987 dicant:
1098 4932 1341 4998 Domine,
1373 4946 1555 4987 nonne
1582 4932 1643 4985 in
1670 4932 1845 4985 nomi-

186 5036 256 5077 ne
286 5028 381 5076 tuo
406 5019 870 5092 prophetavimus,
903 5025 956 5077 et
986 5022 1043 5076 in
1074 5028 1168 5077 tuo
1197 5021 1417 5077 nomine
1464 5021 1641 5077 multa
1683 5021 1845 5089 signa

235 5145 383 5270 ⁸(314)
412 5143 553 5225 Mss.
582 5148 636 5227 ξ,
670 5145 944 5201 Ninevita.
976 5148 1064 5202 An
1088 5164 1123 5203 a
1149 5147 1356 5204 Niniva
1404 5149 1687 5231 Flandrize
1740 5167 1845 5233 op-

235 5234 247 5270 I
294 5233 352 5270 0.
392 5216 581 5270 medio
603 5222 756 5270 mter
778 5217 1076 5270 Bruxellas
1093 5223 1150 5270 et
1168 5219 1554 5270 Aldennrdam
1582 5238 1639 5270 In
1663 5238 1843 5270 comi-

193 5216 352 5288 pido,
392 5216 581 5271 medio
603 5216 756 5272 inter
778 5217 1076 5273 Bruxellas
1093 5223 1150 5274 et
1167 5219 1555 5277 Aldenardam
1582 5221 1640 5275 in
1663 5216 1843 5276 conii-

188 5295 309 5344 tatu
349 5285 692 5345 Alostensi?
722 5289 927 5346 Petrus
976 5289 1242 5346 Damiani
1290 5293 1445 5364 apud
1495 5292 1843 5349 Bollandum

1952 4480 2059 4534 bos
2091 4478 2406 4551 aliquando
2438 4498 2571 4535 cum
2604 4480 2805 4537 electis
2852 4481 3087 4538 habere.
3121 4483 3344 4539 Tamen
3376 4501 3448 4542 ne
3477 4501 3610 4542 nos-

1953 4572 2042 4623 ter
2071 4567 2236 4623 Odilo
2267 4570 2339 4623 ab
2365 4568 2471 4624 hac
2510 4569 2686 4625 etiam
2734 4570 2927 4643 gratia
2968 4570 3330 4640 excludatur,
3358 4571 3609 4629 dicenda

1953 4661 2093 4711 sunt
2122 4674 2310 4728 pauca
2332 4658 2402 4713 de
2435 4657 2795 4730 multis,quae
2825 4658 3112 4716 Dominus
3160 4664 3357 4718 noster
3379 4662 3452 4718 ad
3476 4660 3605 4718 lau-

1952 4746 2086 4801 dem
2118 4749 2174 4802 et
2204 4745 2448 4819 gloriam
2482 4752 2738 4815 suam,et
2759 4749 2831 4803 ad
2864 4747 3023 4806 illius
3053 4754 3333 4823 meritum
3356 4748 3605 4805 homini-

1951 4835 2063 4890 bus
2094 4836 2788 4904 connnendandum,ante
2821 4841 3161 4907 mortem,et
3188 4841 3323 4911 post
3350 4841 3601 4894 mortem

1953 4923 2232 4996 dignatus
2263 4923 2341 4979 sit
2368 4925 2791 4981 demonstrare.

1951 5153 2128 5210 habet
2149 5155 2428 5211 Juvcnela.

2026 5228 2139 5296 (15)
2170 5227 2305 5282 Cod.
2341 5228 2401 5283 S.
2433 5227 2628 5285 Germ.
2656 5228 2943 5285 miraculis
2974 5231 3297 5287 novitatum.

1728 5526 2098 5538 α*-
