4054 6158
479 269 598 336 915

1396 273 1464 336 S.
1511 271 1878 338 ODILONIS
1923 270 2482 337 CLUNIACENSIS
2525 271 2854 336 ABBATlS
2897 274 2974 338 V.

3725 278 3829 343 916

1453 533 1858 622 INCIPIT
1917 534 2242 622 LIBER
2311 533 2922 626 SECUNDUS

483 769 617 828 CAP.
652 768 694 826 Ι,
725 800 793 810 -
821 766 1096 838 Quomodo
1126 765 1398 840 quondam
1424 783 1562 838 puer
1591 767 1852 822 liberatus
1880 766 1954 822 sit
1982 764 2130 820 divi—
2245 767 2300 822 et
2349 769 2538 821 mater
2581 765 2900 824 Salvatoris
2943 768 3206 824 omnium
3257 766 3616 835 seculorum,
3654 768 3718 826 ab
3761 769 3844 828 ho-

835 841 990 895 m’tus
1018 856 1053 894 a
1073 839 1404 909 gravissima
1428 840 1771 910 inﬁrmitate.

557 948 622 1004 In
653 947 886 1003 exordio
914 963 1050 1002 vero
1079 945 1365 1001 virtutum
1391 943 1860 1014 ejus,dicendum
1885 947 1974 998 est
1993 942 2136 1014 quid

485 1037 569 1093 illi
600 1035 907 1109 contigerit
935 1051 1070 1091 cum
1109 1035 1302 1090 adhuc
1351 1050 1496 1106 puer
1542 1038 1716 1099 esset,
1752 1033 1909 1105 quod
1941 1049 2013 1087 ne
2043 1031 2137 1087 cui

484 1127 754 1182 videatur
801 1123 1160 1188 incredibile,
1189 1123 1260 1178 ab
1304 1122 1448 1195 ipsis
1497 1123 1701 1195 agnovi
1749 1122 1966 1194 quibus
2015 1120 2139 1193 ipse

489 1215 696 1274 solitus
727 1218 852 1270 erat
881 1231 1138 1270 narrare.
1171 1213 1322 1268 Dum
1352 1211 1545 1268 adhuc
1576 1210 1860 1283 puerulus
1884 1210 1943 1266 in
1965 1211 2139 1266 domo

490 1304 676 1379 patris
705 1304 1050 1367 nutriretur,
1081 1305 1398 1374 antequam
1428 1299 1604 1356 etiam
1635 1298 1854 1355 scholis
1879 1299 2136 1365 daretur,

490 1393 734 1465 contigit
756 1397 820 1448 ut
847 1393 1247 1447 membrorum
1279 1389 1544 1446 omnium
1587 1404 1730 1460 pene
1780 1387 1992 1443 virtute
2021 1387 2140 1460 pri-

487 1487 741 1548 varetur,
774 1480 1199 1552 incedendique
1227 1478 1312 1535 vel
1341 1495 1444 1551 per
1472 1495 1534 1534 se
1565 1477 1832 1532 movendi
1867 1477 1918 1532 ei
1953 1475 2142 1548 possi-

490 1571 687 1627 bilitas
715 1567 1277 1643 negaretur.Accidit
1307 1584 1440 1622 vero
1461 1567 1714 1639 quadam
1737 1566 1830 1620 die
1858 1564 2139 1620 familiam

492 1660 676 1734 patris
702 1660 830 1731 ejus
860 1659 932 1714 de
962 1658 1088 1714 loco
1118 1659 1188 1713 ad
1239 1657 1432 1712 locum
1479 1654 1718 1721 mutari,
1749 1659 1806 1710 et
1853 1654 2140 1708 infantem

492 1749 604 1807 sub
634 1747 900 1805 custodia
929 1746 1174 1802 nutricis
1206 1744 1568 1802 servulorum
1613 1742 1940 1800 ministerio
1975 1743 2140 1812 baju-

492 1836 622 1894 lari.
654 1838 919 1909 Cumque
949 1836 1005 1891 in
1037 1835 1230 1891 medio
1260 1833 1466 1890 itinere
1495 1833 1569 1888 ad
1601 1832 1919 1904 quamdam
1958 1830 2142 1887 eccle-

493 1927 640 1984 siam
662 1925 726 1982 in
752 1927 972 1982 honore
1003 1923 1106 1980 Dei
1149 1922 1449 1996 genitricis
1500 1920 1694 1977 Mariae
1744 1924 2143 1976 consecratam

491 2015 884 2082 divertissent,
916 2015 1314 2087 deposuerunt
1336 2009 1646 2084 puerulum
1674 2026 1808 2066 cum
1831 2008 2145 2064 sarcinulis

2247 854 2453 910 dierna
2481 854 2574 910 die
2605 859 2662 910 et
2691 855 2966 929 deinceps
2997 873 3088 912 me
3127 856 3187 912 in
3232 861 3332 912 tuo
3379 857 3610 912 servitio
3653 857 3846 924 habeto,

2247 947 2424 1014 atque
2474 943 2532 998 in
2583 944 2860 1000 omnibus
2913 945 3060 1001 meis
3103 945 3315 1012 causis,
3349 945 3853 1006 misericordissima

2247 1031 2318 1086 ad
2334 1031 2613 1098 vocatrix,
2643 1032 2788 1088 mihi
2821 1049 3053 1106 semper
3087 1034 3306 1090 adesto.
3340 1033 3476 1090 Post
3517 1034 3690 1092 Deum
3727 1037 3852 1092 enim

2249 1136 2284 1175 a
2315 1120 2488 1176 modo
2519 1119 2664 1176 nihil
2697 1121 2800 1177 tibi
2831 1127 3187 1195 praepono,et
3209 1121 3510 1179 ultroneus
3533 1122 3590 1178 in
3618 1129 3853 1182 aeternum

2249 1208 2854 1282 meipsum,tanquam
2887 1211 3190 1284 proprium
3220 1216 3583 1279 servum,tuo
3613 1215 3858 1286 mancipa-

2251 1296 2338 1352 tui
2369 1299 2555 1353 trado.
2587 1299 2716 1354 Haec
2739 1300 2809 1356 de
2830 1300 3083 1372 pueritia
3101 1301 3228 1372 ejus
3250 1300 3407 1356 dicta
3428 1300 3858 1370 sufficiant,nunc

2248 1386 2602 1442 veniendum
2633 1391 2723 1442 est
2751 1389 2821 1443 ad
2855 1388 2955 1444 illa
2984 1405 3132 1461 quae,
3147 1391 3274 1461 jam
3305 1389 3363 1444 in
3388 1390 3708 1462 perfectiori
3727 1397 3860 1449 :etale

2252 1474 2482 1547 positus
2531 1480 2589 1531 et
2642 1475 2924 1549 regimine
2977 1477 3224 1534 abbatis:
3283 1477 3614 1546 decoratus,
3660 1479 3863 1535 Domino

2251 1567 2597 1635 cooperante
2631 1565 2848 1621 fecerit.
2878 1565 3096 1621 Verum
3138 1565 3395 1639 plurima
3439 1583 3568 1638 quae
3613 1567 3669 1623 in
3713 1569 3864 1640 prima

2251 1652 2440 1708 fronte
2468 1653 2734 1709 dicturus
2765 1671 2896 1709 sum
2930 1655 3055 1726 ipse
3089 1673 3199 1710 non
3232 1655 3372 1719 vidi,
3398 1656 3504 1711 sed
3535 1656 3750 1712 duobus
3767 1675 3863 1712 Ino-

2252 1740 2459 1796 nachis
2479 1741 2803 1812 ejus,Petro
2825 1743 3092 1799 videlicet
3113 1744 3454 1800 monasterii
3480 1745 3661 1800 sancti
3686 1745 3862 1812 Maioli,

2251 1829 2408 1900 quod
2441 1830 2596 1902 apud
2633 1829 2867 1902 Papiam
2896 1835 2986 1888 est
3015 1831 3348 1904 praeposito,
3367 1833 3497 1889 viro
3527 1831 3737 1889 scilicet
3761 1834 3862 1890 reli-

2253 1915 2418 1989 gioso
2449 1922 2504 1972 et
2533 1919 2675 1990 Syro
2707 1920 2820 1992 (l3)
2851 1920 3162 1992 cujusdam
3197 1920 3548 1976 monasterii
3577 1922 3867 1995 abbate,per

2253 2006 2690 2062 adnotationem
2727 2007 2922 2064 fratris
2959 2007 3217 2075 l’osonis,
3241 2009 3406 2064 mirae
3439 2008 3808 2081 simplicitatis
3825 2017 3866 2066 et

491 2109 628 2162 ante
651 2105 866 2161 ostium
895 2103 1158 2174 ejusdem
1191 2100 1466 2158 ecclesias.
1501 2101 1674 2154 Erant
1704 2101 1900 2153 autem
1933 2099 2145 2156 domus
2175 2134 2224 2200 Β
2254 2093 2600 2150 innocentiae
2625 2095 3075 2162 monachi,sicut
3096 2114 3441 2170 rogaveram
3467 2098 3611 2154 dum
3632 2099 3732 2154 hoc
3753 2116 3869 2172 opus

492 2194 827 2263 adjacentes
855 2191 1044 2248 eidem
1075 2188 1351 2257 basilicae,
1378 2188 1436 2242 in
1488 2187 1705 2258 quibus
1754 2202 1991 2242 necesse
2020 2189 2144 2242 erat

489 2280 610 2338 illis
640 2281 907 2353 quaedam
933 2277 1206 2336 victualia
1232 2293 1508 2350 quaerere.
1537 2275 1688 2330 Dum
1736 2291 1871 2330 vero
1920 2274 2144 2330 diutius

493 2369 552 2425 in
583 2367 679 2425 his
707 2365 1378 2440 implicarentur,videns
1401 2380 1464 2420 se
1483 2380 1626 2436 puer
1639 2361 1828 2419 solum
1850 2362 2140 2430 relictum,

489 2455 876 2530 inspiratione
900 2455 1096 2510 divina
1137 2457 1439 2520 attractus,
1471 2451 1645 2523 cmpit
1690 2455 1916 2507 tentare
1945 2450 1997 2507 si
2028 2467 2144 2523 quo

493 2545 668 2603 modo
698 2545 772 2602 ad
802 2543 1020 2601 ostium
1051 2545 1249 2616 posset
1277 2540 1568 2606 accedere,
1601 2543 1660 2595 et
1705 2538 2012 2596 ecclesiam
2042 2539 2144 2595 Dei

492 2632 802 2692 Genitricis
824 2632 1061 2690 intrare.
1095 2633 1294 2704 Itaque
1323 2630 1538 2685 virtute
1577 2646 1693 2700 qua
1738 2633 1984 2700 poterat,
2014 2645 2144 2684 ma-

491 2722 669 2782 nibus
699 2727 757 2780 et
786 2720 1034 2796 pedibus
1067 2718 1596 2792 reptando,ostium
1620 2715 2142 2788 attigit,ecclesiam

490 2811 750 2879 intravit,
785 2811 858 2866 ad
903 2809 1083 2866 altare
1132 2823 1320 2879 usque
1368 2806 1648 2880 pervenit,
1677 2804 1891 2878 pallam
1940 2804 2144 2862 altaris

492 2899 768 2959 manibus
799 2897 1080 2971 arripuit;
1112 2897 1322 2952 deinde
1369 2911 1604 2952 summo
1651 2895 1958 2950 conamine
2004 2894 2143 2950 bra-

492 2989 642 3046 chiis
667 2988 727 3044 in
754 2987 938 3044 altum
964 2984 1256 3060 protensis
1281 3000 1519 3057 surgere
1549 2983 1888 3049 conabatur,
1918 2983 2019 3038 sed
2044 3000 2144 3038 no-

493 3077 585 3134 dis
603 3077 702 3132 diu
722 3075 874 3133 male
888 3075 1085 3149 ligatis
1098 3073 1528 3130 retinebatur.V
1535 3071 1631 3127 icit
1645 3071 1880 3127 tandem
1895 3071 2138 3142 [al.cod.,

492 3167 712 3239 tamen[
746 3165 943 3221 divina
966 3164 1173 3231 virtus,
1208 3161 1612 3233 redintegrans
1637 3160 1798 3233 pueri
1830 3159 2142 3232 languidos

495 3258 859 3326 artus,atque
882 3251 1134 3308 mirabili
1159 3251 1332 3306 modo
1355 3249 1454 3305 Dei
1483 3247 1792 3306 Genitricis
1813 3249 2139 3304 interventu

495 3342 706 3416 surgit,
737 3345 796 3396 et
841 3344 958 3396 stat
1001 3356 1180 3412 super
1225 3339 1402 3410 pedes
1452 3353 1654 3404 sanus,
1687 3339 1745 3392 et
1788 3336 1849 3392 in
1892 3337 2139 3393 circuitu

495 3430 693 3486 altaris
723 3429 833 3484 hac
880 3427 1130 3500 illacque
1179 3425 1472 3482 discurrit.
1507 3424 1758 3480 Clientes
1804 3442 1936 3481 vero
1981 3431 2138 3498 post-

2254 2181 2593 2255 inciperem,
2629 2184 3014 2240 referentibus
3045 2186 3552 2258 agnovi.Fuerunt
3579 2187 3726 2243 enim
3757 2204 3870 2260 pra-

2255 2269 2396 2326 dicti
2431 2271 2637 2327 fratres
2669 2273 3001 2344 probabiles
3033 2273 3159 2341 viri,
3193 2275 3382 2347 patris
3417 2275 3680 2333 Odilonis
3706 2277 3870 2333 admo-

2254 2359 2398 2414 dum
2430 2359 3260 2429 familiarissimi,secretorum
3290 2363 3475 2420 etiam
3509 2363 3667 2421 illius
3691 2364 3744 2420 in
3770 2365 3871 2438 plu-

2255 2447 2421 2504 ribus
2450 2448 2690 2514 conscii,
2719 2454 2776 2504 et
2805 2449 3034 2506 itineris
3065 2451 3153 2506 vel
3180 2450 3406 2508 laboris
3438 2469 3544 2525 per
3567 2452 3740 2509 multa
3764 2458 3874 2510 tem-

2255 2552 2398 2608 pora
2422 2536 2584 2592 socii.
2619 2539 2982 2610 Quapropter
3011 2555 3080 2594 ea
3107 2555 3236 2611 quae
3265 2540 3339 2595 ab
3395 2539 3518 2596 illis
3569 2542 3870 2608 referuntur,

2255 2628 2420 2680 tanto
2448 2625 2750 2680 credibilia
2769 2630 3157 2698 sunt,quanto
3182 2625 3314 2684 illos
3335 2629 3669 2686 certissime
3687 2633 3873 2686 constat

2255 2730 2494 2769 narrare
2523 2713 2624 2769 illa
2655 2731 2780 2787 quae
2802 2715 2987 2771 oculis
3006 2717 3563 2784 viderunt,auribus
3583 2719 3871 2786 audierunt,

2254 2802 2531 2858 manibus
2561 2803 2738 2860 etiam
2767 2808 3366 2878 tractaverunt,atque
3392 2812 3462 2862 ut
3482 2811 3638 2864 certo
3657 2813 3873 2879 tempore

2254 2891 2426 2946 nobis
2455 2896 2510 2946 et
2543 2891 2746 2948 multis
2776 2896 2914 2948 nota
2943 2893 3165 2962 fierent,
3182 2895 3467 2966 prudenti
3491 2897 3602 2968 (17)
3625 2896 3872 2953 memoria

2253 2981 2828 3036 commendaverunt.
2862 2981 2996 3037 Ideo
3023 2999 3156 3038 vero
3187 2982 3338 3038 hanc
3389 2989 3653 3042 nostram
3684 2985 3871 3042 relatio-

2253 3083 2388 3122 nem
2416 3068 2808 3140 probabilium
2839 3069 3096 3126 virorum
3127 3072 3496 3130 testimoniis
3527 3074 3872 3148 cingimus,ne

2251 3156 2324 3210 ab
2355 3156 2586 3213 aemulis
2614 3159 2803 3230 gratia
2831 3159 3182 3232 cujusquam
3216 3160 3383 3216 falsae
3419 3163 3763 3218 adulationis
3779 3163 3872 3217 hac

2251 3244 2490 3301 finxisse
2529 3247 2888 3318 judicemur.
2921 3249 3084 3304 Sicut
3128 3249 3284 3304 enim
3334 3251 3553 3308 Gallus
3580 3252 3637 3308 in
3669 3251 3870 3324 Sulpicii

2250 3333 2441 3390 Severi
2472 3339 2529 3390 et
2563 3335 2960 3392 Posthumiani
3015 3337 3244 3410 dialogo
3295 3340 3483 3396 refert
3529 3342 3601 3397 de
3647 3341 3871 3404 Martino,

2250 3438 2365 3478 non
2410 3422 2635 3495 indiget
2683 3427 2747 3478 ut
2794 3425 3114 3482 mendaciis
3163 3433 3476 3484 asseratur
3519 3429 3701 3500 Odilo,
3730 3444 3870 3502 quem

490 3519 732 3574 modum
766 3517 838 3572 ad
869 3499 1132 3572 sarcinas
1161 3516 1492 3578 redeuntes,
1525 3519 1580 3568 et
1610 3530 1852 3584 puerum
1899 3531 2012 3569 non
2040 3513 2134 3570 in-
2165 3499 2209 3565 C
2247 3509 2514 3568 Christus
2538 3513 2688 3583 jam,
2721 3518 2786 3568 ut
2814 3512 2910 3586 pia
2954 3513 3067 3570 ﬁde
3115 3515 3442 3584 credimus,
3477 3499 3801 3590 gloriﬁcavit
3825 3517 3869 3570 in

486 3606 808 3674 venientes,
843 3603 1037 3660 mirati
1068 3601 1233 3658 valde
1260 3607 1561 3674 cmperunt
1597 3601 1764 3656 illum
1800 3603 2016 3675 ubique
2045 3601 2133 3659 lo-

486 3710 689 3752 corum
737 3693 1065 3765 requirere;
1097 3696 1155 3747 et
1196 3707 1313 3746 non
1365 3690 1620 3757 invento,
1649 3689 1824 3744 nimis
1875 3691 2026 3746 inter
2071 3710 2134 3749 se

481 3780 1098 3846 conturbati,tandem
1145 3797 1284 3836 casu
1331 3777 1636 3835 ecclesiam
1685 3777 2000 3845 introeunt,
2032 3797 2132 3836 va-

479 3875 716 3945 gantem
748 3873 806 3927 et
831 3867 1255 3926 discurrentem
1287 3883 1388 3940 per
1407 3865 1714 3922 ecclesiam
1738 3868 2126 3940 conSpiciunt,

477 3958 686 4016 divina
729 3959 962 4014 virtutis
1023 3955 1342 4030 potentiam
1403 3959 1845 4028 rccognoscunt,
1879 3973 2126 4028 puerum

474 4046 792 4105 laetabundi
817 4047 878 4104 in
922 4045 1079 4103 ulnis
1121 4044 1436 4117 accipiunt,
1469 4061 1584 4116 quo
1634 4044 1950 4100 tendebant
1997 4062 2126 4117 per-

471 4137 718 4194 veniunt
740 4139 915 4208 atque
935 4133 1276 4208 parentibus
1300 4131 1656 4188 incolumem
1680 4135 1738 4187 et
1757 4149 1966 4188 sanum
1989 4149 2124 4188 cum

473 4241 690 4299 magna
717 4223 918 4280 laetitia
963 4223 1238 4279 reddunt.
1269 4221 1626 4277 Ostendebat
1664 4221 1790 4292 jam
1839 4220 2122 4279 Dominus

471 4313 532 4370 in
563 4329 767 4385 puero,
811 4327 988 4385 quam
1038 4316 1243 4382 gratus
1295 4313 1352 4364 et
1399 4313 1671 4380 acceptus
1719 4309 1829 4363 sibi
1883 4310 2121 4366 deberet

469 4417 598 4458 esse
630 4401 688 4456 in
723 4401 937 4466 futuro,
967 4415 1142 4471 quem
1175 4398 1426 4453 necdum
1460 4413 1604 4470 pene
1643 4396 2000 4468 loquentem,
2028 4400 2117 4454 vel

467 4488 666 4560 aliqua
729 4488 1179 4554 discernentem,
1249 4485 1704 4541 misericorditer
1766 4485 2032 4542 liberavit
2081 4505 2116 4542 a

466 4581 641 4632 tantae
699 4574 1110 4631 contractionis
1167 4573 1417 4630 vinculo.
1453 4574 1589 4629 Erat
1640 4579 1836 4630 autem
1895 4592 2117 4647 praesa-

463 4666 627 4739 gium
653 4663 754 4720 Dei
791 4662 1102 4720 Genitricis
1150 4661 1416 4730 ecclesia,
1450 4678 1628 4734 quam
1679 4662 1803 4735 ipse
1849 4663 1992 4718 dum
2039 4665 2112 4719 ad

461 4753 709 4810 liberam
762 4751 1066 4809 scientiam
1125 4756 1184 4807 et
1237 4755 1464 4807 aetatem
1523 4752 1802 4822 pervenit,
1837 4753 2112 4809 omnibus

459 4843 608 4900 votis
667 4841 888 4908 dilexit,
929 4840 1111 4897 coluit
1165 4845 1344 4909 atque
1401 4856 1505 4912 pro
1561 4840 1784 4894 viribus
1838 4839 1895 4894 in
1949 4841 2108 4896 omni

458 4932 576 4987 vita
601 4949 710 4988 sua
737 4929 1099 5002 gloriﬁcavit.
1135 4930 1400 4985 Refertur
1427 4928 1600 4984 etiam
1635 4929 1788 5000 quod
1815 4930 1940 4998 jam
1973 4931 2114 4984 adu-

460 5017 580 5077 ltus
609 5025 800 5091 aetate,
836 5021 894 5076 in
927 5017 1238 5075 ecclesiam
1265 5017 1442 5073 simili
1478 5017 1651 5072 modo
1683 5018 1740 5073 in
1773 5017 1990 5074 honore
2013 5019 2110 5076 Dei

459 5109 769 5165 Genitricis
820 5112 1220 5166 consecratam
1288 5105 1607 5173 intraverit,
1665 5113 1722 5162 et
1777 5106 1938 5162 nullo
1997 5107 2110 5164 alio

459 5195 572 5251 nisi
600 5197 716 5252 Deo
759 5201 922 5263 teste,
956 5197 1340 5269 semetipsum
1388 5194 1534 5252 collo
1584 5195 1981 5268 mancipatum
2027 5198 2112 5253 ei-

457 5283 590 5340 dem
656 5283 825 5340 altari
893 5285 1198 5341 tradiderit
1251 5285 1498 5342 dicens:
1532 5285 1576 5342 O
1629 5283 1897 5356 piissima
1949 5287 2108 5359 virgo

525 5408 636 5479 (16)
667 5407 860 5492 Aliqui
907 5407 1746 5492 00914;..hab2ntﬁynq'ze-.Hic
1795 5425 1966 5492 rem?
2014 5416 2108 5492 est

453 5481 635 5551 Syrus
665 5479 868 5551 abbas,
899 5480 998 5551 qui
1028 5479 1222 5551 Vitam
1245 5481 1304 5536 S.
1329 5479 1520 5537 Maioli
1544 5481 1601 5536 in
1627 5479 1848 5536 litteras
1882 5481 2102 5539 retulit.

520 5551 634 5624 (17)
663 5550 880 5610 Avulso
910 5548 1004 5606 hic
1034 5550 1094 5607 in
1125 5551 1323 5609 codice
1372 5557 1571 5611 nostro
1600 5553 1656 5610 S.
1693 5552 1888 5610 Gcrmi
1938 5551 2101 5623 folio,

2243 3599 2408 3666 cmlo,
2466 3606 2647 3674 atque
2702 3601 2950 3657 diversis
3007 3603 3291 3660 virtutum
3353 3605 3555 3679 signis
3612 3606 3871 3664 celebriter

2241 3692 2613 3746 commendat
2642 3691 2700 3746 in
2729 3692 2969 3747 mundo.
3005 3691 3171 3748 Absit
3199 3694 3364 3749 enim
3412 3713 3508 3752 me
3562 3697 3670 3751 nisi
3700 3695 3807 3751 visa
3825 3699 3869 3748 et

2240 3782 2494 3850 experta,
2524 3783 2582 3835 et
2607 3797 2643 3835 a
2665 3779 2938 3836 ﬁdelibus
2962 3781 3228 3852 personis
3253 3781 3378 3839 sive
3405 3783 3639 3841 idoneis
3660 3783 3868 3840 testibus

2239 3865 2438 3936 relata,
2473 3867 2544 3924 de
2573 3873 2736 3925 tanto
2768 3869 2888 3924 viro
2921 3868 3141 3942 aliquid
3168 3871 3546 3929 mendaciter
3576 3873 3777 3947 fingere
3799 3867 3865 3926 vel

2239 3971 2496 4012 narrare.

2574 4047 2705 4102 CAP.
2744 4047 2814 4101 11.
2848 4077 2913 4088 —
2947 4047 3020 4102 De
3047 4062 3188 4103 caeco
3219 4049 3568 4107 illuminato.

2306 4131 2514 4190 Exiens
2541 4135 2793 4206 quodam
2819 4140 3080 4208 tempore
3104 4135 3496 4195 beatissimus
3513 4144 3674 4212 pater
3687 4135 3870 4195 Odiloa

2237 4219 2514 4278 Cluniaco
2547 4222 2921 4280 celeberrimo
2953 4223 3337 4296 loco,devenit
3369 4228 3446 4284 ad
3472 4228 3773 4301 quemdam
3793 4223 3866 4281 sui

2221 4309 2378 4380 juris
2409 4309 2746 4376 locum,non
2772 4311 2943 4386 longe
2965 4313 3039 4368 ab
3059 4314 3262 4370 eodem
3297 4317 3666 4372 monasterio
3693 4315 3863 4377 situm,

2231 4398 2466 4454 nomine
2500 4400 2910 4456 Bcsorniacum
2941 4402 3573 4483 [al.,Bersioniacum].
3607 4405 3754 4461 More
3775 4402 3863 4459 sibi

2227 4491 2506 4544 consueto
2537 4488 2842 4545 ecclesiam
2869 4490 3126 4562 petiit,ut
3148 4491 3386 4548 Christo
3415 4493 3662 4551 Domino
3681 4489 3866 4566 persol-

2223 4580 2382 4632 veret
2409 4581 2541 4632 vota
2569 4577 2897 4633 orationum
2931 4597 2944 4634 :
2981 4579 3114 4635 inde
3144 4597 3207 4635 se
3237 4580 3492 4638 domum
3519 4582 3859 4655 recepitque

2223 4663 2334 4736 ipsi
2369 4663 2625 4720 ecclesitc
2656 4666 2933 4740 contigua
2959 4667 3209 4723 videtur.
3227 4673 3491 4726 Accenso
3513 4676 3704 4727 autem
3730 4669 3857 4741 igne.

2221 4752 2360 4825 quia
2389 4753 2579 4826 frigus
2608 4756 2934 4828 erat,coepit
2963 4757 3221 4812 sedendo
3239 4757 3478 4829 gelidos
3499 4765 3664 4814 artus
3685 4756 3859 4814 calefa-

2147 4861 2190 4927 ι)
2221 4841 2756 4898 cere.Postmodum
2787 4861 2920 4900 vero
2953 4845 3257 4900 oculorum
3285 4847 3466 4903 orbes
3499 4847 3610 4904 hac
3639 4846 3858 4916 illacque

2219 4929 2771 5004 volvens,conspicit
2799 4932 3033 4990 eminus
3063 4950 3336 5007 puerum,
3362 4937 3543 5008 cujus
3574 4933 3730 4992 faciei
3756 4932 3858 4989 effl-

2221 5018 2376 5091 giem
2410 5017 2655 5090 pulchra
2685 5037 2895 5077 manus
2926 5021 3166 5094 superni
3196 5022 3429 5096 Opificis
3461 5025 3727 5080 decoram
3746 5020 3856 5076 clie-

2221 5112 2396 5162 cerat.
2433 5108 2754 5181 lnterrogat
2779 5110 2911 5183 quis
2941 5115 3115 5167 esset.
3147 5111 3328 5167 Aiunt
3375 5113 3810 5168 circumstantes
3836 5124 3849 5160 :

2219 5195 2530 5252 Servitutis
2559 5197 2788 5254 vinculo
2838 5199 2898 5253 in
2949 5204 3161 5266 vestro,
3192 5200 3455 5267 domine,
3502 5201 3728 5258 servitio
3763 5215 3849 5253 an-

2219 5301 2401 5340 nexus
2432 5287 2757 5342 tenetur.Et
2788 5291 3027 5345 sanctus
3060 5306 3072 5344 :
3102 5288 3671 5361 Quomodo,inquit?
3691 5285 3847 5343 Pilius

2217 5409 2434 5484 hiatus,
2464 5411 2562 5482 qui
2597 5410 2889 5484 interdum
2923 5405 3238 5470 occurrunt
3267 5413 3323 5469 in
3351 5413 3637 5471 Thuaneo
3679 5424 3842 5484 usque

2215 5483 2286 5537 ad
2319 5499 2444 5554 cap.
2478 5485 2512 5538 5
2542 5483 2800 5556 suppleri
2834 5501 2949 5540 non
2979 5490 3315 5558 potuerunt.
