4054 6158
238 266 349 335 οη

1602 279 1810 346 VITA.
1855 314 1933 327 --
1978 279 2136 343 LIB.
2183 278 2266 343 II.

3537 294 3654 366 918

237 410 335 475 est,
362 402 652 480 inquiunt,
683 409 864 470 villici
893 410 1091 482 vestri,
1125 411 1382 505 quiilicct
1410 412 1680 473 videatur
1707 413 1869 505 deco-
1896 413 1952 483 Α
1979 412 2158 505 dum.
2188 408 2449 487 Expletis
2482 413 2681 493 itaque
2727 419 2887 481 illius
2932 423 3047 483 diei
3078 425 3265 486 sacris
3296 428 3649 505 hymnorum

233 514 325 554 rus
371 502 625 571 aspectu,
665 506 823 559 caret
872 506 1069 561 tamen
1124 504 1423 561 oculorum
1471 504 1624 560 visu.
1658 504 1867 561 Tacuit

230 587 408 645 Deifer
435 586 622 659 heros,
654 595 707 646 et
742 592 1012 648 animum
1045 595 1113 649 ad
1148 611 1312 668 spem
1344 595 1690 663 reformans,
1722 593 1864 649 Alti-

227 676 473 734 tonantis
507 677 878 737 clementiam
910 683 1089 739 tacita
1117 700 1285 757 prece
1317 685 1565 741 invocat.
1591 685 1657 740 Et
1686 685 1865 740 advo-

226 784 357 825 cans
386 766 708 839 parvulum,
742 770 1046 828 damnatis
1088 774 1342 829 caecitate
1390 772 1577 829 oculis
1626 773 1862 846 signum

225 856 552 929 imprimens
574 857 891 916 Dominicae
918 862 1270 936 crucis,quae
1293 867 1504 918 natura
1535 862 1732 917 minus
1764 862 1862 917 de-

222 949 391 1012 derat,
415 945 690 1003 virtutum
715 949 838 1005 Deo
860 956 1232 1022 cooperante,
1253 951 1408 1007 illico
1433 952 1860 1008 accommodat.

223 1037 448 1107 Moxque
495 1035 790 1093 videntem
856 1039 1104 1095 remittit
1160 1042 1229 1097 ad
1281 1040 1515 1113 propria
1568 1046 1857 1096 ovantem.

221 1125 439 1182 Amabat
466 1125 624 1181 enim
653 1143 900 1199 pueros,
937 1146 1050 1185 non
1107 1129 1410 1186 lasciviam
1468 1136 1722 1201 sectans,
1757 1131 1857 1187 sed

217 1214 383 1270 etatis
407 1213 806 1272 innocentiam
845 1218 940 1290 pie
971 1218 1028 1272 in
1063 1217 1181 1275 illis
1206 1219 1855 1292 amplexans.............

214 1305 397 1361 talium
421 1310 496 1359 est
529 1306 680 1359 enim
724 1322 967 1375 regnum
1012 1308 1272 1363 cmiormn
1301 1309 1510 1374 (Matth.
1546 1313 1679 1379 xxx).
1717 1308 1858 1373 Quis

210 1394 465 1468 loquetur
486 1393 781 1465 magnalia
795 1395 1142 1462 Dei,fratres
1163 1397 1857 1454 charissimi?Cernimus

208 1502 450 1558 namque
477 1483 697 1557 impleri
725 1483 1059 1541 veridicum
1094 1486 1321 1542 dictum
1352 1486 1596 1542 Christi:
1625 1487 1731 1555 Qui
1744 1504 1857 1543 cre-

202 1576 280 1631 dit
308 1578 483 1639 inme,
516 1589 669 1645 Opera
719 1589 858 1645 quae
903 1591 998 1642 ego
1041 1576 1194 1644 facio
1233 1584 1284 1631 et
1325 1578 1439 1648 ipse
1483 1579 1650 1647 faciet
1676 1578 1849 1649 (Joan.

202 1684 253 1733 v,
282 1666 389 1731 36).
419 1664 544 1738 Egit
571 1663 808 1736 quidem
845 1663 1037 1720 simile
1088 1682 1243 1737 opus
1294 1669 1504 1736 potens
1535 1665 1853 1722 Salvatoris

200 1756 443 1821 dextera,
476 1769 848 1810 commorans
899 1753 955 1808 in
1013 1771 1194 1810 carne
1252 1755 1513 1811 humana
1546 1772 1558 1810 :
1588 1760 1648 1810 et
1696 1772 1851 1810 nunc
1883 1791 1930 1855 Β

201 1845 395 1901 eodem
426 1842 637 1917 insigni
678 1842 964 1900 miraculo
996 1860 1235 1899 servum
1270 1861 1445 1899 suum
1477 1846 1854 1917 magniﬁcare

198 1934 466 2006 dignatus
496 1938 583 1989 est
613 1932 672 1988 in
705 1933 896 1989 nostri
926 1933 1213 2005 temporis
1244 1950 1382 2000 aevo,
1420 1939 1485 1989 ut
1515 1932 1682 1989 facile
1716 1935 1851 2005 quis

198 2023 519 2097 perdiscere
548 2025 743 2095 queat,
779 2023 984 2095 quanti
1020 2022 1412 2080 aestimandus
1439 2022 1516 2078 sit
1545 2022 1644 2093 qui
1678 2040 1850 2095 opere

195 2111 505 2176 consimili,
533 2112 779 2168 Domino
802 2111 1156 2168 saeculorum
1180 2127 1316 2185 rege
1337 2115 1700 2184 cooperante,
1726 2128 1849 2167 me-

192 2201 309 2258 ruit
338 2198 661 2257 sublimari.

378 2290 513 2346 CAP.
546 2290 642 2346 III.
674 2322 744 2330 ——
776 2292 851 2346 De
880 2306 1025 2361 aqua
1057 2291 1116 2345 in
1151 2291 1349 2345 vinum
1376 2306 1651 2345 conversa.

259 2380 509 2453 Degebat
539 2379 863 2452 aliquando
896 2382 1135 2435 sanctus
1167 2377 1335 2435 Odilo
1366 2378 1425 2433 in
1448 2379 1702 2451 quodam
1736 2396 1845 2434 suo

189 2469 470 2533 coenobio,
503 2469 661 2541 quod
694 2471 1074 2541 nuncupatur
1101 2469 1295 2524 Aurea
1323 2466 1514 2533 vallis,
1539 2467 1662 2523 loco
1685 2467 1843 2523 scili-

187 2563 276 2615 cet
297 2558 586 2630 religioso,
608 2563 668 2614 et
689 2558 938 2613 fratrum
962 2556 1081 2613 illic
1102 2557 1604 2613 commanentium
1624 2557 1845 2612 sancti-

187 2652 302 2704 tate
326 2647 792 2703 famoso.Aderat
815 2645 910 2702 ille
933 2646 1160 2718 primus
1180 2646 1842 2718 diesjejuniorum,qua3

187 2736 416 2793 Domini
450 2735 674 2791 Pascha
708 2735 1061 2808 praecedunt,
1096 2734 1155 2790 in
1189 2751 1305 2807 quo
1336 2739 1391 2790 et
1422 2734 1635 2790 cineris
1666 2751 1845 2805 super

183 2825 379 2897 capita
430 2825 731 2897 impositio
801 2823 1141 2896 suscipitur,
1202 2827 1260 2879 et
1331 2824 1527 2878 ardua:
1588 2822 1841 2894 inceptio

182 2913 553 2972 abstinentiae
585 2932 619 2969 a
650 2912 926 2968 ﬁdelibus
958 2912 1287 2969 inchoatur.
1308 2912 1408 2968 Dei
1433 2914 1627 2985 itaque
1651 2910 1842 2967 cultor

180 3007 529 3060 consuetum
568 3019 794 3058 morem
826 3001 1053 3073 explere
1081 3002 1348 3075 cupiens,
1380 3018 1512 3057 cum
1537 3002 1663 3073 jam
1693 2999 1841 3057 hora

178 3093 291 3148 diei
324 3110 485 3148 nona
533 3093 765 3157 fratres,
801 3091 1029 3147 modico
1088 3091 1219 3147 cibo
1281 3096 1569 3164 percepto,
1604 3089 1837 3146 lectioni

1973 501 2217 570 ofﬁciis,
2251 507 2522 593 consedit
2552 510 2747 568 senior
2767 529 2901 571 cum
2935 515 3222 574 fratribus
3253 520 3323 576 ad
3341 501 3648 593 vmensam,

1972 596 2041 649 ut
2073 592 2337 664 sumptis
2387 597 2653 656 ciborum
2705 602 2980 675 dapibus,
3012 606 3265 665 amissas
3310 592 3650 670 revocarent

1972 679 2155 736 vires.
2186 685 2365 739 Erant
2386 690 2579 744 autem
2608 690 3046 749 discumbentes
3070 695 3452 770 multi,atque
3474 702 3644 758 obse-

1972 774 2231 842 quentes
2263 788 2377 828 non
2412 778 2579 847 pauci
2600 797 2612 847 ;
2637 778 2789 835 inter
2809 798 2955 853 quos
2978 782 3215 855 quidam
3251 785 3473 844 fraudis
3504 806 3639 862 pos-

1972 876 2178 916 sessor
2208 877 2270 916 se
2299 862 2446 919 velle
2500 867 2743 940 obsequi
2790 870 3097 941 simulans,
3131 876 3403 946 captabat
3451 878 3638 935 oculis

1971 949 2276 1021 quomodo
2298 951 2521 1026 aliquid
2546 956 2737 1027 quiret
2760 958 2959 1015 furari.
2986 960 3239 1018 Cernens
3270 962 3450 1036 igitur
3470 983 3638 1039 map-

1970 1055 2111 1111 pam
2137 1055 2446 1111 operosam
2472 1061 2648 1116 super
2665 1046 2772 1101 viri
2797 1048 2895 1103 Dei
2920 1065 3203 1118 mensam,
3219 1050 3449 1110 illectus
3469 1056 3636 1128 cupi-

1969 1126 2157 1183 ditate
2204 1127 2474 1188 lethifera
2515 1134 2826 1191 anhelabat
2873 1142 3121 1208 patrare,
3157 1141 3311 1212 quod
3339 1126 3638 1215 cupiverat

1968 1215 2178 1289 iniqua
2204 1223 2418 1275 mente.
2455 1222 2771 1294 Postquam
2826 1240 2962 1297 ergo
3006 1231 3273 1300 exempta
3313 1234 3402 1286 est
3447 1232 3633 1288 fames

1967 1304 2162 1378 epulis
2192 1323 2528 1382 mensaeque
2560 1315 2699 1367 sunt
2725 1313 3110 1381 remotae,illis
3128 1334 3235 1373 sua
3256 1321 3625 1385 curantibus,

1966 1394 2063 1450 ille
2089 1393 2388 1469 malignus
2406 1416 2542 1455 casu
2576 1404 2864 1473 repertam
2889 1419 3162 1477 mappam
3195 1407 3389 1464 subito
3412 1407 3628 1482 rapuit,

1964 1487 2022 1539 et
2056 1484 2334 1541 discessit
2366 1488 2657 1557 festinato,
2692 1492 2957 1563 gaudens
2988 1493 3059 1549 de
3089 1494 3327 1551 inventa
3346 1496 3635 1570 praeda,et

1964 1572 2210 1646 ignarus
2242 1580 2464 1647 quanta
2495 1578 2603 1633 sibi
2639 1578 2697 1633 in
2730 1580 2993 1651 proximo
3026 1583 3223 1639 futura
3243 1591 3413 1642 erant
3439 1600 3633 1642 mem-

1962 1661 2200 1717 brorum
2235 1664 2607 1721 detrimenta.
2639 1666 2831 1722 Altera
2866 1686 2998 1724 vero
3050 1670 3142 1726 die
3193 1671 3339 1727 hora
3388 1685 3639 1744 compe-

1960 1751 2103 1805 tenti
2136 1753 2405 1824 apposita
2438 1770 2661 1820 mensa,
2694 1756 3013 1829 requiritur
3042 1760 3198 1831 quod
3231 1762 3464 1819 deerat.
3502 1762 3647 1822 Orto

1962 1837 2115 1895 inter
2145 1839 2388 1897 clientes
2426 1843 2498 1898 de
2538 1844 2759 1900 amissa
2803 1862 3016 1919 mappa
3045 1848 3420 1919 querelarum
3471 1868 3651 1915 mur-

1962 1943 2148 2022 mure,
2196 1929 2442 2003 dapsilis
2492 1932 2661 1987 Pater
2706 1933 2815 1988 hoc
2864 1935 3342 2008 parvipcndens:
3383 1942 3650 2022 Aﬁ‘erte,

1960 2016 2172 2089 inquit,
2194 2018 2390 2088 aliam,
2416 2023 2472 2075 et
2494 2037 2565 2076 ne
2585 2021 2699 2077 tale
2718 2021 2875 2078 aliud
2908 2023 3154 2080 ulterius
3194 2027 3430 2083 accidat
3465 2016 3647 2095 solli;

1958 2105 2055 2161 citi
2077 2112 2259 2163 estote
2283 2108 2337 2162 in
2360 2112 2850 2181 posterum........
2879 2114 3255 2184 postmodum
3287 2116 3471 2174 beato
3497 2125 3630 2187 viro

1958 2193 2133 2251 simul
2167 2212 2302 2252 cum
2337 2214 2490 2271 rege,
2525 2199 2822 2272 malignus
2852 2199 2950 2257 ille
2979 2218 3102 2257 rem
3128 2201 3283 2260 male
3314 2205 3628 2273 sublatam

1956 2283 2165 2339 detulit
2188 2285 2244 2340 in
2270 2286 2459 2341 forum
2483 2287 2775 2344 venalium
2799 2306 2995 2345 rerum
3017 2308 3030 2358 ;
3050 2291 3150 2345 sed
3176 2290 3424 2350 distrahi
3453 2300 3623 2358 nullo

1956 2373 2129 2428 modo
2160 2374 2367 2444 potuit,
2399 2375 2539 2447 quia
2569 2376 2677 2433 hoc.
2717 2376 2815 2433 ille
2861 2377 3104 2450 iniquus
3146 2380 3448 2453 possidere
3497 2404 3617 2446 non

1956 2462 2191 2517 meruit.
2223 2462 2437 2533 Semel,
2470 2464 2561 2520 bis
2590 2470 2793 2538 terque
2825 2467 3041 2523 frustra
3070 2474 3335 2538 conatus,
3369 2474 3609 2532 tandem

1954 2550 2165 2606 rubore
2212 2552 2420 2608 frontis
2470 2555 2750 2611 confusus
2798 2573 2994 2613 casam
3028 2558 3238 2630 repetit
3267 2559 3463 2616 inanis
3502 2578 3514 2617 :
3550 2569 3610 2621 et

1953 2656 2081 2695 ecce
2102 2639 2297 2695 divina
2330 2640 2474 2697 ultio
2505 2643 2819 2699 scelestum
2854 2645 3081 2701 facinus
3107 2646 3166 2701 in
3199 2647 3480 2719 injuriam
3508 2653 3601 2707 sui

1952 2728 2096 2782 servi
2127 2732 2523 2801 perpetratum
2566 2731 2855 2803 extemplo
2897 2733 3172 2789 vindicat.
3206 2736 3411 2793 Subito
3441 2738 3601 2796 enim

1952 2816 2225 2872 manibus
2257 2818 2625 2891 pedibusque
2650 2820 3136 2887 arefactis,miser
3155 2828 3213 2879 et
3241 2818 3599 2893 miserabilis

1950 2904 2125 2960 simul
2159 2922 2293 2961 cum
2327 2906 2481 2963 furto
2513 2908 2696 2963 sancti
2734 2908 3154 2983 Maioli[supple
3174 2914 3243 2968 ad
3263 2914 3596 2991 ecclesiam]

1948 2992 2226 3064 defertur,
2259 2996 2316 3049 in
2351 2999 2567 3051 terram
2617 2998 2872 3068 ponitur,
2906 3014 3120 3071 mappa
3167 3018 3300 3058 vero
3357 3021 3598 3061 sursum

1948 3083 2318 3155 appenditur.
2344 3084 2771 3141 Fitconcursus
2795 3086 3014 3159 populi,
3040 3089 3410 3163 constipatur
3424 3093 3603 3151 eccle-

174 3186 475 3247 vacarent,
507 3180 658 3236 clam
709 3180 903 3236 cinere
947 3180 1190 3254 impleto
1223 3162 1734 3252 pugillo—consedit
1763 3180 1836 3235 ad
1870 3162 1913 3229 C
1946 3173 2035 3228 sia
2088 3173 2464 3230 multitudine
2521 3175 2959 3245 innumerabili,
2994 3162 3270 3236 meritum
3318 3180 3599 3241 Odilonis

176 3287 473 3337 mensam,
498 3274 555 3326 et
579 3269 755 3343 ccepit
777 3270 1100 3325 secundum
1126 3268 1555 3342 Psalmigraphi
1586 3268 1838 3338 dictum,

172 3376 327 3433 pane
358 3359 539 3415 simul
563 3376 700 3415 cum
734 3358 931 3415 cinere
957 3360 1179 3415 fessum
1210 3375 1423 3431 corpus
1454 3360 1705 3414 reticere.
1742 3360 1836 3415 In-

174 3450 309 3505 nuit
348 3465 485 3503 vero
523 3448 757 3503 cuidam
791 3447 974 3515 fratri,
1000 3451 1064 3502 ut
1085 3447 1196 3503 sibi
1227 3464 1391 3519 aqua;
1414 3452 1614 3520 potum
1646 3448 1837 3505 defer-

172 3542 282 3605 ret,
328 3555 447 3609 quo
494 3536 815 3594 imbecilles
848 3540 1011 3592 artus
1043 3536 1206 3592 arido
1233 3536 1427 3593 edulio
1458 3542 1832 3594 sustentaret.

172 3625 394 3683 Attulit
422 3626 519 3681 ille
548 3626 702 3698 quod
727 3626 1008 3697 jusserat.
1036 3625 1111 3681 Ut
1151 3641 1286 3680 vero
1328 3625 1611 3698 applicuit
1638 3625 1834 3694 labiis,

172 3732 312 3772 ecce
334 3730 606 3787 saporem
627 3715 772 3770 odor
794 3731 957 3786 aquae
992 3713 1240 3770 contulit
1267 3711 1406 3780 vini,
1422 3714 1689 3771 substitit
1714 3714 1832 3783 ille,

173 3807 232 3859 et
263 3804 441 3874 quasi
486 3804 747 3875 ignarus,
780 3802 995 3857 iterum
1028 3802 1193 3857 fratri
1227 3804 1291 3856 ut
1319 3819 1532 3874 aquam
1565 3804 1833 3871 deferret,

175 3891 383 3948 innuit
402 3907 599 3946 manu.
622 3891 730 3955 Qui
752 3891 997 3946 miratus
1016 3908 1077 3947 se
1101 3908 1314 3963 aquam
1347 3891 1629 3948 obtulisse
1661 3892 1835 3966 signi-

174 3978 396 4035 ﬁcavit.
434 3981 693 4035 Tandem
741 3984 1017 4036 evacuato
1064 3996 1220 4048 vase,
1254 3980 1466 4037 iterum
1497 3981 1652 4038 idem
1684 3999 1837 4055 aqua

174 4067 425 4140 plenum
460 4068 669 4124 detulit
697 4068 874 4124 Patri.
906 4068 1114 4143 Attigit
1144 4068 1242 4125 ille
1273 4074 1683 4127 summotenus
1714 4089 1832 4140 ore,

171 4156 380 4212 denuo
436 4156 636 4212 vinum
688 4175 792 4230 pro
841 4173 995 4228 aqua
1039 4157 1212 4230 coepit
1258 4158 1534 4215 redolere.
1567 4159 1669 4214 Vir
1698 4177 1835 4234 ergo

172 4245 394 4300 beatus
437 4244 540 4300 Dei
582 4245 854 4317 pietatem
886 4262 1025 4318 erga
1054 4264 1114 4301 se
1140 4247 1589 4318 persentiscens,
1621 4248 1834 4304 humili

169 4333 491 4389 devotione
512 4335 665 4406 quod
689 4334 842 4389 Deus
865 4334 1104 4389 miserat
1124 4352 1357 4391 sumere
1378 4353 1492 4391 non
1524 4338 1832 4393 recusavit.

169 4422 543 4478 Ecce.........
569 4422 624 4479 in
662 4427 816 4479 Cana
847 4422 1076 4479 Galileea
1109 4423 1551 4481 convivantibus
1582 4427 1653 4481 de
1684 4443 1836 4498 aqua

170 4510 391 4566 vinum
422 4510 702 4567 exhibuit.
738 4512 904 4567 Nunc
949 4528 1083 4568 vero
1132 4511 1353 4568 famulo
1399 4531 1506 4569 suo
1537 4520 1743 4587 sponte
1774 4532 1836 4571 se
1864 4534 1912 4600 D

171 4604 439 4654 atterere
470 4599 703 4669 volenti,
738 4600 1049 4673 pallentem
1082 4600 1382 4674 lympham
1422 4602 1482 4657 in
1511 4604 1632 4659 vini
1667 4621 1836 4677 sapo-

168 4704 304 4744 rem
360 4690 659 4745 convertit.
692 4689 859 4755 Quali
905 4707 1039 4746 vero
1098 4690 1288 4746 cordis
1329 4691 1542 4762 jubilo,
1574 4692 1663 4748 vel
1720 4711 1837 4766 qua

168 4776 406 4832 mentis
430 4777 642 4834 ﬁducia
658 4779 1042 4835 aestimandus
1062 4783 1149 4835 est
1163 4782 1299 4835 tunc
1319 4780 1834 4853 tripudiasse,cum

155 4864 252 4922 ita
278 4865 362 4921 de
383 4884 449 4921 se
477 4866 655 4922 Deum
682 4885 886 4925 curare
908 4868 1311 4941 cognovisset?
1324 4869 1518 4925 Potuit
1536 4874 1670 4925 tunc
1684 4870 1838 4927 Psal-

154 4955 379 5010 mista:
409 4956 601 5011 verbis
631 4956 937 5012 concinere
969 4975 981 5014 :
1015 4959 1279 5013 Dominus
1314 4958 1578 5014 sollicitus
1605 4968 1682 5015 est
1705 4961 1833 5030 mei,

150 5043 252 5100 vel
294 5042 462 5098 sicut
485 5044 623 5099 alibi
655 5046 890 5111 dicitur,
922 5048 1188 5103 Dominus
1217 5064 1407 5102 curam
1434 5048 1593 5103 habet
1621 5050 1748 5104 mei.

336 5132 474 5188 CAP.
512 5133 599 5189 ιν.
633 5167 701 5175 ——
728 5137 805 5191 De
832 5138 981 5207 furto
1011 5136 1157 5207 apud
1180 5136 1416 5207 Papiam
1446 5138 1682 5194 invento.

234 5223 335 5277 Bo
366 5225 629 5294 tempore
660 5241 776 5296 quo
804 5225 1110 5281 Heinricus
1132 5241 1230 5279 rex
1260 5225 1329 5279 ad
1366 5241 1556 5281 arcem
1590 5227 1833 5283 Romani
1860 5247 1863 5251 ·

114 5326 119 5331 '
155 5310 415 5382 imperii
444 5310 774 5379 festinabat,
799 5318 862 5368 ut
879 5315 948 5369 de
971 5330 1147 5385 regno
1168 5313 1241 5367 ad
1266 5312 1574 5384 imperium
1600 5333 1836 5387 promo-

146 5402 437 5465 veretur,
471 5401 866 5458 comitabatur
894 5419 1027 5458 cum
1056 5419 1122 5456 eo
1154 5401 1529 5459 beatissimus
1564 5403 1748 5471 Odilo,
1780 5409 1838 5460 et

143 5486 623 5560 gloriosissima:
657 5490 916 5564 Virginis
949 5490 1311 5547 adorandum
1340 5496 1569 5562 partum
1605 5493 1836 5565 utrique

141 5576 792 5653 celebraveruntapud
820 5578 1458 5653 Papiam,ditissimum
1481 5580 1656 5636 Italiae
1680 5582 1838 5655 oppi-

1947 3262 2119 3335 quale
2143 3262 2219 3318 sit
2240 3264 2596 3336 agnoscitur,
2618 3268 2674 3320 et
2697 3266 2902 3323 beatus
2924 3266 3173 3325 Maiolus
3194 3272 3259 3324 ut
3282 3287 3452 3344 opem
3488 3273 3598 3328 mi-

1946 3369 2075 3408 sero
2110 3353 2254 3407 ferat
2283 3354 2546 3408 omnium
2580 3354 2729 3410 votis
2761 3360 3052 3412 exoratur.
3084 3358 3348 3415 Tandem
3398 3361 3600 3419 divina

1946 3441 2134 3514 pietas
2164 3439 2385 3496 inclitis
2418 3441 2895 3502 miserationibus
2927 3446 3209 3503 miserum
3240 3448 3429 3522 erigit,
3462 3451 3596 3508 bra-

1945 3530 2078 3587 chia
2101 3547 2427 3603 manusque
2460 3531 2651 3588 nativo
2685 3532 2930 3592 hu'nore
2947 3536 3264 3607 perfundit,
3282 3538 3452 3595 bases
3468 3541 3599 3612 ejus

1946 3624 2003 3676 et
2024 3620 2253 3693 plantas
2278 3619 2619 3689 consolidat,
2639 3620 2807 3694 isque
2824 3641 2960 3681 cum
2984 3626 3142 3681 omni
3171 3626 3385 3700 populo
3410 3629 3595 3686 Deum

1946 3708 2355 3783 magnificans,
2389 3710 2459 3765 ad
2489 3711 2721 3783 propria
2754 3718 2994 3770 remeat.

2204 3798 2336 3854 CAP.
2372 3798 2439 3853 V.
2472 3831 2540 3839 —
2570 3800 2704 3855 Item
2731 3800 2798 3855 de
2826 3804 2938 3859 alio
2964 3804 3141 3860 simili
3165 3806 3333 3876 furlo.

2013 3887 2266 3943 Alterius
2288 3887 2459 3943 etiam
2486 3886 2630 3943 furis
2654 3889 2828 3946 eﬂ‘era
2850 3908 3017 3948 mens
3039 3892 3230 3950 simile
3250 3895 3596 3968 direptionis

1945 3977 2230 4032 damnum
2264 3974 2596 4049 supradicto
2627 3977 2777 4031 Patri
2807 3978 3019 4037 inferre
3050 3981 3254 4038 molita
3283 3988 3596 4042 est.Mora-

1945 4065 2119 4121 batur
2138 4081 2392 4136 namque
2406 4064 2532 4136 jam
2556 4064 2710 4120 fatus
2736 4066 2903 4122 Pater
2921 4067 2981 4123 in
3012 4069 3389 4127 denominata
3419 4072 3599 4145 Papia

1944 4154 2197 4223 civitate,
2230 4171 2362 4209 cum
2395 4170 2525 4209 ecce
2557 4153 2616 4209 in
2651 4172 2768 4210 uua
2799 4156 3059 4213 noctium
3112 4159 3351 4231 quidam
3384 4160 3478 4216 fur
3504 4159 3597 4216 in-

1944 4259 2183 4317 gressus
2205 4242 2504 4298 stabulum
2528 4260 2837 4316 equorum,
2861 4245 3054 4320 abegit
3074 4265 3462 4321 unum,quem
3480 4265 3596 4322 pra;

1945 4328 2169 4385 caeteris
2218 4335 2589 4402 perspexerat
2631 4330 2943 4402 optimum,
2970 4337 3027 4389 et
3067 4336 3237 4408 cujus
3291 4340 3454 4411 tergo
3509 4336 3598 4393 vir

1944 4418 2151 4474 beatus
2182 4419 2381 4474 sedere
2415 4418 2625 4476 solitus
2656 4424 2798 4475 erat.
2825 4422 2935 4477 Sed
2966 4423 3105 4495 quia
3131 4424 3191 4480 in
3214 4426 3416 4482 eadem
3447 4426 3593 4482 urbe

1945 4524 2057 4563 non
2093 4507 2281 4563 solum
2310 4508 2484 4566 homo
2517 4508 2637 4577 Dei,
2670 4526 2871 4565 verum
2921 4511 3097 4569 etiam
3143 4530 3271 4586 quas
3319 4514 3410 4571 sui
3435 4515 3592 4587 juris

1945 4602 2109 4652 erant
2142 4601 2279 4651 nota
2299 4596 2667 4666 videbantur,
2699 4598 2915 4657 veritus
2946 4600 3164 4659 ibidem
3197 4604 3432 4672 morari,
3460 4621 3593 4661 con-

1946 4686 2094 4759 fugit
2124 4686 2193 4740 ad
2228 4686 2529 4741 Laudense
2576 4686 2877 4759 oppidum,
2912 4693 2976 4745 ut
3004 4689 3122 4747 illic
3152 4693 3223 4748 de
3259 4692 3592 4750 venditione

1943 4774 2079 4847 equi
2112 4774 2373 4846 cupitum
2406 4774 2728 4846 acquireret
2748 4776 3252 4849 pretium.Verum
3276 4781 3416 4853 quia
3440 4782 3590 4838 Deus

1945 4880 2178 4935 semper
2205 4879 2445 4917 suorum
2480 4879 2681 4919 curam
2712 4864 2882 4938 gerit,
2913 4868 3181 4924 omnium
3225 4870 3588 4925 cernentium

1946 4950 2123 5006 corda
2170 4950 2247 5004 ita
2296 4950 2567 5005 obstrusa
2625 4957 2783 5021 sunt,
2817 4956 2881 5007 ut
2912 4952 3133 5010 nullius
3170 4956 3242 5012 ad
3273 4958 3589 5014 emendum

1946 5039 2319 5094 adhiberetur
2362 5039 2782 5098 convenientia.
2816 5042 2977 5107 Quod
3009 5060 3254 5101 cernens
3285 5044 3381 5102 ille
3410 5047 3590 5103 male-

1941 5128 2130 5193 volus,
2170 5131 2363 5183 tactus
2411 5129 2774 5201 paenitudine
2832 5131 3025 5189 cordis
3067 5138 3124 5190 et
3174 5135 3482 5208 pervidens
3531 5155 3594 5196 se

1945 5217 2214 5289 nequiter
2237 5217 2446 5289 egisse,
2472 5218 2777 5275 confestim
2799 5219 2971 5276 rediit
2991 5222 3063 5277 ad
3084 5222 3280 5281 locum
3302 5242 3419 5282 sua:
3441 5226 3597 5284 frau-

1944 5308 2037 5363 dis
2065 5305 2388 5370 conscium,
2421 5311 2477 5362 et
2504 5310 2885 5366 maerentibus
2929 5311 3169 5368 famulis
3219 5321 3598 5387 repraesentat

1945 5411 2163 5468 equum
2197 5394 2398 5449 fraude
2428 5396 2805 5453 subductum.
2832 5400 3150 5457 Nuntiatur
3172 5402 3281 5460 hoc
3312 5405 3433 5460 viro
3465 5406 3589 5463 Dei.

1944 5485 2078 5557 Agit
2108 5482 2204 5538 ille
2234 5488 2427 5555 grates
2473 5501 2708 5542 summo
2758 5504 2955 5545 rerum
3002 5490 3219 5563 opiﬁci,
3253 5497 3312 5549 et
3350 5510 3422 5549 ne
3451 5497 3593 5567 quid

1946 5571 2227 5631 molestia:
2255 5572 2537 5629 inferatur
2565 5575 2797 5645 latroni,
2830 5578 3146 5652 imperiosa
3165 5598 3334 5657 prece
3355 5585 3594 5641 saevien-
