4020 6180
503 314 624 382 919

1421 325 1486 388 8.
1533 325 1898 390 ODlLOiiIS
1941 329 2505 394 CLUNIACENSIS
2548 331 2881 396 ABBATIS
2924 333 2998 396 V.
3725 333 3820 406 9&0

503 449 656 510 tium
711 452 946 528 mitigat
990 452 1338 514 voluntates.
1383 458 1509 515 Non
1561 458 1718 516 enim
1766 465 1888 518 erat
1947 461 2150 520 avidus
2177 463 2234 531 Α
2260 466 2432 520 tuum
2463 462 2686 538 depelle
2716 464 2788 521 ab
2818 464 2925 522 hac
2967 466 3142 524 domo
3191 465 3446 526 horrores
3489 461 3818 532 tenebrarum.

503 541 792 622 vindicta,
828 545 928 600 sed
977 545 1160 602 nimia
1206 547 1401 602 cordis
1451 549 1830 622 benignitate,
1865 551 2018 608 bona
2045 569 2149 624 pro

505 631 680 688 malis
723 650 955 702 semper
999 635 1274 692 studebat
1321 653 1784 708 recompensarc.
1817 639 2150 696 Secundum

502 721 658 778 beati
691 722 851 778 Pauli
893 723 1163 796 apostoli,
1188 725 1288 797 qui
1314 743 1418 781 vas
1449 727 1751 784 electionis
1782 728 2018 789 dicitur.
2048 730 2146 785 ad-

505 809 906 882 monitionem,
942 813 1090 868 nulli
1137 812 1359 870 malum
1401 831 1503 886 pro
1533 815 1687 872 malo
1718 817 1892 872 alicui
1926 817 2153 874 volebat

504 915 766 971 unquam
795 901 1056 970 reddere,
1087 902 1188 958 sed
1221 903 1498 962 omnibus
1539 905 1596 960 in
1633 922 1944 962 commune
1977 908 2148 963 bene-

504 988 712 1044 facere.

503 1084 637 1152 CAP.
669 1095 765 1151 VI.
797 1128 866 1137 —
897 1098 968 1174 De
1027 1101 1450 1156 transmeatz‘one
1501 1102 1951 1174 profundissina'c
2011 1107 2148 1162 Tici-

767 1171 953 1225 nensis
979 1187 1160 1243 aquae,
1191 1180 1244 1227 et
1271 1171 1876 1232 accensz'bnel-ucernm.

573 1257 655 1312 Ea
681 1261 1044 1332 tempestate,
1070 1277 1186 1333 qua
1204 1278 1448 1333 regnum
1477 1262 1650 1318 Italiae
1673 1264 1911 1336 quidam
1935 1265 2148 1322 nobilis

498 1345 803 1404 ,Arduinus
833 1349 1366 1422 arripuerat,etille
1397 1367 1650 1424 magnus
1681 1352 2150 1419 Henricus,intcr

503 1439 740 1493 caeteros
789 1438 1174 1506 clarissimus,
1225 1437 1388 1511 regni
1446 1441 1846 1498 monarchiam
1905 1459 2148 1499 consen-

499 1523 780 1580 tientibus
811 1527 986 1582 Italiae
1016 1526 1532 1600 principibus,jam
1557 1529 1614 1584 in
1645 1531 1846 1586 eodem
1883 1531 2004 1586 solo
2041 1536 2147 1588 tta-

498 1611 610 1668 lico
641 1613 866 1684 positus
897 1615 1232 1682 allectabat;
1255 1617 1628 1688 supradictus
1659 1617 1826 1674 Pater
1856 1620 2148 1676 transiens

499 1717 604 1774 per
623 1701 872 1780 Italiam,
895 1704 1128 1760 devenit
1151 1705 1222 1758 ad
1247 1705 1564 1776 quamdam
1587 1721 1821 1777 aquam,
1846 1724 1974 1780 qua:
2005 1725 2146 1764 ma:-

499 1788 597 1846 nia
629 1775 815 1864 Papias
846 1775 1360 1864 praeterﬂuens,“
1393 1775 1846 1866 australi—parte,
1867 1775 2146 1854 mutuato

499 1897 534 1935 a
561 1897 624 1936 se
655 1883 890 1937 nomine
936 1883 1035 1938 dat
1074 1883 1266 1938 vocari
1299 1883 1591 1939 Ticinum.
1626 1885 1784 1940 Hanc
1816 1902 1952 1958 ergo
1985 1885 2143 1942 festi-

496 1973 706 2025 nanter
723 1970 974 2026 transire
994 1970 1291 2043 cupiebat;
1317 1972 1416 2028 sed
1452 1972 1746 2044 navigium
1783 1973 1998 2041 deerat,
2029 1991 2144 2048 quo

495 2059 670 2114 tantm
700 2059 1028 2116 altitudinis
1061 2061 1278 2116 ﬂumen
1311 2060 1678 2117 transvadari
1707 2069 1921 2134 posset.
1954 2064 2144 2119 Conti-

496 2145 642 2202 dens
671 2148 870 2220 itaque
892 2149 962 2204 de
983 2150 1120 2216 Deo,
1144 2151 1237 2205 cui
1262 2154 1385 2206 tota
1407 2155 1600 2206 mente
1620 2152 2146 2218 adhaerebatyocat

497 2251 681 2292 unum
706 2253 775 2292 ex
795 2237 1050 2303 famulis,
1075 2239 1168 2293 cui
1185 2253 1396 2294 nomen
1419 2239 1722 2305 Wolveno,
1747 2245 1804 2296 et
1825 2241 1882 2296 in
1909 2243 2144 2299 nomine

495 2321 727 2380 Domini
760 2327 922 2395 iubet
951 2343 1085 2382 eum
1119 2343 1220 2398 per
1245 2326 1364 2382 alta
1389 2328 1651 2385 fluminis
1683 2328 1838 2384 haud
1865 2330 2040 2385 dubie
2063 2331 2148 2386 in-
2203 2392 2212 2402 ί

496 2414 717 2469 cedere.
752 2415 966 2470 Mirum
997 2414 1151 2470 dictu
1181 2415 1192 2470 Ξ
1230 2416 1330 2472 sed
1362 2420 1558 2472 tamen
1607 2419 1805 2473 omnia
1838 2420 2145 2490 possibilia

495 2505 636 2558 sunt
656 2503 1192 2572 credenti,obedivit
1211 2504 1364 2560 illico
1387 2505 1664 2574 famulus,
1687 2511 1745 2562 et
1765 2508 2146 2580 subsequitur

495 2597 631 2664 post
647 2609 784 2648 eum
802 2593 1096 2661 dominus,
1111 2598 1168 2650 et
1187 2593 1267 2650 ita
1289 2611 1424 2650 cum
1446 2595 1606 2650 omni
1627 2597 1908 2652 comitatu
1922 2598 2142 2670 absque

493 2679 758 2737 subsidio
807 2682 1048 2754 cymbae,
1080 2680 1207 2738 sine
1249 2681 1450 2755 aliqua
1488 2681 1743 2748 laesione,
1778 2684 2004 2742 Christo
2035 2687 2142 2742 du-

492 2773 668 2836 ctore,
700 2773 939 2826 ventum
972 2775 1062 2828 est
1091 2772 1161 2828 ad
1193 2771 1381 2844 ripam
1413 2771 1768 2828 ulteriorem.
1795 2773 2040 2846 lmpleta
2054 2779 2144 2832 est

492 2859 972 2931 tuncprophetia
1002 2861 1190 2917 sancti
1227 2861 1533 2916 Habacuch
1562 2860 1810 2918 dicentis
1835 2879 1848 2918 :
1887 2864 2037 2920 Viam
2064 2867 2143 2936 fe-

491 2947 620 3002 cisti
647 2949 708 3002 in
755 2951 906 3004 mari
951 2951 1104 3020 equis
1143 2950 1270 3014 luis,
1305 2951 1365 3004 in
1395 2950 1507 3004 ιριιο
1538 2966 1808 3021 aquarum
1836 2953 2144 3008 multarum

491 3037 726 3104 (Hahae.
756 3037 1169 3110 ΙΙῙ,15).01.ΙῘ(Ῐ
1227 3055 1360 3094 vero
1419 3038 1772 3104 mirabilius,
1823 3039 1912 3096 vel
1970 3039 2143 3098 laude

491 3125 728 3204 dignius
746 3125 1010 3204 v‘idetur?
1030 3127 1333 3194 Quondam
1350 3127 1600 3200 populus
1623 3127 1975 3184 lsraeliticus
1993 3130 2144 3186 inter

2177 1840 2224 1904 Β

2259 553 2373 608 Nec
2405 565 2588 614 mora.
2614 552 2713 609 lux
2739 555 2809 610 ab
2841 555 3052 612 mthere
3083 559 3214 612 fusa
3239 557 3400 614 illum
3427 557 3606 616 laetitia
3631 567 3680 618 et
3703 575 3826 620 secu-

2259 641 2446 707 ritate,
2479 647 2537 698 et
2567 645 2805 699 domum
2833 645 3075 701 luminis
3119 647 3368 718 perfudit
3415 647 3662 706 claritate.
3691 652 3749 706 Et
3771 670 3826 708 ne

2257 731 2348 786 cui
2383 733 2496 787 ista
2516 733 2881 790 incredibilia
2911 734 3234 801 vidcantur,
3259 753 3292 790 ο
3317 737 3417 791 viri
3443 737 3624 794 fideles
3640 743 3689 794 et
3703 740 3826 796 Chri-

2258 819 2430 875 stiani
2461 821 2688 887 fratres,
2721 823 3008 878 Creatoris
3052 828 3143 878 cst
3195 825 3460 880 miranda
3486 827 3729 896 potentia,
3754 831 3829 900 qui

2257 909 2492 964 devotos
2514 911 2640 981 ejus
2661 911 2888 966 animos
2907 927 3169 976 cernens,
3189 912 3376 968 taliter
3392 912 3550 968 illum
3571 913 3832 987 gloriﬁcare

2256 997 2458 1064 voluit,
2491 1003 2556 1053 ut
2585 999 2682 1054 lux
2713 1000 3056 1056 meritorum
3103 1001 3289 1074 ipsius
3339 1018 3440 1074 per
3477 1003 3624 1058 orbis
3651 1004 3833 1062 climata

2258 1086 2704 1143 diffunderetur.

2579 1177 2710 1233 CAP.
2743 1177 2867 1233 VII.
2901 1211 2970 1218 —
2997 1179 3073 1234 De
3099 1180 3279 1236 simili
3304 1181 3584 1237 miraculo.

2329 1264 2684 1321 Memorialis
2733 1266 2858 1322 dies
2906 1267 3112 1322 divinae
3165 1267 3514 1323 visitationis
3543 1272 3596 1324 et
3619 1269 3834 1325 humana

2257 1351 2488 1419 salutis,
2505 1354 2788 1420 festivitas
2815 1355 3088 1412 videlicet
3117 1356 3434 1412 Dominica:
3455 1357 3746 1414 Nativitatis
3761 1375 3837 1431 ψ

2259 1442 2708 1514 propinquabat,
2733 1447 2788 1499 et
2813 1449 3053 1501 sanctus
3085 1445 3184 1502 Dei
3216 1445 3322 1500 Odi
3333 1444 3386 1502 lo
3416 1446 3626 1519 primos
3645 1445 3749 1501 dies
3764 1447 3837 1502 Ad-

2255 1536 2464 1586 ventus
2486 1531 2770 1588 Dominici
2791 1533 2946 1604 apud
2971 1533 3400 1601 Paterniacum,
3425 1533 3734 1591 delectabile
3755 1535 3838 1591 sibi

2256 1620 2608 1687 cmnobium,
2642 1621 3050 1678 celebraverat.
3083 1622 3223 1678 Inde
3255 1639 3526 1696 gressum
3554 1639 3778 1687 movens,
3799 1629 3839 1679 et

2255 1725 2360 1780 per
2411 1714 2691 1765 montana
2741 1711 3027 1782 paulatim
3085 1709 3196 1767 iter
3251 1708 3494 1780 faciens,
3527 1711 3756 1784 pervenit
3788 1713 3837 1766 ad

2257 1799 2569 1869 quemdam
2626 1799 2844 1865 vicum,
2904 1798 3139 1856 nomine
3211 1799 3570 1856 Leodonium
3625 1801 3840 1868 [Lens-le-

2252 1885 2532 1959 Saum’er],
2568 1887 2666 1942 ubi
2718 1887 3030 1944 conficitur
3077 1887 3184 1955 sal,
3211 1888 3608 1945 humanorum
3635 1889 3840 1946 ciborum

2253 1975 2716 2032 condimentum.
2743 1977 3078 2032 Festinabat
3097 1977 3256 2033 enim
3289 1978 3390 2050 pio
3414 1977 3686 2034 desiderio
3707 1979 3839 2033 beata

2253 2061 2511 2136 Virginis
2541 2070 2775 2137 partum
2817 2067 2971 2138 apud
3021 2066 3392 2134 Cluniacum,
3423 2067 3648 2122 virtutis
3673 2073 3719 2122 et
3742 2066 3839 2122 reli-

2251 2150 2444 2224 gionis
2504 2153 2929 2222 habitaculum,
2987 2153 3299 2210 celebrare.
3339 2156 3653 2210 Advenerat
3691 2159 3836 2210 autem

2253 2239 2506 2296 domnus
2536 2243 2742 2296 Petrus
2773 2242 2845 2297 ab
2877 2242 3061 2310 Italia,
3077 2247 3133 2298 et
3159 2243 3218 2298 in
3249 2243 3298 2312 ej
3313 2260 3386 2299 us
3417 2243 3734 2316 obsequium
3751 2257 3840 2316 gra-

2253 2328 2540 2395 diebatur,
2573 2329 2634 2384 in
2665 2331 2836 2402 cujus
2865 2330 3070 2387 solatio
3099 2329 3268 2387 valde
3297 2330 3440 2404 pius
3467 2332 3625 2388 Pater
3647 2329 3842 2404 gratula-

2253 2417 2442 2474 batur.
2476 2417 2764 2491 Hospitati
2793 2419 2976 2492 igitur
3020 2419 3081 2475 in
3129 2419 3413 2493 praedicto
3463 2421 3602 2485 vico,
3630 2417 3842 2494 pracepit

2253 2506 2447 2562 s’enior
2467 2506 2610 2573 suis,
2637 2513 2701 2562 ut
2723 2515 2918 2564 essent
2938 2507 3198 2564 diluculo
3217 2509 3435 2581 parati,
3453 2513 3512 2566 et
3530 2508 3696 2582 primo
3717 2524 3841 2564 mane

2251 2595 2777 2668 proﬁciscerentur,
2802 2603 2867 2652 ut
2895 2599 3108 2654 diurna
3134 2597 3320 2655 itione
3351 2600 3499 2672 [-mc.,
3514 2597 3841 2678 diurnatione}

2253 2688 2508 2758 peracta,
2542 2690 2782 2758 possent
2831 2687 3118 2760 attingere
3149 2687 3220 2742 ad
3256 2688 3672 2744 monasterium
3699 2686 3841 2741 sancti

2251 2773 2460 2846 (18-19)
2481 2773 2754 2830 Marcelli.
2781 2775 3133 2830 Imminebat
3158 2791 3424 2848 namque
3436 2775 3531 2832 ille
3543 2775 3657 2832 dies
3675 2777 3842 2846 quarta

2248 2861 2424 2930 feriae,
2458 2863 2517 2918 in
2549 2880 2665 2936 qua
2705 2867 2762 2918 et
2805 2863 3066 2919 solemne
3106 2864 3438 2936 jejunium,
3470 2870 3526 2920 et
3552 2864 3734 2921 electio
3769 2861 3840 2916 Dei

2253 2950 2458 3007 matris
2504 2951 2565 3006 in
2616 2951 2872 3007 Ecclesia
2919 2957 3285 3024 praeconatur
3322 2955 3458 3026 (20).
3491 2952 3606 3010 Illic
3629 2967 3744 3026 ergo
3766 2964 3838 3004 cu-

2249 3039 2448 3112 piebat
2478 3040 2746 3096 festivum
2777 3039 3029 3096 caelestis
3053 3041 3270 3097 oraculi
3293 3041 3560 3114 legatum
3588 3039 3844 3098 beataeVir-

2251 3128 2371 3200 gini
2424 3129 2710 3184 directum
2757 3129 2959 3186 audire
3009 3129 3226 3202 pariter
3271 3137 3340 3188 et
3387 3133 3680 3188 celebrare.
3711 3129 3838 3186 Facto

491 3204 804 3272 divisiones
841 3216 1023 3271 maris
1073 3232 1175 3288 per
1221 3215 1440 3270 siccum
1473 3217 1780 3285 transivit;
1814 3235 1970 3272 nunc
2000 3235 2134 3273 vero
2167 3207 2210 3273 C
2249 3217 2445 3290 itaque
2502 3235 2674 3274 mane
2745 3218 3061 3290 carpebant
3127 3218 3259 3282 iter,
3325 3237 3463 3277 cum
3513 3223 3632 3294 jam
3680 3218 3840 3274 celum

453 3291 456 3302 ’
489 3301 698 3359 beatus
725 3307 890 3376 pater
919 3302 1086 3358 Odilo
1115 3320 1292 3375 super
1321 3303 1481 3375 ipsas
1501 3305 1690 3359 undas
1711 3304 1962 3376 aequoris
1981 3306 2133 3362 viam

489 3390 756 3448 suleavit.
787 3392 894 3446 Sed
943 3392 1083 3463 quia
1129 3397 1444 3464 utrumque
1493 3392 1592 3448 Dei
1655 3411 1872 3450 munus
1925 3401 2033 3462 est,
2068 3397 2140 3453 de

491 3482 740 3550 utroque
770 3497 805 3532 a
835 3479 1005 3534 nobis
1037 3483 1188 3534 Deus
1219 3481 1692 3552 magnificandus
1723 3487 1831 3538 est.
1868 3484 1982 3538 I-loc
2015 3501 2139 3539 cer-

493 3572 698 3622 nentes
720 3566 819 3638 qui
846 3566 926 3622 ibi
949 3567 1210 3632 aderant,
1239 3573 1587 3639 putaverunt
1603 3576 1950 3626 consuetum
1976 3589 2136 3644 aquae

490 3655 830 3722 transitum,
851 3660 910 3711 et
930 3655 1190 3712 ascensis
1210 3657 1378 3728 equis
1401 3657 1458 3712 id
1489 3663 1712 3714 tentare
1743 3661 1933 3716 conati
1965 3670 2135 3730 sunt;

491 3745 593 3802 sed
627 3743 972 3818 priusquam
1021 3745 1214 3818 prima
1257 3745 1504 3818 vestigia
1551 3747 1899 3818 sonipedum
1949 3751 2134 3822 ripam

490 3837 820 3908 tangerent,
863 3849 1009 3906 pene
1065 3835 1604 3906 submergerentur,
1661 3836 1773 3893 nisi
1826 3841 2134 3896 confestim

489 3923 760 3979 retroacti
791 3923 1040 3996 gradum
1074 3922 1444 3996 pressissent.
1467 3924 1604 3980 Viso
1636 3929 1798 3982 tanto
1829 3927 2132 3996 miraculo,

488 4013 644 4068 unus
677 4028 744 4068 ex
775 4011 1296 4068 circumstantibus
1342 4013 1593 4068 accurrit
1623 4015 1694 4069 ad
1725 4031 1916 4085 genua
1947 4018 2134 4072 sancti

485 4101 616 4170 viri,
648 4115 822 4157 orans
854 4105 917 4156 ut
947 4101 1201 4173 hospitio
1235 4117 1354 4158 suae
1385 4103 1598 4158 domus
1629 4103 1712 4158 uti
1745 4094 2086 4174 dignaretur
2117 4125 2130 4162 :

484 4189 577 4248 cui
607 4189 696 4245 vir
725 4191 930 4246 beatus
961 4189 1208 4246 libenter
1234 4207 1540 4246 assensum
1575 4193 1754 4260 dedit,
1789 4195 2136 4264 vergebatur

483 4280 636 4336 enim
655 4281 782 4352 jam
805 4281 928 4335 dies
950 4279 1021 4334 ad
1043 4279 1606 4335 occasum.Veniens
1629 4281 1828 4352 itaque
1849 4299 1981 4338 cum
2007 4283 2132 4339 suis

483 4369 842 4436 ad‘domum,
866 4373 923 4424 et
945 4368 1232 4424 charitate
1265 4367 1422 4424 illius
1453 4368 1708 4424 hominis
1731 4371 2134 4436 refectus,dor-

481 4449 692 4512 mltum
724 4456 995 4529 perrexit.
1031 4457 1092 4510 In
1145 4455 1332 4510 noctis
1383 4473 1516 4512 vero
1565 4457 1779 4524 medio,
1805 4458 1930 4528 jam
1968 4462 2131 4514 beato

2248 3307 2506 3362 nubibus
2552 3310 2889 3378 praetectum
2939 3307 3294 3364 diffunderet
3335 3310 3509 3366 terris
3538 3305 3840 3364 immensita-

2245 3399 2362 3450 tem
2397 3393 2675 3450 imbrium
2715 3393 3154 3467 impclleretque
3185 3395 3690 3454 incummoditates
3715 3407 3841 3450 aura-

2246 3498 2375 3538 rum
2418 3485 2525 3555 (2t)
2551 3502 2564 3552 ;
2595 3484 2694 3539 sed
2747 3486 2954 3539 fortem
2988 3485 3093 3540 viri
3125 3485 3223 3541 Dei
3255 3487 3532 3542 animum
3563 3503 3596 3542 α
3621 3487 3753 3542 statu
3776 3479 3842 3537 sai

2245 3571 2516 3629 desiderii
2542 3573 2659 3628 haec
2681 3589 2889 3644 aspera
2910 3589 3176 3630 revocare
3199 3575 3610 3648 nequiverunt.
3630 3571 3844 3639 Quinimo

2243 3662 2608 3718 conl'ortabat
2639 3662 2829 3718 socios
2862 3679 2932 3718 ne
2963 3662 3192 3720 animos
3223 3664 3581 3737 frangerent,
3613 3663 3700 3719 sed
3726 3661 3837 3714 viam

2245 3756 2580 3806 constanter
2609 3749 3045 3823 explerent.Qui
3070 3752 3226 3807 enim
3255 3771 3374 3810 non
3404 3745 3838 3827 patiebaturvinci

2245 3857 2280 3896 a
2306 3839 2622 3912 voluptate,
2654 3839 2934 3896 invictum
2979 3857 3042 3896 se
3089 3843 3413 3913 praestabat
3454 3862 3488 3898 a
3517 3843 3714 3903 labore,
3739 3836 3838 3910 quia

2245 3930 2518 3984 manebat
2546 3928 2694 3984 liber
2719 3929 2790 3984 ab
2822 3929 2982 3984 omni
3013 3929 3194 3986 animi
3229 3931 3680 4002 perturbatione.
3710 3928 3845 3983 Labe-

2244 4017 2398 4075 rioso
2431 4017 2609 4090 igitur
2639 4017 2844 4074 itinere
2903 4034 3036 4074 cum
3087 4017 3352 4091 plurimo
3401 4021 3588 4092 spatio
3616 4017 3718 4074 diei
3739 4027 3844 4070 con-

2244 4107 2412 4174 fecto,
2447 4113 2730 4162 venerunt
2761 4107 2828 4161 ad
2865 4108 3160 4176 quoddam
3194 4108 3614 4182 ﬂumen,quod
3645 4101 3846 4162 itaintu.

2244 4200 2490 4262 muerat,
2525 4203 2590 4250 ut
2621 4195 2777 4250 ultra
2806 4195 3022 4250 littoris
3057 4196 3382 4253 terminum
3440 4201 3752 4270 protensum
3775 4190 3844 4243 in~

2241 4283 2658 4340 transmeabilc
2695 4283 3008 4340 videretur.
3037 4285 3292 4342 Comites
3339 4303 3478 4343 vero
3529 4278 3846 4342 circumcirca

2241 4372 2664 4438 discurrentes,
2686 4378 2743 4429 et
2759 4373 3016 4445 plurima
3037 4381 3343 4444 conantes,
3373 4375 3676 4431 meabilem
3700 4376 3844 4425 trans

2241 4461 2390 4518 itum
2406 4461 2647 4516 minime
2661 4461 3219 4533 reperiebant.Tunc
3231 4464 3453 4520 Christi
3468 4459 3843 4530 famulusspem

479 4544 604 4600 viro
629 4549 922 4616 soporato,
958 4549 1191 4616 repente
1223 4549 1430 4600 ventus
1479 4545 1749 4617 aspirans
1802 4563 1904 4618 per
1951 4549 2132 4605 rimas
2167 4573 2210 4636 η
2243 4551 2303 4606 iu
2345 4553 2525 4606 Deum
2580 4567 2821 4623 ponens,
2853 4556 3019 4606 vocat
3049 4569 3235 4608 unum
3267 4570 3337 4608 ex
3370 4553 3627 4618 famulis,
3658 4544 3844 4604 nomine

481 4634 694 4689 domus
725 4649 852 4704 qua:
885 4634 1183 4704 patebant,
1208 4651 1316 4689 suo
1343 4634 1484 4689 flatu
1513 4633 1813 4690 lucernam
1835 4637 2128 4693 exstinxit.

479 4713 930 4795 Ex'pergefactus
958 4721 1356 4778 cubicularius
1372 4722 1472 4795 qui
1493 4727 1626 4778 ante
1647 4740 1782 4778 eum
1807 4725 2126 4795 cubitabat,

479 4812 716 4868 nomine
747 4810 1057 4874 t)eodatus,
1092 4816 1267 4882 atque
1297 4811 1830 4877 exterritus,doluit
1859 4815 2129 4870 tenebras

478 4899 806 4974 irrepsisse,
841 4898 938 4956 ubi
971 4905 1032 4954 Se
1063 4898 1254 4954 lucem
1289 4899 1638 4954 meminerat
1669 4900 1992 4972 reliquisse.
2021 4903 2128 4958 Ex-

477 4989 656 5045 s'i‘livit
692 4987 986 5054 alectulo,
1018 4994 1075 5044 et
1130 4989 1396 5044 nesciens
1454 5005 1568 5058 quo
1628 4987 1827 5043 lumen
1887 4997 2125 5060 peteret,

477 5082 715 5149 sumpta
744 5077 877 5132 ﬁdei
909 5077 1174 5142 audacia,
1194 5077 1368 5150 coepit.
1398 5076 1581 5131 Deum
1604 5093 1788 5145 orare,
1813 5077 2049 5136 dicens:
2083 5082 2127 5137 Ο

475 5163 677 5221 lumen
709 5165 995 5234 divinum,
1031 5166 1131 5239 qui
1159 5171 1346 5222 totum
1377 5164 1637 5221 illustras
1659 5166 1971 5233 mundum,
1991 5169 2127 5224 audi

476 5269 569 5309 me
589 5252 947 5310 immeritum
972 5255 1068 5326 [ιιι.
1102 5255 1241 5324 cod.,
1271 5254 1599 5324 miserum],
1625 5259 1682 5310 et
1703 5271 1806 5326 per
1826 5255 2126 5314 0diloncm

2239 4639 2580 4695 Arbaldum.
2618 4639 2878 4704 Videtur,
2909 4639 3121 4712 inquit,
3155 4641 3301 4696 mihi
3348 4658 3460 4714 per
3496 4641 3640 4697 hanc
3669 4639 3843 4711 partem

2241 4726 2502 4782 ﬂuminis
2533 4725 2726 4782 inesse
2747 4741 2984 4782 cursum
3009 4729 3266 4784 meandi.
3291 4730 3448 4802 Ergo
3467 4729 3523 4784 in
3545 4727 3636 4784 Dei
3655 4721 3845 4781 nomine

2240 4829 2485 4870 securus
2515 4813 2834 4886 ingredere,
2868 4817 2926 4869 et
2969 4815 3321 4886 experiendo
3381 4817 3545 4872 disce
3593 4817 3767 4869 utrum
3799 4809 3845 4860 εἰ

2240 4919 2348 4958 nos
2380 4917 2669 4974 queamus
2699 4903 2969 4957 transire.
3005 4903 3106 4959 Ille
3137 4905 3280 4960 nihil
3313 4911 3601 4968 moratus,
3629 4900 3735 4972 agit
3757 4899 3844 4950 im-

2239 4997 2459 5064 perata,
2493 4989 2704 5046 transit
2731 4991 2972 5060 flumen,
3002 4996 3060 5048 et
3091 4991 3373 5049 allabitur
3403 4995 3475 5050 ad
3525 4993 3698 5065 ripam
3723 4983 3840 5041 ulte-

2239 5081 2471 5149 riorem,
2487 5084 2538 5136 et
2559 5079 2776 5136 emissa
2795 5096 2930 5134 voce
2953 5080 3170 5138 clamat
3187 5099 3250 5139 se
3271 5099 3482 5139 omnes
3507 5079 3664 5153 sequi
3683 5087 3840 5150 posse.

2237 5170 2308 5226 Et
2327 5167 2523 5225 senior
2547 5186 2560 5224 :
2585 5167 2736 5234 Non,
2760 5167 2970 5240 inquit,
2995 5170 3097 5226 sed
3119 5175 3176 5227 te
3205 5171 3277 5227 ad
3309 5188 3422 5228 nos
3451 5165 3721 5243 oportebit
3737 5158 3839 5216 red-

2236 5259 2340 5316 ire.
2391 5255 2812 5314 'I‘ransvadavit
2863 5255 2962 5314 ille
3019 5257 3231 5316 iterum
3289 5261 3616 5317 interventu
3670 5248 3838 5311 Patris,

574 5396 761 5471 13-19)
796 5397 912 5471 Hoc
943 5397 1366 5453 monasterium
1398 5397 1577 5454 situm
1623 5400 1714 5452 est
1754 5396 1811 5452 in
1843 5398 2123 5458 suburbio
2232 5401 2378 5458 lium
2415 5418 2427 5456 :
2464 5402 2663 5458 Missus
2692 5408 2768 5456 est
2799 5401 3028 5471 angelus
3059 5403 3304 5470 Gabriel,
3336 5406 3458 5460 etc.

473 5468 864 5524 Cabiluucnsi.
1216 5500 1224 5506 -

546 5541 660 5612 (20)
697 5540 860 5596 Feria
891 5542 1098 5612 quarta
1128 5539 1389 5603 Quatuor
1417 5540 1794 5612 Temporum,
1823 5539 1882 5595 in
1913 5539 2124 5599 hebdo-

474 5609 650 5668 mada
678 5612 849 5668 tertia
871 5609 1200 5680 Adventus,
1231 5627 1351 5684 qua
1379 5609 1596 5667 scilicet
1628 5610 1841 5684 legitur
1869 5612 2124 5688 Evange-

2303 5474 2416 5548 (21)
2448 5471 2606 5529 Alter
2639 5472 2839 5543 codex,
2872 5474 3226 5548 impleretque
3273 5471 3724 5531 incommoditates
3758 5476 3836 5516 au-

2231 5561 2442 5602 rarum.
