4054 6158
199 298 313 364 921

1601 290 1808 355 VI'I‘A.
1856 324 1932 336 --
1972 290 2130 351 LIB.
2187 290 2266 352 ll.

3514 264 3649 358 ‘922

199 427 451 508 aequoris
480 425 738 489 evadens
772 422 1118 502 periculum.
1153 426 1418 484 Prmcede
1455 443 1611 501 ergo,
1644 422 1859 500 inquit,
1893 425 1948 495 Α
1976 439 2177 493 mens,
2199 422 2384 483 movit
2411 438 2683 500 gressum
2714 424 2786 484 ah
2816 422 3080 498 ecclesia,
3113 427 3172 482 et
3192 422 3265 483 ad
3280 423 3650 486 famulorum

201 542 311 582 nos
341 523 401 578 in
442 519 683 577 nomine
734 516 996 574 Domini.
1028 516 1108 573 Ad
1160 516 1379 575 lineam
1431 516 1631 590 itaque
1679 513 1873 573 cuncti

204 612 628 688 ingredientes,
662 608 1030 664 transierunt
1058 606 1355 681 gurgitem
1396 611 1648 673 vastum,
1703 605 1875 679 aquis

204 719 395 776 usque
425 701 497 756 ad
527 702 725 772 partes
756 697 1048 752 femorum
1078 695 1346 771 irrigati;
1369 697 1491 753 viro
1524 702 1720 752 autem
1750 694 1876 759 Dei,

212 792 368 850 sicut
398 788 595 846 testati
629 790 772 842 sunt
822 785 923 858 qui
955 785 1298 853 adfuerunt,
1332 801 1519 858 neque
1569 801 1755 857 usque
1804 783 1876 839 ad

212 878 527 952 corrigiam
563 874 943 933 calceamenti
975 890 1136 946 aqua
1160 874 1351 947 potuit
1375 873 1647 930 diffundi.
1681 874 1763 928 Ex
1793 871 1882 926 in-

206 968 443 1026 fusione
474 967 673 1039 itaque
703 980 1010 1037 aquarum,
1037 964 1346 1037 nimioque
1365 963 1559 1038 algore
1580 959 1880 1019 constricti

208 1074 417 1115 omnes
447 1054 613 1122 socii,
645 1054 882 1109 tandem
928 1052 1235 1125 profunda
1278 1057 1445 1119 nocte
1475 1053 1759 1108 venerunt
1807 1049 1881 1105 ad

202 1148 402 1204 locum
431 1143 531 1199 diu
568 1141 913 1215 ﬂagitatum,
936 1140 1143 1197 eximii
1178 1140 1455 1214 martyris
1485 1138 1738 1197 Marcelli
1772 1138 1885 1193 h0-

206 1252 349 1293 nore
382 1233 670 1289 dicatum.
703 1231 875 1286 Facta
904 1231 1177 1286 oratione
1208 1231 1506 1304 petierunt
1527 1232 1793 1311 dqmum,
1827 1232 1886 1283 et

204 1325 483 1384 sedentes
519 1322 676 1377 circa
703 1320 896 1392 ignem
928 1319 1264 1391 copiosum,
1301 1319 1399 1375 alii
1434 1338 1496 1375 se
1540 1317 1879 1384 calefacere,

204 1422 347 1489 pars
380 1413 690 1484 cmperunt
716 1411 903 1464 vestes
936 1411 1197 1463 mutare.
1234 1409 1498 1472 Quorum
1530 1415 1763 1480 gravem
1800 1404 1883 1461 la-

203 1505 410 1561 berem
444 1510 693 1557 cernens
722 1495 1113 1552 dulcissimus
1136 1497 1308 1553 Pater
1326 1496 1572 1553 incaluit
1592 1493 1805 1563 cordis,
1830 1498 1888 1550 et

204 1593 383 1650 dictis
415 1589 627 1647 amicis
658 1586 873 1643 afflicta
902 1589 1148 1657 pectora
1180 1586 1422 1642 mulcet.

273 1683 318 1738 Ο
351 1679 656 1754 quondam
688 1676 864 1731 fortes
895 1691 998 1746 per
1030 1674 1226 1730 multa
1258 1674 1526 1747 pericula
1557 1671 1794 1729 fratres!

272 1772 358 1840 Ne
388 1771 586 1824 vestra
612 1766 817 1821 vestris
848 1762 1140 1833 frangatis
1171 1767 1410 1834 pectora
1441 1763 1643 1830 rebus,

276 1862 388 1917 Per
414 1856 612 1913 varios
645 1870 813 1910 casus
842 1868 945 1924 per
966 1856 1055 1907 tot
1078 1851 1432 1907 discrimina
1464 1868 1671 1908 rerum

275 1948 619 2008 Tendimus
642 1943 711 1999 ad
742 1958 986 2014 regnum
1018 1939 1169 2009 coeli,
1206 1941 1500 2013 sedesque
1529 1942 1760 1997 beatas.

276 2040 523 2103 Durate,
559 2038 618 2091 et
646 2033 763 2089 haec
792 2031 932 2087 olim
966 2029 1307 2086 meminisse
1328 2031 1594 2102 juvabit.

206 2128 451 2187 Credite
484 2140 628 2180 meae
655 2120 942 2195 parvitati,
972 2121 1145 2177 beata
1183 2120 1285 2175 Dei
1330 2124 1537 2186 mater,
1589 2121 1670 2177 ob
1719 2120 1891 2192 cujus

210 2216 577 2289 obsequium
609 2208 978 2277 convenistis,
1001 2208 1181 2281 hujus
1209 2208 1383 2264 vestri
1407 2208 1600 2264 labori
1610 2228 1640 2265 s
1665 2209 1773 2265 erit
1797 2207 1894 2281 pia

213 2300 673 2363 remuneratrix.
708 2304 844 2355 Post
869 2299 994 2355 hmc
1029 2299 1155 2354 cibo
1185 2300 1439 2368 sumpto,
1475 2298 1681 2355 fessos
1729 2302 1893 2354 artus

216 2394 417 2452 somni
442 2392 643 2464 quiete
664 2386 1075 2445 refocillarunt.
1091 2388 1153 2443 In
1172 2386 1494 2442 crastinum
1510 2392 1722 2443 autem
1741 2404 1894 2443 com-

217 2483 395 2558 pletis
427 2480 645 2537 otlieiis
674 2475 1107 2543 ecclesiasticis,
1130 2474 1554 2546 omnipotentis
1585 2477 1691 2531 Dei
1716 2477 1890 2544 dono,

216 2573 351 2629 cibo
381 2576 440 2627 et
469 2567 672 2624 laetitia
727 2566 902 2622 corda
944 2565 1200 2620 fratrum
1240 2562 1508 2635 implevit
1565 2580 1635 2620 ac
1683 2565 1894 2621 deinde

220 2660 577 2719 Cluniacum
604 2655 887 2729 pervenit.

221 2750 363 2806 CAP.
397 2746 549 2803 \‘lll.
583 2778 653 2786 ———
696 2746 772 2801 De
798 2745 989 2816 paucis
1023 2743 1302 2814 pisciculis
1346 2741 1611 2812 plurimis
1656 2745 1890 2813 refectis.

301 2835 545 2893 Lutetiae
577 2836 693 2907 (22)
724 2832 1084 2888 Parisiorum
1114 2831 1448 2903 proximum
1481 2834 1570 2886 est
1600 2838 1892 2888 monaste-

231 2928 413 2996 rium,
440 2924 630 2979 sancti
654 2919 916 2994 Dionysii
951 2919 1224 2992 martyris
1254 2918 1489 2989 gloriosi
1514 2921 1773 2991 corporis
1799 2920 1896 2975 ho-

229 3031 373 3072 nore
406 3012 776 3086 praclarum,
829 3010 931 3081 qui
975 3007 1138 3064 locus
1170 3026 1202 3063 a
1253 3007 1606 3063 Francorum
1657 3009 1896 3081 regibus

232 3108 483 3177 Hugone
513 3105 569 3157 et
616 3099 918 3168 Rotherto,
950 3098 1070 3153 viro
1104 3096 1206 3152 Dei
1232 3094 1462 3152 Odiloni
1493 3097 1682 3153 fuerat
1730 3113 1895 3153 com-

1982 511 2189 571 tendit
2206 513 2567 573 habitacula.
2591 516 2857 575 Piscandi
2880 532 3094 590 gnaros
3108 518 3293 585 vocat,
3309 516 3497 574 multa
3517 535 3654 576 cum

1984 603 2069 659 eis
2101 604 2516 677 conquzeritat,
2544 623 2720 679 super
2744 603 3044 678 capiendis
3065 605 3328 678 piscibus
3350 607 3540 664 multa
3572 608 3656 665 in-

1987 690 2215 760 eulcat,
2236 711 2389 750 nunc
2407 694 2572 767 pium
2594 695 2896 752 0dilonem
2918 693 3168 760 venisse,
3188 700 3343 750 nunc
3363 695 3519 752 diem
3544 699 3654 755 Do-

1990 780 2229 839 minieae
2253 784 2694 841 resurrectionis
2718 785 2943 853 adesse,
2964 800 3121 840 nunc
3141 785 3349 839 fratres
3373 786 3654 845 melodia-

1990 888 2126 927 rum
2159 876 2337 928 cantu
2360 872 2632 947 fatigatos
2659 874 2800 931 fore.
2825 873 3075 946 Impetat
3095 873 3336 929 demum
3354 873 3411 929 in
3436 875 3653 933 Christi

1990 959 2234 1028 virtute,
2260 966 2326 1017 ut
2354 966 2682 1035 Sequanam
2717 962 2960 1017 ﬂuvium
2990 961 3211 1018 retibus
3234 966 3525 1036 expetant.
3552 966 3653 1034 Ite,

1996 1048 2212 1122 inquit,
2246 1055 2303 1107 et
2334 1051 2611 1106 meritum
2643 1044 2906 1108 0dil'onis
2931 1049 3295 1123 interpellate
3325 1068 3657 1127 nomenque

1995 1137 2213 1194 Christi
2249 1139 2548 1195 invocate:
2584 1141 2753 1196 credo
2784 1139 2941 1195 enim
2966 1139 3104 1212 quia
3136 1156 3250 1196 non
3277 1139 3656 1199 frustrahitur

1997 1244 2134 1299 spes
2164 1232 2375 1283 vestra.
2412 1228 2476 1283 Id
2509 1227 2633 1284 sine
2666 1246 2831 1285 mora
2853 1228 3144 1285 fidissima
3171 1227 3451 1287 clientum
3483 1233 3657 1288 turba

1998 1316 2143 1371 dant
2163 1317 2338 1373 ﬂuvio
2356 1322 2510 1386 rete;
2546 1318 2757 1374 ﬂuvius
2780 1335 2849 1374 ex
2882 1318 3193 1391 improviso
3216 1318 3407 1376 reddit
3427 1320 3649 1393 piscem

1999 1406 2407 1478 magnitudine
2429 1424 2752 1478 enormem,
2774 1407 3057 1464 vocabulo
3079 1406 3412 1479 sturiorem,
3449 1410 3507 1467 in
3539 1427 3656 1483 quo

2001 1494 2037 1549 ﬂ
2049 1495 2264 1551 umiuis
2285 1496 2515 1569 gurgite
2529 1496 2708 1569 piscis
2727 1496 2820 1553 vix
2835 1514 3097 1570 unquam
3117 1496 3408 1553 ferebatur
3423 1517 3457 1555 a
3472 1498 3658 1571 pisca-

1998 1585 2230 1641 toribus
2261 1590 2468 1659 captus
2500 1603 2648 1644 esse.
2684 1588 2950 1644 Redeunt
2970 1604 3107 1660 ergo
3138 1588 3334 1642 onusti
3369 1586 3468 1661 qui
3498 1588 3657 1644 abie-

1999 1678 2133 1729 rant
2162 1675 2349 1730 vacui.
2402 1675 2792 1733 Prmsentatur
2842 1694 3028 1733 novus
3078 1674 3277 1749 piscis,
3331 1694 3506 1749 quem
3540 1695 3657 1733 non

2000 1763 2313 1835 praedictus
2336 1764 2551 1819 ﬂuvius
2571 1767 2710 1821 dare
2737 1766 2977 1833 solebat,
3013 1764 3114 1821 sed
3136 1763 3352 1820 Christi
3386 1764 3656 1839 largiﬂua

1999 1870 2213 1908 manus
2243 1870 2349 1909 suo
2382 1870 2544 1909 servo
2575 1854 2882 1911 direxerat.
2907 1854 3070 1921 Quod
3092 1852 3359 1910 videlicet
3379 1845 3653 1928 inopina-

1998 1945 2123 1997 tum
2157 1941 2505 1998 miraculum
2543 1943 2602 1999 in
2641 1945 2806 1999 tanta
2838 1941 3225 1998 admiratione
3273 1946 3361 1998 est
3391 1960 3424 1997 a
3455 1938 3659 1999 saneto

1999 2034 2169 2087 Patre
2190 2030 2480 2098 habitum,
2507 2037 2571 2088 ut
2588 2032 2762 2089 etiam
2784 2031 3038 2088 infantes
3055 2029 3514 2102 scholae,quibus
3532 2034 3660 2086 erat

2001 2119 2229 2176 invisus
2276 2127 2333 2176 et
2377 2121 2714 2194 incognitus
2745 2125 2918 2176 tanta:
2949 2118 3318 2177 enormitatis
3350 2118 3550 2191 piscis,
3583 2119 3657 2175 ad

1999 2208 2316 2265 videndum
2343 2210 2537 2265 venire
2570 2210 2925 2283 praeciperet,
2959 2214 3017 2265 et
3046 2208 3117 2264 ad
3174 2206 3662 2280 glorificationem

2002 2298 2099 2354 Dei
2132 2298 2551 2372 omnipotentis
2584 2316 2762 2371 super
2789 2298 2898 2353 hoc
2921 2296 3204 2353 beneficio
3235 2296 3496 2352 seniores
3519 2313 3659 2352 cum

1994 2387 2314 2458 juvenibus
2367 2392 2423 2443 et
2483 2387 2678 2460 pueris
2735 2388 2926 2460 magis
2971 2403 3037 2442 ac
3070 2385 3261 2458 magis
3295 2384 3659 2442 accenderet.

2000 2477 2208 2549 Agitur
2236 2477 2362 2533 dies
2391 2476 2673 2533 solemnis
2703 2493 2806 2549 pro
2837 2474 3024 2549 gloria
3053 2473 3367 2530 Dominicaa
3397 2480 3662 2533 resurre-

2002 2565 2232 2621 ctionis.
2266 2566 2566 2621 Laetantur
2593 2564 2799 2622 heroes
2829 2564 3085 2620 novitate
3115 2562 3195 2619 rei
3227 2566 3471 2635 peractae
3492 2563 3666 2620 meri-

2002 2654 2081 2710 tis
2110 2655 2255 2710 tanti
2286 2654 2416 2710 viri.

2071 2744 2176 2800 Est
2196 2761 2374 2817 prope
2396 2746 2667 2799 sanctum
2698 2741 3037 2815 Dionysium
3073 2737 3564 2796 monasteriolum
3602 2740 3662 2797 in

2003 2834 2223 2890 honore
2251 2834 2436 2890 sancti
2467 2833 2699 2889 Martini
2732 2832 2844 2901 (23)
2887 2834 3319 2897 consecratum,
3365 2833 3422 2885 et
3449 2822 3661 2904 vulga-

2004 2920 2146 2978 riter
2174 2923 2243 2977 ad
2278 2921 2574 2978 Publicam
2598 2921 2852 2976 Stratum
2879 2921 3132 2974 dictum:
3160 2918 3219 2973 in
3245 2935 3359 2990 quo
3383 2918 3662 2976 videlicet

2004 3010 2130 3067 loco
2162 3011 2388 3078 fratres,
2424 3011 2523 3085 qui
2556 3009 2615 3064 in
2649 3008 2923 3081 praedicto
2947 3007 3133 3061 sancti
3173 3006 3428 3080 Dionysii
3450 3023 3663 3065 mona-

2006 3100 2182 3156 sterio
2205 3117 2383 3155 causa
2408 3096 2767 3154 infirmitatis
2785 3094 2872 3152 vel
2898 3093 3259 3167 fatigationis
3284 3111 3522 3149 manere
3545 3113 3663 3152 non

232 3175 483 3257 missus,
518 3195 584 3244 ut
634 3185 960 3243 monachali
993 3185 1195 3241 ordine
1225 3189 1281 3241 et
1310 3185 1576 3241 doctrina
1606 3186 1893 3258 regularis
1924 3175 1968 3243 C
2008 3193 2274 3261 possunt,
2297 3188 2615 3261 aliquando
2637 3185 2938 3267 secedunt.
2958 3182 3437 3256 Quadamitaque
3458 3183 3554 3241 die
3576 3185 3664 3241 vir

234 3281 363 3336 vitae
397 3278 818 3352 proveheretur
848 3276 907 3330 in
956 3274 1187 3332 melius.
1224 3275 1285 3330 In
1331 3290 1448 3346 quo
1480 3274 1741 3330 coenobio
1790 3275 1898 3332 ali-

235 3369 477 3441 quando
510 3366 612 3423 Dei
643 3364 906 3421 famulus
937 3380 1336 3430 commanens,
1366 3362 1497 3417 vitae
1528 3362 1811 3434 pabulum
1844 3369 1900 3420 et

237 3458 449 3515 salutis
482 3456 765 3512 haustum
790 3453 1041 3509 facundo
1063 3470 1161 3509 ore
1187 3452 1313 3508 suis
1336 3451 1703 3508 auditoribus
1726 3453 1898 3508 mini-

234 3545 483 3601 strabat.
514 3541 1036 3615 Quadragesimale
1068 3548 1303 3614 tempus
1333 3541 1653 3606 efﬂuxerat,
1687 3546 1746 3596 et
1773 3542 1899 3599 dies

237 3634 500 3707 mysticae
534 3648 712 3689 coenae
734 3647 839 3686 nec
865 3644 977 3686 non
1004 3635 1060 3684 et
1082 3629 1253 3684 saluti
1265 3631 1393 3684 ferae
1418 3628 1711 3700 passionis
1733 3630 1897 3685 Chri-

237 3724 314 3778 sti
340 3723 662 3789 desierant,
698 3736 835 3776 cum
867 3718 966 3775 lux
994 3717 1233 3786 laetitia},
1266 3717 1608 3790 triumphus
1630 3718 1899 3775 videlicet

236 3810 556 3868 Dominicae
608 3806 1076 3875 resurrectionis,
1123 3805 1343 3861 mundo
1374 3804 1698 3862 irradiaret.
1747 3809 1897 3865 Esus

239 3916 372 3955 vero
404 3898 660 3972 piscium
685 3897 746 3953 in
774 3901 942 3952 tanta
972 3894 1087 3951 diei
1120 3893 1488 3951 solemnitate
1517 3896 1669 3967 patri
1696 3897 1897 3952 fratri-

241 3988 469 4062 busque
499 3988 717 4043 deerat.
750 3986 999 4043 Gerebat
1028 3989 1169 4040 tunc
1200 3983 1459 4039 officium
1501 3984 1896 4056 praepositum

242 4077 437 4132 senior
456 4076 575 4143 Ivo,
601 4073 929 4131 amicabilis
950 4073 1147 4137 homo,
1172 4072 1270 4145 qui
1304 4072 1449 4129 bene
1480 4072 1754 4127 meritum
1786 4073 1896 4129 Pa-

240 4165 347 4222 t‘ris
376 4168 685 4222 observare
734 4169 791 4220 et
838 4163 1027 4219 colere
1084 4161 1394 4231 studebat;
1454 4162 1673 4234 quique
1723 4162 1894 4219 valde

240 4260 516 4311 moestum
549 4254 808 4326 gestiens
837 4252 1103 4307 animum
1123 4250 1277 4322 quod
1303 4250 1579 4306 sterilitas
1599 4267 1888 4323 aquarum

244 4342 353 4399 sibi
382 4360 499 4399 non
549 4344 830 4415 praeberet
860 4340 1224 4397 afﬂuentiam
1274 4339 1563 4411 piscium:
1615 4341 1897 4396 actitabat

242 4433 397 4489 enim
430 4436 496 4488 ut
528 4431 921 4504 undecunque
943 4429 1272 4501 acquireret
1297 4428 1583 4500 ejusmodi
1607 4428 1891 4497 edulium,

2009 3282 2249 3334 sanctus
2264 3277 2541 3350 fatigatus
2557 3274 2758 3331 adveni
2767 3273 3323 3343 ens,monasterium
3338 3270 3665 3343 declinans,

2008 3383 2188 3422 causa
2208 3364 2637 3439 repausationis
2660 3362 2799 3419 illuc
2821 3360 3074 3418 divertit.
3099 3361 3259 3426 Quod
3284 3367 3668 3435 agnoscentes

2006 3454 2167 3512 ﬁlius
2198 3452 2539 3512 monasterii
2566 3452 2809 3524 majoris
2833 3455 3261 3525 procuratores,
3287 3452 3529 3507 mittunt
3550 3451 3664 3508 sibi

2010 3561 2254 3618 quaeque
2274 3542 2623 3610 necessaria,
2646 3541 2745 3598 sed
2769 3541 2840 3599 de
2871 3539 3160 3613 piscibus,
3191 3557 3485 3614 nusquam
3508 3541 3665 3599 enim

2006 3633 2243 3706 reperiri
2270 3634 2429 3707 apud
2458 3649 2555 3688 eos
2584 3630 2877 3704 valebant,
2900 3629 3067 3687 valde
3093 3648 3269 3704 parva
3291 3631 3664 3689 munuscula.

2006 3726 2232 3779 Interea
2262 3724 2407 3780 dum
2440 3721 2530 3776 vir
2555 3720 2781 3776 Domini
2808 3718 3095 3793 privatam
3120 3720 3379 3793 requiem
3413 3737 3476 3777 se
3500 3725 3670 3794 putat

2008 3812 2242 3880 habere,
2261 3829 2397 3870 ecce
2417 3809 2632 3877 subito,
2659 3810 2809 3865 sicut
2833 3808 2902 3863 ad
2925 3824 3059 3865 eum
3087 3826 3319 3883 semper
3340 3800 3668 3884 frequentia

2006 3901 2437 3959 monachorum
2468 3915 2818 3972 quocunque
2866 3897 3126 3955 locorum
3171 3899 3456 3968 veniebat,
3491 3901 3662 3957 credo

2006 3990 2121 4046 duo
2144 3991 2390 4047 abbates
2409 4004 2540 4045 cum
2567 3986 2835 4058 pluribus
2858 3986 3160 4043 monachis
3184 3987 3487 4044 accedunt.
3501 3987 3658 4052 Quos

2005 4095 2139 4134 eum
2184 4080 2404 4151 gaudio
2454 4076 2733 4146 suscepit,
2783 4081 2839 4131 et
2868 4074 2927 4131 in
2961 4075 3200 4149 longum
3233 4094 3366 4132 cum
3399 4075 3484 4132 eis
3539 4093 3659 4133 ser-

2005 4183 2238 4223 monem
2270 4169 2544 4239 protaxnt,
2566 4167 2743 4237 atque
2765 4165 2836 4221 ad
2870 4163 3143 4221 ultimum
3172 4170 3237 4222 ut
3259 4182 3457 4221 secum
3482 4181 3657 4238 pran-

2004 4257 2228 4323 derent,
2264 4253 2545 4310 invitavit.
2600 4256 2893 4311 Accedens
2933 4272 3065 4312 vero
3096 4255 3167 4311 ad
3198 4272 3416 4328 coquos
3464 4258 3523 4311 et
3568 4255 3661 4311 in-

2006 4342 2247 4400 fertores
2278 4344 2567 4405 ciborum,
2600 4342 2849 4415 inquirit
2868 4344 3006 4416 quid
3039 4343 3321 4401 haberent
3344 4344 3498 4400 unde
3521 4361 3661 4401 suos

2004 4451 2151 4506 quos
2178 4432 2522 4488 invitaverat
2554 4431 2818 4503 hospites
2838 4436 3076 4489 reﬁcere
3108 4438 3325 4504 posset.
3350 4435 3423 4489 At
3444 4431 3529 4489 illi
3556 4450 3660 4488 caa-

244 4523 343 4578 Sed
393 4536 759 4595 quaecunque
796 4520 1174 4593 agitabantur
1210 4517 1433 4611 mihine
1463 4516 1893 4611 ari-profectum
1924 4540 1974 4611 ι)
2004 4527 2126 4579 tera
2157 4521 2395 4594 quidem
2451 4524 2752 4591 utcunque
2797 4521 3032 4590 habere,
3084 4521 3155 4577 de
3210 4521 3470 4596 piscibus
3524 4538 3658 4577 vero

245 4610 644 4681 proﬁciebant.
679 4609 885 4664 Divina
914 4607 1072 4664 enim
1106 4606 1468 4679 providentia
1502 4606 1892 4679 id‘agebatur,

248 4702 311 4754 ut
336 4700 397 4755 in
448 4715 599 4754 nova
647 4698 956 4754 festivitate
1006 4710 1190 4751 novus
1222 4695 1435 4767 ho‘spe‘s
1465 4696 1717 4768 gurgitis
1746 4715 1891 4753 novo

248 4787 418 4844 etiam
443 4785 691 4854 homini,
717 4787 1044 4843 secundum
1076 4783 1415 4857 Apostolum
1442 4783 1651 4856 Spiritu
1679 4787 1892 4842 mentis

248 4884 363 4933 ante
382 4877 452 4933 de
472 4876 566 4932 die
584 4875 644 4931 in
667 4876 820 4932 diem
844 4877 1136 4942 renovato,
1162 4872 1257 4928 Dei
1280 4888 1519 4928 munere
1545 4872 1888 4930 mitteretur.

248 4965 364 5022 Sub
396 4968 525 5039 ipso
556 4970 752 5037 itaque
774 4981 997 5037 magnae
1020 4961 1132 5018 diei
1159 4960 1524 5034 crepusculo,
1549 4962 1838 5035 completo
1861 4978 1896 5020 a

247 5053 523 5111 fratribus
543 5053 849 5110 celebriter
868 5051 1198 5107 matutinati
1224 5050 1434 5117 officio,
1464 5051 1775 5122 praedictus
1799 5054 1894 5110 lvo

248 5142 419 5200 ﬁdem
464 5142 780 5218 possidens
817 5143 878 5197 in
913 5146 1046 5208 Deo,
1081 5140 1149 5196 de
1182 5138 1410 5195 meritis
1440 5136 1629 5195 Patris
1678 5154 1896 5212 praesu-

314 5307 429 5373 (22)
451 5304 583 5360 Haec
614 5318 805 5375 usque
830 5302 906 5375 ad
938 5300 1058 5356 haec
1074 5300 1259 5375 verba
1290 5301 1438 5356 tanti
1466 5300 1578 5355 viri
1608 5300 1899 5358 habemus

249 5372 520 5432 ex'unico
551 5376 679 5431 cod.
707 5372 779 5429 'S.
814 5372 1106 5428 Germani.

318 5446 427 5516 (23)
477 5445 759 5503 Subsistit
807 5443 1094 5516 hodieque
1134 5440 1388 5516 ecclesia
1416 5442 1475 5497 S.
1526 5441 1787 5516 Dionysii
1828 5446 1901 5503 de

249 5514 654 5591 Stratavulgo.
688 5518 840 5591 sain‘t
883 5514 1177 5591 quySJle
1209 5515 1461 5591 Ριξξινᾷθ,
1496 5514 1596 5591 ubi
1627 5514 1901 5591 visuntur

248 5584 647 5647 vetustissima
659 5586 932 5662 sepulcra
948 5584 1050 5644 SS.
1068 5584 1330 5658 Dionysii
1348 5589 1407 5641 et
1420 5584 1712 5643 sociorum
1725 5588 1902 5645 .Nulli

2007 4629 2154 4686 pene
2177 4610 2321 4666 nihil
2341 4627 2489 4673 esse.
2516 4610 2670 4682 quod
2684 4614 2860 4667 tanta:
2883 4609 3247 4668 multitudini
3266 4609 3481 4667 valeret
3502 4610 3658 4667 suffi-

2002 4719 2152 4759 cere.
2183 4698 2374 4766 Pueri,
2409 4698 2601 4770 inquit
2630 4699 2716 4754 vir
2746 4703 3009 4766 sanctus,
3042 4698 3125 4754 illi
3175 4705 3429 4756 vestram
3481 4715 3660 4770 super

1999 4791 2113 4847 hoc
2144 4787 2600 4846 sollicitudinem
2635 4788 2956 4853 committe,
2992 4787 3093 4860 qui
3119 4787 3191 4844 de
3213 4787 3473 4860 quinque
3494 4785 3656 4859 pani-

2002 4881 2115 4936 bus
2133 4881 2191 4935 et
2210 4877 2442 4933 duobus
2458 4876 2719 4949 piscibus
2742 4876 3006 4948 quinque
3029 4876 3214 4933 millia
3235 4873 3542 4933 hominum
3566 4890 3659 4930 va-

2002 4968 2116 5024 luit
2146 4966 2377 5035 satiare,
2414 4969 2471 5021 et
2498 4965 2578 5021 ita
2607 4965 2775 5021 nobis
2801 4964 3253 5038 hospitibusque
3284 4963 3502 5021 nostris
3532 4962 3655 5036 ple~

2006 5057 2315 5113 nissimam
2392 5055 2764 5110 refectionem
2843 5059 3183 5126 praeparate.
3243 5054 3374 5110 Ilaec
3453 5053 3657 5109 dicens

2008 5145 2328 5214 abscessit;
2363 5143 2444 5198 illi
2478 5160 2611 5199 vero
2644 5144 2799 5216 quod
2813 5145 3052 5215 jussum
3076 5144 3283 5208 fuerat,
3311 5140 3654 5216 diligentius

2007 5305 2089 5362 ibi
2106 5305 2372 5361 habitant
2394 5301 2686 5369 monachi,
2710 5304 2980 5375 quamvis
2999 5303 3262 5359 redditus
3283 5300 3662 5375 pinguissimi

2010 5379 2148 5446 sint,
2201 5375 2365 5449 quia
2408 5374 2601 5449 priore
2659 5372 3156 5449 commendatario
3217 5372 3662 5449 percipiuntur;

2003 5443 2173 5532 juxta
2202 5443 2351 5532 hanc
2379 5443 2682 5532 ecclesiam
2700 5445 3111 5532 ‘alianhabetur
3139 5443 3456 5529 parochiali
3488 5443 3663 5502 titulo

2010 5517 2309 5594 insignita,
2344 5519 2453 5574 sub
2485 5517 2671 5573 sancti
2700 5517 2932 5575 Martini
2964 5517 3307 5593 pairoc'mio.
