4020 6180
456 275 581 348 923

1375 281 1442 346 S.
1489 281 1850 347 ODILONIS
1892 279 2460 343 GLUNIACENSIS
2505 279 2838 342 ABBATIS
2884 277 2960 344 ν.

3691 286 3790 352 924

463 417 532 473 ut
552 415 801 490 possunt
815 417 1224 490 procurarunt.
1243 411 1388 482 Quid
1411 413 1910 474 morer?Ventum
1929 411 2100 471 estad
2133 411 2190 480 Α
2221 429 2350 471 esse
2379 411 2602 487 largus,
2656 409 2716 468 in
2765 409 2971 470 alienis
3009 429 3142 471 vero
3194 429 3418 488 parcus.
3461 412 3682 475 Allatum
3719 421 3794 478 est

463 523 752 573 mensam,
801 521 1006 562 omnes
1046 503 1316 563 ordinata
1344 507 1480 563 sede
1528 506 1900 562 recumbunt.
1960 503 2126 560 Mira“

467 595 732 652 dicturus
753 611 908 660 sum,
926 595 1080 650 sicut
1099 593 1156 650 in
1173 595 1412 650 veritate
1434 594 1836 666 testanturqui
1860 608 2109 666 praesen-

465 689 554 743 tes
579 685 836 742 fuerunt.
851 684 1000 740 Dum
1018 700 1052 740 a
1072 683 1277 757 coquis
1292 683 1480 758 pisces
1498 683 1932 751 ministrentur,
1955 687 2013 738 et
2033 681 2106 738 ab

464 773 840 832 inferioribus
869 773 942 828 ad
973 789 1238 828 mensam
1273 771 1548 828 fratribus
1573 772 1921 839 inferuntur,
1947 771 2026 827 ita
2049 771 2106 826 in

463 865 738 923 manibus
753 863 1206 927 comedentium,
1227 861 1346 918 sive
1368 861 1830 917 ministrantium
1857 859 1955 916 illa
1975 877 2106 932 par-

459 955 610 1010 vitas
630 953 882 1026 piscium
901 950 987 1007 vel
1006 951 1260 1007 aliorum
1284 950 1545 1005 ciborum
1565 950 1736 1022 coepit
1756 965 2106 1014 excrescere,

461 1047 529 1100 ut
557 1042 927 1099 abundanter
953 1043 1011 1095 et
1040 1039 1588 1111 superabundanter
1605 1053 1810 1094 omnes
1840 1037 1974 1093 inde
2000 1037 2109 1093 ha.-

459 1133 685 1203 berent,
717 1134 774 1186 et
803 1127 991 1185 multa
1019 1127 1396 1184 servitoribus
1430 1130 1818 1182 remanerent.
1842 1126 2105 1182 Tandem

460 1219 624 1281 ﬁnito
653 1218 950 1275 convivio:
1013 1215 1202 1282 Pueri,
1261 1214 1452 1286 inquit
1502 1213 1589 1268 vir
1619 1217 1878 1283 sanctus,
1928 1229 2106 1285 parva

458 1307 835 1384 promisistis,
869 1310 926 1360 et
956 1304 1144 1360 multa
1174 1303 1458 1369 dedistis;
1494 1302 1708 1359 famem
1740 1301 2108 1364 timuistis,et

460 1397 1011 1472 superabunilauter
1060 1391 1358 1448 i-efccistis.
1409 1391 1663 1446 Tantum
1699 1391 1886 1447 videte
1925 1394 1990 1445 ut
2035 1389 2107 1445 de

459 1485 825 1562 plenitudine
845 1487 1056 1539 nostra:
1078 1482 1166 1538 ref
1163 1480 1407 1537 cctionis
1424 1480 1588 1536 vobis
1603 1478 1821 1552 aliquid
1841 1479 2102 1534 servetis.

459 1579 532 1633 At
561 1575 646 1630 illi
677 1574 860 1630 nimia
889 1571 1084 1628 cordis
1115 1569 1312 1626 lmtitia
1342 1569 1666 1637 cxhilarati,
1711 1569 2102 1640 respondent:

458 1665 686 1730 Adhuc,
713 1661 966 1728 domine,
1000 1659 1171 1715 nobis
1201 1658 1386 1714 multa
1415 1661 1755 1731 supersunt,
1779 1675 1905 1730 quae
1938 1656 2107 1712 nobis

460 1757 518 1812 et
545 1751 676 1809 aliis
708 1751 758 1808 si
815 1746 1276 1822 supervenerint,
1335 1747 1602 1802 sufﬁcere
1659 1749 1924 1817 possunt.
1959 1745 2028 1798 Et
2057 1743 2105 1799 si

459 1842 736 1914 deinceps
755 1843 948 1896 vestra
967 1835 1247 1894 sanctitas
1269 1834 1468 1908 aliqua
1489 1834 1739 1890 suadere
1762 1832 2106 1897 voluerit,ad

460 1930 815 1988 credendum
839 1927 896 1982 in
915 1925 1190 1982 cordibus
1213 1921 1428 1980 nostris
1451 1921 1613 1979 nulla
1637 1921 1956 1978 difficultas
1976 1923 2104 1989 erit,

412 2059 422 2067 ι
459 2019 603 2076 Ecce
623 2016 782 2074 enim
803 2019 1003 2071 contra
1022 2030 1186 2086 spem
1209 2016 1419 2068 nostra:
1441 2009 1948 2084 pusillanimitatis
1969 2026 2105 2066 con-

459 2106 610 2181 tigit,
635 2105 790 2179 quod
821 2107 1014 2159 vestra
1041 2101 1112 2158 de
1145 2105 1257 2156 Deo
1278 2116 1641 2173 praesumens
1665 2099 1881 2154 ﬁducia
1911 2116 2105 2171 repro-

461 2195 624 2253 misit
678 2194 776 2266 [αι.
808 2191 947 2258 cod.,
981 2207 1097 2246 non
1145 2188 1402 2262 difﬁdit].
1433 2189 1519 2245 Ad
1552 2189 1674 2244 haec
1701 2187 1791 2242 vir
1820 2192 2102 2244 sanctus:

459 2285 587 2342 Non
617 2283 761 2352 haec,
795 2280 1008 2354 inquit,
1044 2295 1174 2335 mea
1205 2278 1368 2346 ﬁdes,
1403 2278 1503 2334 sed
1534 2281 1723 2333 vestra
1750 2276 2104 2344 obedientia,

459 2377 518 2432 et
533 2371 810 2430 meritum
830 2369 1132 2442 hospitum
1156 2355 1485 2423 nostrorum
1507 2365 1849 2439 promeruit,
1864 2369 1928 2422 ut
1948 2366 2104 2438 quod

459 2459 826 2535 sumpsimus
855 2475 958 2532 pro
988 2455 1292 2524 cbaritate,
1328 2455 1530 2512 divina
1558 2459 1835 2528 operante
1862 2454 2105 2510 benedi-

459 2550 668 2619 ctione,
700 2547 920 2605 valeret
949 2544 1118 2602 nobis
1147 2543 1426 2601 omnibus
1455 2543 1744 2600 sufﬁcere.
1791 2543 2104 2600 Verumta-

460 2657 594 2696 men
618 2635 789 2695 nobis
805 2641 868 2692 et
888 2635 1050 2692 vobis
1071 2633 1130 2688 in
1153 2633 1254 2690 illo
1286 2650 1421 2707 spes
1441 2636 1531 2690 est
1559 2649 1792 2706 semper
1811 2633 2100 2704 ponenda,

457 2729 614 2804 apud
644 2743 820 2801 quem
851 2723 1052 2781 omnia
1079 2727 1220 2780 sunt
1249 2721 1553 2796 possibilia
1589 2739 1717 2795 quae
1762 2721 2103 2780 hominibus

457 2821 597 2877 sunt
623 2813 1034 2890 impossibilia.

456 2925 590 2984 CAP.
624 2923 716 2982 IX.
752 2953 819 2964 -—
851 2925 932 2978 De
958 2920 1346 2978 exuberatione
1373 2920 1494 2974 vini
1524 2920 1583 2974 in
1608 2935 1778 2991 parvo
1799 2919 2016 2976 vasculo
2041 2920 2102 2975 in

1022 2999 1203 3048 monte
1243 2991 1526 3047 Aventino.

527 3084 673 3144 Huic
691 3083 867 3141 etiam
891 3098 1008 3138 non
1029 3078 1313 3136 dissimile
1334 3078 1684 3136 miraculum
1703 3077 1816 3135 alio
1839 3083 2100 3152 tempore

455 3175 699 3249 contigit
726 3172 1007 3230 evenisse.
1042 3173 1103 3226 In
1151 3167 1433 3226 Romulea
1479 3168 1642 3238 urbe,
1686 3170 1818 3241 quae
1847 3167 1938 3224 sui
1973 3185 2094 3224 ma-
2128 3154 2169 3220 C

453 3263 762 3341 gnitudine
789 3266 848 3318 et
875 3257 1260 3324 formositate,
1294 3273 1399 3312 nec
1430 3274 1544 3313 non
1577 3260 1634 3312 et
1663 3256 1984 3330 apostolica
2010 3257 2098 3312 di-

451 3353 673 3429 gnitate
694 3367 884 3408 arcem
906 3347 1088 3404 totius
1106 3345 1314 3402 retinet
1335 3345 1516 3411 orbis,
1537 3345 1886 3402 reverendus
1907 3345 2102 3402 senior

453 3441 620 3500 Odilo
667 3456 780 3496 uno
811 3437 871 3496 in
913 3440 1173 3508 tempore
1204 3434 1560 3490 morabatur.
1595 3433 1856 3490 Habebat
1903 3438 2099 3490 autem

451 3527 775 3603 hospitium
807 3527 866 3582 in
893 3523 1247 3582 monasterio
1278 3539 1454 3578 sacra:
1485 3539 1783 3596 puerperae
1816 3523 2096 3596 Virginis,

453 3617 610 3692 quod
659 3619 749 3672 est
805 3612 985 3672 situm
1016 3612 1076 3668 in
1125 3607 1407 3667 Aventino
1437 3615 1636 3668 monte
1666 3612 1800 3684 (24),
1833 3612 1934 3685 qui
1982 3629 2099 3685 prae

454 3705 680 3766 caeteris
703 3701 862 3761 illius
884 3700 1046 3758 urbis
1077 3699 1378 3756 montibus
1408 3700 1560 3756 aedes
1587 3700 1824 3757 decoras
1853 3701 2098 3769 habens,

454 3799 514 3856 et
533 3813 654 3854 suae
683 3791 992 3868 positionis
1023 3789 1255 3846 culmen
1283 3778 1341 3845 in
1373 3786 1559 3844 altum
1589 3788 1818 3856 tollens,
1869 3788 2100 3847 aestivos

455 3886 708 3944 fervores
736 3897 1013 3938 aurarum
1045 3879 1240 3954 algore
1265 3876 1598 3934 tolerabiles
1621 3877 1830 3947 reddit,
1864 3883 1922 3934 et
1941 3877 2102 3934 habi-

453 3973 570 4032 lem
593 3973 652 4030 in
670 3989 733 4030 se
753 3968 1174 4027 habitationem
1193 3965 1348 4024 facit.
1372 3967 1591 4024 Ovibus
1607 3971 1801 4023 autem
1824 3965 2098 4040 spiritua-

451 4063 610 4121 libus
630 4062 783 4118 intra
800 4062 966 4134 septa
991 4057 1257 4130 ejusdem
1279 4054 1526 4113 cmnobii
1549 4055 1974 4114 accubantibus
1993 4055 2098 4112 mi-

453 4151 742 4210 nistrabat
759 4149 886 4206 vitae
907 4165 1127 4222 pascua
1155 4145 1338 4202 abbas
1359 4145 1624 4219 quidam,
1643 4147 1820 4204 Armo
1840 4145 2098 4216 nomine,

452 4243 622 4300 beato
649 4239 770 4296 viro
799 4236 1038 4313 speciali
1076 4251 1338 4293 annexus
1369 4251 1586 4290 amore.
1621 4234 1747 4292 Una
1775 4233 1955 4309 igitur
1978 4234 2100 4292 die-

453 4349 586 4388 rum
616 4328 857 4386 veniens
887 4327 1140 4382 domnus
1171 4321 1336 4380 Odilo
1358 4323 1429 4379 ad
1465 4337 1748 4391 mensam,
1782 4323 2102 4398 interrogat

453 4438 528 4478 an
561 4417 674 4475 tale
720 4417 923 4474 vinum
961 4413 1021 4470 in
1056 4415 1330 4488 promptu
1361 4411 1620 4468 haberet.
1654 4413 1809 4485 quod
1841 4431 1958 4469 suae
1988 4413 2099 4468 im-

453 4507 754 4566 becillitati
783 4503 1228 4562 accommodum
1263 4501 1428 4558 foret.
1464 4500 1746 4558 Intimant
1774 4501 1833 4558 hi
1881 4501 2100 4575 quibus
2130 4524 2179 4590 Ι)

454 4615 595 4655 cura
605 4599 729 4652 erat
739 4593 1074 4660 commissa,
1091 4591 1332 4648 minime
1352 4590 1688 4662 hujusmodi
1703 4590 2102 4664 habere,quod

454 4685 566 4744 sibi
584 4683 725 4742 utile
749 4683 937 4740 valere
965 4698 1113 4737 esse.
1136 4681 1461 4738 Conversus
1492 4682 1686 4736 autem
1713 4679 1888 4737 homo
1910 4679 2010 4736 Dei
2028 4681 2101 4737 ad

454 4775 763 4852 praefatum
822 4771 1117 4837 abbatem,
1174 4767 1275 4842 qui
1306 4785 1413 4825 suo
1458 4767 1624 4825 lateri
1667 4768 1999 4827 assidebat:
2033 4769 2101 4839 Ο,

453 4865 666 4939 inquit,
689 4865 840 4921 bone
868 4861 976 4927 vir,
1007 4859 1056 4916 si
1105 4859 1288 4916 habes
1322 4857 1474 4932 quod
1507 4857 1695 4930 possit
1742 4874 1870 4914 esse
1919 4857 2101 4914 utilli-

454 4971 643 5025 mum,
673 4953 872 5010 confer
916 4949 1051 5006 inde
1099 4946 1243 5004 mihi
1281 4945 1695 5003 charitativum
1744 4947 2098 5005 subsidium.

455 5043 554 5101 Ille
575 5041 747 5098 hilari
767 5039 930 5096 vultu
956 5038 1302 5114 placidoque
1325 5035 1522 5092 animo
1535 5035 1708 5107 jubet
1727 5034 1882 5093 illico
1907 5037 2100 5094 afferri

453 5133 744 5204 quantum
766 5133 923 5186 esset
945 5146 1064 5184 sua:
1095 5123 1402 5184 voluntati.
1429 5125 1594 5181 Tunc
1617 5124 1822 5180 Pater:
1852 5125 1970 5182 Hoc
2001 5144 2103 5183 no-

456 5224 644 5277 strum
674 5218 977 5274 vasculum
1012 5217 1147 5273 licet
1174 5216 1441 5272 videatur
1467 5213 1764 5288 exiguum,
1799 5217 1972 5273 modo
2002 5217 2105 5272 de-

455 5307 676 5364 feratur
732 5305 994 5378 plenum.
1055 5306 1342 5362 Studebat
1383 5303 1540 5360 enim
1590 5303 1651 5358 in
1697 5302 1822 5362 suis
1877 5322 2108 5380 semper

512 5433 636 5559 ‘24)
668 5431 753 5487 Ibi
783 5430 1066 5499 educatus
1096 5429 1208 5484 fuit
1252 5430 1362 5484 sub
1389 5426 1698 5510 .avunculo
1742 5445 1850 5485 suo
1898 5431 2106 5514 abbate

512 5521 526 5559 ι
552 5502 910 5559 debrandus.
935 5505 1136 5559 postea
1163 5500 1478 5559 Gregorius
1500 5498 1601 5556 VII
1623 5517 1792 5559 naua.
1812 5505 1877 5557 ut
1896 5518 1956 5557 1n
1976 5519 2106 5559 eius

457 5498 910 5574 Hildebrandus,
934 5505 1136 5575 postea
1163 5500 1478 5574 Gregorius
1500 5498 1601 5556 VII
1621 5517 1792 5573 papa,
1812 5505 1877 5557 ut
1896 5501 1956 5557 in
1976 5503 2026 5574 ej
2037 5519 2106 5560 us

454 5576 591 5633 Vita
621 5574 858 5633 dicitur.

2217 503 2514 559 modicum
2547 519 2648 558 vas
2691 519 2850 560 mero
2883 502 3144 576 plenum,
3177 521 3294 578 prae
3323 521 3381 561 se
3409 504 3557 578 ponit
3583 511 3634 562 et
3655 509 3796 582 erepit

2217 609 2378 648 more
2427 592 2716 665 pincernaa
2767 590 2911 648 illud
2961 593 3206 666 expendi
3249 591 3359 649 sibi
3395 599 3449 649 et
3477 595 3649 652 abbati
3663 598 3797 667 juxta

2217 679 2600 748 recumbenti,
2633 683 2692 736 et
2739 680 3002 752 quandiu
3034 681 3344 752 prandium
3392 699 3569 739 moras
3613 683 3795 752 habuit,

2217 772 2460 841 uterque
2491 771 2664 841 prout
2707 767 2882 825 libuit
2927 769 3144 828 hausit.
3194 769 3306 826 Alii
3339 787 3464 826 vero
3494 771 3694 838 fratres,
3720 776 3796 847 qui

2217 861 2383 913 erant
2413 856 2730 930 vegetiores
2760 858 3007 928 viribus,
3051 858 3294 914 alterius
3325 858 3558 932 liquoris
3600 861 3799 918 uteban-

2217 949 2316 1002 tur
2353 948 2514 1018 potu,
2566 945 2656 1001 cui
2714 949 2910 1003 tamen
2962 964 3078 1003 non
3135 947 3326 1004 inerat
3379 947 3578 1004 similis
3621 952 3799 1023 saporis

2215 1038 2445 1109 gustus.
2467 1035 2598 1090 Jam
2631 1034 2816 1107 epulae
2855 1036 3208 1105 defecerant,
3239 1041 3296 1092 et
3327 1053 3362 1092 a
3390 1053 3583 1094 mensa
3603 1055 3798 1112 surgen-

2219 1125 2361 1180 dum
2383 1128 2525 1189 erat,
2549 1142 2684 1180 cum
2725 1123 2866 1180 illud
2894 1141 3018 1191 vas,
3050 1124 3209 1182 velut
3239 1125 3654 1196 inexhaustum,
3681 1128 3802 1184 vidc-

2212 1213 2388 1268 batur
2417 1213 2609 1268 adhuc
2648 1213 2900 1270 retinere
2947 1213 3092 1270 meri
3149 1213 3450 1287 pusillum.
3500 1216 3649 1272 Tunc
3689 1233 3800 1272 vcta

2215 1302 2449 1374 pietatis
2480 1306 2707 1359 amator
2760 1301 2976 1360 blande
3033 1302 3388 1360 subridens:
3443 1303 3582 1372 Non,
3635 1304 3802 1378 inquit,

2215 1389 2424 1446 fratres
2456 1390 2589 1459 mei,
2641 1391 2929 1464 integram
2980 1391 3330 1448 charitatem
3380 1409 3516 1466 erga
3541 1409 3632 1448 vos
3673 1395 3805 1450 modo

2215 1479 2418 1536 habui.
2451 1481 2702 1552 Accepto
2742 1479 3047 1536 confestim
3081 1497 3256 1553 parvo
3286 1480 3594 1538 holovitreo
3639 1481 3808 1538 infudit

2217 1587 2467 1637 merum,
2492 1574 2549 1625 et
2569 1567 2823 1643 singulis
2841 1587 2944 1642 pro
2963 1568 3367 1626 benedictione
3385 1568 3618 1644 largitur
3628 1577 3806 1643 potum.

2215 1657 2437 1715 Accidit
2465 1662 2603 1714 tunc
2628 1675 2721 1714 res
2743 1659 3053 1730 stupenda.
3087 1659 3234 1714 Cum
3262 1659 3424 1716 enim
3446 1665 3628 1716 essent
3647 1660 3808 1717 fratres

2218 1746 2335 1802 fere
2383 1746 2716 1814 duodecim,
2765 1746 2994 1803 haustis
3041 1747 3371 1802 secundum
3423 1765 3707 1804 numerum
3731 1767 3806 1822 po-

2216 1833 2390 1903 culis,
2420 1835 2624 1890 vinum
2655 1833 2810 1892 illico
2844 1834 2998 1891 ultra
3028 1835 3207 1890 ﬁuere
3242 1834 3474 1892 desivit.
3510 1837 3807 1893 Latentibus

2215 1941 2349 1980 vero
2390 1923 2542 1980 inter
2586 1941 2648 1980 se
2700 1923 3001 1992 fratribus,
3035 1927 3092 1980 et
3123 1925 3278 1996 quod
3311 1928 3578 1984 evenerat
3618 1930 3807 1998 stupen-

2214 2012 2396 2080 tibus,
2455 2013 2963 2085 prudentissimus
3013 2011 3210 2070 senior
3260 2013 3432 2070 inﬁt:
3489 2013 3688 2087 Hospes
3727 2013 3808 2071 ista

2217 2106 2416 2158 noster
2445 2101 2724 2158 uberibus
2753 2101 2978 2158 eximiis
3019 2101 3356 2159 dilectionis
3405 2103 3684 2159 abundare
3710 2103 3810 2158 fecit

2216 2187 2274 2246 in
2308 2189 2516 2263 exiguo
2543 2206 2680 2246 vase
2709 2188 2908 2248 vinum
2941 2189 3212 2263 praestita:
3243 2189 3568 2248 charitatis.
3599 2195 3675 2248 Ita
3695 2209 3808 2265 opus

2215 2296 2318 2352 per
2345 2296 2406 2336 se
2436 2277 2718 2335 divinitus
2750 2279 2990 2345 tactum,
3023 2278 3267 2336 alterius
3299 2279 3577 2354 religione
3619 2285 3808 2337 attesta-

2214 2369 2388 2424 batur
2416 2368 2743 2424 actitatum.
2765 2365 3092 2424 Excellebat
3112 2367 3269 2425 enim
3290 2368 3356 2424 in
3385 2369 3482 2426 illo
3505 2387 3640 2444 pura
3656 2369 3806 2426 humi-

2211 2455 2368 2524 litas,
2403 2474 2505 2530 per
2534 2473 2734 2529 quam,
2783 2456 2938 2512 sicut
2972 2457 3288 2529 Apostolus
3323 2457 3487 2525 dicit,
3519 2474 3700 2515 omnes
3723 2457 3807 2513 sibi

2213 2545 2545 2619 superiores
2576 2561 2754 2618 seque
2784 2544 3117 2602 inferiorem
3152 2546 3566 2604 arbitrabatur.

2212 2645 2346 2702 CAP.
2379 2645 2445 2701 Χ.
2491 2675 2560 2685 -
2593 2648 2674 2700 De
2701 2643 2938 2717 quodam
2983 2645 3203 2702 homine
3229 2663 3266 2702 α
3300 2647 3550 2717 febribus
3601 2647 3806 2702 liberato.

2282 2733 2506 2807 Inclyta
2535 2736 2666 2806 post
2693 2732 2814 2789 haec
2845 2732 2996 2789 Urbe
3017 2733 3238 2802 relicta,
3271 2734 3550 2794 incedens
3570 2751 3660 2807 per
3675 2749 3808 2807 agge-

2211 2841 2336 2882 rem
2384 2821 2688 2896 publicum
2727 2821 2888 2879 venit
2929 2822 3003 2879 ad
3033 2823 3406 2881 Taurinense
3440 2825 3644 2892 (Turio)
3675 2822 3806 2896 oppi—

2209 2914 2373 2982 dum,
2393 2911 2494 2967 ubi
2518 2910 2759 2984 quidam
2783 2910 3014 2984 patiens
3035 2912 3274 2968 ardores
3297 2913 3550 2971 febrium
3571 2930 3664 2986 per
3679 2910 3802 2968 ablu-

2207 3001 2426 3059 tionem
2482 3017 2766 3056 manuum
2827 3000 2956 3072 ejus
3014 3004 3141 3056 orat
3187 3001 3299 3057 sibi
3332 3002 3463 3058 dari
3507 2999 3798 3058 remedium.

2208 3089 2445 3148 Occulte
2465 3089 2642 3164 igitur
2662 3106 2698 3146 a
2718 3087 3009 3146 ministris
3029 3089 3334 3146 obtentum
3361 3089 3564 3164 recipit
3582 3090 3801 3146 inﬁrmus

2209 3180 2335 3238 sine
2357 3196 2522 3236 mora
2545 3177 2874 3235 sanctitatis
2893 3177 3266 3245 beneﬁcium,
3291 3179 3626 3236 collaudans
3643 3175 3801 3235 aeterni

2209 3268 2396 3327 Patris
2428 3267 2668 3324 unicum
2698 3266 3015 3324 Dominum
3044 3268 3248 3324 Jesum
3279 3268 3600 3326 Christum.
3630 3266 3724 3324 Sed
3750 3280 3802 3319 ne

2209 3358 2279 3415 ad
2310 3373 2483 3415 aures
2504 3357 2692 3414 Patris
2722 3355 3140 3430 perveniretur,
3165 3355 3281 3414 alto
3303 3357 3544 3416 silentio
3570 3357 3636 3414 ab
3657 3351 3804 3414 omni-

2207 3446 2319 3501 bus
2349 3443 2696 3500 occultatur.

2207 3542 2344 3598 CAP.
2379 3545 2476 3596 XI.
2511 3573 2580 3581 —
2608 3545 2697 3614 De
2718 3541 2938 3614 utribus
2963 3543 3023 3596 in
3053 3558 3182 3597 usus
3222 3559 3531 3614 pauperum
3559 3541 3804 3606 evocantis,

2595 3619 2648 3668 et
2677 3613 2878 3668 iterum
2905 3613 3171 3670 divinitus
3203 3613 3470 3687 impletis.

2281 3701 2420 3757 Inde
2448 3701 2520 3756 ad
2550 3699 2723 3774 Alpes
2750 3700 2990 3757 Jovinas
3019 3703 3286 3770 tendens,
3313 3704 3559 3778 jamque
3601 3701 3804 3759 arduum

2206 3789 2318 3848 iter
2345 3790 2766 3858 conscendens,
2791 3789 2984 3846 obviat
3007 3807 3327 3864 egenorum
3361 3793 3554 3861 turba,
3579 3808 3693 3865 quae
3714 3791 3806 3844 tota

2209 3879 2386 3936 simul
2427 3879 2741 3951 strepebat,
2775 3883 2840 3934 ut
2870 3880 3149 3952 praeberet
3178 3879 3398 3954 stipem
3447 3877 3804 3939 necessariam.

2208 3967 2366 4025 Illico
2389 3966 2981 4026 muniﬁcentissimus
3002 3967 3170 4025 Pater
3185 3969 3378 4042 jussit
3395 3969 3664 4028 exinaniri
3684 3970 3805 4022 utm

2205 4056 2362 4126 vino,
2393 4059 2450 4112 et
2478 4055 2775 4130 egentium
2799 4055 2924 4112 dari
2949 4056 3267 4128 desiderio;
3291 4063 3352 4115 et
3374 4058 3570 4116 statim
3592 4057 3688 4114 hoc
3710 4054 3806 4111 sine

2208 4144 2488 4202 dilatione
2531 4144 2853 4218 perﬁcitur.
2901 4145 3027 4202 Non
3060 4145 3246 4202 multo
3297 4151 3438 4221 post
3467 4149 3656 4205 aderat
3679 4159 3808 4200 com-

2209 4239 2415 4310 petens
2445 4235 2608 4302 hora,
2639 4249 2758 4306 qua
2785 4233 2899 4291 cibi
2945 4235 3383 4309 perceptionem
3441 4235 3686 4312 exigebat
3719 4231 3806 4287 fra-

2207 4323 2346 4398 gilis
2363 4329 2590 4380 natura.
2615 4321 3218 4398 Discumbuntitaque
3239 4323 3462 4396 cuncti,
3481 4331 3536 4383 et
3549 4340 3668 4382 ecce
3685 4326 3810 4379 utres

2208 4412 2343 4469 vino
2373 4412 2560 4482 vacui,
2597 4411 2970 4486 reperiuntur
3017 4413 3242 4470 salubri
3274 4413 3503 4488 liquore
3531 4411 3691 4489 pleni.
3718 4407 3806 4466 0b-

2210 4505 2556 4576 stupescunt
2596 4517 2821 4571 omnes,
2863 4505 2922 4558 et
2970 4519 3076 4575 pro
3131 4506 3294 4560 tanto
3353 4520 3592 4561 munere
3642 4497 3808 4557 divina

2212 4591 2505 4664 majestati
2537 4589 2881 4664 persolvunt
2908 4589 3202 4648 solemnes
3231 4593 3555 4667 gratiarum
3576 4589 3804 4648 actiones.

2281 4681 2416 4739 CAP.
2449 4680 2568 4736 XII.
2595 4710 2664 4722 ——
2707 4680 2782 4737 De
2810 4696 2938 4737 vase
2963 4683 3134 4738 vitreo
3161 4684 3437 4754 confracta
3463 4691 3516 4740 et
3537 4679 3751 4738 solidam.

2281 4770 2426 4827 Cum
2457 4769 2516 4825 in
2547 4768 2848 4827 Pannonia
2877 4769 3057 4826 simul
3088 4787 3225 4828 cum
3255 4772 3474 4828 domno
3509 4770 3696 4828 abbate
3721 4763 3807 4820 Hu-

2209 4875 2358 4934 gone
2389 4858 2500 4932 (25)
2532 4874 2742 4928 essem,
2776 4858 3033 4932 quadam
3065 4859 3160 4918 die
3189 4877 3326 4916 cum
3368 4855 3667 4918 venerabili
3710 4852 3806 4908 viro

2210 4948 2498 5006 Richardo
2529 4947 2822 5021 episcopo,
2872 4949 3056 5022 patris
3086 4949 3352 5007 Odilonis
3402 4948 3613 5005 nutrito
3637 4949 3686 5001 et
3707 4955 3806 4998 mo—

2210 5039 2416 5102 nacho,
2463 5036 2610 5110 ccepi
2640 5037 2712 5094 de
2740 5036 3058 5094 virtutibus
3089 5039 3354 5111 ejusdem
3389 5036 3568 5095 Patris
3595 5032 3804 5091 collocu-

2212 5128 2433 5186 tionem
2459 5126 2694 5199 habere,
2720 5130 2777 5183 et
2807 5143 2912 5201 ego
2940 5126 3133 5192 illum,
3159 5127 3208 5185 si
3236 5144 3353 5202 qua
3383 5129 3592 5193 nosset,
3616 5127 3672 5179 ut
3690 5116 3802 5176 mihi

2213 5217 2512 5292 panderet,
2547 5213 2836 5272 sollicitus
2864 5232 3023 5272 eram
3052 5215 3368 5290 inquirere.
3403 5215 3533 5273 Fuit
3549 5209 3688 5270 enim
3714 5203 3802 5264 sibi

2213 5307 2337 5380 ipse
2367 5305 2678 5380 episcopus
2704 5303 2869 5362 valde
2900 5304 3418 5374 familiarissimus,
3449 5309 3504 5361 et
3531 5320 3626 5376 per
3654 5295 3804 5355 multa

2253 5429 2408 5558 ($2528
2427 5429 2565 5486 Cod.
2595 5429 2654 5486 S.
2688 5429 2984 5497 Germani,
3025 5429 3222 5487 domno
3263 5440 3315 5488 et
3355 5429 3565 5486 seniore
3614 5425 3801 5490 Ruga“

2321 5519 2354 5558 a
2413 5542 2427 5558 .

2214 5517 2427 5560 aooate.
