4020 6180
175 320 296 386 925

1564 321 1771 386 VITA.
1818 351 1897 368 -ιι
1937 320 2087 382 LIB.
2136 322 2212 382 ll.

3476 300 3600 382 sic

179 457 451 531 tempore
499 471 742 513 suorum
790 456 1146 512 secretorum
1196 452 1467 514 conscius
1493 453 1837 530 itinerisque
1865 454 1915 525 Α
1950 452 2190 512 clesiam
2220 456 2599 524 concurrunt,
2619 450 2866 529 psalmis
2890 455 2949 512 et
2975 450 3339 512 Orationibus
3369 450 3596 511 incum-

176 546 264 604 vel
296 543 517 603 laboris
562 543 777 601 socius.
810 544 948 601 Erat
973 560 1108 601 vero
1138 544 1293 603 inter
1340 543 1454 602 alia
1495 543 1711 603 mentio
1759 546 1832 603 de

175 652 313 693 vase
357 634 614 707 quodam
646 633 959 702 contracto,
1009 636 1068 690 et
1114 634 1478 693 orationibus
1527 635 1736 703 Patris,
1768 638 1835 691 ut

179 725 383 792 fertur,
418 720 779 779 consolidato
812 739 825 778 :
858 722 1014 778 unde
1044 738 1150 797 ego
1202 723 1395 780 adhuc
1442 723 1723 792 incertus,
1758 724 1831 780 ab

178 812 274 869 illo
332 811 416 869 rei
464 811 770 867 veritatem
813 811 1183 884 inquirebam
1214 810 1523 869 sollicitus.
1569 815 1641 869 At
1688 812 1829 870 ille:

179 901 432 967 Recolis,
463 899 677 973 inquit,
702 900 899 969 frater,
930 899 1092 956 illam
1122 901 1555 959 contentionem
1583 902 1832 959 Alberici

178 989 436 1063 episcopi
469 989 715 1045 Cumani
750 989 888 1061 (26),
922 1007 1101 1062 quam
1143 989 1353 1047 habuit
1383 1007 1517 1046 cum
1566 990 1831 1058 Odilone,

178 1078 431 1136 senioris
457 1076 719 1134 0dilonis
747 1079 1050 1151 nepote,de
1073 1078 1307 1135 abhatia
1337 1079 1693 1136 Bremetensi
1710 1080 1738 1135 ?
1764 1080 1836 1136 Et

176 1184 285 1241 ego
319 1186 333 1223 :
369 1166 580 1223 Recolo
611 1170 766 1222 certe
815 1170 873 1223 et
919 1167 1066 1223 bene
1114 1167 1476 1224 reminiscor.
1509 1168 1658 1224 Dum
1709 1168 1828 1234 illa,

174 1255 693 1329 inquit,contentio
724 1256 1157 1328 esset,quadam
1183 1257 1275 1313 die
1308 1274 1413 1330 ego
1435 1261 1491 1313 et
1522 1258 1831 1330 praedictus

174 1346 490 1420 episcopus
520 1345 578 1400 in
610 1345 704 1399 via
732 1344 911 1400 simul
945 1350 1269 1418 pergentes,
1297 1350 1354 1402 et
1396 1346 1465 1401 de
1507 1346 1709 1402 multis
1759 1346 1831 1401 ad

178 1435 431 1491 invicem
461 1432 881 1505 colloquentes,
915 1432 1067 1489 inter
1109 1439 1315 1490 caetera
1357 1435 1500 1507 ccepi
1556 1452 1691 1491 eum
1742 1452 1834 1492 ar-

171 1541 378 1598 guere,
410 1541 515 1580 cur
538 1523 939 1595 supradictam
971 1523 1266 1578 abbatiam
1300 1523 1517 1595 injuste
1542 1523 1651 1580 sibi
1695 1542 1836 1597 prae-

173 1611 533 1684 sumpsisset
562 1608 879 1681 acquirere,
914 1626 1048 1665 cum
1080 1609 1255 1665 sciret
1288 1609 1446 1666 illam
1479 1611 1737 1683 primum
1761 1611 1833 1666 ab

174 1703 534 1774 imperatore
565 1698 830 1754 Conrado
862 1698 1135 1754 traditam
1168 1714 1295 1754 esse
1346 1698 1604 1770 praedicti
1649 1700 1837 1756 Patris

177 1789 448 1847 0dilonis
477 1787 860 1844 ordinationi:
890 1791 948 1842 et
978 1787 1132 1842 inter
1156 1786 1272 1842 alia
1301 1787 1352 1842 ei
1384 1788 1524 1860 coepi
1545 1805 1838 1861 opponere

180 1877 556 1935 sanctitatem
584 1874 714 1942 viri,
749 1878 805 1930 et
834 1875 973 1947 quia
1014 1874 1269 1931 multum
1323 1876 1713 1932 audiebantur
1761 1878 1833 1932 ab

181 1967 284 2024 illo
313 1964 637 2023 laudabilia
665 1964 811 2035 ﬁeri,
842 1963 994 2019 inter
1023 1981 1150 2037 quae
1176 1964 1352 2020 etiam
1400 1965 1556 2021 fama
1604 1970 1727 2021 erat
1763 1966 1835 2021 de

182 2053 680 2127 redintegratione
738 2052 1048 2123 cujusdam
1103 2052 1260 2109 vasis
1315 2052 1481 2108 vitrei
1532 2052 1831 2109 confracti.

178 2146 323 2210 Hoc,
382 2143 648 2214 inquam,
707 2158 821 2207 me,
884 2140 1185 2213 respondit
1240 2141 1561 2208 Albericus,
1624 2142 1835 2198 melius

174 2251 363 2308 quam
418 2236 474 2288 te
517 2231 668 2287 scire
700 2230 919 2299 fateor;
954 2234 1012 2285 et
1041 2230 1180 2305 quia
1209 2234 1262 2286 te
1293 2247 1362 2286 ex
1392 2230 1501 2286 hoc
1548 2230 1833 2287 incertum

175 2323 375 2389 video,
396 2338 466 2377 ne
496 2319 771 2391 deinceps
800 2319 883 2375 sis
915 2316 1151 2386 dubius,
1171 2318 1307 2375 audi
1340 2318 1644 2375 veritatem
1676 2337 1838 2391 aper-

177 2412 326 2468 tius.
360 2411 428 2465 Et
455 2424 563 2482 ego
597 2425 610 2463 :
646 2408 933 2473 Libenter,
967 2407 1569 2479 inquam,audiam,et
1599 2407 1840 2481 diligen-

178 2500 307 2557 tius
337 2499 536 2554 animo
568 2482 1009 2552 recondamfAt
1057 2495 1153 2551 ille
1187 2514 1200 2551 ;
1242 2497 1506 2563 Quodam
1554 2500 1835 2570 tempore,

179 2589 287 2646 ille
318 2593 461 2644 tuus
493 2585 708 2653 senior,
742 2601 917 2657 quem
948 2584 1112 2651 dicis,
1147 2589 1204 2640 et
1251 2586 1433 2642 abbas
1471 2586 1585 2657 (27)
1618 2586 1687 2641 ad
1735 2603 1839 2641 cu-

178 2678 338 2735 riam
372 2674 601 2732 Henrici
632 2673 1002 2747 imperatoris
1043 2674 1157 2729 mei
1191 2673 1437 2731 senioris
1481 2680 1751 2743 venerat;
1783 2679 1841 2732 et

179 2767 337 2823 dum
372 2765 451 2820 ibi
484 2768 765 2829 maneret,
799 2762 1007 2818 accidit
1031 2764 1287 2835 quadam
1320 2764 1413 2819 die
1444 2767 1509 2819 ut
1546 2763 1606 2819 in
1638 2782 1842 2821 mensa

178 2852 566 2926 imperatoris
588 2869 689 2907 vas
702 2850 1022 2925 pretiosissi
1033 2868 1086 2906 m
1098 2868 1193 2906 um
1207 2853 1457 2908 vitreum
1468 2852 1843 2908 Alexandrini

182 2943 428 3019 generis
456 2942 572 3012 (28)
604 2957 738 2996 cum
790 2940 1106 3011 pigmentis
1133 2941 1290 2996 tritis
1321 2945 1453 2997 ante
1483 2958 1618 2997 eum
1665 2958 1843 3014 pone-

182 3037 377 3090 retur.
412 3029 513 3087 lllo
550 3046 686 3087 vero
736 3029 1024 3085 advocans
1073 3046 1167 3085 me
1215 3034 1271 3084 et
1315 3030 1666 3086 Landull‘um
1698 3034 1843 3099 [ms.,

180 3120 592 3190 Laudult'um],
622 3122 823 3191 postea
850 3118 1275 3174 Taurinensem
1306 3117 1667 3191 episcopum,
1700 3137 1845 3192 pra:-

1940 544 2113 617 bunt,
2145 548 2203 601 et
2241 561 2314 602 ne
2345 543 2515 602 nobis
2547 544 2684 602 inde
2711 541 3122 602 innocentibus
3150 543 3434 601 damnum
3467 561 3595 602 eve-

1942 633 2505 707 niat,unusquisque
2532 652 2634 707 pro
2667 633 2836 691 nobis
2867 632 3153 690 sollicitus
3186 633 3599 691 exorat.Finita

1939 740 2075 779 vero
2105 723 2481 790 oratione,vir
2509 727 2752 780 sanctus
2779 739 2883 779 vas
2914 721 3027 779 sibi
3059 722 3419 779 confractum
3449 741 3598 796 pra:-

1942 812 2158 869 sentari
2183 812 2568 884 jubet,oculis
2598 811 2853 885 inspicit,
2882 810 3158 868 manibus
3189 815 3459 868 attrectat
3492 830 3505 868 :
3539 815 3622 867 et'

1943 918 2075 959 ecce
2110 901 2257 957 nihil
2308 906 2566 975 rupturae
2615 901 2702 957 vel
2749 899 3161 957 confractionis
3210 900 3592 974 recognoscit.

1944 991 2290 1064 Indignatus
2319 1007 2452 1065 vero
2484 989 2641 1046 circa
2665 989 3022 1046 monachos:
3057 990 3227 1057 Quid,
3261 988 3474 1062 inquit,
3506 1006 3601 1045 vo-

1944 1079 2056 1147 bis,
2109 1080 2339 1147 fratres,
2388 1078 2735 1135 videbatur?
2765 1078 2957 1145 credo,
2998 1081 3153 1135 certe
3199 1078 3360 1134 visus
3407 1082 3600 1135 vester

1945 1167 2139 1223 nescio
2172 1184 2290 1239 qua
2318 1166 2568 1240 caligine
2599 1166 2989 1223 detinebatur.
3009 1165 3343 1240 Fingebatis
3376 1166 3599 1223 fallaci-

1940 1262 2029 1312 ter
2057 1257 2341 1312 facturam
2373 1254 2618 1320 vasculi,
2650 1272 2783 1312 cum
2814 1272 2945 1313 ecce
2976 1256 3110 1312 inde
3152 1254 3318 1312 nulla
3365 1254 3597 1329 conspi-

1941 1344 2172 1401 ciantur
2201 1344 2370 1417 signa
2399 1344 2662 1418 periculi.
2697 1346 2925 1405 Fratres
2963 1361 3098 1401 vero
3145 1344 3267 1400 haec
3313 1344 3597 1413 videntes,

1943 1434 2169 1489 attoniti
2203 1439 2440 1506 stupore
2474 1433 2763 1502 miraculi,
2790 1433 2935 1489 nihil
2956 1432 3090 1490 inde
3109 1434 3401 1489 audebant
3414 1432 3597 1506 loqui.

1943 1524 2079 1579 Post
2099 1523 2220 1578 haec
2240 1527 2502 1596 tempore
2524 1523 2863 1591 constituto,
2880 1538 2985 1595 ego
3012 1539 3147 1579 cum
3174 1523 3330 1579 socio
3347 1540 3451 1596 pro
3467 1539 3604 1579 vase

1948 1612 2263 1683 repetendo
2296 1612 2593 1679 venimus,
2623 1616 2682 1667 et
2709 1629 2743 1666 a
2764 1610 2961 1682 bajulo
2986 1610 3144 1667 illius
3167 1610 3600 1684 requisivimus.

1948 1700 2054 1765 Qui
2084 1700 2372 1755 advocans
2401 1716 2494 1755 me
2524 1699 2581 1755 in
2616 1704 2842 1772 partem
2874 1717 2975 1756 vas
3008 1698 3282 1766 reddidit,
3306 1702 3364 1756 et
3398 1702 3464 1755 ut
3493 1699 3602 1755 im-

1946 1790 2198 1861 peratori
2231 1806 2334 1861 pro
2366 1805 2581 1862 magno
2606 1806 2850 1845 munere
2872 1789 3173 1845 redderem
3205 1788 3602 1854 suasit.Quem

1942 1881 2356 1951 percunctatus
2386 1893 2492 1933 cur
2522 1877 2663 1934 talia
2689 1876 2925 1945 diceret,
2959 1894 3062 1949 per
3091 1877 3356 1934 ordinem
3388 1881 3605 1935 cuncta

1944 1983 2071 2041 qua:
2106 1966 2441 2021 acciderant
2481 1965 2756 2021 narravit.
2789 1966 2908 2039 Ego
2955 1982 3088 2021 vero
3133 1965 3603 2039 gratulabundus

1944 2071 2079 2110 cum
2121 2055 2279 2110 socio
2325 2053 2492 2123 redii,
2526 2054 2862 2127 imperatori
2915 2072 3043 2127 quae
3089 2071 3437 2128 agnoveram
3486 2055 3601 2112 sub

1944 2142 2176 2200 silentio
2207 2143 2402 2209 retuli,
2433 2148 2492 2199 et
2523 2161 2698 2216 super
2729 2143 2838 2199 hoc
2876 2143 3161 2200 miraculo
3192 2160 3406 2217 magno
3438 2142 3603 2199 illum

1944 2231 2158 2305 replevi
2191 2232 2599 2288 admirationis
2629 2231 2843 2306 gaudio
2856 2232 3175 2288 etinsolitte
3199 2231 3603 2288 delectationis

1938 2320 2147 2393 jubilo.
2168 2322 2358 2394 Supra
2387 2322 2630 2378 modum
2661 2321 2980 2377 cnim-eum
3012 2320 3292 2394 diligebat
3319 2320 3598 2394 illiusque

1945 2409 2209 2466 consiliis
2240 2409 2541 2467 humiliter
2570 2410 2925 2466 adhaerebat.
2958 2411 3039 2467 De
3078 2427 3195 2483 quo
3246 2410 3425 2466 etiam
3464 2409 3608 2466 talia

1946 2516 2292 2571 agnoscens,
2324 2499 2512 2571 magis
2544 2517 2608 2555 ac
2649 2499 2838 2573 magis
2887 2499 3047 2555 omni
3096 2498 3471 2555 veneratione
3518 2498 3604 2555 di-

1947 2605 2131 2661 gnum
2162 2587 2572 2644 habebatllzec
2598 2586 2679 2642 ita
2712 2588 2857 2643 mihi
2887 2588 3194 2643 Albericus
3219 2586 3478 2644 ecclesia:
3503 2589 3607 2645 Cu-

1949 2693 2136 2732 manae
2166 2676 2478 2749 episcopus
2507 2676 2567 2731 in
2597 2676 2838 2733 veritate
2870 2675 3146 2742 narravit,
3179 2692 3311 2748 quas
3360 2674 3536 2732 etiam
3571 2693 3606 2732 a

1950 2764 2219 2837 pluribus
2249 2764 2380 2822 aliis
2413 2766 2680 2837 personis
2712 2782 2846 2820 vera
2874 2781 3005 2821 esse
3039 2781 3142 2837 pro
3174 2767 3331 2820 certo
3371 2764 3600 2837 agnovi.

1950 2854 2084 2910 Car.
2119 2854 2268 2909 XIII.
2300 2886 2368 2894 —
2398 2855 2473 2909 he
2501 2853 2738 2925 quadam
2768 2856 2976 2909 visione
3022 2853 3307 2926 cujusdam
3333 2854 3601 2911 eranum.

2025 2941 2242 2997 Retulit
2272 2941 2414 2997 mihi
2447 2941 2622 2997 etiam
2655 2942 2911 2997 domnus
2939 2941 3264 2998 Richardus
3294 2941 3605 3015 episcopus

1954 3031 2270 3103 quamdam
2281 3030 2771 3103 visionem,quam
2787 3034 2843 3085 et
2856 3047 2960 3103 ego
2974 3029 3600 3101 quondamaudieram,

1953 3120 2056 3175 sed
2088 3123 2225 3175 tunc
2256 3119 2453 3174 animo
2499 3118 2742 3173 minime
2773 3118 3115 3174 retinebam.
3150 3120 3410 3184 Quodam
3462 3122 3604 3174 tem-

181 3210 345 3284 cepit
374 3214 439 3265 ut
468 3209 663 3280 ipsum
694 3223 795 3263 vas
824 3223 959 3262 cum
988 3207 1220 3279 pulvere
1262 3207 1719 3280 pigmentorum,
1763 3208 1835 3264 ad
1868 3192 1911 3261 (ἶ
1949 3226 2107 3282 pore,
2141 3207 2353 3280 inquit,
2387 3208 2472 3263 vir
2502 3208 2744 3280 quidam
2789 3206 3097 3281 religiosus
3128 3208 3198 3262 de
3229 3223 3377 3279 pago
3426 3207 3600 3263 Bote-

182 3314 458 3355 mensam
492 3296 742 3354 senioris
771 3294 1035 3352 0dilonis
1065 3295 1445 3363 deferremus,
1479 3300 1535 3351 et
1571 3296 1620 3352 ei
1654 3297 1843 3370 gratia

180 3405 479 3459 corporeae
509 3384 719 3443 salutis
752 3385 1049 3440 daremus.
1080 3384 1197 3441 Nos
1228 3400 1380 3450 vero,
1413 3385 1566 3440 sicut
1596 3386 1842 3459 impera-

178 3481 281 3533 tor
306 3478 586 3549 jusserat,
608 3491 710 3530 vas
740 3472 1079 3539 detulimus,
1115 3491 1309 3529 coram
1340 3474 1548 3530 abbate
1588 3492 1656 3531 ex
1681 3479 1843 3548 parte

178 3566 431 3625 Caesaris
462 3563 790 3636 posuimus,
809 3568 865 3618 et
896 3562 1048 3618 sicut
1074 3562 1338 3629 decebat,
1361 3562 1661 3618 humiliter
1680 3562 1845 3619 incli-

179 3653 481 3712 navimus.
511 3654 586 3708 At
613 3651 710 3708 ille
747 3650 1048 3707 humiliter
1079 3651 1381 3723 recipiens,
1412 3669 1548 3708 vase
1596 3656 1839 3720 retento,

182 3743 465 3818 praecepit
494 3759 602 3798 nos
632 3740 839 3806 redire,
873 3744 930 3796 et
973 3744 1236 3812 tempore
1282 3740 1597 3797 constituto
1628 3740 1840 3797 iterum

182 3849 299 3906 pro
328 3829 563 3887 vasculo
595 3828 905 3901 repetendo
932 3828 1142 3884 redire.
1172 3828 1352 3884 Nobis
1381 3844 1514 3885 vero
1554 3829 1844 3885 redeunti-

180 3922 327 3989 bus,
350 3919 508 3976 sicut
535 3918 805 3974 humana:
836 3916 1192 3973 curiositatis
1221 3921 1315 3973 est
1346 3934 1522 3973 novas
1553 3922 1610 3974 et
1639 3918 1838 3974 incon-

182 4013 388 4066 suetas
418 4025 512 4065 res
541 4006 791 4063 libenter
817 4005 964 4061 velle
1003 4005 1313 4078 inspicere,
1347 4011 1642 4078 cmperunt
1690 4008 1840 4062 inter

182 4115 250 4157 se
282 4096 553 4155 monachi
584 4112 686 4151 vas
716 4094 991 4151 manibus
1019 4098 1348 4162 attrectare,
1381 4094 1528 4151 alter
1568 4095 1735 4151 alteri
1767 4096 1839 4151 de

178 4203 371 4244 manu
425 4186 498 4241 ad
531 4201 771 4241 manum
814 4185 1043 4239 tradere
1075 4200 1089 4239 :
1124 4199 1259 4239 cum
1291 4199 1424 4239 ecce
1452 4184 1524 4240 de
1564 4183 1839 4240 manibus

182 4293 297 4332 vas
324 4274 561 4340 labitur,
595 4278 674 4341 et,
706 4277 771 4328 ut
800 4278 924 4327 erat
967 4271 1193 4345 fragile,
1224 4271 1473 4328 labendo
1521 4273 1837 4345 confringi-

181 4370 308 4421 tur.
333 4363 494 4431 Quod
527 4377 850 4435 agnoscens
880 4361 969 4416 vir
997 4361 1114 4417 Deo
1144 4360 1436 4429 amabilis,
1472 4379 1588 4417 non
1637 4361 1839 4417 leviter

180 4453 571 4510 contristatus
619 4449 744 4507 ait:
778 4451 1026 4521 Fratres,
1058 4466 1174 4505 non
1228 4449 1373 4506 bene
1419 4449 1658 4518 fecistis,
1700 4450 1839 4523 quia

1950 3296 2115 3353 nensi
2174 3297 2387 3370 (Rodat)
2436 3295 2722 3352 oriundus
2780 3297 2852 3352 ab
2909 3295 3291 3369 Jerosolymis
3346 3300 3593 3352 reverte-

1948 3386 2139 3442 batur.
2155 3386 2472 3442 Transicns
2502 3389 2697 3441 autem
2729 3386 3071 3458 marc,quod
3103 3403 3137 3440 a
3166 3384 3364 3440 Sicilia
3394 3401 3601 3441 versus

1950 3475 2426 3532 Thessalonicam
2461 3474 2848 3547 protenditur,
2884 3474 3123 3547 pertulit
3151 3490 3287 3530 cum
3330 3472 3600 3546 pluribus

1950 3565 2079 3621 aliis
2110 3564 2526 3639 gravissimum
2552 3568 2790 3619 ventum
2816 3563 2877 3618 in
2906 3562 3100 3619 medio
3122 3562 3487 3636 positus.0ui
3508 3579 3607 3619 na-

1948 3653 2064 3710 vim
2095 3652 2424 3726 impellens,
2458 3651 2685 3725 appulit
2713 3652 2784 3707 ad
2818 3652 3138 3724 quamdam
3182 3651 3439 3707 insulam
3483 3650 3605 3707 sive

1949 3759 2177 3816 rupem,
2213 3741 2313 3797 ubi
2346 3741 2590 3815 quidam
2623 3757 2824 3797 servus
2851 3740 2951 3795 Dei
2984 3739 3251 3796 reclusus
3282 3739 3557 3796 manebat
3588 3728 3636 3795 ε’

1949 3831 2050 3888 ubi
2090 3830 2432 3904 aliquandiu
2479 3827 2965 3901 tranquillitatem
3024 3827 3203 3884 maris
3252 3831 3601 3902 exspectans

1950 3920 2264 3993 praedictus
2293 3918 2380 3974 vir
2427 3921 2845 3981 commoratus,
2880 3915 3053 3989 coepit
3099 3933 3234 3972 cum
3276 3915 3376 3973 illo
3429 3933 3595 3973 servo

1948 4008 2049 4065 Dei
2098 4009 2169 4063 de
2218 4006 2422 4063 multis
2482 4004 2926 4061 collocutionem
2988 4003 3222 4060 habere.
3274 4004 3604 4077 lnquisitus

1947 4113 2081 4153 vero
2113 4114 2147 4152 a
2174 4096 2297 4151 viro
2325 4095 2425 4150 Dei
2457 4094 2611 4149 unde
2640 4109 2829 4165 genus
2859 4093 3115 4159 duceret,
3149 4091 3510 4164 Aquitanum
3542 4109 3606 4148 se

1949 4202 2077 4243 esse
2108 4182 2602 4257 respondit.Tunc
2628 4181 2780 4236 idem
2814 4180 2989 4237 homo
3021 4180 3119 4236 Dei
3153 4179 3489 4237 sciscitatus
3516 4184 3607 4236 est
3650 4188 3657 4193 ’

1948 4275 1999 4331 si
2030 4274 2324 4346 quoddam
2357 4270 2777 4328 monasterium
2820 4270 2976 4342 quod
3026 4267 3429 4325 nominaretur
3478 4268 3608 4325 Clu-

1948 4363 2276 4430 niacum,et
2304 4360 2611 4417 Odilonem
2638 4360 2904 4430 ejusdem
2935 4357 3046 4415 loci
3075 4358 3349 4414 abbatem
3382 4361 3601 4415 nosset.

1944 4453 2021 4507 At
2047 4451 2143 4507 ille
2169 4450 2469 4524 respondit
2500 4467 2513 4505 :
2547 4448 2709 4512 Novi,
2742 4453 2801 4503 et
2827 4447 2973 4502 bene
3002 4446 3156 4513 novi,
3189 4451 3248 4501 et
3273 4446 3382 4501 hoc
3413 4463 3596 4518 quare

177 4558 297 4615 pro
324 4540 423 4597 tali
452 4544 647 4596 vestra
683 4537 1059 4629 negligentia,
1084 4538 1401 4629 juvenibus
1447 4538 1697 4629 clericis,
1727 4541 1835 4596 sub
1869 4563 1915 4629 Ι)
1948 4539 2342 4614 percuncteris
2373 4538 2521 4594 scire
2560 4535 2997 4629 cupioLDicam
3019 4534 3148 4603 tibi,
3183 4534 3395 4629 inquit,
3430 4539 3490 4629 et
3538 4539 3602 4591 ut

181 4647 439 4703 quorum
471 4628 739 4685 custodia
766 4645 867 4683 vas
902 4646 937 4683 a
967 4628 1137 4682 nobis
1167 4628 1529 4684 confractum
1579 4628 1836 4701 positum

179 4724 334 4785 erat,
364 4719 613 4792 gratiam
648 4716 1015 4789 imperatoris
1047 4718 1294 4773 fortasse
1341 4717 1702 4784 abstulistis;
1738 4718 1838 4773 sed

180 4824 262 4864 ne
296 4806 407 4863 illis
436 4807 722 4863 damnum
754 4803 979 4862 eveniat
1010 4805 1108 4877 qui
1133 4805 1430 4861 immunes
1451 4805 1839 4879 suntaculpa,

178 4896 536 4953 accedamus
568 4895 640 4951 ad
672 4893 1002 4960 ecclesiam,
1037 4897 1094 4949 et
1118 4894 1352 4949 Domini
1384 4912 1562 4967 super
1590 4893 1699 4951 hoc
1732 4895 1839 4951 im-

179 4983 483 5057 ploremus
514 4982 1091 5040 misericordiam.Ad
1108 4983 1279 5054 cujus
1307 4983 1624 5056 imperium
1656 4985 1729 5040 ad
1760 5000 1824 5040 ec

257 5108 379 5181 (26)Δ
402 5109 464 5165 Id
494 5112 583 5165 est
597 5107 922 5181 Comensis,
941 5107 1041 5179 qui
1055 5108 1267 5181 saepius
1289 5109 1585 5181 Cumanus
1603 5108 1836 5164 dicitur.

180 5178 341 5253 Nam
360 5178 517 5253 inter
543 5181 840 5253 Cumanos
872 5179 931 5233 in
960 5178 1278 5253 Campania
1306 5180 1503 5253 Italica
1532 5181 1838 5253 episcopos

179 5248 387 5329 nullus
413 5251 736 5329 Albericus
764 5251 1044 5329 occurrit._
1071 5248 1142 5306 At
1186 5250 1487 5329 Albericus
1512 5248 1839 5329 Comensis

181 5321 496 5400 episcOpus
521 5321 774 5400 celebris
803 5326 914 5400 est,
948 5321 1047 5393 qui
1067 5338 1289 5400 novam
1321 5322 1715 5400 cathedralem
1747 5340 1836 5400 ecf

180 5394 490 5467 clesiama
515 5394 917 5449 fundamentis
949 5394 1276 5467 exstruxit,
1292 5399 1506 5467 vetere,
1540 5412 1668 5467 qua;
1716 5398 1841 5451 erat

181 5468 355 5519 extra
389 5465 702 5531 civitatem,
739 5464 1042 5521 monachis
1092 5465 1485 5521 Benedictinis
1536 5464 1834 5534 attributa,

227 5550 321 5589 ua:
357 5537 726 5605 postmodum
760 5537 832 5593 ad
863 5535 1276 5593 Cistercienses
1324 5536 1581 5605 transiit,
1612 5555 1678 5593 ac
1709 5542 1836 5592 tan-

220 5621 326 5661 em
374 5606 428 5666 in
459 5608 813 5668 commenda
843 5607 1059 5667 tradita
1086 5606 1280 5665 nullos
1311 5625 1470 5667 nunc
1509 5608 1684 5667 habet
1712 5625 1837 5666 mo-

1949 4630 2146 4686 animo
2176 4628 2458 4685 recondas
2487 4644 2613 4698 quae
2641 4623 2899 4682 audieris
2928 4622 3450 4681 admoneo.Vicina
3475 4623 3604 4680 loca

1950 4723 2090 4775 sunt
2129 4717 2318 4782 nobis,
2352 4733 2420 4773 ex
2468 4713 2802 4786 semetipsis
2852 4713 3166 4769 manifesto
3212 4713 3314 4769 Dei
3352 4712 3602 4783 judicio,

1950 4806 2294 4881 gravissima
2314 4802 2638 4860 eructantia
2653 4800 3141 4875 ignisiracundia,
3166 4799 3224 4855 in
3248 4800 3466 4872 quibus
3478 4800 3602 4855 ani-

1954 4914 2059 4952 mae
2088 4898 2455 4969 peccatorum
2484 4893 2555 4948 ad
2596 4898 2827 4963 tempus
2854 4895 3140 4946 statutum
3165 4888 3395 4944 diversa
3428 4886 3602 4944 luunt

1955 4983 2263 5058 supplicia.
2284 4983 2578 5039 Suntvero
2591 4981 2662 5037 ad
2676 4997 2879 5036 eorum
2893 4976 3468 5050 semperrenovanda
3494 4981 3607 5034 tor-

1957 5108 2197 5187 nachos,
2227 5111 2370 5187 teste
2402 5103 2643 5187 llghello
2674 5108 2830 5187 torno
2860 5100 3132 5187 Vulta'liaa‘
3165 5117 3369 5183 sacrae,
3401 5099 3502 5157 ubi
3534 5118 3603 5187 ex

1949 5172 2234 5237 Chronico
2267 5172 2626 5234 Novalicensi
2679 5173 3070 5229 contentionis
3119 5172 3213 5227 hic
3269 5178 3602 5228 memorata

1948 5252 2256 5309 historiam
2314 5252 2506 5305 refert.
2557 5247 2638 5303 De
2695 5244 2930 5315 abbatis.
2980 5244 3360 5309 Bremetensi,
3421 5260 3601 5315 quam

1949 5340 2104 5379 nunc
2127 5320 2407 5377 Olivetani
2441 5315 2708 5388 monachi
2740 5314 3064 5388 possident,
3098 5317 3267 5388 plura
3302 5314 3456 5371 idem
3489 5332 3598 5388 au-

1948 5394 2241 5451 ctor.Vide
2271 5397 2327 5448 et
2358 5390 2650 5447 Lubinum
2685 5387 2742 5442 in
2766 5387 2984 5443 Notitia
3013 5387 3381 5443 abbatiarum
3402 5387 3599 5443 Italiae.

2021 5468 2133 5539 (27)
2164 5466 2273 5520 Ms.
2307 5458 2690 5539 S._Germani.
2726 5458 2822 5514 Ille
2852 5462 2996 5526 tuus,
3030 5475 3189 5532 quem
3240 5458 3377 5515 dicis
3418 5459 3603 5516 senior

1946 5542 1998 5595 et
2028 5536 2282 5594 dominus
2303 5536 2491 5590 abbas.

2018 5610 2130 5683 (28)
2162 5608 2343 5667 Idem.
2373 5602 2772 5663 Alexandriam
2802 5617 2948 5674 cum,
2981 5604 3090 5659 etc.
