4020 6180
379 237 493 302 931
1257 331 1260 334 .
1300 236 1365 300 s.
1403 233 1766 300 ODILONIS
1813 231 2374 300 CLUNIACENSIS
2419 233 2747 299 ABBA'I‘IS
2793 232 2870 299 v.
3630 238 3734 304 932

385 373 565 428 funda
596 371 764 426 vallis
810 369 962 427 inter
1006 370 1362 443 asperrimos
1408 369 1682 444 scopulos
1731 368 2027 425 dilabitur.
2057 370 2114 438 Α
2144 384 2248 426 nec
2279 368 2514 442 aliquod
2546 368 2682 424 inde
2707 368 3038 425 remedium
3061 368 3300 425 inveniri
3321 356 3745 444 pesset.Fugerath

383 463 582 516 Ruunt
613 459 938 534 praecipites
962 458 1298 532 Allobroges
1329 459 1552 515 frustra
1579 459 1916 526 nitentes,et
1944 457 2029 514 ul-

381 555 472 606 tra
515 549 666 605 vires
714 549 935 620 aliquid
985 553 1282 604 conantes.
1313 548 1575 603 Tandem
1623 551 1758 620 post
1811 545 2031 606 multos

380 639 561 696 animi
578 642 1074 711 conatus,reperto
1091 653 1240 710 equo
1259 641 1486 706 sano,et
1501 636 1799 710 aliquanta
1817 637 1890 692 de
1905 654 2034 694 sar-

253 753 308 804 }
379 727 610 796 cinulis,
643 730 1002 800 cognoscunt
1029 726 1234 781 deesse
1263 722 1485 782 librum
1513 730 2028 782 Sacramentorum

378 816 570 872 aureis
597 815 806 872 litteris
838 816 1149 888 scriptum,
1181 831 1316 870 cum
1354 815 1556 871 vitreis
1601 813 1854 871 vasculis
1885 830 2022 870 ana-

376 905 593 980 plypho
623 921 794 978 opere
824 905 1250 968 formatis.Qum
1281 920 1372 959 res
1403 921 1518 960 non
1548 921 1758 977 parum
1787 903 1896 959 viri
1931 902 2029 958 Dei

375 994 766 1052 mmstiﬁcavit
795 995 1084 1054 animum,
1115 1008 1317 1048 verum
1350 1009 1482 1048 cum
1514 993 1609 1048 his
1639 1009 1766 1064 quze
1801 1007 2030 1064 repere-

375 1087 508 1140 rant
535 1088 721 1155 ccepto
771 1082 979 1139 itinere
1025 1081 1462 1155 gradiebantur.
1496 1082 2030 1152 Advesperascente

375 1179 570 1230 autem
601 1173 716 1240 die,
749 1173 1106 1228 devenerunt
1135 1171 1206 1226 ad
1239 1171 1556 1242 quamdam
1587 1170 1792 1225 cellam
1826 1173 2026 1226 sancto

259 1281 266 1284 ·
375 1262 650 1336 Eugendo
705 1261 896 1316 abbati
949 1261 1085 1332 jure
1140 1259 1460 1325 subditam,
1495 1259 1592 1314 ubi
1647 1259 1962 1314 honorifice
1994 1275 2028 1314 a

374 1351 654 1406 fratribus
682 1349 800 1404 illic
830 1349 1204 1404 manentibus
1233 1349 1512 1420 suscepti,
1546 1352 1678 1420 post
1703 1347 2022 1402 exhibitam

373 1437 800 1494 humanitatem
843 1438 1208 1507 quieverunt.
1243 1437 1546 1492 Detl'uebat
1592 1441 1786 1491 autem
1837 1436 2028 1492 imber

371 1527 647 1599 copiosus
678 1527 909 1580 nivibus
941 1525 1308 1581 commistus.
1340 1524 1442 1578 Vll‘
1472 1529 1666 1580 autem
1692 1524 1916 1580 Domini
1943 1525 2028 1580 in-

370 1615 544 1670 timat
573 1615 853 1670 fratribus
882 1631 1009 1686 quae
1041 1613 1152 1669 sibi
1182 1614 1534 1678 acciderant,
1568 1629 1804 1669 summa
1851 1627 2026 1685 expo-

371 1720 542 1760 scens
574 1719 842 1778 prece,ne
883 1702 1304 1776 pigritarentur
1341 1703 1412 1756 ad
1459 1703 1662 1758 eadem
1701 1701 1830 1758 loca
1869 1719 2028 1758 scru-

371 1792 548 1848 tanda
577 1792 868 1860 accedere,
905 1791 955 1846 si
1000 1791 1146 1846 forte
1194 1795 1465 1846 auratum
1513 1789 1726 1846 librum
1772 1789 2026 1862 reperire

371 1879 740 1937 valerent.llli
774 1895 908 1934 vero
937 1883 1132 1935 mente
1163 1879 1604 1951 promptissima
1643 1879 1933 1950 spondent
1963 1895 2026 1935 se

368 1969 603 2042 exsequi
636 1970 765 2040 ejus
793 1968 1241 2034 mandata.0uis
1269 1968 1426 2023 enim
1449 1967 1597 2023 tanti
1623 1969 1728 2022 viri
1752 1967 2024 2040 precibus

369 2075 484 2114 non
517 2057 1032 2130 acquiesceret,cui
1067 2056 1241 2111 etiam
1266 2056 1419 2112 Deus
1438 2062 1636 2111 noster
1653 2055 2020 2128 plerumque,

371 2151 436 2202 ut
457 2147 540 2201 ita
558 2145 1022 2216 diram,obsequi
1051 2145 1141 2198 vid
1152 2146 1607 2200 ebatur.Aurora
1630 2145 1828 2217 itaque
1853 2161 2025 2218 appa-

371 2251 526 2298 rens,
561 2235 774 2289 missos
805 2233 1026 2306 dirigit,
1052 2234 1182 2287 dies
1211 2234 1579 2306 subsequens
1609 2234 1678 2289 ad
1703 2231 1830 2289 loca
1850 2233 2026 2290 dedu-

369 2322 448 2376 cit
481 2321 615 2394 (33).
649 2320 865 2375 librum
900 2321 1190 2392 perditum
1223 2337 1355 2374 cum
1378 2320 1534 2376 vasis
1551 2321 1889 2393 requirunt;
1915 2323 2016 2378 sed

371 2413 497 2484 ipso
529 2425 637 2465 suo
668 2408 862 2464 labore
895 2409 1116 2463 diutius
1148 2406 1370 2481 fatigati
1401 2409 1528 2464 sine
1557 2409 1749 2464 fructu
1781 2409 1851 2464 ad
1886 2426 2017 2482 pro-

369 2499 497 2573 pria
519 2498 970 2554 redeunt.Erant
999 2501 1227 2552 montes
1257 2502 1314 2552 et
1342 2497 1824 2570 circumiacentcs
1845 2499 2022 2556 colles

367 2591 533 2644 tanta
547 2587 834 2643 densitate
848 2585 1069 2642 nivium
1100 2586 1447 2658 cooperti,ut
1475 2601 1609 2659 spes
1632 2585 1795 2644 nulla
1817 2605 2020 2660 super-

367 2693 499 2734 esse
526 2677 820 2732 videretur
849 2674 1095 2731 ulterius
1125 2675 1434 2748 praedictas
1473 2693 1564 2732 res
1615 2678 2018 2750 recuperandi.

370 2765 691 2838 lnterjectis
721 2765 918 2838 itaque
948 2763 1332 2821 fereduobus
1376 2764 1700 2834 mensibus,
1733 2783 1868 2822 cum
1891 2767 2020 2838 jam

369 2855 582 2912 hiemis
613 2855 898 2927 asperitas
929 2852 1340 2926 praedictorum
1372 2854 1662 2910 montium
1694 2859 1752 2910 et
1781 2855 2020 2911 collium

366 2943 762 3000 evanescendo
787 2941 994 2998 faciem
1027 2941 1370 3008 denudaret,
1385 2945 1442 2998 et
1469 2943 1540 2997 de
1571 2943 1814 3014 perditis
1847 2944 2020 3000 rebus

369 3047 513 3107 pene
531 3033 660 3105 jam
689 3031 853 3088 nulla
883 3031 1168 3086 memoria
1203 3036 1377 3097 esset,
1409 3030 1651 3104 quidam
1697 3033 2017 3105 presbyter,

2140 475 2386 515 somnus
2415 458 2488 513 ab
2518 457 2726 527 oculis,
2751 457 3163 514 fastidiebatur
3182 459 3565 532 cujuscunque
3591 477 3736 533 gene-

2138 548 2221 603 ris
2247 547 2414 603 cibus
2445 547 2760 618 nullusque
2801 547 3106 620 sospitatis
3154 547 3540 603 inveniebatur
3581 548 3735 607 locus.

2139 633 2506 708 Cognoscens
2533 635 2733 706 itaque
2750 635 2836 690 vir
2851 639 3090 692 sanctus
3105 651 3342 691 causam
3357 636 3495 692 tanti
3513 637 3738 708 periculi,

2139 728 2198 780 et
2227 723 2542 780 condolens
2570 723 2694 779 viro
2725 721 2836 779 sibi
2867 723 3012 780 satis
3035 722 3584 790 fam’iliari,seorsum
3603 725 3739 782 illum

2139 811 2452 884 accipiens,
2486 829 2663 887 super
2709 809 2903 867 locum
2955 811 3172 868 doloris
3219 811 3448 884 signum
3495 812 3740 886 imprimit

2139 905 2352 957 sancte
2377 901 2570 958 crucis
2597 917 2736 958 cum
2759 899 3158 958 insufflatione
3187 899 3305 958 oris
3333 905 3390 956 et
3418 901 3612 956 virtute
3637 919 3738 958 ora-

2137 989 2337 1058 tionis,
2367 989 2665 1060 spondens
2692 1005 2775 1059 se,
2807 989 2950 1048 dum
2979 989 3202 1045 veniret
3231 989 3303 1045 ad
3335 988 3742 1063 hospitium,pro

2137 1076 2238 1133 illo
2268 1077 2623 1133 sacrificium
2677 1078 2884 1133 offerre
2941 1077 3252 1134 salutiferae
3311 1077 3624 1134 oblationis.
3652 1073 3763 1135 Nec”

2138 1183 2338 1224 mora:
2365 1171 2564 1222 sancto
2596 1167 3175 1231 recedente,somnus
3203 1165 3302 1222 diu
3327 1171 3563 1240 negatus
3579 1167 3744 1239 pradi-

2137 1260 2298 1310 ctum
2325 1254 2624 1312 hominem
2645 1255 2901 1310 dormire
2918 1255 3106 1327 coegit
3122 1255 3518 1328 evigilansque
3537 1255 3746 1327 particu-

2139 1342 2255 1406 lam
2287 1343 2522 1398 corticis
2552 1345 2624 1402 ab
2655 1343 2822 1399 oculo
2852 1360 2988 1399 cum
3018 1345 3274 1416 quadam
3303 1343 3572 1416 lanugine
3596 1343 3743 1398 dedu-

2136 1437 2290 1487 ctam
2326 1431 2566 1499 invenit,
2597 1436 2654 1486 et
2708 1430 2982 1504 praeteriti
3025 1429 3247 1486 doloris
3296 1429 3614 1487 molestiam
3653 1447 3745 1486 non

2137 1520 2480 1576 sensit.Mox
2511 1521 2687 1575 etiam
2721 1521 2918 1575 cibum
2951 1519 3191 1575 omnino
3235 1519 3553 1574 fastiditum
3582 1519 3746 1592 requio

2138 1609 2232 1678 rit,
2265 1625 2398 1665 cum
2430 1609 2719 1664 desiderio
2749 1607 2952 1672 sumit,
2986 1624 3224 1680 suaeque
3262 1607 3611 1664 liberationis
3635 1624 3745 1664 cau-

2137 1714 2264 1754 sam
2297 1716 2416 1771 prze
2446 1699 2664 1772 gaudio
2703 1715 2808 1770 per
2853 1697 3286 1754 internuntium
3330 1698 3455 1753 viro
3499 1697 3592 1752 Dei
3620 1697 3744 1770 apud

2133 1786 2510 1859 Silvigiacum
2551 1790 2840 1860 (sic.),quo
2883 1788 3012 1858 jam
3062 1791 3426 1860 pervenerat,
3455 1785 3742 1855 innotescit,

2133 1877 2354 1948 gratias
2385 1877 2506 1949 agit
2535 1881 2593 1932 et
2622 1877 2900 1950 deinceps
2928 1893 3062 1932 eum
3089 1876 3149 1932 in
3182 1892 3404 1950 magna
3426 1875 3744 1932 veneratione

2133 1965 2361 2021 habuit.
2987 2031 3000 2039 ς

2231 2053 2368 2110 CAP.
2398 2055 2511 2111 XX.
2547 2087 2612 2098 —
2643 2057 2716 2112 De
2743 2056 2939 2112 clerico
2962 2073 2998 2111 α
3025 2057 3210 2112 morbo
3239 2055 3460 2111 brachii
3481 2063 3669 2110 curato.

2202 2145 2464 2208 Quodam
2486 2144 2662 2201 etiam
2682 2148 2943 2218 tempore
2965 2146 3106 2202 dum
3126 2161 3160 2200 a
3176 2145 3368 2200 Roma
3389 2147 3746 2212 reverteretur,

2132 2238 2190 2289 et
2246 2233 2434 2289 Lucas
2466 2231 2581 2306 (34)
2607 2239 2799 2290 castro
2857 2234 3279 2307 hOSpitaretur,
3315 2233 3542 2290 cuidam
3595 2231 3749 2288 sancti

2133 2322 2366 2379 Martini
2399 2323 2760 2380 Turonensis
2785 2322 3506 2388 canonico,Archimbaldo
3530 2321 3743 2389 nomine,

2131 2411 2343 2468 lethale
2374 2411 2588 2468 vulnus
2619 2413 2678 2467 in
2711 2411 2948 2468 brachio
2979 2412 3502 2485 excreverat,quod
3530 2411 3628 2467 sibi
3654 2427 3744 2466 non

2123 2501 2250 2573 jam
2281 2499 2753 2574 languorem,sed
2789 2502 2978 2576 ipsam
3011 2509 3261 2558 mortem
3290 2518 3436 2574 pene
3456 2499 3746 2556 intermina-

2131 2607 2190 2646 re
2219 2590 2777 2646 videretur.Accedit
2803 2589 2999 2663 itaque
3026 2591 3095 2646 ad
3120 2595 3482 2657 sanctum,et
3500 2594 3653 2644 tantae
3670 2604 3746 2643 ne-

2131 2679 2422 2736 cessitatis
2453 2679 2708 2735 ostendit
2738 2679 3087 2752 periculum.
3119 2681 3192 2735 At
3226 2678 3330 2735 ille
3379 2679 3540 2752 quasi
3569 2678 3674 2734 haec
3697 2691 3745 2732 se

2129 2768 2323 2824 videre
2352 2767 2760 2840 dissimulans,
2791 2767 3040 2825 latenter
3087 2767 3330 2841 pr0pria
3378 2785 3552 2824 manu
3596 2756 3747 2838 tangit

2128 2856 2458 2925 brachium,
2485 2862 2698 2912 sanctae
2727 2858 2918 2913 crucis
2949 2857 3224 2930 implorat
3253 2855 3655 2930 praesidium,et
3673 2870 3748 2910 su-

2128 2961 2232 3018 per
2260 2945 2474 3002 vulnus
2505 2947 2769 3018 ejusdem
2801 2947 2992 3002 crueis
3022 2945 3333 3018 impressit
3371 2944 3743 3018 signaculum:

2129 3033 2329 3105 sicque
2359 3051 2394 3088 a
2421 3051 2483 3090 se
2512 3034 2774 3102 dimittit,
2805 3041 2861 3090 et
2883 3039 2947 3092 ut
2967 3040 3136 3091 caute
3160 3035 3480 3107 praevideat
3505 3032 3742 3108 praecipit.

369 3105 606 3178 nomine
637 3119 1338 3189 Ermendrannus,locum
1369 3119 1432 3175 in
1461 3136 1576 3192 quo
1606 3121 1894 3193 prmdictsa
1925 3137 2018 3176 res
2049 3105 2091 3174 C
2130 3124 2344 3178 Mirum
2375 3123 2434 3178 in
2466 3124 2708 3180 modum
2740 3125 2882 3180 dum
2915 3124 3137 3180 recedit
3162 3105 3237 3180 iet
3294 3123 3486 3180 locum
3507 3105 3745 3178 vulneris

257 3213 272 3226 '
367 3211 660 3284 perierant
689 3227 826 3266 easu
856 3207 1019 3276 adiit,
1049 3209 1351 3264 oculorum
1381 3209 1551 3264 orbes
1602 3208 1718 3264 huc
1764 3208 2021 3282 illucque

368 3299 622 3364 deft-exit,
653 3304 712 3354 et
740 3313 871 3354 ecce
901 3301 1104 3352 contra
1132 3313 1297 3369 spem
1327 3296 1542 3352 librum
1576 3297 1807 3370 reperit,
1843 3314 2018 3370 quem

371 3388 582 3444 Christi
615 3385 896 3460 protectio
926 3402 960 3439 a
991 3383 1207 3440 nimbis
1245 3389 1304 3441 et
1349 3385 1734 3440 diuturnitate
1755 3385 1904 3441 nivis
1935 3386 2021 3441 in-

366 3481 590 3534 tactum
623 3474 848 3530 meritis
871 3473 1054 3544 patris
1085 3473 1347 3528 Odilonis
1379 3475 1648 3530 servavit.
1677 3475 1830 3532 Vasa
1862 3475 2020 3530 enim

369 3581 515 3621 sana
543 3562 916 3634 invenitque:
951 3563 1047 3616 Dei
1079 3561 1261 3617 nostri
1293 3562 1479 3634 pietas
1507 3579 1578 3618 ne
1614 3563 2024 3636 frangerentur

369 3653 638 3728 protexit.
670 3651 907 3707 Tollens
938 3651 1136 3723 itaque
1164 3666 1228 3706 ea
1275 3667 1402 3723 qua:
1449 3651 1766 3718 invenerat,
1801 3653 2022 3708 Gauze-

369 3759 553 3799 ranno
579 3740 775 3797 abbati
799 3739 988 3796 sancti
1009 3739 1270 3812 Eugendi
1295 3739 1746 3812 consignavit,et
1769 3747 2026 3812 postmo-

369 3832 511 3888 dum
537 3829 808 3903 jussione
839 3829 1104 3902 ejusdem
1137 3828 1452 3901 prazdictus
1470 3829 1774 3903 presbyter
1791 3829 2022 3885 Odiloni

369 3921 544 3994 patri,
576 3919 720 3974 dum
751 3918 824 3974 ad
855 3916 988 3973 illos
1018 3917 1360 3974 Jurensium
1392 3923 1586 3990 partes
1617 3917 1832 3976 rediret
1855 3917 2024 3975 laetus

367 4013 426 4065 et
452 4007 644 4066 alacer
668 4006 924 4064 reddidit
956 4023 970 4063 :
1001 4007 1102 4080 qui
1137 4009 1357 4080 quanto
1387 4006 1650 4076 qestierit
1689 4005 1926 4081 gaudio,
1953 4023 2024 4063 ex

369 4097 679 4155 immensis
711 4097 826 4154 Deo
854 4095 1094 4152 laudum
1129 4095 1278 4152 fusis
1307 4097 1611 4169 praeconiis
1649 4095 1748 4170 qui
1778 4095 1902 4152 vult
1931 4096 2025 4152 di-

369 4203 650 4260 gnoscere
678 4186 908 4260 poterit.

380 4327 385 4335 ε
439 4293 574 4350 CAP.
609 4293 752 4348 XIX.
785 4324 850 4334 —
877 4294 952 4349 De
993 4291 1226 4420 ᾳτιίῖᾷὲιτη
1251 4296 1491 4420 tgotente
1518 4309 1554 4348 a
1582 4291 1765 4350 dolore
1808 4294 1955 4350 oculi

500 4419 503 4420 ν
1096 4381 1115 4420 ι
1153 4380 1248 4420 cra
1311 4404 1324 4419 .

1096 4380 1324 4420 iceram.

439 4419 769 4527 Aliquando
793 4454 936 4508 dum
985 4453 1414 4525 transiretper
1460 4468 1679 4526 pagum
1729 4454 2026 4510 Geneven-
2055 4474 2102 4541 Β

370 4559 495 4600 sem
527 4547 584 4598 et
613 4548 872 4598 castrum
901 4541 1194 4608 Albiense,
1226 4541 1468 4614 quidam
1499 4541 1714 4611 senior,
1739 4542 2026 4600 Siebodus

371 4633 632 4697 nomine,
664 4629 940 4703 dominus
967 4630 1234 4702 ejusdem
1274 4629 1474 4698 castri,
1508 4629 1707 4703 ampla
1751 4647 2022 4702 persona,

371 4739 488 4780 non
521 4738 697 4794 parva
728 4699 1084 4793 podestasmd
1115 4735 1251 4775 eum
1280 4718 1542 4775 accessit.
1577 4699 1720 4776 lluic
1751 4699 2024 4792 quadam

371 4811 466 4868 die
495 4811 606 4868 sub
637 4811 843 4866 arbore
865 4807 1084 4882 jacenti
1116 4808 1355 4866 fortuito
1375 4823 1514 4864 casu
1537 4808 1823 4880 particula
1851 4809 2024 4865 corti-

371 4901 459 4958 cis
484 4899 769 4956 ceciderat
794 4898 854 4955 in
885 4897 1055 4956 oculo
1089 4914 1103 4954 :
1133 4913 1260 4970 qua:
1291 4897 1374 4953 ita
1404 4897 1758 4965 turbaverat,
1791 4897 1876 4954 ita
1903 4915 2027 4955 cor-

373 4992 613 5062 ruperat
641 4988 908 5060 ejusdem
948 4986 1199 5044 membri
1246 4985 1528 5054 ofﬁcium,
1561 4989 1628 5041 ut
1657 5001 1763 5042 nec
1791 4986 2022 5060 expelli,

445 5093 557 5164 (33)
589 5093 685 5149 Sic
713 5095 894 5150 codex
921 5098 980 5150 S.
1011 5094 1284 5150 German.
1316 5094 1388 5148 At
1439 5091 1779 5160 Thuaneus,
1814 5092 1943 5150 fere‘
1960 5098 2026 5151 ut

376 5166 580 5237 Petrus
609 5164 877 5237 Damiani
904 5166 965 5220 in
1009 5164 1194 5221 altera
1239 5165 1372 5220 Vita
1419 5181 1545 5237 cap.
1577 5165 1663 5231 13,
1691 5165 1777 5220 sic
1803 5165 1979 5222 habet
2007 5183 2021 5222 :

374 5236 458 5310 4t!
502 5237 632 5310 loca
685 5235 936 5310 deducit:
962 5245 1231 5310 auratam,
1275 5235 1507 5292 librum’
1530 5237 1834 5308 reperiunt,
1869 5254 2028 5310 quem

377 5308 584 5365 Christi
607 5309 868 5378 proiectio
895 5325 930 5362 a
955 5309 1162 5363 nimbis
1210 5309 1482 5363 intactum
1525 5308 2030 5373 servaveranvasa

373 5395 513 5438 sana
561 5380 872 5449 inveniunt,
907 5393 1031 5452 quae
1077 5379 1178 5434 Dei
1219 5381 1397 5454 nostri
1444 5381 1709 5454 immensa
1759 5381 1933 5454 pictas
1960 5397 2030 5437 ne

374 5453 786 5536 [rqngcrcntun
822 5451 1170 5536 protexerat.
1232 5451 1519 5536 Confestim
1562 5451 1773 5536 igitur
1806 5453 2030 5536 inventa

376 5521 640 5594 tollentes,
673 5521 936 5600 repedant
987 5526 1226 5594 orantes,
1263 5530 1316 5580 et
1343 5521 1428 5580 ’θα
1469 5521 1630 5581 Patri
1678 5525 2026 5597 consignant,

2125 3211 2321 3268 videre
2349 3211 2437 3267 vel
2464 3215 2700 3284 tangere
2729 3211 3103 3279 voluit,nulla
3131 3213 3310 3284 signa
3339 3211 3602 3285 praeteriti
3621 3209 3747 3264 dolo-

2129 3301 2210 3356 ris
2238 3317 2344 3356 nec
2365 3300 2604 3366 invenit,
2641 3318 2746 3357 nec
2789 3302 2994 3358 sensit.
3017 3302 3324 3358 Attonitus
3373 3318 3502 3358 vero
3548 3307 3744 3371 stupore

2130 3387 2398 3444 miraculi
2430 3390 2500 3445 ad
2531 3388 2834 3446 hominem
2866 3390 2966 3446 Dei
2995 3390 3486 3463 regreditur,quaa
3514 3389 3614 3445 sibi
3641 3403 3748 3442 con-

2130 3479 2383 3550 tigerant
2413 3478 2604 3551 palam
2637 3479 2824 3535 facere
2855 3478 3173 3535 voluit.Sed
3212 3481 3316 3536 Dei
3339 3497 3537 3536 servus
3558 3478 3646 3534 ubi
3663 3477 3748 3531 hoc

2129 3567 2418 3639 praevidit,
2451 3568 2792 3640 indignatus
2848 3567 3038 3634 valde,
3071 3567 3241 3624 illum
3305 3585 3410 3625 nec
3467 3567 3744 3641 quidquam

2132 3673 2376 3728 passum
2410 3657 2612 3722 fuisse,
2646 3672 2751 3712 nec
2781 3657 2922 3728 quid
2967 3655 3188 3712 diceret
3237 3658 3410 3720 scire,
3444 3651 3746 3728 objurgavit.

2133 3745 2218 3800 Ita
2245 3744 2405 3802 enim
2436 3744 2682 3800 timebat
2711 3761 2978 3801 rumores
3026 3745 3366 3811 hominum,
3397 3751 3658 3818 tanquam
3685 3741 3747 3796 le-

2133 3831 2288 3889 thale
2317 3837 2705 3900 venenum,et
2735 3833 2903 3906 quasi
2935 3833 3280 3906 pestiferum
3316 3834 3536 3891 malum
3565 3833 3640 3888 sic
3678 3831 3748 3885 fu-

2133 3923 2329 3994 giebat
2355 3939 2516 3977 vanae
2548 3922 2742 3978 laudis
2769 3921 3116 3995 appetitum.

2203 4009 2348 4066 Cum
2375 4011 2488 4082 (35)
2541 4011 2794 4083 quodam
2845 4016 3107 4084 tempore
3169 4012 3328 4083 apud
3371 4006 3751 4068 monasterium

2133 4116 2331 4165 suum,
2365 4100 2520 4172 quod
2552 4097 2722 4154 Volta
2749 4089 3468 4168 nominatummoraretur,
3499 4103 3552 4155 et
3579 4108 3750 4152 murus

2131 4187 2390 4244 ecclesiae
2419 4187 2611 4243 adhuc
2635 4187 3014 4261 imperfectus
3044 4194 3574 4255 consummaretur,
3595 4181 3748 4240 conti-

2132 4279 2218 4352 git
2247 4281 2310 4333 ut
2338 4277 2593 4349 quadam
2623 4276 2716 4332 die
2737 4277 2878 4333 dum
2912 4276 3170 4333 ministri
3203 4278 3400 4350 operis
3445 4275 3592 4349 operi
3619 4286 3748 4327 com-

2132 4366 2346 4440 plendo
2375 4363 2734 4431 insisterent,
2767 4364 3234 4422 deambulatoria
3263 4365 3365 4422 ubi
3418 4365 3656 4427 stabant,
3677 4372 3748 4415 re-

2134 4455 2304 4511 tortis
2329 4471 2464 4512 cum
2494 4455 2712 4526 quibus
2741 4453 2920 4527 ligata
2947 4459 3116 4510 erant
3157 4469 3227 4510 ex
3273 4455 3464 4510 nimia
3505 4451 3747 4508 vetustate

2137 4545 2349 4617 ruptis,
2382 4544 2660 4600 deorsum
2711 4548 2966 4609 ruerent,
2997 4559 3132 4599 cum
3173 4543 3394 4616 quibus
3439 4529 3746 4600 caementarii

2135 4650 2203 4690 ex
2232 4631 2540 4688 altitudine
2571 4631 2726 4688 muri
2755 4631 2828 4688 ad
2853 4637 3070 4689 terram
3097 4631 3516 4701 ceciderunt,et
3542 4622 3749 4683 collisio-

2134 4721 2228 4778 nis
2261 4722 2728 4778 membrorum...

2134 4829 2269 4886 CAP.
2302 4827 2443 4884 XXI.
2474 4859 2543 4868 —
2573 4830 2648 4884 De
2676 4827 2910 4902 quodam
2937 4836 3115 4956 mgna:
3141 4836 3294 4902 capto
3317 4828 3436 4910 sive
3449 4821 3745 4882 dammam

2857 4916 2992 4956 sana
3015 4916 3071 4956 ο.

2857 4916 3071 4956 sanato.

2203 4989 2329 5044 Alio
2359 4991 2618 5060 tempore
2651 5004 2785 5043 cum
2817 5003 2886 5044 ex
2917 4987 3181 5062 partibus
3206 4981 3585 5059 Ultrajuranis
3611 4979 3743 5035 Nan-

2133 5097 2232 5168 qui
2246 5102 2456 5167 quanto
2484 5095 2707 5168 gestivi:
2733 5094 2954 5168 gaudio,
2987 5111 3057 5151 ex
3101 5095 3382 5150 immensis
3409 5093 3510 5168 Deo
3553 5082 3740 5144 laudum

2421 5167 2602 5238 coniisi
2625 5167 2722 5238 qui
2750 5167 2888 5223 volet
2915 5167 3228 5238 dignoscere
3251 5167 3466 5238 poterit.

2132 5171 2273 5241 fusis
2367 5171 2605 5248 agconiis.
2625 5171 2722 5238 qui
2750 5171 2888 5223 volet
2915 5171 3228 5248 dignoscere
3251 5171 3466 5246 poterit:
3491 5231 3504 5244 .
3569 5227 3581 5240 ο

2154 5311 2170 5325 _
2208 5183 2454 5325 (34711.10
2479 5237 2853 5325 ﬂeeignatur‘
2873 5238 3038 5325 Luca:
3083 5242 3282 5293 emtas
3331 5232 3669 5292 nobilissnma
3691 5223 3764 5325 et

2137 5307 2373 5382 ducetis
2389 5308 2447 5363 in
2479 5307 2728 5382 Etruria,
2759 5307 2934 5382 vulgo
2963 5311 3220 5382 Lucqaes.

2211 5361 2574 5454 agressa;
2589 5361 3098 5454 ‘easmignsa';
3110 5361 3226 5454 sae
3253 5375 3562 5454 capitulum
3596 5361 3736 5454 ,ρειρς

2139 5439 2390 5530 deest'in
2421 5451 2869 5530 '_l‘_huaneo_;__sed
2911 5439 3464 5530 imperfectum‘est,
3494 5439 3688 5502 avulsis
3709 5447 3738 5492 ο

2143 5523 2340 5584 codice
2367 5522 2610 5600 reliquis
2640 5521 2812 5585 foliis.
