4020 6180
193 316 309 378 933

1573 314 1779 381 VITA.
1827 351 1904 362 -—
1943 314 2093 381 LIB.
2139 317 2217 380 II.

3474 321 3596 387 9'34

193 449 458 518 toatis,de
488 465 604 523 quo
634 466 814 524 supra
844 450 1344 520 diximus,cumeo
1366 453 1830 519 advenissemus,
1863 453 1917 521 Α
1939 452 2275 524 jucundum
2306 456 2485 527 atque
2514 452 2827 509 mirificum
2858 451 3093 511 virtutis
3112 455 3392 529 opus,hie
3422 458 3597 515 etiam

193 539 505 613 quemdam
551 540 828 611 juvenem
879 539 1147 610 militem,
1178 542 1413 598 nomine
1462 542 1835 610 Mainerium,

194 632 382 685 mente
414 633 672 701 captum,
696 646 727 685 a
752 628 1003 703 propriis
1033 630 1277 687 servulis
1308 631 1389 689 ibi
1409 633 1732 689 adductum
1759 632 1839 687 in-

190 716 599 782 venimus.Qui
631 719 844 790 rejecta
865 718 1094 788 militia,
1124 720 1405 793 omnique
1434 738 1573 776 cura
1614 722 1838 795 privata

186 804 274 863 vel
292 804 527 879 publica
548 807 1011 880 postposita,huc
1032 808 1286 883 illucque
1307 810 1487 866 miser
1507 811 1701 867 nudus
1724 811 1835 868 nisi

189 900 482 952 teneretur
510 896 839 966 oberrabat,
860 898 1187 972 incognitas
1217 916 1384 956 voces
1416 900 1843 972 emittens,sine

189 984 317 1040 cibo
348 990 840 1058 perseverans,et,
868 991 933 1042 ut
963 988 1180 1044 talibus
1212 991 1571 1045 consuetudo
1592 994 1844 1056 est,nus-

186 1089 364 1146 quam
398 1076 589 1129 tutam
621 1075 843 1143 sedem,
877 1074 1100 1132 nullam
1132 1077 1387 1133 habebat
1430 1078 1711 1150 requiem.
1736 1079 1841 1134 Mi-

183 1165 378 1220 sertus
403 1162 602 1236 itaque
631 1162 803 1221 homo
835 1164 936 1221 Dei
967 1169 1140 1221 tantae
1171 1165 1508 1236 calamitati,
1540 1171 1597 1223 et
1625 1168 1841 1224 condo-

186 1251 311 1305 lens
340 1251 694 1323 gratissimae
714 1253 1033 1323 juventuti,
1066 1269 1201 1308 cum
1232 1254 1510 1310 fratribus
1535 1255 1591 1310 in
1626 1260 1840 1311 terram

186 1342 317 1394 ante
350 1338 533 1395 altare
564 1341 747 1395 sancti
784 1341 939 1397 PetrI
971 1343 1385 1414 prosternitur,
1415 1343 1660 1417 psalmis
1699 1345 1839 1400 insi-

186 1428 308 1495 stit,
346 1427 672 1501 patrocinia
701 1433 1039 1485 sanctorum
1091 1448 1222 1486 cum
1277 1430 1499 1489 litaniis
1549 1434 1836 1505 requirit:

184 1517 398 1572 deinde
428 1534 677 1590 surgens
707 1518 778 1573 ad
802 1523 1073 1574 vexatum
1096 1520 1498 1593 accedit,aqua
1518 1521 1842 1577 sanctifica-

182 1605 361 1661 tionis
392 1606 670 1679 aspergit,
705 1606 902 1663 bibere
934 1608 1171 1680 cogit,et
1201 1607 1283 1664 sic
1309 1611 1573 1667 recedere
1597 1612 1838 1685 permit-

182 1694 268 1751 tit.
295 1694 439 1750 Post
482 1694 600 1751 hazc
632 1701 833 1752 sancto
866 1698 1190 1767 recedente,
1223 1698 1348 1770 ipse
1369 1699 1495 1771 jam
1530 1718 1642 1755 non
1678 1700 1840 1755 infir-

182 1783 450 1849 mus,sed
474 1801 821 1853 sanus;non
852 1784 1086 1858 ligatus,
1111 1788 1212 1843 sed
1238 1786 1414 1857 liber;
1438 1806 1552 1845 non
1581 1795 1837 1856 coaetus,

181 1872 276 1928 sed
311 1872 1062 1940 voluntarius,Cluniacum
1097 1892 1285 1947 usque
1314 1877 1844 1951 prosequitur,gra~

179 1962 288 2017 tias
319 1965 439 2018 Deo
471 1965 529 2017 et
558 1960 642 2016 illi
661 1978 764 2042 pro
792 1969 1133 2035 recuperata
1159 1965 1409 2022 sanitate
1428 1966 1840 2035 reddidit,voto

183 2050 493 2107 charitatis
523 2066 769 2107 munera
798 2051 1048 2124 piscium
1083 2053 1313 2125 detulit,
1358 2054 1559 2127 sicque
1588 2057 1661 2111 ad
1707 2073 1841 2128 pro-

180 2139 304 2213 pria
336 2140 825 2212 rediit.Sequenti
854 2141 1031 2197 etiam
1063 2159 1214 2198 anno
1240 2159 1375 2199 cum
1402 2143 1617 2200 ibidem
1650 2145 1842 2218 requi-

181 2228 463 2296 sivit,sed
485 2245 600 2284 non
624 2229 881 2297 invento,
914 2229 1297 2287 Silviniacum
1329 2231 1422 2297 die
1453 2250 1571 2305 qua
1600 2239 1843 2289 sanctus

183 2317 327 2374 obiit
358 2322 418 2373 et
448 2318 573 2391 ipse
603 2318 871 2385 advenit;
902 2318 1088 2375 tristis
1121 2324 1178 2375 et
1205 2338 1458 2378 mmrens
1504 2324 1632 2394 ejus
1681 2340 1843 2378 exse—

184 2405 342 2478 quiis
374 2407 732 2475 interfuit,et
762 2407 902 2479 quia
926 2408 1051 2463 vivo
1073 2426 1187 2465 non
1223 2410 1428 2481 potuit,
1446 2411 1717 2466 defuncto
1741 2429 1843 2484 pro

186 2513 291 2551 sua
321 2495 671 2551 liberatione
702 2497 915 2552 iterum
950 2502 1122 2569 atque
1153 2497 1363 2553 iterum
1384 2500 1604 2572 gratias
1633 2500 1770 2573 egit.

421 2586 554 2640 CAP.
583 2584 745 2640 XXII.
781 2617 849 2625 -——
880 2587 951 2641 De
976 2587 1210 2658 quodam
1226 2596 1376 2644 mutu
1405 2598 1617 2644 sanato.

246 2673 453 2729 Abbas
484 2674 723 2745 quidam
759 2674 1067 2747 religiosus
1098 2676 1166 2731 de
1200 2675 1389 2731 Brolio
1419 2679 1687 2749 (Ebreuil)
1718 2696 1843 2735 mo-

181 2762 726 2831 nasterio,nomine
755 2764 1083 2830 Girbertus,
1108 2765 1425 2836 quemdam
1458 2772 1725 2839 nepotem
1748 2768 1846 2823 ha-

183 2851 310 2906 buit
347 2849 597 2905 militem
632 2854 962 2919 strenuum,
987 2851 1753 2928 nomineGauzfredum,qui
1776 2873 1846 2912 ex

182 2939 376 2995 multo
406 2943 666 3012 tempore
696 2939 957 2995 ofﬁcium
990 2940 1205 3014 linguae
1238 2941 1534 3009 amiserat,
1567 2944 1843 3001 audiendi

188 3034 392 3085 tamen
422 3027 743 3084 efficaciam
791 3031 848 3084 et
901 3029 1211 3100 prudentis
1258 3031 1417 3085 senis
1475 3033 1841 3099 memoriam,

186 3117 690 3189 quemadmodum
724 3117 794 3171 de
813 3118 922 3172 Zoe
944 3135 1118 3173 uxore
1139 3118 1447 3174 Nicostrati
1471 3119 1701 3192 legitur,
1726 3138 1842 3179 non

1870 1830 1920 1896 B

1948 558 2084 596 eum
2115 540 2516 615 gloriﬁcando,
2551 542 2777 615 operari
2807 546 2896 597 est
2921 542 3219 615 dignatus.
3253 544 3333 601 De
3363 562 3478 618 quo
3529 563 3600 604 ne

1949 629 2287 703 quisquam,
2309 629 2447 702 quia
2476 630 2617 685 illud
2653 630 2868 703 scripto
2899 632 3127 687 tradere
3159 634 3600 691 succedentium

1950 718 2244 774 memoria:
2275 719 2666 792 suscepimus,
2700 720 2970 776 dubitare
2992 726 3189 792 queat,
3223 720 3512 779 habemus
3545 727 3603 779 et

1950 807 2302 881 proferimus
2318 824 2580 864 veracem
2604 808 3105 882 ﬁdelemque,q.uaz
3128 809 3236 866 hoc
3254 816 3604 885 narrat,per-

1951 913 2156 952 sonam
2187 898 2259 953 ad
2291 897 2399 953 hoc
2430 896 2873 971 astipulandum
2906 897 2987 953 sic
3018 898 3288 955 idoneam
3320 904 3386 955 ut
3433 918 3601 958 cons-

1951 989 2033 1041 tet
2053 985 2181 1042 luce
2202 984 2439 1053 clarius,
2463 985 2604 1059 quia
2626 986 2678 1041 is
2709 986 2807 1059 qui
2841 986 2950 1042 hoc
2982 986 3158 1043 refert
3188 992 3243 1043 et
3272 986 3454 1060 hujus
3485 990 3601 1046 Deo

1951 1071 2145 1128 dilecti
2179 1072 2368 1128 Patris
2396 1077 2487 1129 est
2516 1073 2863 1140 monachus,
2897 1077 2954 1129 et
2984 1074 3221 1131 nomine
3252 1076 3485 1148 proprio
3502 1094 3602 1133 vo-

1949 1161 2165 1216 citatur
2192 1161 2687 1234 AdraldUS,atque
2714 1161 2839 1235 ipse
2856 1162 3017 1219 solus
3038 1180 3171 1219 cum
3205 1163 3317 1220 alio
3347 1167 3601 1238 quodam

1949 1249 2098 1305 laico
2132 1250 2369 1306 homine
2400 1251 2579 1322 hujus
2612 1255 2751 1307 tunc
2800 1251 2881 1307 rei
2928 1258 3105 1325 gestas
3156 1252 3264 1308 fuit
3307 1255 3600 1311 conscius.

1949 1339 2215 1403 Quodam
2250 1338 2543 1411 siquidem
2577 1343 2837 1413 tempore
2863 1340 3050 1397 isdem
3081 1340 3169 1396 vir
3187 1340 3419 1397 Domini
3438 1343 3604 1399 Odilo

1951 1428 2180 1484 rediens
2212 1444 2245 1483 a
2294 1428 2556 1496 Francia,
2588 1433 2643 1484 et
2688 1429 3028 1485 Cluniacum
3081 1428 3258 1486 totius
3307 1430 3605 1504 religionis

1949 1514 2143 1571 locum
2176 1516 2522 1573 festinanter
2551 1522 2848 1589 expetens,
2872 1518 3061 1574 eidem
3086 1520 3213 1590 jom
3245 1518 3400 1574 dicto
3441 1520 3603 1576 fratri

1949 1606 2104 1678 apud
2139 1606 2456 1678 quamdam
2508 1605 2834 1676 ecclesiam,
2862 1625 2990 1680 qua:
3039 1612 3281 1663 vocatur
3326 1607 3608 1665 Tolonnie

1951 1694 2330 1766 (Toulon),cui
2354 1694 2695 1751 obedientiae
2729 1712 2907 1751 causa
2938 1700 3202 1768 praeerat,
3224 1700 3430 1768 estque
3452 1696 3607 1769 juris

1951 1782 2291 1839 monasterii
2324 1784 2478 1856 quod
2506 1788 2747 1840 vocatur
2766 1786 2956 1840 Aurea
2984 1784 3172 1853 vallis,
3196 1786 3607 1855 commoranti,

1950 1872 2305 1944 improvisus
2327 1877 2383 1928 et
2402 1873 2737 1945 insperatus
2768 1873 3384 1946 supervenit.Quidam
3407 1878 3606 1931 tamen

1950 1977 2019 2015 ex
2051 1962 2329 2016 fratribus
2374 1961 2612 2017 beatum
2660 1960 2851 2017 virum
2899 1961 3335 2032 comitantibus,
3371 1964 3607 2020 nomine

1949 2048 2315 2119 Warnerius,
2347 2049 2544 2122 ipsum
2577 2050 2807 2107 Patrem
2840 2051 3200 2123 comitesque
3231 2068 3407 2125 parvo
3455 2070 3607 2126 pra:-

1950 2155 2192 2195 currens
2223 2140 2412 2211 spatio
2444 2139 2777 2207 antecessit,
2801 2143 2859 2195 et
2888 2140 3204 2221 adveniens
3224 2144 3452 2213 patrem
3475 2141 3610 2198 0di-

1951 2226 2145 2283 lonem
2190 2228 2395 2284 adesse
2453 2228 2766 2284 nuntiavit.
2798 2228 2905 2292 Qui
2947 2229 3074 2300 jam
3122 2229 3281 2287 fatus
3316 2230 3607 2286 Adraldus

1954 2316 2202 2372 miratus
2233 2322 2291 2371 et
2321 2316 2787 2388 obstupefactus,
2810 2316 3000 2389 primo
3032 2334 3145 2372 non
3179 2317 3443 2387 credidit,
3472 2324 3611 2391 post

1951 2403 2139 2459 tristis
2171 2408 2228 2459 et
2259 2421 2532 2470 moerens,
2565 2407 2623 2459 et
2653 2403 2791 2473 quia
2820 2404 3179 2483 susceptioni
3212 2406 3341 2477 ejus
3389 2422 3506 2462 non
3546 2423 3610 2464 se

1953 2497 2397 2565 praeparaverat,
2415 2493 2698 2548 miserum
2726 2509 2788 2548 se
2817 2492 3082 2549 clamans
3110 2492 3608 2566 expavit.Verum-

1951 2586 2145 2636 tamen
2181 2582 2543 2636 confortatus
2594 2581 2656 2635 in
2700 2580 2948 2636 Domino
2983 2582 3304 2655 resumpsit
3347 2584 3520 2653 vires,
3553 2587 3610 2640 et

1953 2670 2155 2726 missis
2183 2670 2645 2742 circumquaque
2673 2669 2871 2741 pueris
2902 2670 3114 2726 domus
3136 2671 3207 2724 ad
3229 2672 3607 2742 quaerendum

1952 2759 2299 2826 necessaria,
2334 2758 2613 2828 instabat,
2647 2763 2819 2829 prout
2846 2758 3120 2829 angustia
3164 2758 3447 2830 temporis
3478 2775 3609 2831 per-

1953 2847 2241 2916 mittebat,
2269 2863 2594 2919 przeparare
2625 2862 2870 2918 qumque
2894 2850 3059 2901 erant
3086 2847 3235 2901 tanti
3269 2846 3459 2904 Patris
3482 2864 3610 2904 sus-

1951 2936 2203 3008 ceptioni
2235 2952 2511 3007 congrua.
2546 2935 2702 2990 Inter
2731 2934 2853 2990 haec
2884 2934 3132 2990 dilectus
3161 2933 3278 2992 Deo
3321 2939 3380 2992 et
3426 2935 3606 2992 homi-

1953 3025 2127 3080 nibus
2156 3028 2320 3096 pater
2346 3022 2511 3079 Odilo
2538 3023 2881 3090 adveniens,
2914 3023 2986 3078 ab
3016 3023 3220 3079 eodem
3253 3024 3379 3096 ipso
3429 3023 3606 3080 fratre

1954 3114 2278 3186 gaudenter
2306 3112 2626 3167 admodum
2656 3115 2715 3167 et
2736 3112 2991 3182 jocunde
3012 3112 3350 3184 suscipitur,
3386 3112 3606 3168 amabi-

190 3205 571 3262 mediocriter
601 3205 1028 3261 retinebat.ch
1062 3224 1163 3279 per
1190 3208 1475 3264 visionem
1499 3210 1848 3267 admonetur
1877 3197 1921 3266 C
1960 3202 2090 3257 liter
2121 3206 2177 3257 et
2205 3202 2517 3257 affectuose
2560 3199 2930 3256 exosculatur
2977 3204 3034 3255 et
3082 3200 3474 3273 amplectitur,
3502 3202 3606 3257 sed

194 3299 255 3348 ut
279 3311 357 3349 ex
381 3310 535 3364 aqua
564 3310 679 3365 qua
712 3298 951 3349 sanctus
982 3312 1195 3351 manus
1217 3296 1491 3353 abluebat
1507 3299 1846 3371 requireret,

193 3388 247 3437 et
264 3398 405 3438 eam
438 3381 690 3437 bibendo
717 3382 992 3455 deinceps
1023 3384 1292 3440 effectum
1314 3383 1591 3457 loquendi
1614 3403 1851 3461 recupe-

193 3475 374 3527 raret.
406 3470 514 3537 Qui
546 3488 679 3527 mox
725 3471 1041 3528 familiares
1091 3472 1393 3530 ministros
1432 3476 1672 3532 advocat
1707 3494 1720 3532 :
1756 3482 1847 3533 ut-

192 3575 429 3632 cunque
461 3559 634 3632 sapit,
652 3564 951 3634 utcunque
980 3560 1297 3634 valet.quae
1326 3562 1555 3619 volebat
1574 3564 1848 3622 manibus

192 3648 411 3716 iunuit,
429 3665 543 3704 non
574 3648 701 3705 sine
734 3665 941 3722 magae
970 3654 1169 3706 tamen
1201 3651 1398 3708 labore
1426 3652 1768 3723 innotescit;
1794 3658 1851 3712 et

192 3736 598 3804 Silviniacum,
633 3755 748 3810 quo
801 3743 1040 3796 sanctus
1090 3743 1230 3797 tunc
1286 3741 1583 3812 manebat,
1608 3743 1680 3798 ad
1738 3743 1849 3800 hoc

192 3826 581 3881 obtinendum
605 3843 707 3899 pro
738 3844 805 3883 eo
835 3828 1147 3900 praedictus
1167 3829 1472 3886 Girbertus
1493 3830 1848 3905 dirigit,sua-

192 3914 393 3986 sisque
426 3915 782 3987 quibusdam
819 3916 924 3970 viri
954 3917 1051 3972 Dei
1082 3917 1391 3987 ministris,
1424 3919 1594 3977 fidele
1625 3922 1849 3977 furtum

194 4006 582 4073 perpetratur,
599 4019 753 4074 aqua
783 4005 1031 4059 latenter
1055 4004 1328 4060 manibus
1353 4005 1572 4062 ablutis
1594 4008 1848 4080 subripi-

194 4090 427 4160 tur,sub
461 4091 763 4147 occasione
780 4092 958 4148 etiam
982 4092 1160 4148 calice
1181 4095 1367 4150 sancti
1390 4094 1584 4151 Maioli
1608 4096 1680 4151 ab
1720 4096 1850 4169 ipso

196 4180 315 4234 viro
349 4179 450 4235 Dei
483 4180 713 4253 signata
743 4180 925 4237 altera
955 4199 1107 4254 aqua
1129 4184 1624 4255 superadditur,et
1648 4184 1732 4241 sic
1764 4186 1855 4240 in-

198 4267 369 4322 ﬁrmo
401 4270 842 4325 transmittitur.
879 4272 1063 4336 Quam
1095 4272 1388 4344 accipiens
1411 4273 1654 4329 mutatis
1686 4275 1849 4346 prius

197 4356 459 4412 vestibus
489 4355 549 4412 in
582 4357 890 4414 ecclesiam
942 4360 1288 4433 ingreditur,
1322 4362 1567 4418 orationi
1619 4362 1850 4419 incum-

197 4444 283 4500 bit
314 4463 329 4502 :
355 4445 566 4501 deinde
600 4463 734 4502 cum
767 4465 1002 4505 summa
1022 4451 1390 4506 veneratione
1413 4468 1627 4524 aquam
1644 4453 1849 4523 sumit,

1959 3298 2153 3347 tamen
2183 3289 2425 3346 humilis
2454 3293 2511 3345 et
2539 3289 2836 3345 submissa
2858 3288 3094 3362 querela
3110 3293 3166 3345 et
3185 3290 3517 3362 objurgatio
3534 3290 3607 3346 de

1958 3397 2064 3435 suo
2096 3380 2347 3434 adventu
2376 3378 2459 3434 sic
2490 3376 2785 3451 insperato
2816 3378 3059 3433 minime
3090 3378 3465 3450 perdonatur.
3496 3379 3608 3435 Sed

1959 3469 2031 3525 ad
2063 3468 2186 3524 haec
2214 3468 2400 3524 isdem
2431 3465 2812 3524 dulcissimus
2849 3468 3012 3523 Pater
3052 3466 3207 3522 dulci
3238 3471 3294 3524 et
3324 3467 3510 3537 suavi,
3544 3471 3611 3525 ut

1958 3557 2071 3613 sibi
2102 3556 2282 3612 moris
2313 3555 2718 3628 erat,alloquio
2748 3555 2922 3629 coepit
2940 3559 2997 3611 et
3025 3571 3088 3612 se
3118 3572 3395 3613 excusare
3416 3561 3473 3612 et
3497 3556 3610 3630 ipsi

1958 3644 2312 3711 satisfacere,
2346 3645 2651 3700 occasione
2679 3644 2966 3717 temporis
2994 3648 3053 3701 et
3077 3644 3220 3701 locis
3250 3645 3451 3702 dicens
3502 3645 3611 3701 hoc

1959 3733 2292 3808 contigisse,
2326 3749 2507 3806 seque
2562 3732 2700 3789 illuc
2758 3750 3131 3807 nequaquam
3192 3740 3611 3808 sumptuosum

1958 3829 2304 3897 apparatum
2336 3839 2610 3896 quaerere.
2644 3824 2714 3878 Et
2766 3824 2907 3895 quia
2954 3825 3081 3896 ipso
3130 3842 3284 3881 anno
3332 3824 3612 3881 sterilitas

1956 3914 2262 3969 vinearum
2296 3912 2473 3967 nimis
2504 3911 2749 3967 charum
2780 3912 3115 3969 reddiderat
3135 3913 3612 3987 vinum,ejusque

1957 4003 2071 4058 nisi
2103 4001 2582 4074 locupletioribus
2618 4001 2988 4057 subtraxerat
3018 4018 3214 4071 usum,
3247 4003 3523 4076 providus
3554 4006 3612 4058 et

1958 4093 2296 4148 moderatus
2327 4090 2494 4145 Pater
2516 4105 2586 4144 ne
2622 4090 2861 4145 fratrem
2893 4095 3179 4163 gravaret,
3208 4108 3401 4147 emere
3432 4108 3493 4147 se
3523 4090 3612 4147 vi-

1958 4197 2101 4237 num
2132 4180 2297 4246 dixit,
2321 4180 2423 4235 sed
2456 4177 2723 4251 protinus
2754 4178 2943 4234 eidem
2978 4179 3103 4252 ipse
3134 4180 3208 4235 ob
3240 4179 3347 4235 hoc
3378 4196 3493 4234 non
3527 4177 3611 4235 le—

1955 4270 2103 4325 viter
2127 4268 2468 4341 indignatus
2500 4267 2869 4324 contradixit.
2900 4268 3043 4338 Qua,
3068 4267 3366 4341 inquiens,
3400 4268 3610 4336 fronte,

1958 4358 2067 4415 hoc
2098 4357 2491 4427 vos,domine,
2516 4356 2574 4413 in
2608 4357 2781 4413 domo
2802 4362 2994 4415 vestra
3022 4359 3213 4431 patiar
3244 4361 3450 4431 agere?
3468 4356 3613 4413 Ven-

1958 4452 2083 4503 tum
2103 4447 2299 4519 itaque
2317 4447 2387 4501 ad
2411 4444 2725 4518 prandium
2743 4450 2803 4501 et
2816 4445 2964 4503 cibis
2980 4446 3170 4503 eidem
3193 4446 3347 4502 Patri
3368 4445 3612 4518 suisque

196 4540 251 4589 et
268 4535 558 4591 sumendo
580 4536 838 4608 pristinae
857 4537 1011 4594 vocis
1028 4537 1285 4594 officium
1309 4556 1441 4594 mox
1462 4542 1535 4597 ad
1556 4540 1849 4615 integrum
1880 4569 1927 4634 Ι)
1958 4536 2234 4593 omnibus
2265 4533 2594 4607 largissime
2623 4533 3115 4608 sufficienterque,
3149 4539 3322 4609 prout
3359 4533 3610 4592 discreto

199 4624 1014 4699 recuperat;loquitur,atque
1037 4644 1152 4683 non
1174 4629 1301 4699 jam
1334 4629 1609 4685 manibus
1633 4629 1845 4700 innuit,

197 4712 296 4767 sed
327 4729 396 4768 ex
426 4713 633 4769 ordine
674 4731 801 4787 quae
846 4716 1069 4772 viderat
1111 4716 1300 4774 verbis
1346 4700 1580 4774 enarrat
1626 4724 1684 4775 et
1731 4720 1847 4775 Deo

198 4800 413 4872 gratias
439 4802 610 4874 pleno
640 4820 759 4871 ore,
792 4804 964 4876 plena
982 4822 1117 4861 voce
1144 4805 1313 4861 laetus
1342 4806 1684 4878 proclamat.

200 4907 329 4963 CAP.
360 4908 551 4984 XXIII.
586 4940 655 4984 έ
683 4912 756 4966 De
780 4911 1012 4983 quodam
1035 4913 1269 4984 parvulo
1300 4913 1560 4968 vasculoa
1580 4915 1707 4969 vino
1728 4917 1848 4971 exi-

271 4982 474 5045 nanito,
498 4989 550 5037 et
578 4983 785 5037 virtute
803 4985 983 5039 sancti
1005 4982 1347 5055 postmodum
1361 4985 1524 5056 pleno
1545 4993 1775 5057 reperto.

274 5067 652 5143 Omnipotens
675 5075 826 5127 Deus
844 5076 1251 5129 remunerator
1273 5077 1330 5129 et
1350 5072 1852 5146 gloriﬁcatorfide—

205 5152 347 5211 lium
372 5174 639 5229 suorum,
670 5177 734 5217 se
762 5160 821 5216 in
853 5161 962 5217 hac
994 5161 1229 5217 mortali
1260 5178 1707 5235 aerumnosaque
1735 5164 1853 5221 vita

208 5259 309 5315 pro
336 5246 477 5303 scire
509 5251 567 5303 et
592 5265 765 5323 posse
790 5249 1246 5324 glorificantium
1271 5267 1375 5324 per
1403 5249 1516 5307 sibi
1552 5251 1741 5310 fidelis
1762 5254 1844 5309 di-

208 5329 445 5406 lectique
499 5337 705 5394 famuli
739 5339 925 5397 Patris
974 5339 1237 5396 Odilonis
1290 5340 1349 5395 in
1383 5339 1558 5397 haece
1594 5342 1850 5400 convalle

211 5414 590 5494 lacrymarum
624 5442 821 5484 coram
845 5426 1185 5484 hominibus
1208 5427 1539 5485 confitentis
1560 5432 1615 5485 et
1635 5428 1852 5502 gloriﬁ-

210 5511 386 5569 cautis
414 5514 646 5585 merita,
662 5515 814 5575 inter
845 5516 960 5574 alia
988 5517 1157 5592 plura
1188 5515 1466 5592 praeclara
1494 5534 1735 5591 prorsus
1756 5524 1848 5577 at-

211 5611 318 5671 que
339 5605 715 5667 memoranda
730 5606 1148 5667 miraculorum
1170 5605 1662 5686 signa,quoddam
1682 5608 1848 5669 valde

1957 4625 2146 4682 ordini
2176 4639 2378 4680 eorum
2410 4622 2828 4696 congruebant,
2862 4623 3165 4697 appositis,
3197 4624 3400 4679 vinum
3431 4624 3609 4679 etiam

1957 4716 2028 4771 de
2054 4730 2227 4787 parvo
2257 4709 2663 4785 singularique
2693 4716 2751 4768 et
2780 4711 2952 4784 pleno
2980 4718 3181 4785 emptu
3205 4712 3437 4768 vasculo
3477 4728 3609 4784 pro-

1959 4806 2165 4860 fertur.
2197 4804 2269 4857 At
2295 4800 2759 4857 discretissimus
2788 4801 2958 4858 Pater
3004 4799 3311 4857 monachis
3358 4799 3609 4872 scyphos

1958 4891 2269 4966 geminari,
2285 4888 2509 4945 caeteris
2539 4906 2673 4945 vero
2705 4889 2885 4946 semel
2907 4889 3169 4962 praecipit
3196 4887 3341 4944 dari.
3362 4888 3474 4943 Sed
3496 4892 3613 4944 stac

1957 4985 2087 5038 tuta
2118 4995 2397 5036 mensura
2426 4978 2803 5045 exceditur,et
2825 4979 3047 5051 absque
3077 4976 3200 5033 ulla
3227 4975 3610 5033 aestimatione

1959 5071 2119 5127 chari
2151 5068 2318 5143 pretii
2353 5071 2524 5141 potus
2555 5065 2715 5141 large
2765 5066 3041 5124 omnibus
3086 5066 3400 5139 praebetur.
3437 5065 3610 5122 Post-

1960 5175 2138 5233 quam
2169 5162 2366 5215 autem
2397 5160 2645 5229 sumpta:
2676 5156 2860 5229 epulae
2894 5171 3228 5228 mensaeque
3256 5159 3397 5211 sunt
3426 5170 3611 5211 remo-

1960 5255 2052 5319 ιω,
2078 5249 2401 5305 succedunt
2430 5250 2623 5319 grates
2652 5250 2709 5302 et
2737 5244 2941 5302 laudes
2971 5246 3326 5303 charitativzs
3349 5244 3611 5302 refectio-

1960 5340 2055 5396 nis
2080 5356 2115 5394 a
2143 5334 2473 5393 dulcissimi
2505 5335 2689 5407 patris
2719 5334 2981 5392 Odilonis
3001 5335 3259 5410 gratioso
3274 5337 3449 5407 atque
3473 5333 3613 5390 mel-

1958 5429 2119 5486 lilluo
2151 5443 2268 5483 ore.
2302 5424 2575 5481 Succedit
2601 5422 2783 5497 igitur
2812 5442 2926 5481 nox
2954 5424 3092 5495 diei,
3122 5429 3181 5481 et
3226 5424 3396 5481 Pater
3441 5422 3609 5480 Odilo

1962 5518 2109 5577 inibi
2141 5515 2374 5573 laxabat
2403 5512 2670 5569 membra
2699 5513 2902 5587 quieti.
2941 5515 3111 5572 Mane
3140 5531 3273 5572 vero
3305 5515 3454 5570 facto
3473 5511 3610 5569 inde

1957 5627 2090 5667 eum
2122 5604 2585 5686 proficiscentem
2616 5602 2794 5665 frater
2833 5603 3123 5662 Adraldus
3170 5603 3607 5680 aliquantutum
