4054 6158
487 293 608 362 935
1408 285 1472 345 S.
1516 283 1879 345 ODll.0NlS
1925 281 2491 346 CLUNIACENSIS
2534 283 2858 349 ABBATIS
2901 286 2974 347 V.
3719 291 3822 352 986

487 422 886 498 proscquitur;
921 421 1022 478 sed
1055 420 1127 476 ab
1159 417 1254 474 illo
1287 417 1473 473 redire
1494 417 1720 488 jussus,
1751 432 1890 472 mox
1928 418 1994 470 ut
2033 416 2134 471 do-
2162 419 2214 484 Α
2248 417 2676 491 cernenti,qua3
2702 419 2848 478 nihil
2879 419 3037 475 aliud
3071 419 3232 491 prius
3256 417 3416 476 illum
3443 421 3828 483 diceresubmm

483 530 646 570 mum
678 528 846 577 suam
880 508 1232 567 subintravit
1271 511 1474 562 vocato
1505 506 1927 578 dispensatore,
1951 505 2142 577 jussit.
2249 506 2470 561 nebant
2500 522 2679 578 quam
2709 524 2722 562 :
2759 507 3034 564 Mirabilz's
3063 508 3201 563 Deus
3233 509 3290 562 in
3335 511 3521 566 sanctis
3560 512 3680 566 suis.
3705 511 3828 570 Vere

479 619 615 660 eum
638 599 811 658 citius
826 601 1114 673 quantum
1138 597 1196 660 in
1214 594 1450 652 vasculo
1473 593 1853 652 remansisset
1873 593 1990 650 vini
2009 593 2135 650 dili-
2241 593 2396 650 enim
2447 595 2756 663 mirabilis,
2787 613 2920 652 vere
2962 597 3349 669 omnipotens,
3379 614 3504 654 vere
3545 599 3829 658 misericors

477 695 682 778 genter
700 689 1072 756 considerare
1091 685 1322 759 sibique
1351 684 1706 741 renuntiare.
1741 682 1796 740 Is
1825 683 2025 756 itaque
2046 683 2130 740 fa-
2241 683 2396 740 Deus
2417 683 2476 739 in
2503 684 2724 742 sanctis
2741 685 2992 758 suis,qui
3007 685 3066 741 in
3084 685 3319 741 illorum
3336 687 3551 743 munda
3569 694 3621 742 et
3637 688 3831 750 sincera

477 773 679 842 mulus
699 783 756 836 et
777 777 966 850 jussis
997 777 1410 848 obtemperans
1436 773 1728 829 curiosius
1747 790 1849 832 vas
1879 773 2132 828 aestimat
2240 777 2434 828 mente
2466 773 2952 847 augustissimum
3001 773 3114 830 sibi
3159 773 3436 847 palatium
3481 779 3736 844 statuens,
3762 777 3826 834 ibi

475 867 832 939 olfenditque
852 869 1053 922 contra
1076 866 1335 936 spem,et
1352 863 1530 936 (quod
1547 867 1639 918 est.
1656 862 1817 918 dictu
1839 861 2128 931 mirabile)
2238 861 2558 928 residet,ibi
2583 863 3060 938 regnat,indeque
3087 863 3344 936 disponit
3367 863 3544 921 multa
3562 870 3615 920 et
3631 882 3825 939 magna,

475 955 898 1029 plenum,quod
917 954 1265 1010 oredebatex
1283 952 1539 1008 maxima
1559 955 1723 1024 parte
1739 950 2124 1006 exinanitum.

472 1044 700 1108 Invadit
727 1040 975 1103 formido
1005 1042 1325 1108 hominem,
1359 1046 1415 1096 et
1445 1040 1718 1112 stupidus
1747 1041 1818 1096 de
1863 1039 1973 1095 hoc
2013 1039 2124 1095 ali-

473 1133 731 1207 quandiu
766 1149 967 1190 secum
988 1130 1370 1204 cogitationes
1391 1134 1601 1198 versat,
1638 1130 1737 1185 sed
1788 1133 1985 1186 tamen
2035 1145 2124 1184 re-

469 1239 673 1280 versus
703 1222 1002 1282 inventum
1034 1220 1272 1276 indicat.
1307 1220 1418 1275 Res
1451 1218 1610 1274 fratri
1644 1218 1770 1274 visa
1799 1223 1889 1273 est
1919 1218 2123 1276 auditu

470 1311 849 1378 incredibilis,
881 1314 938 1367 et
995 1310 1148 1366 hanc
1201 1309 1456 1368 referens
1514 1306 1826 1364 insanienti
1888 1306 2121 1364 similis.

469 1401 729 1458 Parvitas
757 1399 1009 1472 denique
1031 1398 1208 1464 vasis,
1225 1401 1280 1453 et
1311 1396 1704 1453 numerositas
1727 1395 2124 1454 multitudinis

469 1490 622 1550 illud.
642 1488 1043 1548 ealamnrienlis
1075 1487 1360 1542 suadebat
1388 1484 1553 1540 valde
1585 1501 1792 1558 parum
1815 1501 2124 1558 superesse

466 1578 526 1637 in
560 1578 657 1634 illa
691 1578 909 1638 residui
945 1575 1209 1648 liquoxis.
1246 1577 1510 1632 Attamen
1553 1573 1687 1638 itur,
1717 1578 1772 1629 et
1818 1573 2122 1629 oculorum

2235 955 2294 1006 et
2323 951 2405 1006 ait
2431 951 2680 1008 mirifica
2710 969 2950 1024 prorsus
2979 959 3038 1008 et
3061 969 3177 1008 non
3207 953 3507 1010 imitanda.

2309 1039 2492 1096 Multa
2548 1041 2765 1096 similia
2819 1046 3165 1098 notarentur
3210 1025 3558 1115 diligentius.
3601 1045 3665 1097 de
3725 1045 3838 1115 ejus,

2233 1134 2474 1202 possent
2503 1130 2768 1192 describi,
2783 1131 3118 1186 virtutibus.
3157 1131 3402 1188 Multum
3434 1131 3590 1206 enim.
3619 1149 3709 1204 per

2232 1218 2480 1291 gratiam
2510 1219 2566 1273 in
2598 1219 2817 1276 talibus
2845 1219 2906 1276 in
2936 1219 3161 1276 occulto
3194 1220 3544 1294 posuit,qua:
3572 1239 3828 1294 nunquam

2233 1309 2303 1363 ad
2339 1308 2638 1381 publicum
2672 1309 2866 1366 venire
2897 1309 3165 1373 voluit,ct
3193 1311 3444 1366 maxime
3460 1310 3518 1365 in
3539 1309 3828 1366 febricitan-

2233 1397 2317 1452 tib
2365 1414 2414 1464 s,
2443 1398 2662 1470 quibus
2717 1415 2952 1471 semper
3008 1400 3389 1466 succurrebat
3442 1399 3631 1454 calicis
3674 1402 3826 1456 sancti

2234 1485 2428 1541 Maioli
2462 1485 2998 1558 signaculo,dicens
3027 1487 3170 1544 talia
3190 1505 3306 1544 non
3339 1487 3583 1554 suis,sed
3607 1479 3828 1558 ejuSdem

2235 1575 2488 1648 przedicti
2507 1575 2691 1631 Patris
2714 1576 2834 1631 ﬁeri
2868 1577 3253 1642 meritis,cum
3285 1594 3484 1633 revera
3501 1577 3724 1634 dubium
3741 1594 3830 1644 non

468 1666 709 1726 fideliori
745 1666 1070 1726 ministerio
1101 1681 1194 1722 res
1211 1664 1546 1730 discutitur,
1573 1667 1630 1718 et
1660 1663 1738 1717 ita
1768 1678 1896 1718 esse
1918 1664 2122 1735 depre-
2154 1683 2201 1749 Β
2232 1669 2386 1719 esset.
2406 1664 2764 1737 discipulum
2792 1665 2851 1720 in
2885 1665 3103 1721 talibus
3134 1671 3561 1738 cooperatorem
3597 1681 3710 1734 esse
3735 1683 3830 1720 ma-

465 1755 761 1820 henditur.
787 1757 950 1820 Tunc
971 1754 1312 1828 geminatur
1325 1757 1532 1826 stupor
1551 1752 1726 1811 misto
1751 1752 1958 1808 timore
1983 1750 2126 1807 talia
2234 1753 2404 1826 gistri
2435 1753 2768 1810 virtutibus.

1490 1989 1904 2078 INCIPIT
1968 1990 2298 2080 LIBER
2369 1991 2642 2076 TEli'l
2672 1991 2860 2078 IUS

487 2225 501 2237 -
532 2199 733 2270 Itaque
764 2197 834 2252 de
867 2192 958 2252 his
988 2211 1115 2266 qua:
1145 2193 1286 2252 dum
1317 2192 1528 2259 viveret
1571 2192 1773 2264 gessit,
1809 2209 1997 2264 pauca
2042 2194 2131 2258 de,

462 2287 665 2348 multis
693 2285 972 2350 diximus,
1007 2284 1161 2339 sicut
1191 2298 1296 2338 nos
1329 2281 1440 2354 ipsi
1473 2281 1741 2353 quaedam
1775 2281 2118 2348 vidimus,et

460 2378 533 2434 ab
565 2374 790 2435 idoneis
820 2372 1066 2436 testibus
1096 2370 1211 2425 alia
1239 2369 1413 2425 etiam
1449 2385 1584 2424 vera
1616 2368 1794 2425 fuisse
1825 2387 1929 2440 pro
1960 2375 2116 2427 certo

459 2463 806 2538 agnovimus
828 2479 840 2517 ε
864 2477 1017 2520 nunc
1037 2459 1107 2516 de
1137 2459 1369 2531 hisquae
1397 2463 1528 2530 post
1551 2463 1796 2512 mortem
1824 2475 1926 2531 per
1945 2459 2112 2515 illum

458 2553 746 2613 Dominus
773 2555 1066 2624 operatur,
1097 2548 1251 2603 sicut
1273 2546 1566 2603 veracium
1597 2547 1840 2604 testium
1862 2548 2114 2604 affirma-

409 2649 417 2653 ’
455 2642 614 2702 tione
643 2639 1204 2713 comperimus,quae
1236 2635 1827 2710 possumus,l)omino
1847 2653 2109 2694 annuen-

452 2737 510 2790 te
541 2731 880 2804 loquamur.

453 2858 588 2914 CAP.
622 2857 666 2913 1‘.
700 2887 768 2896 --
804 2859 882 2912 De
911 2852 1145 2927 quadam
1172 2851 1361 2924 puella
1389 2852 1608 2917 insana,
1639 2850 1808 2906 surda
1831 2859 1882 2906 et
1930 2855 2104 2907 muta.

525 2969 589 3026 In
621 2961 802 3020 fundo
827 2958 1214 3032 Longovernis
1245 2958 1569 3024 nominato,
1593 2957 1902 3014 Silviniaco
1926 2974 2104 3032 prope

2229 2194 2459 2250 fuerant
2487 2194 2612 2250 dari
2641 2195 2756 2251 sibi
2786 2194 2966 2268 petiit,
2999 2198 3058 2250 et
3083 2199 3323 2269 accepta
3351 2195 3412 2252 in
3463 2196 3689 2253 auribus
3714 2197 3828 2253 socii

2227 2282 2462 2352 infudit,
2481 2284 2676 2340 bibere
2707 2284 2976 2356 eoegit,ct
3004 2284 3091 2340 sic
3112 2285 3182 2340 ad
3217 2285 3690 2358 bospitium(erat
3705 2285 3829 2342 enim

2223 2374 2556 2445 vesperum)
2591 2379 2832 2447 uterque
2863 2373 3102 2430 secedit.
3140 2373 3201 2429 In
3235 2375 3558 2430 crastinum
3589 2390 3726 2445 vero,
3751 2375 3828 2446 qui

2224 2462 2451 2534 pridem
2483 2463 2700 2520 surdus
2728 2469 2785 2519 et
2815 2467 3015 2518 mutus
3037 2463 3242 2530 fuerat,
3259 2463 3510 2520 audiens
3531 2468 3584 2518 et
3622 2462 3828 2535 loquens

2222 2567 2356 2607 cum
2385 2551 2676 2608 oblatione
2707 2552 2764 2607 in
2814 2569 2991 2608 manu
3040 2553 3112 2608 ad
3165 2552 3504 2624 sepulcrum
3549 2554 3720 2616 rediit,
3748 2569 3827 2624 pro

2221 2639 2692 2698 sualiberatione
2723 2642 2939 2714 gratias
2969 2640 3143 2714 plena
3173 2658 3310 2698 voce
3343 2641 3668 2711 reddidit,et
3682 2641 3752 2696 sic
3769 2641 3823 2695 ad

2219 2730 2454 2803 propria
2477 2730 2790 2804 repedavit.

2564 2840 2696 2892 CAP.
2731 2836 2824 2892 Ill.
2858 2867 2927 2877 --
2956 2837 3092 2892 Item
3117 2835 3185 2893 de
3215 2837 3332 2894 alio
3361 2845 3528 2894 muto.

2287 2943 2408 3000 Sub
2430 2944 2915 3016 eodemtempore
2945 2959 3014 2999 ex
3044 2959 3194 3018 pago
3217 2944 3591 3010 Bituricensi,
3622 2942 3822 3016 quidam

450 3057 704 3128 quatuor
721 3051 1008 3108 milliariis
1023 3048 1446 3120 contiguo,erat
1463 3049 1729 3120 quaedam
1749 3047 2102 3104 miserabilis

2222 3036 2416 3088 mutus
2438 3032 2692 3100 advenit,
2727 3032 2848 3105 qui,
2877 3036 2940 3087 ut
2971 3033 3354 3105 postmodum
3388 3033 3724 3100 referebat,a
3748 3045 3822 3085 se-

449 3147 639 3214 mater
667 3159 796 3214 qua:
828 3137 1008 3196 tiliam
1059 3137 1314 3192 habebat
1360 3137 1550 3192 tribus
1595 3135 1968 3208 passionibus
1999 3137 2100 3192 ob-

449 3231 704 3298 noviam,
730 3230 1000 3285 insanam
1035 3227 1322 3291 videlicet,
1348 3225 1589 3281 surdam
1621 3229 1679 3280 et
1711 3225 2102 3281 mutam.H:ec

447 3321 616 3377 tertio
641 3319 989 3376 admonetur
1005 3316 1064 3371 in
1095 3315 1322 3371 somnis
1343 3331 1378 3368 a
1398 3314 1651 3386 quadam
1675 3314 1820 3370 satis
1847 3314 2104 3370 formosa

447 3413 504 3478 et
524 3408 793 3480 jucunda
823 3421 1092 3480 persona,
1127 3409 1192 3458 ut
1235 3401 1613 3459 Silviniacum
1664 3408 1885 3476 pergat,
1918 3403 2100 3461 tiliam

449 3512 650 3553 secum
680 3496 948 3558 deducat,
980 3491 1317 3566 sepulcrum
1351 3491 1507 3547 senis
1540 3492 1626 3565 (se
1659 3497 1854 3548 autem
1903 3492 2098 3566 ipsum

449 3602 579 3642 esse
607 3583 856 3652 dicebat)
889 3582 1111 3645 naviter
1141 3579 1354 3652 sepulti
1385 3581 1666 3654 requirat,
1696 3586 1753 3636 et
1777 3581 1929 3638 inter
1957 3599 2099 3640 eun-

449 3674 590 3728 dum
621 3671 842 3727 videbit
865 3670 1006 3743 quid
1033 3667 1145 3724 sibi
1167 3666 1485 3744 contingat.
1511 3669 1624 3724 Ter
1645 3669 1840 3742 itaque
1865 3687 1967 3742 per
1983 3676 2100 3732 tres

450 3763 875 3833 consequentes
902 3764 1124 3824 noctes,
1155 3757 1306 3812 sicut
1343 3757 1620 3824 diximus,
1653 3759 1972 3827 admonita,
2003 3760 2103 3816 dat

451 3849 624 3906 ﬁdem
655 3849 846 3906 verbis
875 3853 933 3904 et
962 3847 1060 3903 illo
1092 3863 1226 3902 eum
1268 3845 1387 3903 tilia
1435 3863 1675 3921 pergere
1723 3847 1914 3920 ccepit.
1949 3849 2105 3906 Inter

449 3939 709 3995 eundum
728 3955 882 4006 vero,
906 3942 1224 4010 antequam
1267 3937 1339 3992 ad
1357 3935 1550 3992 locum
1573 3937 1932 3993 destinatum
1952 3937 2104 3994 veni-

449 4033 600 4097 rent,
608 4030 943 4102 portentum
963 4025 1208 4082 visionis
1228 4025 1508 4098 compleri
1527 4025 1872 4098 cmpit.Nam
1895 4043 2100 4100 quam-

447 4117 583 4174 dam
617 4119 1032 4191 praatereuntes
1070 4113 1276 4171 silvam
1307 4113 1580 4187 praedicto
1611 4113 1758 4186 loco,
1791 4114 2101 4172 Silviniaco

445 4205 730 4276 videlicet,
763 4207 910 4262 satis
967 4205 1325 4278 contiguam,
1367 4204 1489 4262 tilia
1545 4220 1615 4260 ex
1671 4205 1874 4264 multis
1927 4206 2100 4263 annis

445 4285 626 4364 surda
671 4300 728 4352 et
767 4299 930 4351 muta
963 4313 976 4350 :
1012 4294 1214 4362 Mater,
1246 4293 1459 4366 inquit,
1493 4298 1698 4362 mater,
1733 4294 1872 4351 hinc
1923 4295 2098 4352 audio

2214 3126 2372 3192 ptem
2405 3121 2576 3177 annis
2607 3137 2675 3176 ex
2705 3126 2823 3177 toto
2864 3120 3138 3177 amiserat
3181 3122 3508 3178 efficaciam
3558 3121 3715 3177 vocis.
3743 3119 3824 3174 Hic

2211 3210 2386 3266 etiam
2409 3209 2481 3264 ad
2504 3209 2839 3282 sepulcrum
2861 3209 2931 3264 de
2954 3209 3363 3266 misericordia
3389 3209 3484 3266 Dei
3507 3222 3822 3284 prmsumens

2211 3299 2454 3368 accedit,
2487 3317 2556 3355 ex
2587 3297 2792 3354 multis
2822 3297 3016 3366 annis,
3050 3301 3115 3354 ut
3145 3299 3548 3372 prmdiximus,
3576 3298 3818 3372 perditam

2209 3387 2503 3461 loquelam
2562 3387 2794 3461 recepit,
2845 3387 2983 3460 quid
3034 3387 3136 3443 tibi
3189 3388 3540 3462 contigisset
3586 3385 3820 3444 omnibus

2208 3479 2501 3534 enarravit
2528 3483 2585 3534 et
2613 3477 2781 3534 laetus
2811 3477 3169 3534 recessit.Ad
3199 3479 3695 3552 comprobandum
3713 3489 3820 3532 vero

2210 3571 2410 3622 utrum
2439 3583 2575 3622 vera
2601 3571 2796 3623 essent
2843 3584 2916 3623 an
2967 3583 3082 3622 non
3133 3583 3258 3639 qua:
3309 3568 3557 3633 dixerat,
3587 3583 3706 3622 cum
3747 3563 3822 3618 illo

2209 3655 2451 3727 quidam
2483 3655 2696 3712 curiosi
2720 3655 3017 3711 curiosum
3041 3656 3364 3728 quemdam
3389 3653 3734 3728 mittunt,qui
3753 3652 3821 3708 di-

2207 3743 2456 3817 ligenter
2474 3744 2595 3800 haec
2628 3764 2660 3801 a
2685 3745 2889 3801 vicinis
2919 3748 2978 3800 et
3006 3745 3316 3802 veracibus
3344 3746 3593 3802 testibus
3613 3741 3821 3815 inquim-

2210 3838 2318 3889 ret.
2351 3835 2455 3900 Qui
2487 3834 2610 3891 haec
2642 3835 2723 3890 ita
2752 3850 2880 3892 esse
2910 3833 3306 3901 inveniens,se
3343 3836 3510 3892 nobis
3540 3832 3730 3890 obtulit
3753 3848 3821 3886 as-

2209 3927 2492 3980 sertorem
2524 3940 2782 3980 veracem
2814 3927 2870 3979 et
2899 3923 3173 3979 idoneum
3207 3927 3446 3980 testem.

2208 4040 2342 4095 CAP.
2377 4039 2469 4096 IV.
2501 4072 2570 4081 —
2605 4045 2683 4096 De
2733 4039 2966 4112 quodam
3016 4039 3326 4167 pqgalylico
3381 4040 3549 4096 simul
3601 4043 3651 4094 et
3697 4037 3818 4092 muto

2929 4125 3062 4166 cura
3125 4154 3138 4167 .

2929 4125 3138 4167 curato.

2279 4233 2340 4284 ln
2371 4244 2520 4300 pago
2551 4225 2921 4291 Nevernensi,
2955 4230 3012 4282 et
3041 4226 3098 4282 in
3131 4229 3326 4282 castro
3349 4225 3648 4283 'Dizetensi
3676 4237 3815 4296 para-

2207 4315 2348 4390 lysis
2361 4316 2931 4390 languorquemdam
2946 4314 3246 4370 hominem
3268 4333 3340 4371 ex
3365 4333 3484 4372 una
3499 4320 3650 4388 parte
3663 4317 3816 4368 totum

446 4385 952 4486 magnosfomws
973 4381 1776 4494 ξίηξξηηδδυὶοξιξαξλξίξξδαί
1809 4388 2004 4441 antem
2026 4386 2098 4442 de
2131 4428 2174 4494 D
2205 4381 2673 4469 damnaverat,et
2702 4403 2990 4460 sermonis
3019 4403 3317 4476 loquelam
3350 4381 3582 4477 penitus
3607 4398 3819 4458 abstule-

444 4475 748 4565 campanis
769 4473 1110 4565 mP‘naASlefii
1132 4489 1282 4546 quas
1302 4473 1596 4565 “Pdiedat:
1608 4473 1754 4565 βίοθ
1771 4491 1906 4565 νοΨ
1927 4491 2098 4565 οέτηο
2131 4473 2173 4494 ν
2209 4499 2317 4551 rat.
2337 4493 2677 4550 Vicinorum
2697 4493 2896 4565 itaque
2917 4473 3368 4564 amicorumque
3393 4499 3540 4549 nutu
3571 4503 3623 4547 et
3637 4485 3815 4545 auxilio

445 4563 622 4626 simul
657 4568 714 4618 et
741 4563 914 4618 audio
945 4563 1119 4617 boves
1147 4566 1204 4619 et
1236 4561 1465 4618 sonitus
1512 4560 1661 4618 collo
1710 4563 2094 4635 pendentium

443 4650 1197 4728 cymbalorum.Mater,his
1219 4651 1458 4721 auditis,
1473 4651 1644 4724 signa
1670 4651 1912 4708 visionis
1944 4669 2098 4708 reco-

441 4739 694 4815 gnoscit,
725 4740 797 4795 ad
849 4738 1186 4812 sepulcrum
1234 4757 1422 4812 usque
1471 4740 1725 4807 deducit,
1759 4756 1864 4814 pro
1921 4757 2094 4812 posse

442 4829 798 4887 oblationem
830 4827 1065 4900 obtulit,
1097 4828 1316 4902 gratias
1363 4829 1501 4903 egit,
1536 4829 1744 4886 deinde
1792 4845 1926 4886 cum
1973 4828 2095 4885 filia

443 4936 592 4977 sana
620 4919 691 4976 ad
726 4919 962 4994 propria
991 4917 1183 4974 rediit.

548 5035 683 5097 CAP.
717 5034 789 5093 Il.
820 5067 890 5079 --
917 5037 994 5094 De
1021 5035 1238 5092 homine
1265 5033 1430 5092 surdo
1457 5043 1510 5091 ει
1543 5043 1692 5091 muto
1722 5034 1966 5092 liberato.

511 5151 782 5210 Succedit
808 5156 865 5208 et
893 5151 1032 5208 huic
1063 5150 1221 5208 aliud
1255 5167 1372 5208 non
1401 5148 1690 5208 dissimile
1712 5150 2089 5207 miraculum.

438 5243 587 5299 Nam
607 5241 680 5298 de
709 5240 828 5297 illis
855 5239 1037 5297 vastis
1055 5239 1303 5311 Alpibus
1324 5238 1617 5296 interioris
1649 5239 1974 5312 Aquitaniae
1993 5257 2090 5296 ve-

439 5335 656 5388 nerunt
685 5330 755 5388 ad
789 5327 1125 5402 sepulcrum
1147 5327 1254 5382 viri
1287 5328 1389 5384 Dei
1411 5329 1528 5384 duo
1549 5329 1816 5401 juvenes,
1837 5345 2086 5402 quorum

440 5419 588 5477 alter
605 5423 731 5476 erat
759 5418 978 5473 surdus
993 5422 1052 5473 et
1082 5418 1413 5484 mutus,sed
1447 5421 1511 5474 ut
1540 5421 1842 5474 curaretur
1855 5418 1930 5474 ab
1951 5415 2090 5474 alte-

440 5526 506 5566 ro
527 5508 716 5565 fuerat
743 5507 1056 5564 adductus.
1073 5507 1456 5582 lntrogressis
1477 5523 1610 5564 vero
1629 5507 1703 5564 ad
1727 5505 2086 5581 sepulcrum,

439 5598 539 5682 qui
561 5613 742 5658 sanus
762 5601 888 5659 erat
906 5611 977 5651 ex
995 5613 1149 5676 aqua
1165 5614 1284 5680 qua
1299 5596 1456 5656 beati
1472 5595 1660 5656 Patris
1685 5596 1950 5656 membra
1969 5595 2089 5656 lota

2205 4584 2278 4640 ad
2311 4581 2656 4638 memoriam
2682 4582 2868 4638 sancti
2917 4581 3107 4637 Patris
3150 4580 3420 4650 accessit,
3458 4579 3812 4636 membrorum

2203 4671 2516 4729 sanitatem
2541 4681 2610 4727 ex
2637 4669 2864 4742 integro
2906 4669 3142 4743 recepit,
3174 4669 3442 4742 linguam
3491 4669 3561 4725 ad
3607 4667 3812 4737 loquen-

2203 4763 2346 4819 dum
2377 4759 2726 4816 dissolutam
2757 4759 3098 4832 promeruit,
3124 4758 3241 4815 Deo
3271 4758 3495 4832 gratias
3523 4756 3652 4830 egit,
3673 4757 3722 4808 et
3745 4748 3814 4806 sic

2202 4851 2274 4907 ad
2310 4849 2543 4923 propria
2570 4847 2884 4920 repedavit.
2919 4847 3054 4902 Erat
3077 4863 3208 4902 vero
3237 4845 3510 4920 pluribus
3541 4835 3812 4910 notus,qui

2202 4939 2324 4996 haec
2355 4939 2434 4994 ita
2465 4954 2528 4994 se
2551 4937 2764 4994 habere
2791 4937 2918 4992 suis
2950 4936 3250 4992 afﬁrmant
3276 4932 3704 4994 assertionibus.

2547 5043 2682 5100 ΟΑΡ.
2705 5043 2772 5098 V.
2805 5074 2875 5085 ——
2902 5043 2978 5100 De
3001 5042 3314 5116 presbytero
3339 5047 3512 5109 muto.

2271 5151 2335 5207 Et
2355 5166 2503 5224 pago
2525 5148 2701 5206 etiam
2722 5147 3068 5206 Bituricvensi
3089 5155 3146 5205 et
3173 5149 3246 5205 de
3276 5153 3467 5208 castro
3483 5133 3808 5224 Briodorensi

2201 5222 2501 5314 presbyter
2553 5237 2794 5312 quidam
2849 5242 3050 5293 mutus
3099 5238 3170 5294 ad
3219 5236 3550 5311 sepulcrum
3594 5230 3690 5286 viri
3727 5222 3806 5282 Dei

2200 5327 2440 5396 accedit,
2469 5327 2632 5384 reddi
2665 5326 2776 5382 sidi
2810 5326 2965 5398 quod
2995 5326 3328 5398 perdiderat
3352 5321 3644 5381 humiliter
3667 5328 3806 5390 pros-

2199 5421 2391 5474 tratus
2421 5416 2480 5472 in
2513 5415 2774 5472 oratione
2802 5413 2998 5488 petiit:
3031 5415 3134 5471 sed
3181 5414 3324 5471 dum
3369 5411 3588 5469 diutius

2197 5523 2339 5564 suas
2359 5504 2578 5562 diﬁ‘srri
2603 5501 2768 5572 vidit,
2797 5504 3042 5560 domum
3074 5502 3298 5578 regredi
3346 5499 3586 5559 studuit.
3615 5497 3682 5552 At
3717 5489 3802 5546 ubi

2197 5595 2478 5674 pervenit,
2499 5611 2632 5653 mox
2663 5593 2818 5670 quod
2850 5593 3079 5650 diutius
3109 5592 3413 5673 quaesierat
3439 5587 3684 5664 accipere
3700 5592 3801 5642 me-
