4054 6158
623 322 740 383 939

1539 317 1600 378 S.
1650 317 2017 380 ODILONIS
2061 317 2624 380 CLUNIACENSIS
2669 316 2996 379 ABBATIS
3040 317 3112 378 V.
3817 325 3900 386 920

623 453 970 512 redduntur.
1002 453 1137 508 Post
1163 451 1282 506 haec
1313 451 1536 524 regredi
1571 449 1690 506 illic
1721 451 1876 507 unde
1902 455 2137 506 venerat
2167 467 2272 506 σω·
2297 452 2354 518 Α
2375 451 2590 522 jubilo,
2622 451 2691 505 ad
2725 450 2936 506 coelum
2977 468 3166 524 usque
3196 451 3387 525 populi
3430 467 3582 508 voces
3616 455 3792 511 dabant
3827 475 3902 531 pre

625 543 733 617 pit,
766 542 866 598 sed
898 541 1090 598 nescio
1115 557 1230 613 quo
1262 539 1489 596 occulto
1513 539 1756 612 judicio,
1810 545 2126 614 antequam
2173 556 2272 596 ve-

625 631 777 687 niret
801 630 872 686 ad
902 634 1159 686 extrema
1187 628 1356 695 villae,
1387 630 1598 686 iterum
1647 629 2003 686 debilitatur.
2056 630 2273 686 Iterum

625 720 872 776 aliorum
903 719 1177 776 manibus
1207 720 1281 776 ad
1333 718 1668 792 sepulcrum
1718 724 2065 792 reportatur,
2099 725 2274 791 a'que

622 809 836 864 iterum
866 807 965 865 Dei
997 808 1417 882 omnipotentis
1440 808 1814 865 miseratione
1845 815 1903 865 et
1932 807 2115 882 patris
2138 808 2273 864 Odi-

622 896 774 953 lonis
805 896 1222 954 intercessione
1248 897 1511 971 pristinae
1549 897 1786 954 sanitati
1836 899 2136 966 redditur;
2171 897 2271 953 sed

623 1003 998 1059 nequaquam
1027 985 1278 1043 ulterius
1327 989 1488 1042 extra
1539 985 1740 1042 villam
1791 987 2108 1060 egreditur,
2169 1002 2274 1041 nec

621 1075 941 1132 terminum
973 1093 1091 1132 suae
1122 1075 1544 1132 debilitationis
1573 1076 1764 1132 denuo
1805 1075 2056 1132 transire
2100 1093 2274 1132 cona-

623 1167 741 1220 tur.

721 1253 848 1310 Cur.
881 1255 1028 1310 XIV.
1061 1285 1130 1294 —
1157 1258 1296 1312 Item
1323 1253 1389 1309 de
1417 1255 1532 1310 alia
1559 1255 1738 1310 simili
1764 1253 1920 1310 modo
1949 1257 2169 1309 sanata.

693 1341 942 1406 Quidam
966 1346 1253 1399 mercator
1276 1342 1512 1398 nomine
1535 1341 1857 1398 Rainaldus
1877 1341 2092 1397 ibidem
2119 1341 2273 1414 apud

622 1429 1002 1487 Silviniacum
1033 1433 1300 1506 degebat.
1333 1431 1438 1488 Hic
1489 1431 1742 1488 habebat
1791 1431 1972 1487 filiam
2020 1429 2274 1486 debilem

621 1520 912 1591 cruribus,
932 1520 1247 1578 invalidam
1271 1525 1328 1577 et
1356 1522 1429 1578 ad
1459 1521 1939 1594 supplementum
1968 1519 2188 1577 doloris
2209 1537 2277 1576 ex

621 1609 912 1682 superiori
943 1611 1107 1683 parte
1139 1609 1420 1682 corporis.
1457 1611 1614 1665 Hanc
1643 1608 1840 1680 itaque
1873 1608 1944 1663 ad
1977 1606 2274 1664 tumulum

623 1697 812 1756 sancti
841 1697 1028 1754 Patris
1059 1697 1328 1754 deferunt
1361 1715 1374 1754 :
1409 1701 1469 1754 at
1497 1697 1597 1754 ubi
1631 1696 1823 1753 delata
1871 1702 1980 1767 est,
2031 1713 2166 1752 mox
2214 1713 2278 1753 se

623 1787 844 1862 erigere
874 1792 933 1844 et
961 1787 1243 1862 paulatim
1276 1788 1543 1844 incedere
1574 1785 1766 1860 coepit,
1800 1790 1856 1842 et
1907 1785 2114 1842 tandiu
2165 1785 2274 1841 ibi-

623 1878 757 1934 dem
789 1875 968 1934 stedit
996 1878 1178 1934 donec
1208 1895 1277 1934 ex
1303 1876 1529 1948 integro
1560 1875 1832 1933 effectum
1865 1876 2056 1932 standi
2085 1873 2172 1930 vel
2196 1875 2276 1930 in-

623 1966 867 2024 cedendi
899 1966 1241 2040 promeruit.

621 2078 755 2131 CAP.
787 2071 904 2130 XV.
957 2107 1025 2115 —
1078 2077 1154 2132 De
1209 2075 1445 2148 quadam
1482 2073 1836 2200 tpaupercula
1887 2072 2067 2128 simili
2120 2070 2276 2127 modo

1346 2163 1478 2200 cura
1507 2164 1561 2200 ιι.

1346 2163 1538 2202 curata
1548 2187 1561 2199 .

694 2233 889 2291 Altera
909 2234 1121 2290 mulier
1140 2233 1498 2307 paupercula
1519 2233 1599 2289 ibi
1622 2237 1760 2289 tunc
1777 2231 2278 2300 aderat,similiter

625 2339 695 2378 ex
716 2321 902 2379 multo
942 2327 1206 2396 tempore
1245 2327 1366 2380 toto
1397 2339 1635 2396 corpore
1661 2321 2029 2393 debilis,qua2
2062 2325 2122 2376 et
2147 2321 2278 2394 ipsa

625 2411 828 2468 eadem
855 2411 949 2468 die
971 2411 1031 2467 in
1051 2415 1367 2484 conspectu
1399 2409 1796 2468 multitudinis
1824 2409 2082 2482 vigorem
2125 2409 2273 2465 obti-

627 2499 1010 2574 nuitintegraa
1031 2500 1674 2558 sanitatis.Sanctorum
1696 2499 1851 2556 enim
1877 2498 2274 2572 apostolorum

626 2589 778 2647 Petri
800 2593 858 2646 et
880 2589 1046 2646 Pauli
1070 2591 1354 2648 festivitas
1375 2595 1515 2647 tunc
1544 2590 1857 2646 advenerat
1877 2593 1935 2644 et
1955 2587 2273 2644 multorum

625 2678 976 2752 populorum
1008 2679 1226 2736 ibidem
1255 2679 1430 2735 turba
1459 2679 1835 2736 confluxerat.
1870 2677 1976 2745 Qui
2014 2677 2276 2732 videntes

627 2784 744 2825 uno
766 2768 1088 2841 eodemque
1109 2772 1370 2840 tempore
1392 2767 1514 2824 haec
1535 2767 1646 2822 tria
1667 2784 1846 2840 supra
1867 2766 2084 2838 scripta
2105 2765 2277 2822 mira-

625 2856 758 2912 cula
777 2857 924 2926 fieri,
952 2857 1152 2931 repleti
1173 2860 1312 2914 sunt
1332 2861 1568 2930 stupore
1595 2855 1938 2913 vehementi.
1964 2855 2054 2910 Fit
2082 2856 2276 2927 itaque

626 2944 836 3019 ingens
857 2945 1076 3019 laetitia,
1099 2945 1281 3002 currit
1303 2964 1404 3019 per
1432 2963 1604 3002 aures
1646 2949 1991 3001 cunctorum
2023 2942 2275 2999 miracu-

626 3033 819 3092 lorum
847 3034 1098 3093 volitans
1127 3036 1304 3092 fama.
1347 3034 1695 3091 Hominibus
1738 3032 2055 3106 promiscui
2104 3049 2278 3089 sexus

629 3125 876 3183 ecclesia
891 3125 1234 3199 completur,
1254 3123 1501 3181 diversis
1521 3129 1577 3180 et
1599 3123 1905 3180 immensis
1925 3121 2278 3178 clamoribus

2381 540 2596 613 gaudio
2629 543 2800 596 tantae
2829 540 3100 596 novitatis
3122 540 3426 614 stupefacti
3446 541 3906 602 miraculo.Cliristus

2383 629 2444 684 in
2468 628 2690 686 sanctis
2713 629 2838 686 suis
2860 647 3091 702 semper
3113 629 3396 687 mirabilis
3416 631 3483 686 ab
3509 632 3746 688 omnibua
3763 637 3906 706 pradi-

2383 722 2572 788 catur,
2605 723 2662 774 et
2691 722 2978 790 quantum
3021 737 3226 775 servus
3257 719 3365 774 sibi
3395 719 3729 778 fidelissimus
3750 722 3806 778 de
3825 725 3908 796 ejus

2383 807 2572 880 gratia
2603 807 2808 880 possit,
2843 807 3015 863 certis
3061 807 3294 864 indiciis
3348 809 3742 883 manifestisque
3785 813 3907 885 signis

2381 895 2715 952 declaratur
2742 899 2801 952 et.
2828 901 3171 952 cunctorum
3204 915 3301 954 ore
3331 896 3647 954 celebratur.

2382 989 2511 1042 Car.
2540 984 2682 1040 XVI.
2716 1016 2784 1026 —
2815 987 2888 1041 De
2915 986 3149 1060 quodam
3185 989 3392 1060 captivo
3432 1004 3464 1042 a
3505 989 3712 1042 vinculis
3735 989 3906 1046 liberato.

2455 1073 2705 1140 Quidam
2739 1073 3091 1131 miserabilis
3117 1092 3152 1130 a
3181 1076 3430 1148 quodam
3475 1093 3710 1148 perverso
3747 1077 3908 1134 homine

2385 1167 2594 1236 captus
2615 1164 2994 1236 compedibus
3014 1169 3292 1234 arctatur,
3309 1169 3366 1220 et
3385 1169 3449 1220 ut
3473 1164 3769 1238 diligentius
3785 1173 3910 1222 custo-

2385 1253 2612 1308 diretur
2641 1269 2776 1308 arca
2805 1252 3148 1320 recluditur,
3181 1271 3453 1310 saxorum
3491 1271 3704 1310 acervus
3743 1255 3912 1328 desuper

2385 1339 2738 1414 congeritur,
2798 1339 3063 1399 scracula
3119 1343 3446 1412 firmantur,
3481 1347 3534 1398 et
3575 1341 3649 1397 ita
3687 1343 3827 1398 miser
3853 1361 3914 1416 per

2383 1429 2628 1504 longum
2661 1434 2895 1503 tempus
2913 1431 3384 1487 tenetur.Verum
3409 1430 3502 1487 ille
3532 1431 3758 1504 captivus
3779 1431 3821 1485 in
3843 1431 3914 1486 Deo

2386 1535 2551 1590 spem
2585 1519 2864 1585 retinens,
2897 1519 2967 1574 de
2999 1518 3116 1574 illis
3163 1519 3380 1576 abditis
3425 1519 3759 1576 tenebrarum
3781 1519 3914 1583 Deum,

2385 1605 2481 1662 cui
2493 1607 2742 1664 obscura
2753 1611 2895 1664 sunt
2919 1608 3252 1676 manifesta,
3266 1607 3508 1682 supplex
3524 1612 3702 1665 exorat
3712 1613 3758 1662 et
3767 1612 3914 1680 patrem

2386 1695 2692 1752 0dilonem
2725 1696 3169 1753 intercessorem
3202 1698 3447 1754 advocat
3477 1701 3541 1753 ut
3567 1714 3624 1754 se
3649 1695 3763 1752 inde
3794 1696 3916 1768 eiiciat

2390 1790 2448 1841 et
2473 1785 2723 1842 liberum
2755 1785 2837 1842 ire
2867 1787 3162 1842 concedat.
3195 1787 3353 1842 Inter
3380 1786 3500 1842 haec
3527 1786 3685 1842 verba
3705 1801 3798 1841 sua
3827 1784 3916 1856 peti-

2387 1873 2581 1940 tionis,
2606 1875 2783 1930 sentit
2799 1880 2856 1930 et
2870 1874 3036 1931 audit
3052 1875 3372 1947 quamdam
3393 1891 3685 1948 personam
3709 1873 3769 1930 ad
3793 1889 3916 1928 arcam
3972 1931 3973 1944 χ

2387 1963 2678 2032 accedere,
2694 1967 2752 2019 et
2773 1980 2834 2019 se
2856 1963 2989 2020 inde
3010 1967 3078 2020 ut
3097 1968 3261 2020 exeat
3296 1964 3621 2020 inclamare.
3649 1963 3758 2018 Mox
3779 1963 3918 2016 virtute

2385 2051 2586 2108 divina
2613 2069 2886 2109 saxorum
2919 2067 3160 2110 acervus
3187 2053 3306 2109 huc
3353 2053 3602 2126 illucque
3645 2051 3916 2124 dispergitur.
3972 2077 3973 2080 η

2385 2141 2653 2198 seracula
2699 2141 2985 2209 resiliunt,
3041 2143 3355 2215 compedes
3385 2138 3918 2199 solvunturzetitain-

2385 2234 2718 2286 carceratus
2749 2229 2898 2286 liber
2927 2234 2983 2286 et
3012 2229 3319 2287 ab'solutus
3350 2232 3422 2288 de
3453 2231 3690 2287 tenebris
3715 2229 3772 2284 ad
3801 2227 3918 2282 lucem

2385 2319 2666 2393 procedit,
2701 2320 3080 2394 gaudensque
3111 2321 3182 2376 ad
3228 2320 3562 2394 sepulcrum
3611 2318 3767 2376 sancti
3805 2314 3921 2371 Patris

2385 2409 2740 2481 quantocius
2773 2408 2947 2477 venit,
2963 2413 3020 2464 et
3049 2425 3177 2482 qua;
3208 2408 3322 2466 sibi
3355 2409 3703 2482 contigerant
3727 2404 3921 2462 cci-iisin-

2385 2497 2558 2554 diciis
2590 2497 2864 2553 omnibus
2896 2498 3207 2554 enarravit.

2493 2591 2626 2642 Car.
2658 2586 2827 2642 XVII.
2859 2617 2921 2629 —
2963 2591 3044 2642 De
3071 2587 3308 2658 quodam
3335 2596 3517 2644 mente
3543 2593 3682 2660 capto
3703 2591 3860 2640 mnam.
3972 2573 3973 2576 “

2455 2675 2622 2732 Alius
2652 2675 2893 2748 quidam
2915 2677 3102 2732 sancti
3124 2675 3319 2733 Maioli
3345 2677 3832 2746 monachorumque
3847 2685 3926 2742 pre

2385 2765 2552 2837 prius
2573 2763 2844 2832 ruricola,
2865 2765 3103 2820 nomine
3127 2765 3469 2836 Rotbertus,
3484 2765 3688 2822 habens
3708 2775 3883 2818 uxorem
3896 2759 3928 2810 ei

2387 2853 2562 2924 ﬁlios,
2595 2853 2656 2908 in
2688 2854 3005 2909 amentiam
3039 2858 3200 2910 totus
3229 2871 3442 2911 versus
3476 2855 3669 2911 fuerat.
3696 2851 3826 2908 Hunc
3845 2844 3929 2901 totis
3972 2875 3973 2932 ξ

2384 2942 2610 2998 viribus
2639 2947 3065 3014 repugnantem
3115 2941 3220 2998 filii
3248 2947 3307 2998 et
3337 2947 3609 3016 parentes
3636 2939 3856 2999 violenter
3887 2932 3928 2986 ad
3972 2971 3973 2976 η

2388 3031 2735 3088 memoriam
2769 3031 2950 3088 sancti
2974 3031 3164 3087 Patris
3193 3032 3519 3101 adducunt,
3533 3030 3832 3089 oblationem
3852 3037 3930 3096 pro

2385 3137 2454 3177 eo
2485 3121 2757 3192 oilerunt,
2789 3124 2846 3176 et
2875 3137 3006 3176 mox
3037 3125 3231 3176 mente
3260 3125 3318 3176 et
3351 3138 3591 3196 corpore
3616 3114 3846 3176 salvatiim
3868 3111 3929 3163 d0-

628 3215 979 3273 concutitur.
1025 3195 1360 3272 Psallebant
1414 3213 1684 3270 monachi
1743 3231 1878 3270 cum
1934 3210 2158 3268 clericis
2213 3211 2274 3267 in
2305 3195 2550 3266 Cmum
2587 3211 2894 3266 reducunt.

989 3533 1635 3670 SANCTI
1739 3529 2623 3672 ODILONIS
2723 3529 3668 3670 EPISTOL/E

2115 3783 2543 3799 ﬂ

1133 3911 1480 3970 EPISTULA
1520 3912 1764 3968 PRIMA.

804 4019 878 4059 AD
918 4019 1265 4059 FULBERTUM
1311 4018 1709 4059 CARNOTENSEM
1748 4017 2093 4058 EPISCOPUM.

917 4093 1278 4164 [Bibliotheca
1309 4091 1704 4161 Cluniacensis,
1739 4109 1794 4164 p.
1825 4091 1974 4162 3119.]

696 4181 946 4238 Domino
975 4185 1034 4238 et
1060 4180 1376 4238 venerabili
1405 4171 1725 4254 sanctoque
1741 4180 2088 4236 charissima
2112 4179 2273 4235 fratri

623 4273 684 4326 et
710 4271 1178 4344 comprcsbytero
1209 4270 1510 4327 Fuwmrro
1533 4270 1710 4326 frater
1731 4271 1909 4326 ODILO
1938 4269 2188 4326 salutem
2213 4268 2272 4325 in

619 4359 893 4416 Domino.

693 4447 1080 4505 Dilectissime
1109 4449 1216 4518 vir,
1249 4448 1389 4521 quid
1422 4449 1534 4504 sibi
1584 4448 1710 4504 vult
1756 4448 2000 4520 quaestio
2051 4445 2276 4520 prolata

623 4536 794 4594 nobis
823 4555 858 4593 a
885 4538 1142 4610 quodam
1170 4542 1364 4594 vestro
1386 4537 1540 4592 fideli
1565 4536 2128 4610 clerico.placuit,ut
2149 4536 2274 4608 ipse

2384 3943 2492 3983 nec
2523 3925 2760 3999 quidem
2788 3925 2963 3998 digne
3013 3923 3269 3998 cogitare
3322 3925 3514 3993 valeo,
3565 3928 3740 3979 nostro
3784 3908 3929 3971 debetis

2384 4015 2660 4071 aestimari
2675 4013 2942 4086 judicio?
2962 4013 3080 4069 Nos
3101 4012 3254 4069 enim
3268 4013 3396 4086 ,qui
3421 4010 3738 4088 ignorantis
3759 3999 3932 4062 tenebris

2382 4103 2592 4177 pressi,
2608 4103 3001 4176 nosmetipsos
3022 4119 3135 4158 non
3160 4092 3932 4177 possumusdignoscerejusltr

2383 4174 2516 4248 rum
2534 4193 2713 4248 vitam
2736 4174 2934 4247 nostro
2957 4192 3194 4248 arbitrio
3219 4174 3821 4249 nullomodoﬂdebemus
3835 4174 3932 4235 asti-

2384 4295 2568 4336 mare.
2601 4279 2718 4336 Vos
2749 4279 2944 4335 omnis
2973 4279 3146 4336 homo
3177 4280 3322 4336 adeo
3355 4280 3532 4337 laude
3561 4279 3774 4351 dignum
3798 4264 3932 4360 Icarii?

2375 4367 2625 4439 judicat,
2644 4373 2710 4424 ut
2729 4367 2864 4440 plus
2893 4368 2964 4424 de
2994 4368 3158 4424 vobis
3189 4369 3398 4427 mirari
3421 4368 3596 4426 libeat
3615 4348 3767 4440 quam
3785 4348 3933 4428 aliquid

2382 4456 2577 4513 dicere
2606 4457 2794 4513 liceat.
2812 4457 3168 4514 Obrueretur
3189 4457 3528 4514 intellectus
3549 4460 3738 4514 nostra
3756 4443 3934 4522 parvita-

2381 4545 2460 4602 tis
2489 4547 2742 4618 pondere
2771 4550 2972 4602 vestra:
2995 4545 3338 4618 quaestione,
3355 4547 3470 4604 nisi
3499 4549 3645 4604 esset
3671 4543 3723 4599 in
3744 4533 3934 4613 ΡτοωΡίυ

621 4626 854 4691 fatetur,
877 4626 1210 4699 paternitati
1231 4631 1457 4694 vestrae,
1481 4643 1594 4696 me,
1615 4625 2275 4701 licetindignum,judi-
2302 4663 2350 4728 Β
2383 4635 2705 4691 recordatio
2736 4633 2912 4690 divini
2947 4635 3255 4692 sermonis,
3284 4635 3362 4693 Ut
3419 4636 3574 4692 enim
3628 4633 3769 4688 daret
3807 4633 3935 4728 extin-

621 4731 748 4772 cem
779 4715 904 4772 fieri
934 4715 1062 4770 vita:
1093 4716 1666 4785 vestrae,mandando
1697 4715 1842 4771 mihi
1876 4719 1942 4770 ut
1969 4714 2270 4770 litteratim
2302 4707 2349 4728 ”
2381 4720 2548 4795 plum
2583 4723 2854 4780 ﬁdelibus
2885 4729 3089 4780 auctor
3111 4726 3239 4780 vita;
3269 4729 3324 4780 et
3359 4720 3774 4794 salutismtipse
3792 4707 3937 4768 melius

621 4804 1014 4862 describerem
1046 4803 1211 4862 vobis
1247 4805 1385 4878 quid
1445 4805 1590 4861 mihi
1646 4804 1879 4860 videtur
1929 4805 2000 4860 de
2056 4808 2268 4872 vestra,

619 4899 906 4967 quantum
923 4893 1036 4950 dici
1062 4895 1149 4950 fas
1171 4893 1784 4968 est,irreprehensibili
1807 4891 2268 4950 conversatione.

620 4983 732 5040 Sed
763 4983 915 5040 oculi
948 4983 1198 5058 caligine
1229 4983 1500 5040 caecitatis
1530 4983 1740 5040 obtecti
1772 4999 1888 5039 non
1918 4981 2110 5038 valent
2138 4999 2269 5056 per-

619 5071 820 5144 spicue
871 5073 1084 5129 intueri
1131 5072 1501 5145 splendorem
1556 5073 1907 5129 firmamenti
1958 5076 2016 5128 et
2063 5071 2268 5146 globos

618 5157 921 5216 stellarum
953 5160 1100 5217 cceli.
1119 5162 1501 5236 Splendorem
1525 5161 1876 5217 ﬁrmamenti
1897 5177 2038 5218 voco
2057 5165 2115 5217 et
2134 5161 2270 5216 stel-

617 5244 768 5316 lam;
801 5249 1029 5306 stellam
1061 5251 1236 5306 etiam
1269 5251 1621 5307 matutinam
1653 5255 1709 5306 te
1737 5251 1975 5320 vocabo,
2008 5250 2267 5309 Danielis

615 5335 914 5408 prephetai
944 5355 1090 5395 usus
1119 5340 1453 5397 testimonio
1474 5357 1486 5396 :
1505 5341 1619 5414 Qui
1645 5340 1788 5397 docti
1813 5341 2264 5414 fuerint,inqnit,

607 5423 904 5499 fulgedunt
929 5427 1072 5482 sicut
1097 5429 1351 5500 splendor
1376 5431 1730 5501 ﬁrmamenti.
1765 5433 1842 5485 Et
1871 5432 1968 5504 qui
1993 5431 2064 5485 ad
2086 5433 2263 5503 justi-

611 5513 752 5571 tiam
780 5512 1040 5572 erudiunt
1064 5517 1282 5585 multos,
1315 5520 1456 5575 sicut
1482 5521 1660 5576 stellw
1692 5521 1752 5574 in.
1776 5523 2066 5594 perpetuas
2101 5529 2264 5577 aeter-

2381 4811 2774 4885 scitis,utpote
2801 4812 2891 4868 vir
2920 4812 3119 4868 omnia
3147 4813 3538 4888 evangelicus,
3560 4810 3772 4868 veniens
3797 4803 3838 4856 in
3853 4810 3936 4870 p31“

2377 4903 2468 4957 tes
2499 4905 2768 4960 Caesareae
2800 4901 3053 4978 Philippi
3078 4901 3480 4976 interrogabat
3508 4894 3793 4971 discipulos
3814 4896 3930 4978 suos;

2380 4990 2550 5058 Quem
2579 4992 2768 5048 dicunt
2795 4972 3040 5048 homines
3066 5009 3183 5048 esse
3221 4972 3408 5063 ﬁlium
3453 4989 3725 5047 hominis?
3760 4981 3813 5038 Εί

2377 5097 2567 5154 pauca
2597 5099 2609 5137 :
2650 5084 2744 5138 Vos
2773 5089 2957 5138 autem
2984 5098 3145 5153 quem
3175 5098 3261 5137 me
3307 5098 3421 5139 esse
3475 5079 3692 5136 dicitis!
3737 5071 3835 5126 Non

2377 5167 2532 5226 circo
2561 5169 2902 5244 interrogat,
2931 5186 3107 5243 quem
3141 5187 3312 5227 nemo
3346 5169 3503 5227 novit
3548 5171 3604 5223 et
3649 5174 3797 5236 quem
3829 5142 3932 5245 illi?”

2375 5257 2537 5327 latet,
2571 5259 2748 5316 veluti
2783 5241 2882 5332 qui
2916 5241 3155 5330 nesciat,
3188 5261 3288 5317 sed
3340 5264 3407 5316 ut
3457 5253 3698 5332 praelatis
3741 5241 3932 5338 Ιξοειξῖξίε

2375 5349 2708 5422 exemplum
2760 5327 2830 5404 de
2888 5365 2950 5405 se
3006 5327 3407 5422 interrogandi
3456 5327 3710 5420 praebeat.
3753 5327 3933 5422 Elide?

2375 5413 2787 5510 unusquisque
2817 5437 3166 5511 praepositus
3195 5413 3526 5495 E‘cclcsiaa—a
3557 5423 3780 5488 sudditis

2371 5527 2676 5598 exquirere
2705 5527 2878 5598 cujus
2909 5527 3096 5596 famae,
3130 5529 3368 5600 cujusve
3415 5525 3494 5581 sit
3521 5507 3932 5600 ορὶηἱοηὶεξθῑξι

569 5663 582 5677 ,
608 5603 831 5691 pilam.
866 5601 982 5662 Vos
1013 5605 1191 5680 enim,
1225 5606 1324 5684 qui
1355 5608 1489 5666 talis
1519 5626 1586 5666 ac
1618 5591 1849 5668 tanctus
1875 5591 2052 5686 vestis,
2088 5625 2260 5689 qupm
2373 5591 2592 5691 aliquid
2629 5615 2697 5674 de
2729 5591 2798 5674 se
2821 5591 3092 5692 audierit,
3125 5591 3236 5674 Deo
3266 5634 3301 5673 a
3329 5631 3444 5690 quo
3471 5611 3521 5670 si
3551 5591 3678 5684 quid
3707 5597 3819 5658 boni
3855 5591 3929 5650 θεῖν
