4054 6158
104 319 222 382 945

1248 310 1346 373 DE
1389 309 1571 372 Vl’l‘A
1618 310 1689 370 B.
1738 308 2011 370 MAIOLI
2059 307 2422 370 ABBATIS.

3431 308 3549 366 956

104 451 448 530 spiritaliter
481 445 814 505 intellectus
848 446 919 504 ad
951 445 1138 504 lucem
1174 447 1529 522 procederet,
1575 446 1761 502 Evan-
1792 442 1846 512 Α
1875 441 2168 498 obtinere.
2208 443 2491 498 Processu
2524 459 2658 498 vero
2682 433 3552 530 temporis,posttransi_tpxn

103 544 274 622 geliei
307 557 542 616 quoque
570 537 822 594 luminis
853 537 1060 612 gloria,
1088 537 1279 595 virtus
1301 555 1366 594 ac
1387 537 1667 608 majestas
1690 539 1770 591 to-

105 638 225 695 tius
256 631 463 692 mundi
493 627 1196 706 densissimas'eﬂ‘ugaret
1220 629 1508 686 tenebras.
1543 628 1651 682 Per
1671 625 1772 682 ho-

103 745 238 786 rum
293 725 510 782 etenim
542 719 1006 778 sincerissimam
1057 718 1418 776 industriam
1465 715 1768 791 apostolici

105 823 273 875 actus
302 815 676 887 exponuntur
705 813 764 866 et
794 810 1290 865 commendantur
1321 808 1612 864 fidelibus.
1669 807 1772 862 Per

103 908 316 964 horum
331 901 778 959 devotissimum
799 897 1086 968 studium,
1108 899 1416 955 beatorum
1442 902 1768 970 martyrum

102 994 447 1067 triumphus
475 989 744 1047 Ecclesiae
777 991 987 1044 sanctae
1010 989 1470 1044 commendatur
1505 991 1561 1042 et
1599 984 1770 1041 meri-

101 1092 252 1142 tum.
289 1084 543 1150 Istorum
577 1095 830 1150 namque
859 1078 991 1146 fide,
1012 1077 1314 1150 sapientia
1337 1082 1395 1132 et
1416 1073 1770 1150 przedicatio-

103 1174 193 1230 nis
225 1169 514 1227 instantia
546 1165 973 1224 susurrantium
1001 1170 1063 1221 et
1111 1167 1534 1222 oblatrantium
1565 1167 1772 1220 contra

106 1263 279 1318 ﬁdem
308 1257 663 1314 catholicam
694 1271 958 1310 murmur
983 1257 1390 1328 compescitur
1407 1260 1462 1312 et
1493 1253 1770 1328 opprimi-

101 1357 215 1418 tur,
249 1346 763 1406 schismaticorum
814 1343 1102 1416 strepitus
1153 1346 1398 1401 sedatur
1439 1349 1496 1400 et
1525 1361 1590 1400 os
1620 1360 1772 1398 vana

103 1437 469 1513 loquentium
486 1432 1130 1502 obstruitur,idolorum
1149 1439 1411 1508 potestas
1423 1433 1768 1497 destruitur,

103 1528 414 1604 gentilium
448 1524 759 1598 crudelitas
782 1526 1120 1596 superatur,
1156 1523 1648 1596 philosophorum
1681 1521 1772 1574 in-

103 1618 270 1676 sania.
299 1615 715 1680 contemnitur,
751 1611 1107 1684 conspuitur
1135 1616 1193 1668 et
1224 1611 1602 1678 annullatur;
1646 1625 1770 1664 om-

101 1710 264 1766 nium
324 1705 726 1762 haereticorum
785 1701 1034 1769 falsitas,
1096 1701 1368 1776 perfidia,
1423 1697 1766 1765 infidelitas,

100 1817 258 1856 error
286 1801 348 1854 et
377 1795 571 1852 rabies
602 1791 773 1849 veluti
807 1791 954 1847 fetor
984 1791 1282 1858 fumosus,
1318 1794 1377 1846 et
1406 1790 1615 1846 fumus
1647 1787 1772 1842 feti-

100 1889 406 1954 dissimus,
442 1889 506 1942 ut
535 1898 834 1956 nunquam
855 1885 914 1936 et
935 1898 1232 1953 nusquam
1249 1879 1441 1954 possit
1457 1894 1765 1950 apparere,

99 1979 466 2040 exsufﬂatur,
498 1977 556 2030 et
583 1973 643 2028 in
676 1968 922 2026 nihilum
976 1969 1292 2026 resolvitur
1323 1973 1381 2024 et
1425 1966 1766 2024 exhalatur.

99 2071 421 2140 Postquam
453 2063 602 2120 tales
627 2067 682 2117 et
710 2065 900 2116 tantos
929 2058 1106 2130 viros,
1140 2061 1343 2130 utpote
1392 2057 1555 2113 cives
1605 2073 1768 2124 suos,

98 2165 152 2214 et
190 2157 371 2230 Regis
398 2153 494 2210 sui
537 2149 886 2208 domesticos
936 2147 1068 2204 aula
1119 2147 1370 2204 caelestis
1417 2146 1772 2202 laetabunda

101 2246 381 2318 suscepit,
415 2261 487 2300 ex
508 2242 641 2314 ipsa
667 2255 942 2312 suprema
970 2237 1304 2310 caelestique
1327 2235 1666 2309 republica,
1690 2237 1772 2292 di-

98 2338 235 2392 vina
265 2349 521 2390 censura
551 2333 754 2402 quarto
785 2327 908 2384 loco
957 2327 1156 2383 ordine
1188 2342 1442 2397 congruo
1491 2325 1769 2397 parvulis

104 2424 376 2482 Ecclesia:
423 2419 727 2477 consulere
781 2417 980 2486 voluit,
1034 2417 1116 2472 ita
1145 2419 1210 2472 ut
1258 2414 1532 2488 gratiam,
1583 2431 1768 2488 quam

109 2518 385 2587 prmstare
407 2509 764 2582 dignabatur
789 2524 890 2580 per
905 2505 1188 2562 sublimes
1205 2509 1261 2560 et
1279 2505 1472 2569 fortes,
1497 2508 1768 2576 postmo-

111 2604 250 2660 dum
284 2602 593 2674 praestaret
613 2614 716 2669 per
739 2595 994 2652 humiles
1015 2599 1072 2650 et
1095 2595 1434 2650 innocentes
1455 2598 1512 2648 et:
1533 2593 1766 2666 simpli-

112 2709 224 2748 ces.
259 2689 482 2746 Deinde
512 2685 685 2758 coepit
716 2685 1078 2740 monasticus
1093 2685 1233 2738 ordo
1252 2680 1561 2754 pullulare,
1583 2686 1660 2750 et,
1679 2685 1764 2748 ut,

110 2779 303 2836 verius
336 2777 630 2842 dicamus,
661 2773 1036 2842 reviviscere;
1069 2789 1243 2844 quem
1276 2788 1307 2826 a
1340 2772 1508 2826 beato
1529 2770 1693 2827 Helia
1712 2775 1768 2826 et

112 2867 332 2922 Joanne
363 2863 632 2936 Baptista
683 2863 955 2918 novimus
1010 2859 1384 2935 processisse,
1435 2864 1491 2915 et
1534 2860 1616 2914 ita
1667 2877 1769 2930 per

115 2953 496 3028 apostolicam
525 2957 581 3008 et
607 2951 1104 3008 conversationem
1150 2955 1205 3006 et
1234 2949 1439 3016 vitam,
1489 2953 1544 3004 et
1575 2949 1766 3004 incre-

115 3043 694 3108 mentavirtutum,et
715 3041 988 3096 exercitia
1009 3044 1346 3096 sanctorum
1369 3037 1767 3110 spiritualium

117 3132 350 3188 Patrum
383 3131 456 3187 ad
491 3147 598 3186 nos
626 3147 816 3202 usque
833 3131 1160 3202 gaudemus
1183 3127 1532 3200 pervenisse.
1558 3128 1666 3183 Per
1686 3128 1771 3199 ip-

1879 533 2089 590 delicet
2116 533 2743 606 supradicti‘jpiissimi
2774 531 2976 605 patris,
3000 547 3102 603 per
3121 519 3548 586 beatumMau‘:

1880 639 2012 680 rum
2025 622 2074 693 ej
2087 639 2170 678 us
2189 623 2542 696 discipulum
2556 622 2746 679 omnis
2757 639 2904 696 pene
2916 620 3101 676 Gallia
3114 620 3223 693 (37)
3237 622 3366 694 ejus
3378 620 3552 678 insti-
3586 626 3590 630 “

1881 711 2133 770 tutionis
2171 719 2230 769 et
2255 712 2552 786 religionis
2585 713 2844 785 suscepit
2865 710 3187 767 exordium.
3213 710 3564 784 Deindeper‘

1883 821 2017 862 eum
2052 807 2109 858 et
2147 819 2252 860 eos
2281 804 2572 876 quosipse
2605 801 2986 876 adjustitiam
3006 799 3274 869 erudivit,
3301 801 3548 874 perplu-

1885 895 2038 950 rima
2065 897 2406 966 temporum
2439 895 2648 966 spatia,
2681 895 2882 950 eadem
2917 890 3118 965 religio
3133 892 3204 946 ad
3236 891 3546 948 cumulum

1885 982 2263 1058 perfectionis
2295 983 2560 1052 excrevit,
2594 983 2678 1039 eis
2708 983 2780 1038 ab
2810 981 2917 1037 hac
2955 981 3074 1036 vita
3102 980 3543 1051 decedentibus,

1873 1073 2118 1145 jnstitia
2148 1079 2496 1142 rarescente,
2531 1074 2792 1147 nequitia
2821 1075 3239 1140 crebrescente,
3273 1076 3330 1128 et
3359 1079 3546 1134 matre

1883 1163 2155 1219 omnium
2189 1163 2476 1220 bonarum
2502 1163 2784 1221 virtutum
2833 1164 3144 1238 disciplina
3191 1167 3540 1237 tepescente,

1883 1257 2191 1327 coeperunt
2220 1254 2418 1310 studia
2441 1255 2680 1310 Patrum
2713 1254 2944 1328 piorum
2986 1253 3254 1322 deficere,
3306 1257 3363 1309 et
3393 1253 3545 1312 sicut

1883 1360 1992 1414 per
2023 1343 2327 1416 religiosos
2357 1348 2414 1400 et
2442 1343 2665 1400 fervore
2697 1344 2885 1401 sancti
2915 1343 3168 1416 Spiritus
3197 1343 3400 1415 plenos
3413 1363 3542 1402 san-

1883 1437 1989 1488 ctae
2022 1432 2410 1488 institutionis
2443 1451 2650 1489 norma
2677 1436 2964 1508 gradatim
2989 1436 3360 1508 perfectionis
3385 1455 3544 1496 acce-

1884 1521 1972 1594 pit
2005 1526 2410 1595 augmentum,
2460 1522 2538 1578 ita
2570 1541 2692 1597 per,
2720 1524 3080 1598 negligentes
3129 1530 3186 1581 et
3215 1526 3542 1584 desidiosos

1883 1609 2172 1683 paulatim
2207 1610 2418 1671 decidit
2449 1610 2508 1665 in
2539 1613 2850 1669 defectum.
2885 1613 3172 1670 Salutaris
3202 1614 3382 1688 igitur
3413 1635 3541 1690 pro-

1884 1698 2062 1772 positi
2097 1699 2422 1772 perniciosa
2451 1701 2692 1756 defectio
2725 1720 2912 1774 usque
2943 1705 3012 1759 ad
3038 1707 3269 1776 tempus
3300 1704 3444 1762 illud
3471 1708 3542 1762 ir-

1885 1793 2149 1862 repserat
2162 1788 2466 1856 latitando,
2483 1807 2598 1862 quo
2611 1791 2835 1846 favente
2845 1791 3140 1848 Willelmo
3161 1793 3536 1852 Christianis-

1884 1880 2036 1934 simo
2069 1879 2496 1952 Aquitanorum
2519 1879 2799 1954 principe,
2820 1881 3001 1936 beata:
3015 1883 3308 1939 memoriae
3331 1885 3534 1954 abbas,

1881 1974 2068 2026 Berne
2101 1970 2358 2036 nomine,
2386 1969 2441 2024 in
2477 1971 2738 2042 prrtibus
2771 1972 3144 2046 Burgundite,
3169 1973 3384 2046 cespite
3413 1975 3533 2030 Ma-

1881 2059 2142 2127 tiscensi,
2177 2077 2325 2132 pago
2357 2061 2458 2132 qui
2479 2065 2720 2117 vocatur
2747 2061 3076 2130 Cluniacus,
3111 2063 3533 2120 monasterium

1880 2149 2056 2222 cmpit
2087 2153 2423 2205 construere
2449 2154 2524 2219 et,
2559 2150 2618 2206 in
2635 2155 2921 2224 quantum
2941 2152 3150 2224 petuit,
3174 2151 3234 2207 in
3265 2153 3530 2210 eamdem

1880 2239 2314 2294 constructione
2345 2238 2640 2296 elaborare
2693 2240 2924 2297 studuit
2953 2245 3011 2297 et
3049 2241 3154 2314 piae
3209 2243 3536 2302 devotionis

1879 2329 2042 2384 a‘l‘ecl
2055 2345 2151 2384 um
2173 2328 2464 2384 laborioso
2478 2329 2794 2386 certamine
2808 2331 2879 2386 ad
2894 2329 3250 2387 laudabilem
3263 2332 3539 2404 perduxit

1879 2418 2174 2473 ell'ectum.
2209 2417 2399 2488 Hujus
2449 2417 2606 2473 enim
2648 2419 2855 2475 merito
2900 2423 2958 2474 et
2987 2418 3272 2491 exemplo,
3335 2420 3534 2492 plures

1877 2507 2263 2578 tranquillum
2297 2513 2530 2579 portum
2555 2507 2894 2563 monasterii
2919 2508 3282 2580 requirentes
3305 2527 3538 2565 convcr-

1877 2600 2083 2651 tuntur
2113 2596 2184 2651 de
2215 2595 2446 2652 smculo.
2481 2597 2562 2652 Ex
2594 2597 2813 2669 quibus
2843 2597 3120 2652 omnibus
3151 2614 3336 2654 unum
3373 2597 3529 2653 exci-

1877 2685 2088 2757 piendo
2121 2685 2432 2742 recolimus
2453 2689 2510 2742 et
2540 2685 2844 2742 recolendo
2877 2685 3222 2756 excipimus,
3257 2701 3430 2757 quem
3455 2687 3528 2742 ad

1876 2773 2126 2830 salutem
2161 2773 2478 2830 multorum
2513 2773 2848 2845 provenisse
2877 2771 3298 2843 comperimus.

1947 2861 2076 2918 Fuit
2104 2863 2192 2918 vir
2221 2862 2335 2929 ille,
2369 2861 2490 2917 Odo
2514 2862 2768 2929 nomine,
2797 2861 2885 2916 vir
2900 2877 3003 2933 per
3027 2866 3236 2918 cuncta
3267 2862 3530 2920 laudabi-

1874 2951 1969 3018 lis,
2005 2951 2328 3007 beatissimi
2361 2951 2592 3006 Martini
2621 2951 2888 3006 Ecclesia:
2917 2951 3274 3008 Turonensis
3299 2953 3530 3025 pontiﬁ-

1877 3041 1962 3097 cis
1979 3041 2165 3096 ﬁdelis
2188 3039 2616 3105 devotissimus,
2638 3044 2693 3094 et
2709 3039 2973 3111 ejusdem
2988 3039 3254 3096 Ecclesiae
3280 3041 3529 3099 clericus

1879 3135 1936 3186 et
1961 3131 2295 3186 canonicus.
2329 3127 3051 3184 Ilicetenimvirhonestus
3082 3129 3528 3198 ethumilis,ad-

117 3237 209 3275 sos
240 3219 460 3276 etenim
489 3223 547 3274 et
577 3219 647 3274 ab
680 3217 827 3292 ipsis
869 3217 1292 3296 perfectissime
1338 3215 1654 3288 adimpleta
1683 3222 1775 3272 est
1805 3202 1846 3268 (ἶ
1888 3218 2200 3274 modumin
2224 3216 2895 3290 regulaiiexercitatione
2922 3217 3184 3287 edoctus,
3214 3223 3530 3292 postquam
3557 3221 3562 3228 ’

117 3307 390 3379 perfectio
423 3307 584 3364 illius
616 3307 794 3363 unius
827 3324 892 3362 ac
941 3305 1212 3380 specialis
1261 3303 1598 3376 evangelici,
1652 3305 1769 3361 imo

121 3396 404 3452 Dominici
443 3397 744 3470 praecepti:
779 3397 935 3469 quod
963 3397 1162 3452 deerat
1193 3395 1273 3450 illi
1323 3395 1666 3459 adolesenti,
1701 3395 1773 3451 de

121 3487 486 3556 possessione
517 3485 642 3540 vitae
673 3489 902 3540 aetemee
929 3485 1083 3556 apud
1119 3485 1478 3541 Salvatorem
1529 3484 1771 3556 conqui-

126 3573 287 3640 renti,
323 3573 715 3646 respondente
744 3573 856 3628 sibi
899 3573 1103 3628 eodem
1153 3573 1398 3628 Domino
1448 3571 1678 3627 Christo
1707 3589 1774 3627 ac

123 3661 378 3719 dicente:
410 3661 475 3717 Si
525 3665 609 3718 ris
636 3664 908 3734 perfectus
938 3663 1066 3730 esse,
1127 3662 1262 3717 vade
1287 3671 1336 3717 et
1367 3661 1532 3718 vende
1585 3663 1774 3718 omnia

124 3766 241 3820 qua:
269 3753 454 3818 habes,
481 3760 532 3807 et
560 3752 632 3806 de
654 3751 1013 3824 pauperibus,
1045 3756 1096 3807 et
1129 3751 1355 3807 habebis
1383 3751 1699 3808 thesaurum
1717 3753 1776 3807 in

124 3839 268 3904 c0310,
299 3850 352 3896 et
379 3843 506 3896 veni
532 3857 751 3914 sequere
778 3857 867 3895 me
897 3841 1116 3910 (Matth.
1151 3840 1288 3910 XIX).

197 3927 351 3984 Inter
376 3929 558 4001 hujus
586 3946 720 3985 vero
745 3929 1029 3984 salutiferi
1059 3930 1325 4002 praacepti
1351 3916 1775 3984 intentissimos

136 4016 418 4074 auditores
448 4023 508 4074 et
537 4019 984 4074 strenuissimos
997 4023 1384 4086 exsecutores,
1401 4017 1776 4076 beatissimus

136 4111 309 4174 pater,
335 4107 542 4162 merito
565 4107 916 4163 Benedictus
939 4111 994 4162 et
1017 4107 1274 4174 nomine,
1292 4107 1458 4180 quasi
1481 4107 1774 4178 quoddam

132 4194 292 4251 sidus
321 4196 554 4252 caeleste
586 4195 902 4268 praeclarus
923 4195 1152 4252 enituit.
1179 4197 1500 4262 Quitantus
1530 4213 1594 4252 ac
1621 4195 1776 4263 talis,

133 4282 264 4348 vita,
297 4285 564 4341 moribus
594 4289 652 4341 et
681 4284 983 4340 miraculis
1027 4285 1268 4353 exstitit,
1304 4292 1367 4341 ut
1391 4287 1519 4356 ejus
1557 4291 1774 4354 ortum,

131 4369 306 4426 vitam
337 4378 392 4430 et
413 4373 640 4430 obitum
655 4373 1038 4430 describendo
1052 4374 1462 4430 sanctissimus
1475 4391 1626 4447 papa
1645 4379 1779 4431 Gre-

135 4459 350 4529 gorius,
383 4479 486 4534 per
516 4462 714 4518 omnia
731 4461 1190 4536 virapostolicus
1215 4468 1269 4518 et
1283 4463 1610 4536 apostolicae
1623 4464 1778 4521 sedis

1881 3307 2255 3380 supradictus
2285 3311 2448 3378 pater
2479 3307 2549 3362 ab
2566 3305 2675 3360 hac
2707 3305 2835 3362 luce
2855 3305 3148 3377 discessit,
3176 3308 3248 3364 ad
3272 3307 3531 3382 regimen

1881 3395 2126 3454 abbatiae
2186 3396 2506 3450 multorum
2564 3393 2823 3450 fidelium
2882 3393 3162 3453 electione
3226 3399 3530 3455 successit.

1883 3485 2099 3543 Deinde
2129 3484 2380 3557 qualiter
2396 3485 2464 3540 ad
2481 3483 2714 3540 culmen
2730 3483 3007 3540 virtutum
3028 3486 3304 3557 pervenit,
3319 3487 3534 3545 studiis

1884 3577 2013 3647 ejus
2045 3575 2446 3640 narrantibus,
2473 3575 2774 3629 Romanus
2799 3573 3218 3633 orbisedidieit.
3239 3576 3383 3632 Huic
3401 3594 3532 3632 suc-

1885 3664 2060 3721 cessit
2093 3663 2275 3719 felicis
2306 3662 2624 3730 memoria),
2661 3661 3024 3736 Hcymardus
3055 3665 3311 3734 nomine,
3353 3666 3532 3722 beatae

1885 3753 2279 3827 simplicitatis
2295 3753 2422 3812 etin
2433 3752 2711 3808 nocentiae
2726 3752 2902 3808 ﬁlius.
2920 3753 3022 3808 llic
3035 3753 3095 3809 in
3108 3757 3530 3828 augmentatio-

1887 3859 1957 3898 ne
1991 3843 2344 3914 prmdiorum
2369 3847 2426 3900 et
2456 3841 2841 3912 acquisitione
2871 3842 3208 3914 temporalis
3240 3845 3530 3902 commodi
3619 3853 3622 3857 ‘

1887 3931 2474 3991 adeostudiosust'uit
2503 3934 2559 3986 et
2584 3929 2645 3984 in
2675 3930 3074 3986 observatione
3095 3933 3238 3989 satis
3267 3933 3528 3989 devotus.
3569 3948 3571 3950 ‘

1886 4021 1988 4076 Hic
2003 4027 2057 4077 et
2069 4021 2458 4078 amissionem
2474 4017 2810 4090 temporalis
2823 4017 3064 4075 luminis
3076 4025 3132 4076 et
3153 4021 3436 4093 quidquid
3461 4022 3532 4076 si-

1887 4109 1941 4163 bi
1957 4108 2328 4166 adversitatis
2349 4107 2608 4164 accidere
2628 4107 2818 4178 potuit
2840 4107 3062 4180 absque
3085 4109 3245 4164 omni
3268 4125 3529 4164 murmu-
3568 4138 3574 4147 ι

1887 4199 2110 4254 ratione
2123 4194 2592 4270 etindignatione
2605 4195 3300 4266 patientissimetulit.Hic
3315 4197 3532 4253 etenim

1887 4287 1972 4342 vir
1983 4289 2054 4344 ob
2069 4286 2347 4342 meritum
2370 4283 2662 4358 patientiae
2685 4284 2970 4358 simplicis
2984 4289 3040 4341 et
3059 4285 3384 4343 innocentis
3404 4287 3530 4342 vitae

1886 4380 2047 4432 tanto
2061 4375 2282 4447 talique
2295 4373 2565 4430 aChristo
2579 4375 2796 4432 ditatus
2808 4379 2898 4431 est
2910 4391 3150 4432 munere
3165 4376 3304 4448 ut,ej
3315 4379 3534 4432 ustem~

1891 4481 2048 4537 pore,
2081 4466 2153 4520 ad
2185 4481 2444 4520 amorem
2462 4463 3000 4521 monasticiordinis
3013 4467 3309 4522 auctorem
3322 4470 3534 4522 nostra;

137 4549 461 4623 episcopus,
488 4551 886 4608 testimonium
922 4551 973 4606 ei
995 4551 1296 4623 praeberet,
1325 4553 1426 4624 qui
1455 4553 1608 4608 inter
1627 4553 1781 4625 prin-
1809 4573 1855 4637 Β
1891 4553 2100 4610 salutis
2125 4555 2364 4608 beatum
2395 4553 2667 4608 Maiolum
2701 4553 2976 4626 dignatus
3006 4553 3083 4610 sit
3123 4571 3435 4612 accersere.
3470 4555 3534 4610 In

137 4634 348 4706 cipales
377 4640 660 4712 primates
682 4639 948 4696 Ecclesia:
979 4639 1209 4712 insigne
1231 4641 1526 4712 quoddam
1553 4645 1609 4698 et
1624 4641 1779 4714 prin-

139 4721 307 4796 cipale
336 4729 704 4801 privilegium
746 4735 802 4786 et
831 4730 960 4787 vita:
1011 4733 1068 4786 et
1097 4729 1363 4786 doctrina
1412 4729 1776 4802 dignoscitur

1887 4643 2068 4716 hujus
2098 4658 2230 4697 vero
2264 4641 2657 4698 conversionis
2701 4641 3002 4714 obsequio,
3055 4643 3308 4700 multum
3353 4643 3538 4700 valuit

1883 4729 2230 4787 venerabilis
2261 4729 2367 4785 viri
2398 4730 2776 4787 Hildebranni
2811 4733 2921 4803 (28)
2946 4731 3132 4789 dulcis
3153 4732 3459 4790 collocutio
3481 4732 3540 4789 et

1380 4828 1690 4883 ANDRErE
1727 4829 2008 4886 CHESNII
2048 4828 2281 4884 NOTrE.

200 4914 305 4987 (37)
335 4921 446 4990 Per
476 4923 540 4974 Β.
572 4918 824 4990 Maurum
844 4919 1023 4990 omnis
1045 4917 1404 4990 penegGiallia.
1432 4917 1535 4990 _Sic
1563 4922 1770 4990 Petrus

145 4975 490 5061 Venerabilis
523 4989 770 5061 epistola
795 4991 885 5056 28,
911 4989 1011 5044 lib.
1045 4975 1090 5045 ῖς
1125 5013 1149 5037 α
1189 4987 1773 5061 ΒίεοὶρυῙωηίὶρεὶυε

149 5047 278 5112 beati
312 5047 630 5127 Benedicti,
655 5047 924 5116 sanctum
939 5061 1226 5124 Maurum,
1244 5061 1311 5115 ad
1332 5047 1771 5116 liasGalliarum

148 5135 461 5214 Partespro
475 5132 888 5214 construendis
904 5132 1223 5214 secundum
1237 5131 1426 5202 ipsius
1449 5133 1775 5214 doctrinam

148 5202 430 5277 genobiis.
461 5206 534 5277 ab
563 5204 694 5277 ipso
727 5203 1028 5277 directum
1084 5202 1363 5277 legimus;
1391 5227 1411 5254 ιο
1452 5205 1518 5257 Et
1565 5203 1778 5277 Glaber

147 5260 437 5340 Rodult‘us,
471 5260 683 5331 librili
724 5275 897 5338 Hist.,
945 5291 1068 5340 cap.
1116 5260 1206 5329 5”:
1260 5297 1286 5322 (ι
1326 5274 1529 5328 Fertur
1572 5276 1776 5330 eadem

144 5346 421 5419 IIlatitatio
443 5365 512 5402 ex
542 5349 602 5402 S.
635 5348 817 5419 patris
845 5345 1133 5400 Benedicti
1167 5345 1534 5419 monasteriis
1567 5346 1658 5419 vel
1689 5363 1777 5400 re-

141 5413 268 5475 SUla
287 5419 591 5473 exordium
624 5413 923 5488 habuisse,
957 5421 1130 5488 atque
1183 5433 1284 5488 per
1330 5416 1564 5470 beatum
1611 5417 1779 5470 Man-

141 5489 284 5552 Plim,
317 5489 507 5561 ipsius
535 5489 803 5561 videlicet
855 5487 1230 5561 discipulum,
1262 5488 1333 5542 ad
1348 5559 1364 5561 η
1387 5493 1674 5561 nostrum,
1721 5489 1780 5543 id

134 5562 241 5624 est,
272 5559 640 5616 Gallicanum
671 5559 1027 5615 territorium
1056 5559 1305 5613 delatam
1341 5559 1538 5612 fuisse.
1570 5582 1596 5606 ››
1631 5559 1779 5614 Inte-

133 5633 297 5690 ἔρδω
328 5639 527 5689 autem
557 5632 700 5687 Vitae
733 5630 789 5688 S.
824 5629 1010 5687 Mauri
1037 5629 1343 5686 historiam
1377 5631 1631 5686 Faustus
1653 5631 1783 5702 ejus

1881 4917 2569 4994 sub__sancto_B_e_uedicto
2603 4919 3042 4994 condiscipulus
3071 4925 3127 4976 et
3167 4919 3393 4994 itineris
3433 4937 3536 4994 per

1880 4988 2098 5044 Gallias
2128 4988 2469 5064 individuus
2492 5007 2687 5045 comes
2701 4988 2949 5064 ﬁdeliter
2963 4988 3535 5064 composuit,exsfat-

1884 5077 1997 5132 que
2030 5060 2186 5131 apud
2218 5060 2455 5114 Surinm
2487 5065 2629 5114 tom.
2665 5065 2707 5122 Ι,
2738 5062 2829 5116 die
2863 5064 2928 5117 15
2951 5060 3239 5118 Jamferii.

1957 5131 2070 5202 (38)
2102 5132 2436 5186 Venerabilis
2482 5134 2592 5187 viri
2621 5133 3001 5189 Hildebranni.
3052 5134 3222 5190 Multi
3283 5135 3540 5193 nominis

1885 5202 2068 5278 hujus
2098 5208 2156 5256 et
2187 5202 2456 5278 monachi
2486 5208 2542 5258 et
2571 5203 2807 5278 priores,
2841 5205 2960 5260 sive
2983 5207 3276 5278 praepositi
3305 5207 3538 5264 Clunia-

1887 5273 2081 5328 censis
2113 5274 2381 5328 emnobii.
2415 5273 2671 5330 Joannes
2691 5276 2846 5331 enim
2867 5273 3052 5332 sancti
3071 5273 3291 5334 Odonis
3313 5279 3540 5335 sbbatis

1889 5345 2130 5420 secundi
2151 5345 2512 5420 discipulus,
2530 5347 2676 5420 Aetqej
2690 5365 2756 5420 us
2789 5347 2915 5402 vi'tze
2939 5349 3208 5420 scriptor,
3226 5368 3410 5405 unum
3429 5367 3544 5406 me-

1892 5415 2198 5490 morathis
2224 5415 2440 5472 verbis:
2479 5441 2504 5465 υ
2529 5415 2746 5490 Deinde
2769 5436 2895 5490 qua:
2919 5415 3172 5476 domnus
3196 5415 3545 5476 llildebran-

1892 5505 2025 5564 nus,
2056 5487 2142 5542 vir
2173 5505 2378 5564 nempe
2409 5489 2718 5564 veridicus,
2751 5487 2806 5545 et
2837 5491 3096 5564 Cluniaei
3131 5493 3377 5548 cmnobii
3401 5510 3544 5564 prae-

1897 5561 2145 5630 positus,
2175 5559 2262 5636 _in
2315 5561 2798 5636 regularibusquc
2834 5563 3176 5636 disciplinis
3225 5559 3552 5636 praeceptor

1894 5648 2082 5688 meus.
2122 5657 2142 5684 υ
2175 5632 2289 5686 Nec
2321 5632 2711 5688 dulntandum
2743 5635 2886 5704 quin
2912 5632 3016 5690 ille
3051 5635 3198 5708 ipse,
3226 5632 3428 5705 -cujus'
3449 5633 3551 5692 hic
