4054 6158
103 293 223 356 949

1242 291 1340 355 DE
1386 293 1571 357 VlTA
1615 290 1689 354 B.
1732 290 2004 354 MAlOLI
2054 288 2431 353 ABBATIS.

3438 289 3557 351 950

102 424 291 484 voluit
319 426 737 500 praeceptorem
766 421 903 497 (42).
936 422 1143 483 Postea
1170 444 1306 484 vero
1355 425 1538 484 multo
1580 427 1772 502 magis
1800 428 1857 497 Α
1885 423 2335 482 ofﬁciosissime
2348 422 2688 499 suscipitur,
2706 421 3455 499 regulariterintroducitur
3475 428 3553 494 et,

104 515 375 589 exempla
388 517 625 571 secutus
639 513 883 569 Antonii
902 512 1055 570 illius
1070 516 1272 590 magni
1287 521 1342 572 et
1354 516 1540 574 solius
1556 517 1774 573 Christi

105 604 407 679 discipuli,
438 621 614 677 quam
650 602 853 659 studia
882 602 1053 659 istius
1082 606 1322 661 Antonii
1352 605 1614 662 saeculari
1648 623 1775 680 pro-

108 696 362 752 fessione
387 692 744 767 philosophi.
780 692 990 748 Postea
1018 711 1157 751 vero
1190 713 1223 751 a
1264 696 1600 769 supradicta
1629 696 1775 752 urbe

105 786 179 841 ad
207 785 503 840 civitatem
536 782 943 839 Matiscensem
978 801 1010 838 a
1034 784 1378 855 proceribus
1403 786 1600 858 patria:
1623 791 1680 841 ct
1700 785 1775 840 ci-

104 875 276 931 vibus
310 871 728 944 suis,videlicct
759 871 1023 945 cognatis
1056 878 1117 928 et
1148 873 1355 930 amicis
1387 874 1662 930 invitatus
1685 892 1775 930 vc-

105 963 371 1021 niens.ut
402 966 525 1017 erat
554 961 644 1015 vir
674 960 999 1033 religiosus,
1028 961 1305 1036 religiose
1337 962 1772 1036 aliquantulum

103 1051 262 1124 apud
296 1050 430 1106 illos
456 1066 722 1117 manens,
742 1051 906 1118 cujus
936 1051 1058 1106 vita
1090 1050 1412 1109 laudabilis
1437 1057 1495 1109 et
1523 1053 1775 1107 admira-

103 1140 218 1195 bile
249 1139 518 1194 studium
559 1155 672 1195 non
699 1138 883 1210 potuit
913 1136 1100 1196 latere
1130 1142 1488 1214 supradictae
1521 1140 1774 1197 civitatis

104 1229 448 1301 episcopum
478 1226 615 1299 (43).
644 1229 689 1282 Α
710 1244 822 1298 quo
850 1227 1162 1285 humiliter
1194 1229 1773 1302 invitatus,consultu

104 1317 448 1373 clericorum
480 1320 538 1371 et
568 1316 797 1383 c;vium,
826 1320 891 1371 ut
916 1316 975 1372 in
1001 1319 1217 1374 eadem
1248 1319 1509 1376 Ecclesia
1538 1337 1653 1375 non
1679 1320 1774 1375 de-

103 1407 449 1481 dignaretur
478 1404 885 1460 administrare
916 1407 1441 1465 archiiliaconatus
1486 1408 1770 1466 officium.

100 1496 203 1551 Vir
251 1494 494 1568 quippe,
537 1499 602 1549 ut
647 1499 767 1550 erat
814 1494 1177 1553 humilitatis
1222 1499 1417 1570 gratia
1468 1498 1770 1571 praeditus,

104 1601 303 1660 parere
334 1602 456 1640 non
486 1582 713 1638 distulit
742 1600 856 1655 quo
884 1584 996 1639 sibi
1031 1585 1328 1643 divinitus
1374 1604 1479 1660 per
1508 1587 1773 1643 ministe-

101 1675 253 1731 rium
289 1672 589 1748 pontificis
619 1672 885 1745 imperari
920 1676 1218 1746 cognovit.
1251 1677 1340 1742 Et,
1373 1680 1438 1731 ut
1482 1692 1579 1730 res
1613 1679 1772 1747 post-

1884 521 1950 573 ut
1980 514 2176 571 moris
2208 520 2319 584 est,
2349 515 2769 572 honorabiliter
2794 519 2849 572 et
2879 513 3217 571 charitative
3246 518 3555 570 tractatur.

1885 607 2070 673 Quam
2103 606 2342 676 grande
2374 606 2484 661 fuit
2511 606 2793 678 gaudium
2817 605 2969 660 inter
2997 604 3203 660 fratres
3221 604 3292 660 de
3313 604 3443 676 ejus
3460 604 3559 660 ad-

1883 700 2081 760 ventu,
2120 710 2310 766 quam
2336 694 2542 767 ingens
2563 695 2780 765 laetitia,
2813 710 2992 766 quam
3023 692 3267 749 celebris
3298 693 3555 750 exsulta-

1887 784 1989 852 tio,
2024 799 2145 838 non
2186 788 2375 856 potest
2420 784 2489 838 ad
2540 783 2777 856 plenum
2825 787 3022 840 noster
3064 781 3289 838 edicere
3336 799 3550 839 sermo.

1886 874 2183 944 Deinceps
2216 873 2404 928 adfuit
2434 872 2484 928 ei
2517 873 2586 927 ad
2611 877 3013 944 contemptum
3043 870 3246 926 mundi
3282 876 3556 945 prompta

1887 962 2184 1028 voluntas,
2222 962 2292 1017 ad
2338 978 2595 1017 amorem
2627 961 2729 1017 Dei
2775 960 3121 1017 firmissima
3166 959 3441 1028 charitas,
3477 962 3551 1018 ad

1886 1050 2265 1108 dilectionem
2328 1051 2577 1124 proximi
2622 1051 2797 1107 chara
2847 1049 3203 1117 fraternitas,
3231 1048 3302 1103 ad
3351 1051 3547 1121 perdi-

1888 1141 2177 1196 scendum
2212 1138 2498 1212 regularis
2529 1138 2910 1196 observantia:
2942 1138 3205 1194 ordinem
3238 1136 3399 1193 nulla
3439 1139 3549 1194 dif-

1888 1229 2143 1296 ﬁcultas,
2175 1234 2233 1286 et
2263 1230 2334 1285 ad
2366 1229 2762 1287 exhibendum
2793 1245 2908 1284 non
2956 1227 3148 1284 solum
3196 1226 3414 1296 abbati,
3445 1229 3546 1285 sed

1886 1319 2068 1375 etiam
2089 1319 2366 1375 fratribus
2384 1318 2725 1374 obedientiaa
2748 1319 2966 1375 bonum
2988 1314 3231 1373 celebris
3253 1316 3545 1374 alacritas.

1887 1412 1947 1464 et
1979 1409 2051 1464 ad
2086 1408 2347 1464 dandum
2376 1408 2652 1464 omnibus
2681 1407 3013 1480 exemplum
3046 1406 3330 1479 regnabat
3376 1407 3431 1462 in
3481 1424 3548 1464 eo

1886 1515 2041 1571 pura
2070 1495 2440 1569 simplicitas.
2475 1496 2676 1561 Qualis
2711 1497 2822 1553 fuit
2852 1498 2980 1568 ejus
3011 1495 3374 1552 conversatio
3396 1495 3551 1552 inter

1885 1587 2100 1643 fratres
2151 1586 2210 1641 in
2263 1585 2430 1641 initio
2479 1603 2598 1642 suae
2643 1584 3122 1656 conversationis,
3162 1585 3434 1656 apparuit
3480 1602 3551 1640 ex

1886 1677 2099 1731 affectu
2151 1675 2492 1730 eorumdem
2544 1676 2810 1742 fratrum,
2861 1680 3119 1748 tempore
3156 1672 3548 1730 celeberrimas

100 1764 344 1820 modum
370 1761 487 1819 late
518 1762 919 1835 patuit,totum
954 1761 1105 1819 illud
1140 1765 1445 1837 negotium
1479 1765 1551 1821 ad
1591 1765 1773 1835 majo-
1806 1804 1852 1867 Β
1887 1783 2009 1822 suae
2059 1764 2380 1821 electionis.
2410 1764 2536 1819 Non
2586 1770 2710 1820 erat
2747 1765 2875 1836 jam
2926 1780 3163 1820 necesse
3216 1767 3282 1818 ut
3329 1754 3567 1836 aliquis

99 1853 176 1910 ris
209 1852 489 1909 utilitatis
519 1851 877 1925 dirigebatur
907 1853 1238 1909 cumulum.

165 1943 458 2015 Suscepto
490 1942 738 2013 denique
765 1943 939 1995 tanta:
978 1940 1288 2013 dignitatis
1337 1943 1557 2012 officio,
1597 1941 1773 1999 talem

99 2051 158 2089 se
182 2031 457 2088 exhibuit
488 2035 553 2086 ut
583 2030 695 2085 Deo
727 2027 977 2102 placeret
1004 2034 1062 2085 et
1093 2032 1316 2086 mundo
1342 2050 1353 2100 ;
1390 2049 1506 2088 non
1546 2034 1774 2089 mundo

97 2124 155 2179 in
189 2120 457 2195 maligno
488 2118 803 2193 posito,sed
835 2120 1054 2175 mundo
1087 2138 1187 2192 per
1216 2121 1579 2194 sanguinem
1614 2122 1777 2178 Chri-

101 2211 173 2268 sti
228 2209 613 2268 reconciliato
660 2208 774 2265 Deo
821 2207 995 2264 Patri.
1041 2209 1225 2266 Habet
1273 2209 1428 2265 enim
1481 2212 1778 2283 praedicta

101 2300 305 2357 civitas
336 2300 600 2355 vicinum
635 2298 1070 2367 monasterium,
1100 2299 1253 2371 quod
1286 2298 1487 2356 multis
1530 2302 1777 2358 videtur

105 2387 476 2462 spiritalibus
530 2386 740 2442 studiis
802 2387 1210 2444 decentissime
1263 2389 1649 2457 adornatum,
1701 2392 1774 2447 ad

110 2478 262 2550 quod
288 2477 419 2549 jam
452 2476 646 2531 dictus
690 2475 901 2543 senior,
937 2493 970 2532 a
999 2481 1159 2550 patre
1191 2478 1532 2533 monasterii
1566 2485 1628 2536 et
1662 2481 1775 2536 fra-

110 2566 300 2622 tribus
333 2564 1160 2636 frequenteraccersitus,cum
1175 2565 1390 2637 quibus
1415 2569 1472 2621 et
1493 2566 1775 2639 frequens

110 2653 363 2710 habebat
394 2652 754 2725 colloquium
787 2657 843 2708 et
873 2653 1133 2726 spiritale
1173 2654 1646 2713 contubernium.
1680 2658 1773 2713 Ιῐι-

116 2746 202 2798 ter
221 2742 353 2815 ipsa
384 2740 641 2813 denique.
672 2741 1018 2798 dulcissima
1037 2742 1328 2815 colloquia
1354 2747 1410 2798 et
1431 2750 1640 2801 mutua
1660 2747 1777 2801 sin-

115 2831 428 2886 cerissima
459 2828 763 2886 charitatis
807 2831 1109 2903 obsequia,
1137 2832 1405 2887 videntes
1437 2833 1642 2890 fratres
1675 2852 1772 2890 su-

120 2919 364 2991 pradicti
396 2918 642 2974 cmnobii
676 2919 894 2975 mentis
935 2919 1147 2975 intuitu
1174 2921 1303 2991 ejus
1331 2921 1651 2991 angelicam
1690 2924 1771 2979 fa-

118 3007 282 3075 ciem,
300 3007 613 3063 audientes
627 3007 1033 3063 cordisauditu
1051 3008 1392 3063 mellitluam
1416 3011 1769 3080 facundiam,

113 3095 528 3151 desiderabant
558 3101 621 3151 ut
650 3113 784 3151 eum
808 3098 1171 3168 possentsibi
1195 3098 1494 3170 acquirere
1510 3100 1771 3169 fratrem,

1884 1872 2021 1910 eum
2055 1855 2126 1911 aut
2160 1853 2590 1910 observantiam
2625 1853 2951 1927 regularem
2984 1852 3319 1920 instrueret,
3345 1869 3544 1924 quem,

1887 1947 1951 1999 ut
1975 1948 2218 2000 sanctus
2249 1941 2606 2016 evangelista
2639 1942 2801 2010 dicit,
2834 1943 3022 1997 unctio
3061 1941 3264 2010 gratia:
3302 1941 3546 1996 caelestis

1882 2033 1950 2088 de
1978 2035 2231 2089 omnibus
2260 2032 2547 2088 erudiebat
2575 2031 2624 2105 (Ι
2646 2035 2809 2088 Joan.
2846 2030 2929 2102 il).

1956 2122 2141 2194 Coepit
2166 2121 2387 2176 interea
2417 2120 2534 2176 vita
2563 2125 2620 2176 et
2649 2118 2917 2176 doctrina
2946 2123 3067 2174 tam
3117 2117 3368 2190 perfecte
3421 2115 3545 2172 cla-

1886 2228 2111 2267 rescere
2157 2215 2224 2266 ut
2273 2209 2333 2264 in
2382 2210 2556 2265 domo
2606 2208 2706 2265 Dei
2748 2208 2921 2264 laude
2964 2206 3227 2264 ﬁdelium
3275 2204 3542 2261 omnium

1886 2300 2147 2374 primum
2194 2304 2251 2355 et
2299 2298 2659 2372 praecipuum
2708 2297 2903 2354 locum
2935 2297 3218 2352 meruerit
3259 2294 3541 2349 obtinere.

1885 2391 1981 2446 Sic
2012 2388 2168 2445 enim
2203 2387 2421 2462 placuit
2450 2386 2751 2444 Divinitati
2783 2390 2850 2442 ut
2900 2403 3004 2459 per
3033 2385 3293 2440 diversos
3323 2382 3544 2456 gradus

1885 2477 2237 2534 humilitatis
2268 2477 2606 2533 ascenderet
2649 2477 2721 2532 ad
2768 2476 3001 2537 culmen
3050 2471 3387 2539 monasticae
3419 2488 3545 2543 per-

1885 2567 2174 2638 fectionis,
2203 2571 2268 2622 ut
2298 2584 2412 2623 non
2436 2568 2564 2639 jam
2596 2583 2664 2621 ex
2694 2565 2824 2621 aliis
2874 2580 3050 2631 unus,
3085 2562 3186 2617 sed
3236 2560 3389 2616 inter
3432 2576 3542 2615 ca-

1884 2662 2043 2712 teros
2072 2660 2130 2712 et
2168 2673 2345 2729 super
2390 2672 2593 2711 omnes
2641 2655 2935 2710 videretur
2982 2651 3332 2724 przecipuns.
3366 2648 3540 2704 Sexto

1883 2761 2142 2816 namque
2185 2762 2358 2813 anno,
2393 2749 2459 2799 ut
2508 2744 2711 2812 fertur,
2746 2737 3143 2798 conversionis
3188 2753 3305 2792 suae
3350 2752 3385 2790 a
3432 2752 3540 2791 sae-

1883 2833 2035 2900 culo,
2070 2851 2246 2905 supra
2279 2833 2616 2888 nominatus
2647 2831 2829 2888 abbas
2860 2826 3043 2883 felicis
3082 2824 3400 2890 memoria),
3433 2824 3539 2880 do-

1884 2923 2081 2978 minus
2115 2922 2378 2978 videlicet
2407 2925 2463 2976 et
2492 2921 2624 2993 pius
2657 2924 2843 2991 pater,
2876 2915 3244 2988 Haymardus
3277 2911 3537 2982 nomine,

1882 3012 2053 3084 cujus
2085 3010 2408 3066 monachus
2421 3011 2626 3065 beatus
2640 3010 2763 3063 erat
2779 3004 3026 3063 Maiolus
3048 3003 3335 3074 cujusque
3349 3001 3540 3056 moni-

1882 3102 1957 3157 tis
1989 3105 2045 3156 et
2072 3100 2439 3173 jussionibus
2468 3104 2587 3154 tota
2618 3095 2831 3152 mentis
2856 3093 3179 3149 intentione
3206 3095 3263 3147 et
3279 3089 3542 3162 corporis

118 3200 285 3255 quem
321 3185 699 3257 postmodum
738 3185 951 3241 habere
982 3192 1280 3242 merentur
1309 3192 1364 3243 et
1387 3189 1772 3260 patrem.Erat
1801 3176 1844 3241 C
1878 3189 2264 3262 possibilitate
2297 3193 2533 3261 parebat
2563 3200 2908 3257 semperque
2940 3197 3142 3255 parere
3173 3181 3530 3248 decreverat,

118 3272 183 3325 ad
219 3272 327 3327 hoc
377 3272 638 3328 intentus
687 3291 828 3347 grex
877 3275 1069 3331 omnis
1118 3276 1479 3342 Dominicus,
1522 3277 1623 3331 sed
1674 3277 1769 3333 ille

118 3360 310 3414 senior
338 3360 746 3418 Eldebrannus
779 3361 1280 3435 [Hildebrannus],
1313 3365 1384 3419 de
1435 3382 1547 3436 quo
1597 3383 1778 3438 supra

124 3448 398 3517 diximus,
436 3454 502 3505 ut
550 3450 778 3506 evenire
827 3457 1026 3522 posset
1069 3452 1405 3509 elaborabat
1454 3454 1775 3511 ardentius.

123 3535 446 3593 Generabat
466 3538 594 3609 jam
628 3539 688 3593 in
738 3556 804 3594 eo
855 3540 1045 3612 gratia
1093 3540 1325 3596 Domini
1377 3546 1778 3614 contemptum

123 3626 340 3694 saeculi,
388 3627 718 3682 secundum
788 3633 846 3683 et
894 3633 1095 3684 votum
1164 3629 1408 3685 fratrum
1460 3631 1777 3701 supradicti

121 3715 388 3769 caenobii.
425 3714 575 3780 Quid
611 3714 827 3787 plura?
857 3716 1130 3788 Deposito
1161 3717 1563 3774 ecclesiasticae
1595 3719 1779 3791 digni-

123 3801 257 3856 tatis
278 3803 495 3871 ofﬁcio,
522 3808 716 3875 spreto
750 3805 1061 3860 mundana:
1090 3807 1414 3862 nobilitatis
1444 3808 1775 3878 supercilio,

127 3889 320 3945 relicto
352 3891 617 3947 saeculari
651 3893 1043 3949 etamicorum
1059 3899 1116 3951 et
1144 3899 1447 3967 parentum
1463 3898 1774 3965 consortio,

131 3980 191 4031 ut
218 3978 398 4036 libere
438 3986 639 4053 posset
669 3982 887 4037 servire
933 4000 1065 4038 vero
1120 3984 1257 4055 Regi
1306 3984 1554 4049 Christo,
1588 3988 1775 4041 totum

133 4081 187 4119 se
232 4068 501 4127 subdidit
553 4070 766 4125 caelesti
822 4070 1183 4144 magisterio.
1237 4073 1350 4127 Nec
1413 4072 1597 4128 multo
1647 4079 1779 4145 post

128 4156 384 4213 condicto
408 4161 690 4231 tempore,
706 4164 863 4215 certo
887 4159 980 4215 die
1002 4160 1074 4215 ad
1098 4161 1518 4217 monasterium
1541 4162 1777 4225 veniens

1880 3278 2051 3351 ccepit
2102 3278 2339 3335 destitui
2390 3278 2445 3331 in
2510 3281 2663 3330 terra
2712 3273 2975 3346 [interea]
3032 3273 3155 3325 tota
3210 3266 3544 3324 valetudine

1889 3368 2147 3440 corporis
2178 3372 2256 3434 et,
2289 3367 2441 3440 quod
2477 3364 2586 3419 sibi
2619 3362 2854 3436 gravius
2898 3363 3041 3427 erat,
3073 3358 3212 3415 licet
3255 3356 3547 3431 patienter

1836 3465 1841 3468 ’
1890 3457 2083 3523 ferret,
2115 3456 2431 3513 amissione
2463 3451 2803 3525 temporalis
2834 3448 3096 3505 luminis.
3129 3448 3200 3503 Et
3247 3440 3385 3503 cuni
3414 3445 3542 3517 jam

1889 3563 1951 3601 se
2003 3547 2075 3601 ad
2126 3562 2399 3601 occasum
2446 3558 2679 3613 vergere
2729 3537 3021 3613 praesciret
3066 3541 3124 3593 et
3170 3536 3548 3609 cognosceret

1891 3651 1952 3690 se
1982 3652 2094 3690 non
2126 3651 2295 3707 posse
2327 3634 2427 3690 diu
2462 3631 2607 3693 tanti
2662 3627 2909 3685 coenobii
2954 3631 3370 3698 tantarumque
3423 3623 3544 3697 spi-

1891 3722 2189 3779 ritualium
2223 3724 2423 3779 ovium
2458 3736 2656 3775 curam
2690 3734 2906 3793 gerere,
2940 3717 3010 3772 de
3037 3714 3400 3772 ordinatione
3431 3730 3544 3769 cce-

1890 3810 1974 3884 pit
2018 3812 2360 3868 monasterii
2411 3808 2620 3880 suique
2671 3805 3029 3863 successoris
3080 3804 3360 3861 electione
3408 3819 3544 3859 cum

1889 3899 2251 3971 spiritalibus
2283 3908 2343 3957 et
2390 3895 2678 3967 religiosis
2710 3893 2988 3950 fratribus
3034 3892 3373 3967 spiritaliter
3420 3895 3546 3947 tra-

1887 3993 2065 4058 ctare,
2096 3994 2153 4045 et
2182 4008 2320 4046 cum
2359 3984 2777 4059 tranquillitate
2807 3983 2987 4038 animi
3020 3983 3308 4056 patienter
3347 3981 3544 4053 dispo-

1887 4094 2044 4133 nere.
2096 4079 2266 4134 Facta
2313 4083 2403 4134 est
2450 4079 2645 4129 autem
2693 4075 2765 4129 ab
2812 4071 3084 4129 omnibus
3133 4068 3457 4144 inquisitio,
3488 4071 3548 4124 et

1888 4167 1961 4221 ad
2011 4183 2185 4239 quem
2218 4166 2485 4222 omnium
2520 4164 2767 4219 fratrum
2810 4163 3103 4229 tendebat,
3138 4160 3210 4216 ad
3260 4160 3543 4215 domnum

1384 4285 1695 4341 ANDRE/E
1733 4287 2015 4345 CHESNII
2056 4290 2289 4345 NOT/E.

128 4376 395 4460 paginam
432 4379 807 4460 Lugdunensi
841 4381 1108 4460 Ecclesia:
1136 4386 1247 4437 tuae
1270 4384 1585 4460 primatum
1605 4401 1785 4460 super

129 4453 383 4527 quatuog
409 4453 740 4527 provincias
771 4455 1249 4527 confirmamus.»
1271 4453 1357 4509 ’Ac
1390 4472 1594 4509 rursus
1610 4453 1781 4527 paulo

131 4505 682 4593 postzuil’iiovincias
708 4531 904 4579 autem
938 4524 1246 4593 illas,quas
1276 4527 1440 4581 vobis
1471 4505 1781 4582 conlirrma—
1815 4505 1860 4568 D

135 4603 283 4655 mus,
310 4590 586 4669 dicimus.
600 4590 1085 4669 Lugdunensem,
1099 4590 1648 4669 Rothomagensem,
1674 4600 1787 4653 Tu-

134 4674 433 4742 ronensem
469 4665 1160 4742 etSen‘o—nensemgut'hze
1194 4665 1459 4742 videlicet
1481 4669 1786 4742 provincia:

143 4733 481 4809 cpndignam
518 4735 894 4809 Lugdunensi
930 4739 1193 4793 Ecclesiae
1234 4733 1623 4793 obedientiam
1672 4741 1788 4795 sol-

148 4808 282 4881 Yaut,
316 4811 372 4860 et
404 4806 705 4881 honorem,
740 4826 916 4881 quem
947 4811 1191 4865 Romani
1224 4812 1525 4881 pontitices
1550 4813 1789 4867 redden-

301 4892 429 4931 esse
460 4868 703 4955 scriptis
731 4868 1410 4955 propriispraefixerunt,
1440 4882 1643 4937 devote
1675 4883 1789 4955 hu-

148 4945 467 5025 militerque
519 4945 858 5025 exhibeant:
904 4976 932 5001 »
982 4945 1359 5025 Confirmavit
1399 4945 1635 5025 quoque
1685 4954 1789 5025 Pa:

150 5016 351 5095 schalis
368 5016 454 5095 ill.
488 5036 641 5095 anno
674 5022 888 5095 Christi
922 5025 1081 5091 1116,
1113 5023 1171 5078 in
1215 5016 1463 5095 persona
1512 5016 1791 5079 Gozerani

151 5089 561 5176 grchiepiscopi
589 5097 647 5147 et
668 5094 1039 5176 primatis_,ad
1060 5089 1232 5166 quem
1267 5094 1387 5149 haec
1406 5096 1794 5176 reperiuntur

149 5166 196 5233 [τι
239 5160 561 5231 diplomate
607 5160 830 5220 verba:
869 5160 1143 5220 «Idcirco
1194 5160 1541 5221 venerabilis
1593 5168 1791 5233 frater,

150 5223 450 5308 ancrane,
504 5234 930 5308 Lugdunensis
977 5236 1428 5308 archiepiscope,
1492 5223 1794 5308 praesentis

146 5294 344 5378 {lecreti
378 5294 987 5378 paginarfraternitati
1020 5313 1151 5374 tuae,
1176 5294 1426 5378 l'uisq‘ue’
1445 5294 1796 5363 successori-

145 5360 267 5451 bus,
302 5360 500 5451 et‘pe?
528 5360 630 5431 vos
663 5377 851 5433 eidem
879 5360 1250 5451 Lugdunensi
1284 5360 1551 5451 Ehelesize
1583 5381 1794 5435 confir-

143 5446 728 5531 giamus‘p‘rim‘atpm
760 5466 935 5531 super
966 5446 1215 5531 tina-tuor
1230 5448 1555 5529 Galliarum
1586 5451 1799 5531 prima-

138 5509 255 5592 liis,
286 5509 568 5592 _videlicet
616 5509 1015 5592 Lugdunensi,
1061 5521 1558 5592 Rothomagensi,
1588 5509 1796 5575 "furo-

136 5588 322 5655 Densi,
354 5592 413 5643 et
441 5606 621 5661 super
644 5588 987 5662 SeVnonensi,
1023 5591 1175 5648 sicut
1205 5610 1239 5647 a
1291 5588 1509 5647 nostris
1561 5598 1801 5649 constat

1892 4388 2363 4443 antecessoribus
2393 4386 2751 4441 institutum.
2788 4409 2815 4435 ι)

1965 4461 2075 4531 (42)
2100 4462 2396 4536 Αηίρηίηπη
2426 4459 2607 4536 virum
2636 4458 2915 4536 eruditum
2943 4457 3138 4536 ha_b-e_rq
3174 4454 3353 4536 uoluit
3389 4466 3542 4536 pra;-

1890 4527 2176 4602 ceplorcm.
2212 4529 2587 4602 ldeuiirel’ert
2630 4529 2954 4602 monachus
3002 4527 3438 4602 Silviniacensis
3485 4527 3545 4602 in

1894 4596 2025 4656 Vita
2051 4602 2326 4672 ejusdem
2351 4599 2543 4672 Maioli
2580 4617 2591 4653 :
2627 4624 2653 4650 ‹‹
2690 4600 2851 4657 Unde
2886 4602 3235 4672 factumgest,
3258 4596 3552 4672 inquit_,_ut

1896 4667 2226 4728 litterarum
2275 4671 2688 4727 discendorum
2737 4672 2932 4728 studio
2980 4667 3552 4743 instigatus,aud_it_a

1895 4746 2206 4816 cujusdam
2235 4743 2466 4816 Antonii
2502 4744 2902 4815 opinione,qui
2929 4737 3156 4816 magnai
3171 4740 3404 4816 deditus
3428 4737 3553 4810 phi-

1896 4811 2195 4889 losophia},
2231 4811 2654 4889 Lugdunenses
2681 4811 2914 4889 regebat
2942 4811 3191 4889 sch'olas,
3225 4811 3361 4889 illuc
3386 4825 3550 4889 gres-

1898 4884 2039 4942 sum
2060 4885 2335 4957 dirigeret
2368 4888 2703 4957 formasque
2732 4884 3004 4957 discipuli
3023 4884 3551 4957 a_ssumpta,praasi-

1898 4904 2029 4942 sum
2060 4904 2335 4957 dirigeret
2368 4904 2703 5011 turmasque
2732 4904 3327 4957 (llSClplulaSSllmpta

1898 4957 2091 5039 dentis
2121 4956 2465 5039 magisterio
2477 4974 2569 5039 se
2628 4961 2829 5039 evotus
2859 4955 3279 5039 com‘mitteret.‘
3299 4974 3327 5003 »

1973 5029 2081 5099 (43)
2114 5022 2321 5081 Metisci.
2353 5028 2593 5100 ciuitatis
2627 5031 2952 5100 episcopum.
2984 5025 3387 5100 Naymbodnm
3423 5022 3552 5100 fer-

1901 5094 2080 5171 tzisse,
2115 5100 2215 5171 qni
2248 5099 2399 5153 sedit
2428 5101 2501 5152 ab
2532 5094 2685 5156 anno
2710 5094 2813 5155 94f
2844 5114 3033 5171 usque
3062 5094 3393 5171 ad_annum
3420 5094 3551 5171 992,

1902 5164 2184 5243 affuitque
2228 5174 2576 5243 testamento
2628 5172 2907 5243 principis
2936 5164 3285 5241 'cujusdam,
3316 5164 3554 5243 nomine

1903 5242 2170 5307 Sebonis,
2205 5258 2306 5314 per
2336 5242 2487 5314 quod
2525 5237 2943 5314 recognoscens
2974 5237 3285 5314 injustese
3310 5237 3552 5314 _pr_iora-_

1904 5317 2051 5379 tum,
2086 5306 2591 5367 siveabbatiolam
2625 5306 3108 5382 Cariloci,sancto
3140 5306 3555 5382 Odoni'abbati

1905 5378 2274 5459 Cluniacensi
2307 5383 2698 5459 mancipatam
2731 5378 3232 5459 detinuisse._«f__1).
3267 5378 3556 5459 Eymarglg

1905 5454 2237 5510 Cluniensis
2267 5449 2521 5510 cmnobii
2544 5458 2869 5512 venerando
2899 5456 3093 5512 abbati
3115 5453 3278 5509 illam
3299 5449 3560 5508 reddidit

1908 5543 2011 5598 pro
2043 5526 2250 5582 anima:
2285 5544 2401 5581 sua:
2433 5527 2708 5593 remedio,
2743 5550 2770 5577 »
2803 5529 3030 5584 circiter
3058 5544 3153 5582 an.
3186 5527 3311 5579 942.
