4054 6158
401 260 522 327 959

1325 258 1389 321 S.
1425 257 1790 321 ODILONIS
1833 257 2397 322 CLUNIACENSIS
2442 257 2770 320 ABBATIS
2814 257 2887 321 V.

3657 263 3760 326 960

404 397 716 470 patrantur
745 389 1046 464 miracula,
1077 397 1136 452 et
1165 391 1436 468 plurimis
1485 393 1742 468 plurima
1793 393 2052 468 praestita
2084 394 2134 462 Α
2166 409 2268 466 per
2283 393 2456 468 Alpes
2469 391 2659 450 Julias
2689 408 2876 467 usque
2897 392 2968 450 ad
2985 390 3133 468 juga
3159 389 3538 451 Penninarum
3559 393 3760 469 Alpium

405 491 548 542 sunt
571 489 630 542 et
659 489 1010 559 praestantur
1041 485 1348 542 beneﬁcia:
1383 502 1636 557 quorum
1667 483 2058 541 numerosita-

405 578 526 632 tem
567 577 624 631 et
661 573 1122 648 magnitudinem
1181 591 1296 630 non
1357 575 1578 630 sufﬁcit
1631 592 1733 648 per
1791 574 2058 630 ordinem

405 663 674 718 omnium
697 667 1028 720 nostrorum
1060 679 1332 720 enarrare
1359 665 1662 720 memoria.
1686 665 1795 721 Sed
1832 668 1893 720 ut
1922 663 2058 718 bro-

401 750 649 807 vissima
679 756 812 807 utar
840 751 1324 816 conrlusione,ad
1358 753 1692 826 sepulcrum
1725 753 1898 808 istius
1929 768 2060 806 san-

405 838 654 896 ctissimi
687 839 791 895 viri
823 841 894 896 de
933 859 1052 913 quo
1109 841 1410 914 loquimur
1465 847 1521 898 et
1563 843 1734 914 cujus
1789 843 1967 898 vitam
2001 845 2074 896 et.

407 927 618 985 merita
674 929 942 985 charitati
1001 931 1261 988 ﬁdelium
1321 933 1732 988 commendare
1789 933 2057 995 nitimur,

405 1017 597 1091 gratia
625 1021 683 1074 et
713 1019 1114 1075 misericordia
1144 1021 1355 1077 Christi
1377 1039 1411 1076 a
1441 1038 1790 1094 quacunque
1820 1023 2061 1078 inﬁrmi-

404 1111 526 1163 tate
556 1107 777 1164 detenti
809 1109 978 1164 multi
1023 1109 1212 1165 sanati
1256 1115 1394 1164 sunt
1423 1117 1479 1166 et
1505 1116 1790 1167 sanantur
1815 1112 2056 1168 inﬁrmi.

408 1195 495 1252 lbi
531 1197 830 1270 paralytici
861 1197 1169 1271 eriguntur
1197 1203 1254 1252 et
1292 1199 1507 1265 claudi,
1543 1200 1621 1254 ibi
1659 1200 2059 1258 febricitantes

409 1290 467 1340 et
496 1286 652 1354 caeci,
685 1285 764 1342 ibi
797 1305 826 1342 a
869 1287 1232 1344 daemonibus
1281 1289 1538 1360 possessi
1589 1291 1971 1356 mundantur,
2003 1295 2061 1346 et

409 1373 704 1430 nescimus
755 1377 920 1438 cuiue
973 1377 1202 1439 {reneris
1247 1377 1379 1450 igne
1429 1377 1768 1434 terribiliter
1795 1382 1852 1434 et
1883 1379 2058 1435 mise-

410 1462 672 1519 rabiliter
700 1465 888 1521 adusti
919 1465 1241 1520 liberantur
1262 1468 1398 1534 (56).
1423 1467 1491 1520 Et
1509 1466 1874 1539 quisquisibi
1894 1467 2060 1523 devo-

412 1555 512 1606 tus
555 1553 870 1609 adveniens
901 1555 973 1610 de
1003 1572 1353 1627 quacunque
1411 1555 1755 1611 necessitate
1813 1555 2063 1612 ﬁdeliter

414 1639 700 1697 auxilium
731 1643 965 1716 expetit,
1001 1643 1112 1699 voti
1146 1643 1237 1700 sui
1271 1661 1508 1718 compos
1538 1645 1778 1702 etfectus
1809 1645 1958 1700 redit
1986 1645 2056 1700 ad

415 1730 650 1836 propria
677 1749 882 1832 sospes
912 1737 968 1832 et
992 1731 1178 1800 lactus,
1214 1737 1523 1806 praestante
1565 1733 1809 1790 Domino
1860 1739 2060 1834 nostro
2092 1771 2140 1836 Β

413 1819 552 1875 Jesu
585 1819 948 1894 Christo,qui
980 1821 1122 1876 vivit
1151 1823 1210 1877 et
1241 1826 1444 1896 regnat
1474 1823 1531 1877 in
1566 1822 1788 1878 unitate
1819 1821 2064 1895 spiritus

414 1909 600 1963 sancti
633 1907 788 1965 Deus
818 1927 922 1980 per
951 1909 1150 1966 omnia
1196 1909 1412 1968 saecula
1455 1910 1824 1967 saeculorum.
1855 1912 2062 1968 Amen.

486 2001 628 2053 Cum
667 1997 822 2054 enim
856 1998 994 2054 huic
1044 2001 1343 2056 sententiae
1393 1999 1598 2056 vellem
1650 2002 1825 2057 ﬁnem
1877 2001 2064 2074 impo-

415 2103 572 2154 nere,
605 2086 665 2142 in
697 2103 814 2158 qua
843 2088 914 2142 de
943 2088 1094 2145 beati
1144 2089 1336 2146 Maioli
1379 2091 1499 2146 vita
1527 2094 1583 2145 et
1613 2091 1878 2146 moribus
1908 2089 2065 2146 ﬁdeli

412 2175 744 2232 temeritate
772 2182 829 2232 et
857 2176 1064 2232 humili
1099 2179 1557 2251 praesumptione
1587 2179 1752 2235 nisus
1797 2197 1929 2235 sum
1959 2179 2066 2236 ali-

414 2261 556 2336 quid
587 2263 797 2331 dicere,
829 2265 986 2322 venit
1018 2265 1076 2320 in
1111 2268 1396 2323 memoria
1445 2267 1827 2324 memorabile
1882 2269 2066 2340 quod-

416 2352 554 2406 dam
586 2353 962 2425 prtesagium,
994 2357 1147 2427 quod
1181 2355 1243 2410 in
1273 2355 1534 2428 genitore
1583 2355 1742 2412 illius
1786 2373 2066 2429 quorum-

415 2440 554 2496 dam
586 2439 848 2497 ﬁdelium
895 2441 1175 2499 relatione
1226 2445 1560 2500 audiveram
1591 2450 1844 2518 gestum.
1880 2446 2064 2514 Quod,

417 2533 486 2585 ut
505 2529 744 2602 quidam
770 2531 1046 2600 referunt,
1069 2531 1255 2588 isdem
1277 2537 1442 2605 pater
1458 2532 2066 2605 frequenterjucundo

417 2610 688 2675 sermone
717 2617 926 2676 solitus
956 2625 1081 2676 erat
1112 2621 1341 2678 referre.
1376 2623 1488 2678 Sed
1517 2639 1624 2696 ego
1655 2621 1791 2678 huic
1821 2622 1980 2695 operi
2005 2623 2070 2678 ti-

418 2707 652 2763 mebam
705 2708 984 2777 inserere,
1017 2727 1088 2766 ne
1140 2709 1311 2766 alicui
1361 2711 1658 2767 videretur
1704 2710 2064 2766 incredibile.

420 2795 736 2870 Postquam
759 2797 1516 2874 accidentiaquazdam,quae
1531 2799 2068 2872 temporibusillius

417 2883 647 2942 evenire
661 2886 897 2958 contigit
905 2888 1146 2961 ,quibus
1163 2888 1515 2962 praesagium
1535 2888 1679 2944 illud
1699 2889 2071 2962 apertissima

421 2974 642 3031 ratione
703 2975 949 3044 favebat,
985 2976 1238 3034 recolere
1281 2978 1450 3051 ccepi,
1484 2977 1886 3035 indubitanter
1935 2978 2072 3034 inde

419 3063 639 3136 aliquid
672 3063 864 3121 dicere
901 3066 1186 3138 disposui.
1230 3067 1342 3124 Sed
1376 3066 1624 3124 insolitae
1656 3066 1738 3122 rei
1766 3084 1915 3123 nova
1945 3083 2068 3122 ma-

2169 483 2372 556 rapido
2402 501 2578 540 cursu
2612 483 2888 556 pervenit,
2924 483 3119 556 ibique
3151 482 3459 556 impietatis
3495 501 3601 540 suae
3627 487 3766 544 fama

2167 571 2566 645 relaxans,per
2589 571 2910 628 multorum
2943 577 3269 644 temporum
3289 573 3472 646 spatia
3490 575 3766 632 Christiani

2168 663 2428 718 nominis
2445 661 2696 734 populos
2707 661 3435 718 diversisinfestationibus
3447 667 3500 718 et
3514 663 3768 720 calamita-

2167 753 2329 806 tibus
2359 751 2588 817 afﬂixit,
2623 751 2770 807 alios
2795 751 3130 816 occidendo,
3163 750 3308 806 alios
3343 751 3626 824 capiendo,
3647 753 3767 810 alios

2169 840 2340 896 bonis
2362 841 2490 896 suis
2508 839 2784 895 omnibus
2801 840 3194 912 exspoliando,
3208 839 3520 914 impietatis
3542 857 3648 896 suae
3660 847 3772 898 vota

2167 927 2363 984 taliter
2393 929 2698 1002 tyrannica
2729 929 3138 984 exercitatione
3167 928 3508 1002 complevit;
3539 929 3674 986 inter
3690 949 3772 986 εω-

2166 1023 2294 1072 tera
2323 1017 2479 1074 mala
2511 1034 2636 1090 quae
2665 1017 2918 1090 populus
2965 1017 3061 1074 ille
3107 1017 3560 1074 nefandissimus
3603 1021 3772 1092 gessit,

2169 1107 2582 1162 beatissimum
2602 1107 2828 1163 Patrem
2851 1107 3148 1174 Maiolum,
3165 1125 3195 1162 a
3209 1107 3511 1163 liminibus
3532 1107 3775 1181 apostolo-

2169 1213 2300 1252 rum
2334 1197 2696 1262 redeuntcm,
2731 1196 2934 1252 fraude
2965 1201 3020 1252 ct
3051 1195 3282 1252 insidiis
3307 1196 3475 1268 cepit,
3501 1197 3660 1253 rebus
3678 1215 3775 1252 om-

2169 1285 2346 1340 nibus
2397 1284 2808 1358 exspoliatum,
2837 1284 3086 1341 vinculis
3143 1284 3426 1360 alligavit,
3454 1285 3596 1342 fame
3625 1291 3674 1342 ct
3700 1286 3776 1343 siti

2169 1374 2394 1430 aftiixit.
2423 1374 2524 1430 llle
2544 1390 2676 1430 vero
2706 1375 2984 1430 divinitus
3014 1373 3340 1443 absolutus,
3359 1376 3428 1430 ad
3457 1379 3776 1446 postremum

2171 1464 2434 1536 pecuniis
2459 1464 2796 1520 monasterii
2821 1465 2911 1519 sui
2937 1465 3128 1520 redem
3141 1467 3294 1536 ptus,
3311 1464 3381 1520 de
3404 1463 3778 1520 manibusillo-

2170 1571 2298 1608 rum
2316 1553 2564 1610 Domino
2579 1557 2914 1627 protegente
2935 1552 3111 1610 evasit
3135 1553 3439 1614 illesus,et
3455 1554 3576 1625 ejus
3597 1553 3780 1624 injusta

2169 1643 2360 1715 captio
2391 1643 2752 1715 expulsionis
2783 1642 3016 1699 illorum
3042 1647 3098 1698 et
3137 1647 3432 1716 perpetuae
3479 1641 3779 1715 perditionis

2171 1733 2278 1787 fuit
2301 1733 2549 1789 occasio.
2573 1731 2736 1789 Sicut
2757 1749 2910 1798 vero,
2939 1736 3070 1804 post
3092 1730 3425 1805 passionem
3459 1730 3676 1797 Christi,
3700 1731 3779 1786 Ju-

2173 1821 2278 1876 daei
2308 1825 2447 1877 sunt
2471 1839 2506 1876 a
2535 1821 2660 1876 suis
2688 1819 2957 1888 exsulati,
2989 1821 3092 1889 ita,
3127 1824 3259 1894 post
3309 1820 3626 1894 captionem
3661 1820 3779 1876 servi

2173 1909 2333 1966 illius
2365 1915 2421 1966 et
2452 1909 2783 1966 ﬁdelissimi
2814 1911 2944 1981 ejus
2979 1909 3179 1966 famuli
3206 1909 3424 1976 Maioli,
3456 1909 3730 1966 Sarraceni
3755 1926 3781 1964 a

2175 1999 2393 2055 ﬁnibus
2422 1998 2886 2055 Christianorum
2915 2003 3054 2054 sunt
3083 1998 3334 2072 expulsi.
3359 1998 3426 2054 Et
3452 1998 3594 2054 sicut
3615 1997 3782 2070 per'l‘i-

2174 2092 2302 2144 tum
2332 2093 2389 2144 et
2411 2087 2862 2160 Vespasianum,
2890 2088 3286 2144 Romanorum
3319 2086 3783 2160 principes,Domi-

2176 2195 2290 2234 nus
2313 2195 2345 2233 a
2364 2177 2586 2234 Judaeis
2606 2176 2921 2232 vindictam
2947 2176 3224 2245 exercuit,
3239 2175 3326 2232 ita
3346 2193 3450 2248 per
3467 2174 3781 2232 Willelmum

2178 2265 2652 2322 illustrissimum
2681 2265 2869 2321 virum
2895 2266 3010 2338 (57)
3022 2270 3078 2322 et
3093 2264 3648 2322 Christianissimtim
3659 2263 3780 2337 prin-

2177 2355 2387 2428 cipem,
2413 2355 2640 2410 meritis
2661 2355 2812 2410 beati
2833 2353 3023 2410 Maioli
3039 2355 3250 2428 jugum
3281 2355 3707 2411 Sarracenorum
3725 2351 3782 2408 ab

2177 2444 2442 2500 humeris
2459 2443 2923 2500 Christianorum
2943 2444 3233 2516 deposuit.
3250 2444 3322 2500 Et
3341 2442 3524 2500 multa
3539 2446 3780 2498 terrarum

2179 2533 2390 2606 spatia,
2415 2533 2487 2588 ab
2517 2533 2602 2590 eis
2632 2531 2849 2605 injuste
2879 2549 3174 2605 possessa,
3198 2533 3274 2589 ab
3305 2549 3503 2588 eorum
3525 2530 3782 2603 tyrannica

2177 2621 2576 2678 dominatione
2607 2622 2825 2694 potenti
2859 2622 3070 2678 virtute
3100 2621 3331 2692 eripuit.
3359 2621 3490 2690 Sed,
3511 2619 3598 2676 his
3623 2617 3778 2682 dictis,

2179 2728 2414 2768 necesse
2445 2715 2535 2766 est
2562 2716 2626 2766 ut
2655 2711 2724 2768 ad
2759 2710 3059 2784 proposita
3088 2712 3422 2767 redeamus.

2251 2803 2384 2868 Quae
2415 2805 2556 2856 sunt
2594 2817 2722 2872 qum
2755 2801 3170 2873 praposuimus
3192 2801 3220 2857 ?
3253 2799 3600 2873 Prazsagium
3626 2796 3780 2870 quod-

2178 2891 2314 2946 dam
2332 2889 2939 2957 memorabile,favens
2957 2887 3306 2945 accidentiis
3325 2887 3666 2962 temporibus
3683 2887 3784 2941 bea-

2178 2979 2222 3034 ti
2236 2977 2430 3034 Maioli
2451 2979 3017 3050 supervenientibus.
3041 2979 3175 3045 Quae
3199 2982 3344 3034 sunt
3364 2975 3464 3033 illa
3483 2971 3784 3032 accidentia?

2177 3071 2630 3124 Sarracenorum
2662 3066 3018 3140 improvisus
3039 3067 3348 3134 adventus,
3367 3065 3781 3123 Christianorum

416 3151 594 3209 teries
625 3153 1060 3211 contradicebat
1083 3154 1358 3228 incipere,
1384 3156 1535 3228 quod
1571 3157 1642 3212 ob
1672 3157 2066 3228 granditatem
2099 3143 2141 3210 C
2179 3155 3016 3226 afﬁictio,monasteriorumet
3037 3155 3277 3212 urbium
3301 3148 3784 3223 destructio,ipsius

419 3243 510 3298 sui
544 3241 823 3298 timebam
855 3260 949 3298 me
993 3261 1107 3300 non
1158 3262 1329 3317 posse
1358 3245 1652 3316 perﬁcere.
1685 3246 1752 3302 Et
1780 3261 1915 3300 cum
1946 3243 2068 3300 haec

419 3331 760 3404 cogitarem,
801 3331 1032 3388 dicebat
1061 3333 1190 3405 ipsa
1233 3351 1363 3389 mea
1391 3332 1664 3405 cogitatio
1695 3333 1838 3388 mihi
1875 3351 1888 3390 :
1922 3333 2066 3388 Tam

2177 3245 2330 3300 beati
2363 3243 2559 3300 Maioli
2604 3243 2814 3317 captio,
2850 3245 3196 3318 redemptio,
3229 3249 3290 3299 et
3319 3241 3576 3300 liberatio
3602 3241 3716 3313 (58),
3740 3240 3784 3292 et

2177 3333 2442 3405 ejusdem
2459 3333 2828 3389 ferocissima:
2841 3333 3034 3407 gentis
3052 3351 3086 3389 a
3101 3332 3566 3390 Christianorum
3583 3329 3778 3391 ﬁnibus,

421 3419 630 3475 idonee
651 3421 860 3492 poterit
881 3420 1016 3492 quis
1038 3422 1250 3476 referre
1267 3421 1502 3495 ingenio
1522 3422 1774 3495 alicujus
1804 3422 1908 3477 viri
1931 3421 2070 3478 boni
2177 3421 2406 3479 Christo
2439 3420 2776 3488 auxiliante,
2796 3422 3237 3493 dejectio.Quod
3259 3420 3350 3479 vel
3375 3420 3541 3494 quale
3561 3423 3641 3476 est
3667 3414 3778 3472 illud

423 3507 688 3564 delusam
713 3508 1185 3566 crudelissimam
1209 3509 1430 3564 rabiem
1447 3509 1858 3583 lupi,sicutille
1873 3509 2073 3566 retulit

425 3596 941 3652 mansuetudinem
969 3601 1026 3653 ct
1040 3597 1444 3654 obedientiam
1471 3597 1675 3667 leonis,
1705 3600 1803 3672 qui
1835 3599 2073 3672 scripsit

423 3685 618 3741 Vitam
641 3689 704 3740 Β.
731 3684 1065 3759 Hieronymi
1086 3685 1294 3742 divina:
1319 3685 1464 3760 legis
1487 3688 1838 3762 interpretis,
1863 3689 2074 3744 doctis-

427 3773 586 3841 simi,
610 3774 995 3831 eruditissimi
1025 3779 1080 3830 et
1111 3774 1378 3831 catholici
1410 3776 1566 3832 viri?
1596 3777 1942 3833 Imminente
1973 3777 2075 3833 ita-

427 3877 544 3936 que
576 3867 834 3934 tempore
866 3862 964 3920 illo
994 3881 1109 3938 quo
1127 3865 1200 3921 ab
1221 3864 1512 3938 Hispaniae
1543 3867 1762 3922 ﬁnibus
1787 3865 2074 3924 ebulliens

429 3951 840 4009 crudelissima
875 3953 1328 4010 Sarracenorum
1375 3954 1582 4028 ingens
1621 3954 1936 4012 multitudo
1975 3973 2077 4028 per

427 4041 752 4098 iternavale
774 4043 842 4098 ad
867 4043 1150 4100 terminos
1173 4044 1548 4116 usqueItalize
1569 4049 1743 4118 atquc
1763 4045 2074 4101 Provincia:

429 4132 688 4204 pervenit
710 4135 767 4186 et
782 4131 840 4188 in
864 4135 1111 4204 utroque
1133 4149 1310 4206 regno
1331 4131 1641 4206 utriusque
1663 4133 1884 4188 ordinis
1905 4151 2077 4190 sexus

428 4219 620 4274 aetatis
647 4219 955 4276 hominum
1001 4225 1227 4295 strages
1255 4222 1449 4290 dedit;
1484 4223 1693 4278 deinde
1723 4224 2077 4280 monasteria

2181 3510 2528 3586 praesagium
2561 3509 2976 3567 memorabile?
2994 3510 3296 3567 Praecessit
3311 3512 3466 3567 enim
3488 3503 3778 3565 crudelissi-

2183 3617 2339 3657 mam
2352 3599 2784 3658 infestationem
2800 3600 3252 3656 Sarracenorum
3269 3599 3462 3657 rabies
3473 3593 3780 3654 inauditalu-

2181 3706 2390 3762 porum
2406 3689 2465 3744 in
2483 3687 2602 3744 illis
2619 3689 2872 3744 maxime
2891 3689 3244 3762 partibus,in
3263 3690 3482 3764 quibus
3500 3689 3781 3762 posttrans-

2181 3777 2330 3834 itum
2358 3777 2538 3834 maris
2569 3781 2726 3834 totus
2759 3779 3212 3834 Sarracenorum
3250 3776 3522 3834 efferbuit
3549 3775 3776 3848 impetus.

2184 3866 2450 3924 Diximus
2473 3883 2576 3938 pro
2609 3865 2846 3922 modulo
2879 3865 3131 3940 qualiter
3159 3867 3408 3923 liberata
3435 3869 3522 3922 est
3562 3859 3779 3918 ﬁdelium

2186 3954 3006 4011 multitudoaSarracenorum
3024 3954 3692 4028 perseeutione,dicamus
3703 3961 3781 4020 pro

2185 4061 2357 4118 posse
2383 4061 2498 4116 quo
2524 4044 2727 4100 ordine
2747 4044 2994 4101 liberata
3013 4051 3102 4102 cst
3119 4045 3310 4119 patria
3332 4063 3365 4102 a
3386 4045 3640 4118 luporum
3667 4035 3778 4091 infc-

2187 4132 2456 4190 statione.
2491 4133 2622 4189 Fuit
2649 4134 2852 4190 eodem
2884 4138 3147 4208 tempore
3177 4134 3418 4207 quidam
3451 4131 3608 4188 miles
3631 4123 3780 4183 inillis

2187 4223 2728 4298 partibus,nomine
2752 4223 3089 4281 Folcherius
3105 4225 3232 4298 (59),
3249 4225 3309 4279 in
3333 4223 3510 4280 armis
3532 4224 3782 4276 strenuus.

430 4305 762 4378 destruens,
789 4309 989 4377 urbes,
1021 4308 1178 4366 vicos
1203 4309 1487 4383 villasque
1518 4311 1882 4384 depopulans
1910 4315 1967 4368 et
1995 4312 2080 4369 sic
2180 4313 2317 4385 jure
2348 4312 2714 4370 hereditario
2744 4313 3086 4387 caeterisque
3119 4315 3288 4372 bonis
3311 4310 3594 4381 etdivitiis
3611 4299 3784 4364 ditissi-

1685 4455 1996 4512 ANDREIE
2033 4455 2315 4514 CHESNII
2351 4456 2584 4514 NOTZE.

433 4572 510 4657 tis
535 4590 654 4657 suae
671 4575 1099 4657 gravitudinem
1121 4577 1377 4634 invenire
1408 4577 1730 4650 promeruit
1751 4579 2082 4652 aliquantu-
2109 4560 2156 4626 D
2187 4579 2473 4657 occultus,
2491 4581 2588 4654 qui
2613 4582 3002 4657 quodcunque
3033 4583 3428 4657 membrorum
3460 4572 3776 4657 arripuissql‘.

433 4644 553 4700 tam
584 4643 1080 4704 levi’gabilitatem.
1118 4671 1144 4699 η

507 4717 620 4791 (56)
676 4717 958 4775 Nescimus
1035 4721 1190 4790 cujus
1261 4721 1475 4790 generis
1548 4723 1676 4791 igne
1759 4723 2082 4780 terribiliter

432 4786 617 4866 adusti
641 4791 972 4866 liberamur.
1009 4786 1166 4866 Idem
1192 4786 1364 4866 refert
1389 4786 1621 4866 Glaber,
1653 4792 1754 4848 lib.
1788 4811 1848 4866 u,
1881 4796 2079 4866 caput],

435 4861 607 4930 cujus
634 4862 831 4936 verba.
864 4861 1004 4936 quia
1051 4861 1243 4920 locum
1293 4863 1451 4919 hunc
1495 4862 1870 4936 aliquomodo
1901 4861 2078 4936 eiplié

435 4947 566 5008 care
593 4933 1365 5008 videntur;hicgexscribere
1395 4952 1510 5008 non
1544 4933 1784 5008 pigebit.
1819 4959 1848 4987 «
1879 4933 2082 5008 Ponti-

435 5002 822 5076 ﬁces,inquit,
843 5005 903 5079 in
935 5005 1138 5062 Galliis
1167 5007 1385 5079 quiqne
1416 5002 2082 5079 religiosioresaszeculo

436 5075 828 5150 excesserunt,
862 5075 1015 5133 inter
1030 5075 1200 5150 quos
1220 5075 1394 5150 etiam
1432 5075 1594 5150 bonae
1628 5079 1920 5134 memoria;
1942 5096 2082 5134 san-

437 5148 568 5220 ctus
587 5146 1119 5220 videlicetMaiolus
1141 5149 1295 5220 apud
1317 5149 1697 5206 Silviniacum
1729 5149 2079 5216 cmuobium,

435 5215 565 5292 vitae
593 5218 898 5292 praesentis
931 5215 1244 5292 terminum
1278 5219 1842 5292 consecutus.Cujus
1864 5215 2085 5278 scilicet

438 5286 572 5362 vitm
593 5286 958 5362 honestatem
983 5291 1270 5362 pretiosus
1292 5292 1462 5347 etiam
1489 5286 1856 5348 commendat
1886 5297 2082 5348 trans-

441 5357 611 5412 situs.
628 5359 773 5415 Nam
791 5361 862 5415 ad
880 5357 1041 5416 illius
1064 5362 1280 5417 famam
1313 5364 1641 5421 sanctitatis
1673 5364 2000 5422 conﬂuxere
2017 5383 2086 5421 ex

441 5429 713 5507 universo
744 5431 1006 5507 Romano
1035 5433 1172 5507 orbe
1190 5433 1306 5507 _viri
1326 5441 1379 5488 et
1400 5435 1672 5492 mulieres
1703 5441 2087 5507 utrorumque

440 5500 712 5574 ordinum
747 5503 1009 5574 plurimi,
1037 5504 1242 5560 exinde
1275 5507 1584 5565 referentes
1615 5507 1975 5564 diversarum
1995 5500 2086 5564 in-

440 5571 781 5648 firmitatem
841 5573 1064 5648 gratias
1125 5576 1414 5634 sanitatis.
1475 5579 1826 5635 Desazviebat
1881 5581 2085 5636 eodem

439 5648 698 5725 tempore
726 5644 926 5706 clades
955 5647 1212 5720 pessima
1232 5649 1292 5708 in
1314 5649 1846 5726 hominibus,ignis
1869 5651 2089 5710 scilicet

2189 4653 2484 4709 exurendo
2509 4648 2826 4710 truncabat
2853 4671 2887 4709 a
2905 4648 3174 4721 corpore.
3208 4653 3516 4724 Plerosque
3559 4648 3772 4724 etiamin

2190 4724 2380 4802 spatio
2411 4724 2588 4802 unius
2615 4725 2996 4802 noctishujus
3013 4719 3167 4798 ignis
3187 4719 3772 4802 consum'psitﬁx‘llSQQ

2189 4787 2302 4851 Sed
2332 4812 2466 4868 cum
2498 4795 2558 4851 in
2589 4795 2862 4868 plurimis
2895 4787 3253 4868 "sanctorum
3308 4787 3592 4868 memoriis
3632 4787 3774 4868 built?

2189 4867 2504 4923 tremendae
2536 4866 2718 4938 pestis
2766 4868 2885 4924 sint
2928 4867 3164 4924 inventa
3214 4866 3485 4932 remedia,
3532 4866 3774 4938 maximus

2189 4938 2394 4994 tamen
2446 4935 2768 4995 concursus
2810 4940 2999 4994 factus
3048 4943 3138 4995 est
3185 4939 3254 4995 ad
3285 4939 3458 4994 trium
3489 4935 3772 4990 sanctorum

2191 5011 2595 5088 confessorum
2625 5010 2921 5088 ecclesias,
2937 5009 3172 5066 Martini
3194 5009 3772 5088 scilicet'ljuronortlEI.

2192 5086 2368 5154 atque
2399 5080 2650 5154 Odolrici
2685 5081 3105 5154 Bajoariorum,
3131 5098 3351 5154 necnon
3379 5079 3614 5154 et_istius
3639 5081 3772 5154 vene:

2191 5137 2606 5280 rabiligpatris
2637 5137 3190 5226 Maidli,optataaque
3219 5137 3421 5210 salutis
3441 5148 3648 5205 inventa
3663 5137 3773 5196 sunt

2193 5241 2352 5280 reme
2397 5241 2450 5279 1a
2507 5246 2534 5274 »
3674 5279 3681 5280 ,

2193 5241 2450 5280 remedia
2507 5246 2534 5274 ››

2263 5279 2387 5364 (571
2407 5301 2514 5350 Pcr
2547 5295 2887 5351 Willelmum
2911 5295 3348 5353 illustrissimum
3373 5295 3560 5350 virum.
3575 5279 3770 5342 Arelaw

2194 5367 2314 5422 sive
2343 5366 2661 5440 Provinciae
2680 5368 2974 5436 comitem,
3008 5369 3226 5440 dequo
3246 5369 3368 5438 jam
3398 5377 3579 5440 supra.
3613 5427 3642 5440 __

2265 5440 2380 5511 (58)
2408 5441 2468 5491 Β.
2504 5437 2691 5511 Maioli
2745 5423 2972 5511 captio;
3002 5423 3316 5511 redemptio,
3352 5441 3403 5511 et.
3449 5423 3772 5511 liber-attolli?

2195 5492 2412 5584 quas,
2460 5492 2517 5564 et
2561 5492 2975 5584 casei-gina}.
3004 5492 3315 5584 uastas;
3343 5492 3392 5563 4;
3423 5509 3476 5562 et
3506 5492 3769 5558 Monachus

2195 5579 2628 5638 Silviniacensis
2660 5582 2722 5637 in
2748 5579 2882 5638 Vita
2911 5582 3098 5639 sancti
3128 5579 3338 5639 Maioli.

2269 5631 2627 5726 (sanata:
2661 5631 3338 5712 ’ἶιοὴὶἑῆἴὲὀὶὲιῖἑῆᾙ
3380 5649 3534 5707 Pater
3591 5631 3769 5695 εοίιίοοι
