  <div class='ocr_page' id='page_1' title='image "/cluster/home/n/w/nwhite01/storage/ocr_20150623/142/hvd.32044054760020/487.png"; bbox 0 0 4020 6180; ppageno 0'>
   <div class='ocr_carea' id='block_1_1' title="bbox 410 325 3758 396">
    <p class='ocr_par' dir='ltr' id='par_1_1' title="bbox 410 325 3758 396">
     <span class='ocr_line' id='line_1_1' title="bbox 410 325 3758 396; baseline 0.001 -2"><span class='ocrx_word' id='word_1_1' title='bbox 410 336 528 396; x_wconf 67' lang='grc'><strong>983</strong></span> <span class='ocrx_word' id='word_1_2' title='bbox 1335 332 1400 392; x_wconf 92' lang='lat' dir='ltr'><strong>S.</strong></span> <span class='ocrx_word' id='word_1_3' title='bbox 1432 329 1800 394; x_wconf 74' lang='lat' dir='ltr'><strong>ODILONIS</strong></span> <span class='ocrx_word' id='word_1_4' title='bbox 1841 326 2404 392; x_wconf 76' lang='lat' dir='ltr'><strong>CLUNIACENSIS</strong></span> <span class='ocrx_word' id='word_1_5' title='bbox 2451 325 2778 392; x_wconf 47' lang='lat' dir='ltr'><strong>ABBATI&#39;S</strong></span> <span class='ocrx_word' id='word_1_6' title='bbox 2823 329 2900 390; x_wconf 65' lang='grc' dir='ltr'><strong>ν.</strong></span> <span class='ocrx_word' id='word_1_7' title='bbox 3659 334 3758 396; x_wconf 66' lang='grc'><strong>964</strong></span> 
     </span>
    </p>
   </div>
   <div class='ocr_carea' id='block_1_2' title="bbox 624 459 3045 540">
    <p class='ocr_par' dir='ltr' id='par_1_2' title="bbox 624 459 3045 540">
     <span class='ocr_line' id='line_1_2' title="bbox 624 459 3045 540; baseline -0.002 -18"><span class='ocrx_word' id='word_1_8' title='bbox 624 467 836 523; x_wconf 80' lang='lat' dir='ltr'><strong>Factus</strong></span> <span class='ocrx_word' id='word_1_9' title='bbox 865 468 955 523; x_wconf 90' lang='lat' dir='ltr'><strong>est</strong></span> <span class='ocrx_word' id='word_1_10' title='bbox 983 467 1148 538; x_wconf 86' lang='lat' dir='ltr'><strong>pater</strong></span> <span class='ocrx_word' id='word_1_11' title='bbox 1177 463 1432 540; x_wconf 78' lang='lat' dir='ltr'><strong>inclytus</strong></span> <span class='ocrx_word' id='word_1_12' title='bbox 2091 465 2146 534; x_wconf 73' lang='grc' dir='ltr'><strong>Α</strong></span> <span class='ocrx_word' id='word_1_13' title='bbox 2461 463 2713 520; x_wconf 79' lang='lat' dir='ltr'><strong>Honoris</strong></span> <span class='ocrx_word' id='word_1_14' title='bbox 2743 459 3045 536; x_wconf 90' lang='lat' dir='ltr'><strong>privilegio</strong></span> 
     </span>
    </p>
   </div>
   <div class='ocr_carea' id='block_1_3' title="bbox 637 549 3225 630">
    <p class='ocr_par' dir='ltr' id='par_1_3' title="bbox 637 549 3225 630">
     <span class='ocr_line' id='line_1_3' title="bbox 637 549 3225 630; baseline -0.002 -18"><span class='ocrx_word' id='word_1_15' title='bbox 637 562 764 630; x_wconf 90' lang='lat' dir='ltr'><strong>Ipse</strong></span> <span class='ocrx_word' id='word_1_16' title='bbox 793 555 881 611; x_wconf 89' lang='lat' dir='ltr'><strong>vir</strong></span> <span class='ocrx_word' id='word_1_17' title='bbox 901 552 1277 628; x_wconf 73' lang='lat' dir='ltr'><strong>apostolicus.</strong></span> <span class='ocrx_word' id='word_1_18' title='bbox 2388 554 2551 611; x_wconf 73' lang='lat' dir='ltr'><strong>Cmtu</strong></span> <span class='ocrx_word' id='word_1_19' title='bbox 2583 554 2824 627; x_wconf 83' lang='lat' dir='ltr'><strong>junctus</strong></span> <span class='ocrx_word' id='word_1_20' title='bbox 2853 549 3178 608; x_wconf 88' lang='lat' dir='ltr'><strong>monastico</strong></span> <span class='ocrx_word' id='word_1_21' title='bbox 3212 568 3225 608; x_wconf 89' lang='lat'><strong><em>:</em></strong></span> 
     </span>
    </p>
   </div>
   <div class='ocr_carea' id='block_1_4' title="bbox 695 639 3120 717">
    <p class='ocr_par' dir='ltr' id='par_1_4' title="bbox 695 639 3120 717">
     <span class='ocr_line' id='line_1_4' title="bbox 695 639 3120 717; baseline -0.002 -15"><span class='ocrx_word' id='word_1_22' title='bbox 695 645 879 717; x_wconf 81' lang='lat' dir='ltr'><strong>Cujus</strong></span> <span class='ocrx_word' id='word_1_23' title='bbox 909 643 1064 700; x_wconf 90' lang='lat' dir='ltr'><strong>clara</strong></span> <span class='ocrx_word' id='word_1_24' title='bbox 1092 641 1378 700; x_wconf 81' lang='lat' dir='ltr'><strong>confessio</strong></span> <span class='ocrx_word' id='word_1_25' title='bbox 2386 645 2496 700; x_wconf 85' lang='lat' dir='ltr'><strong>Sed</strong></span> <span class='ocrx_word' id='word_1_26' title='bbox 2529 647 2587 700; x_wconf 91' lang='lat' dir='ltr'><strong>et</strong></span> <span class='ocrx_word' id='word_1_27' title='bbox 2614 641 2811 700; x_wconf 87' lang='lat' dir='ltr'><strong>choris</strong></span> <span class='ocrx_word' id='word_1_28' title='bbox 2839 639 3120 716; x_wconf 81' lang='lat' dir='ltr'><strong>angelicis</strong></span> 
     </span>
    </p>
   </div>
   <div class='ocr_carea' id='block_1_5' title="bbox 621 729 3078 806">
    <p class='ocr_par' dir='ltr' id='par_1_5' title="bbox 621 729 3078 806">
     <span class='ocr_line' id='line_1_5' title="bbox 621 729 3078 806; baseline -0.003 -14"><span class='ocrx_word' id='word_1_29' title='bbox 621 735 946 792; x_wconf 88' lang='lat' dir='ltr'><strong>Coronatur</strong></span> <span class='ocrx_word' id='word_1_30' title='bbox 974 733 1253 806; x_wconf 80' lang='lat' dir='ltr'><strong>martyrio</strong></span> <span class='ocrx_word' id='word_1_31' title='bbox 2389 731 2627 790; x_wconf 77' lang='lat' dir='ltr'><strong>Frueris</strong></span> <span class='ocrx_word' id='word_1_32' title='bbox 2651 731 2790 788; x_wconf 85' lang='lat' dir='ltr'><strong>aula</strong></span> <span class='ocrx_word' id='word_1_33' title='bbox 2810 729 3078 788; x_wconf 86' lang='lat' dir='ltr'><strong>luminis.</strong></span> 
     </span>
    </p>
   </div>
   <div class='ocr_carea' id='block_1_6' title="bbox 624 819 3282 896">
    <p class='ocr_par' dir='ltr' id='par_1_6' title="bbox 624 819 3282 896">
     <span class='ocr_line' id='line_1_6' title="bbox 624 819 3282 896; baseline -0.002 -16"><span class='ocrx_word' id='word_1_34' title='bbox 624 822 982 881; x_wconf 90' lang='lat' dir='ltr'><strong>Decertando</strong></span> <span class='ocrx_word' id='word_1_35' title='bbox 1013 821 1295 896; x_wconf 80' lang='lat' dir='ltr'><strong>legitime,</strong></span> <span class='ocrx_word' id='word_1_36' title='bbox 2458 821 2644 890; x_wconf 89' lang='lat' dir='ltr'><strong>Unde,</strong></span> <span class='ocrx_word' id='word_1_37' title='bbox 2669 821 2862 890; x_wconf 88' lang='lat' dir='ltr'><strong>Pater,</strong></span> <span class='ocrx_word' id='word_1_38' title='bbox 2895 837 3008 877; x_wconf 86' lang='lat' dir='ltr'><strong>nos</strong></span> <span class='ocrx_word' id='word_1_39' title='bbox 3035 819 3282 893; x_wconf 81' lang='lat' dir='ltr'><strong>respice.</strong></span> 
     </span>
    </p>
   </div>
   <div class='ocr_carea' id='block_1_7' title="bbox 622 909 3196 984">
    <p class='ocr_par' dir='ltr' id='par_1_7' title="bbox 622 909 3196 984">
     <span class='ocr_line' id='line_1_7' title="bbox 622 909 3196 984; baseline -0.001 -16"><span class='ocrx_word' id='word_1_40' title='bbox 622 911 872 968; x_wconf 87' lang='lat' dir='ltr'><strong>Subacto</strong></span> <span class='ocrx_word' id='word_1_41' title='bbox 903 911 1110 967; x_wconf 88' lang='lat' dir='ltr'><strong>mundi</strong></span> <span class='ocrx_word' id='word_1_42' title='bbox 1143 909 1427 984; x_wconf 85' lang='lat' dir='ltr'><strong>principe.</strong></span> <span class='ocrx_word' id='word_1_43' title='bbox 2385 911 2626 968; x_wconf 89' lang='lat' dir='ltr'><strong>Pressos</strong></span> <span class='ocrx_word' id='word_1_44' title='bbox 2661 909 2882 983; x_wconf 83' lang='lat' dir='ltr'><strong>peccati</strong></span> <span class='ocrx_word' id='word_1_45' title='bbox 2911 909 3196 982; x_wconf 84' lang='lat' dir='ltr'><strong>pondere;</strong></span> 
     </span>
    </p>
   </div>
   <div class='ocr_carea' id='block_1_8' title="bbox 695 998 3200 1074">
    <p class='ocr_par' dir='ltr' id='par_1_8' title="bbox 695 998 3200 1074">
     <span class='ocr_line' id='line_1_8' title="bbox 695 998 3200 1074; baseline -0.002 -16"><span class='ocrx_word' id='word_1_46' title='bbox 695 999 1004 1074; x_wconf 86' lang='lat' dir='ltr'><strong>Templum</strong></span> <span class='ocrx_word' id='word_1_47' title='bbox 1038 1001 1163 1074; x_wconf 90' lang='lat' dir='ltr'><strong>ipso</strong></span> <span class='ocrx_word' id='word_1_48' title='bbox 1194 999 1542 1073; x_wconf 88' lang='lat' dir='ltr'><strong>virgineum.</strong></span> <span class='ocrx_word' id='word_1_49' title='bbox 2389 1005 2618 1074; x_wconf 83' lang='lat' dir='ltr'><strong>Depone</strong></span> <span class='ocrx_word' id='word_1_50' title='bbox 2647 1015 2880 1074; x_wconf 79' lang='lat' dir='ltr'><strong>gravem</strong></span> <span class='ocrx_word' id='word_1_51' title='bbox 2907 998 3200 1054; x_wconf 88' lang='lat' dir='ltr'><strong>sarcinam</strong></span> 
     </span>
    </p>
   </div>
   <div class='ocr_carea' id='block_1_9' title="bbox 622 1087 3068 1163">
    <p class='ocr_par' dir='ltr' id='par_1_9' title="bbox 622 1087 3068 1163">
     <span class='ocr_line' id='line_1_9' title="bbox 622 1087 3068 1163; baseline -0.002 -16"><span class='ocrx_word' id='word_1_52' title='bbox 622 1091 831 1147; x_wconf 89' lang='lat' dir='ltr'><strong>Pectus</strong></span> <span class='ocrx_word' id='word_1_53' title='bbox 861 1089 1110 1146; x_wconf 82' lang='lat' dir='ltr'><strong>sacravit</strong></span> <span class='ocrx_word' id='word_1_54' title='bbox 1138 1089 1462 1162; x_wconf 82' lang='lat' dir='ltr'><strong>praprium,</strong></span> <span class='ocrx_word' id='word_1_55' title='bbox 2388 1089 2601 1163; x_wconf 87' lang='lat' dir='ltr'><strong>Leviga</strong></span> <span class='ocrx_word' id='word_1_56' title='bbox 2631 1087 3068 1144; x_wconf 82' lang='lat' dir='ltr'><strong>conscientiam.</strong></span> 
     </span>
    </p>
   </div>
   <div class='ocr_carea' id='block_1_10' title="bbox 622 1175 3184 1250">
    <p class='ocr_par' dir='ltr' id='par_1_10' title="bbox 622 1175 3184 1250">
     <span class='ocr_line' id='line_1_10' title="bbox 622 1175 3184 1250; baseline -0.002 -13"><span class='ocrx_word' id='word_1_57' title='bbox 622 1178 886 1237; x_wconf 72' lang='lat' dir='ltr'><strong>Caelestis</strong></span> <span class='ocrx_word' id='word_1_58' title='bbox 917 1177 1051 1236; x_wconf 64' lang='lat' dir='ltr'><strong>vita)</strong></span> <span class='ocrx_word' id='word_1_59' title='bbox 1075 1178 1320 1234; x_wconf 88' lang='lat' dir='ltr'><strong>nuntius</strong></span> <span class='ocrx_word' id='word_1_60' title='bbox 2457 1179 2561 1235; x_wconf 89' lang='lat' dir='ltr'><strong>His</strong></span> <span class='ocrx_word' id='word_1_61' title='bbox 2593 1177 2852 1234; x_wconf 78' lang='lat' dir='ltr'><strong>fascibus</strong></span> <span class='ocrx_word' id='word_1_62' title='bbox 2883 1175 3184 1250; x_wconf 87' lang='lat' dir='ltr'><strong>depositis,</strong></span> 
     </span>
    </p>
   </div>
   <div class='ocr_carea' id='block_1_11' title="bbox 625 1264 3138 1340">
    <p class='ocr_par' dir='ltr' id='par_1_11' title="bbox 625 1264 3138 1340">
     <span class='ocr_line' id='line_1_11' title="bbox 625 1264 3138 1340; baseline -0.002 -15"><span class='ocrx_word' id='word_1_63' title='bbox 625 1270 798 1326; x_wconf 84' lang='lat' dir='ltr'><strong>Recte</strong></span> <span class='ocrx_word' id='word_1_64' title='bbox 827 1271 1067 1325; x_wconf 88' lang='lat' dir='ltr'><strong>vocatur</strong></span> <span class='ocrx_word' id='word_1_65' title='bbox 1093 1264 1359 1340; x_wconf 82' lang='lat' dir='ltr'><strong>angelus.</strong></span> <span class='ocrx_word' id='word_1_66' title='bbox 2385 1267 2586 1324; x_wconf 89' lang='lat' dir='ltr'><strong>Mortis</strong></span> <span class='ocrx_word' id='word_1_67' title='bbox 2616 1267 2840 1323; x_wconf 88' lang='lat' dir='ltr'><strong>solutos</strong></span> <span class='ocrx_word' id='word_1_68' title='bbox 2868 1264 3138 1335; x_wconf 85' lang='lat' dir='ltr'><strong>vinculis,</strong></span> 
     </span>
    </p>
   </div>
   <div class='ocr_carea' id='block_1_12' title="bbox 695 1352 3174 1430">
    <p class='ocr_par' dir='ltr' id='par_1_12' title="bbox 695 1352 3174 1430">
     <span class='ocr_line' id='line_1_12' title="bbox 695 1352 3174 1430; baseline -0.001 -17"><span class='ocrx_word' id='word_1_69' title='bbox 695 1357 953 1422; x_wconf 85' lang='lat' dir='ltr'><strong>Quorum</strong></span> <span class='ocrx_word' id='word_1_70' title='bbox 985 1355 1204 1429; x_wconf 83' lang='lat' dir='ltr'><strong>gaudet</strong></span> <span class='ocrx_word' id='word_1_71' title='bbox 1234 1352 1574 1410; x_wconf 88' lang='lat' dir='ltr'><strong>nominibus</strong></span> <span class='ocrx_word' id='word_1_72' title='bbox 2385 1357 2578 1430; x_wconf 89' lang='lat' dir='ltr'><strong>Junge</strong></span> <span class='ocrx_word' id='word_1_73' title='bbox 2608 1373 2716 1413; x_wconf 87' lang='lat' dir='ltr'><strong>nos</strong></span> <span class='ocrx_word' id='word_1_74' title='bbox 2747 1361 2881 1412; x_wconf 88' lang='lat' dir='ltr'><strong>tuos</strong></span> <span class='ocrx_word' id='word_1_75' title='bbox 2912 1353 3174 1412; x_wconf 87' lang='lat' dir='ltr'><strong>servulos</strong></span> 
     </span>
    </p>
   </div>
   <div class='ocr_carea' id='block_1_13' title="bbox 622 1442 3226 1517">
    <p class='ocr_par' dir='ltr' id='par_1_13' title="bbox 622 1442 3226 1517">
     <span class='ocr_line' id='line_1_13' title="bbox 622 1442 3226 1517; baseline -0 -14"><span class='ocrx_word' id='word_1_76' title='bbox 622 1449 792 1503; x_wconf 90' lang='lat' dir='ltr'><strong>Pater</strong></span> <span class='ocrx_word' id='word_1_77' title='bbox 821 1449 1020 1501; x_wconf 88' lang='lat' dir='ltr'><strong>noster</strong></span> <span class='ocrx_word' id='word_1_78' title='bbox 1049 1442 1321 1517; x_wconf 78' lang='lat' dir='ltr'><strong>egregius</strong></span> <span class='ocrx_word' id='word_1_79' title='bbox 2388 1445 2688 1502; x_wconf 90' lang='lat' dir='ltr'><strong>Monachis</strong></span> <span class='ocrx_word' id='word_1_80' title='bbox 2719 1443 3226 1517; x_wconf 69' lang='lat' dir='ltr'><strong>prmstantissimis</strong></span> 
     </span>
    </p>
   </div>
   <div class='ocr_carea' id='block_1_14' title="bbox 622 1532 3310 1607">
    <p class='ocr_par' dir='ltr' id='par_1_14' title="bbox 622 1532 3310 1607">
     <span class='ocr_line' id='line_1_14' title="bbox 622 1532 3310 1607; baseline -0.001 -16"><span class='ocrx_word' id='word_1_81' title='bbox 622 1535 725 1591; x_wconf 89' lang='lat' dir='ltr'><strong>His</strong></span> <span class='ocrx_word' id='word_1_82' title='bbox 756 1551 864 1590; x_wconf 87' lang='lat' dir='ltr'><strong>nos</strong></span> <span class='ocrx_word' id='word_1_83' title='bbox 887 1535 1101 1606; x_wconf 78' lang='lat' dir='ltr'><strong>jungat</strong></span> <span class='ocrx_word' id='word_1_84' title='bbox 1135 1532 1192 1588; x_wconf 91' lang='lat' dir='ltr'><strong>in</strong></span> <span class='ocrx_word' id='word_1_85' title='bbox 1226 1532 1462 1598; x_wconf 59' lang='lat' dir='ltr'><strong>(ethera,</strong></span> <span class='ocrx_word' id='word_1_86' title='bbox 2458 1535 2604 1590; x_wconf 89' lang='lat' dir='ltr'><strong>Cum</strong></span> <span class='ocrx_word' id='word_1_87' title='bbox 2639 1534 2856 1607; x_wconf 88' lang='lat' dir='ltr'><strong>quibus</strong></span> <span class='ocrx_word' id='word_1_88' title='bbox 2887 1550 2994 1590; x_wconf 91' lang='lat' dir='ltr'><strong>nos</strong></span> <span class='ocrx_word' id='word_1_89' title='bbox 3025 1538 3310 1606; x_wconf 86' lang='lat' dir='ltr'><strong>perpetua</strong></span> 
     </span>
    </p>
   </div>
   <div class='ocr_carea' id='block_1_15' title="bbox 625 1620 3066 1696">
    <p class='ocr_par' dir='ltr' id='par_1_15' title="bbox 625 1620 3066 1696">
     <span class='ocr_line' id='line_1_15' title="bbox 625 1620 3066 1696; baseline -0 -17"><span class='ocrx_word' id='word_1_90' title='bbox 625 1623 840 1680; x_wconf 87' lang='lat' dir='ltr'><strong>Christi</strong></span> <span class='ocrx_word' id='word_1_91' title='bbox 870 1623 1094 1678; x_wconf 77' lang='lat' dir='ltr'><strong>favente</strong></span> <span class='ocrx_word' id='word_1_92' title='bbox 1123 1620 1334 1694; x_wconf 87' lang='lat' dir='ltr'><strong>gratia.</strong></span> <span class='ocrx_word' id='word_1_93' title='bbox 2386 1624 2806 1680; x_wconf 83' lang='lat' dir='ltr'><strong>Possideamus</strong></span> <span class='ocrx_word' id='word_1_94' title='bbox 2831 1621 3066 1696; x_wconf 87' lang='lat' dir='ltr'><strong>gaudia,</strong></span> 
     </span>
    </p>
   </div>
   <div class='ocr_carea' id='block_1_16' title="bbox 697 1707 3091 1790">
    <p class='ocr_par' dir='ltr' id='par_1_16' title="bbox 697 1707 3091 1790">
     <span class='ocr_line' id='line_1_16' title="bbox 697 1707 3091 1790; baseline -0 -22"><span class='ocrx_word' id='word_1_95' title='bbox 697 1711 800 1768; x_wconf 87' lang='lat' dir='ltr'><strong>Cui</strong></span> <span class='ocrx_word' id='word_1_96' title='bbox 832 1711 911 1768; x_wconf 86' lang='lat' dir='ltr'><strong>sit</strong></span> <span class='ocrx_word' id='word_1_97' title='bbox 937 1711 1068 1768; x_wconf 90' lang='lat' dir='ltr'><strong>laus</strong></span> <span class='ocrx_word' id='word_1_98' title='bbox 1095 1713 1153 1767; x_wconf 89' lang='lat' dir='ltr'><strong>et</strong></span> <span class='ocrx_word' id='word_1_99' title='bbox 1181 1707 1366 1784; x_wconf 85' lang='lat' dir='ltr'><strong>gloria</strong></span> <span class='ocrx_word' id='word_1_100' title='bbox 1985 1785 1998 1790; x_wconf 86' lang='lat'>_</span> <span class='ocrx_word' id='word_1_101' title='bbox 2384 1713 2600 1770; x_wconf 79' lang='lat' dir='ltr'><strong>Christi</strong></span> <span class='ocrx_word' id='word_1_102' title='bbox 2628 1713 2855 1770; x_wconf 81' lang='lat' dir='ltr'><strong>favente</strong></span> <span class='ocrx_word' id='word_1_103' title='bbox 2883 1712 3091 1784; x_wconf 88' lang='lat' dir='ltr'><strong>gratia,</strong></span> 
     </span>
    </p>
   </div>
   <div class='ocr_carea' id='block_1_17' title="bbox 621 1798 3299 1902">
    <p class='ocr_par' dir='ltr' id='par_1_17' title="bbox 621 1798 3299 1902">
     <span class='ocr_line' id='line_1_17' title="bbox 621 1798 3299 1902; baseline -0 -44"><span class='ocrx_word' id='word_1_104' title='bbox 621 1801 867 1902; x_wconf 43' lang='lat' dir='ltr'><strong>Tollen‘ti</strong></span> <span class='ocrx_word' id='word_1_105' title='bbox 896 1798 1103 1856; x_wconf 90' lang='lat' dir='ltr'><strong>mundi</strong></span> <span class='ocrx_word' id='word_1_106' title='bbox 1133 1799 1480 1902; x_wconf 30' lang='lat' dir='ltr'><strong>criminas-</strong></span> <span class='ocrx_word' id='word_1_107' title='bbox 2092 1835 2139 1902; x_wconf 74' lang='grc' dir='ltr'><strong>Β</strong></span> <span class='ocrx_word' id='word_1_108' title='bbox 2385 1802 2491 1859; x_wconf 92' lang='lat' dir='ltr'><strong>Per</strong></span> <span class='ocrx_word' id='word_1_109' title='bbox 2519 1800 2754 1858; x_wconf 80' lang='lat' dir='ltr'><strong>infinita</strong></span> <span class='ocrx_word' id='word_1_110' title='bbox 2781 1799 3014 1858; x_wconf 60' lang='lat' dir='ltr'><strong>secula.</strong></span> <span class='ocrx_word' id='word_1_111' title='bbox 3090 1802 3299 1857; x_wconf 85' lang='lat' dir='ltr'><strong>Amen.</strong></span> 
     </span>
    </p>
   </div>
   <div class='ocr_carea' id='block_1_18' title="bbox 621 1887 3494 1963">
    <p class='ocr_par' dir='ltr' id='par_1_18' title="bbox 621 1887 3494 1963">
     <span class='ocr_line' id='line_1_18' title="bbox 621 1887 3494 1963; baseline -0.001 -15"><span class='ocrx_word' id='word_1_112' title='bbox 621 1891 768 1948; x_wconf 92' lang='lat' dir='ltr'><strong>Cum</strong></span> <span class='ocrx_word' id='word_1_113' title='bbox 802 1889 967 1946; x_wconf 86' lang='lat' dir='ltr'><strong>Patre</strong></span> <span class='ocrx_word' id='word_1_114' title='bbox 997 1893 1055 1945; x_wconf 90' lang='lat' dir='ltr'><strong>et</strong></span> <span class='ocrx_word' id='word_1_115' title='bbox 1079 1892 1280 1945; x_wconf 89' lang='lat' dir='ltr'><strong>sancto</strong></span> <span class='ocrx_word' id='word_1_116' title='bbox 1309 1887 1528 1961; x_wconf 84' lang='lat' dir='ltr'><strong>Spiritu</strong></span> <span class='ocrx_word' id='word_1_117' title='bbox 2096 1887 2139 1902; x_wconf 83' lang='grc'><em>“’</em></span> <span class='ocrx_word' id='word_1_118' title='bbox 2519 1891 2599 1946; x_wconf 81' lang='lat' dir='ltr'><strong>Ad</strong></span> <span class='ocrx_word' id='word_1_119' title='bbox 2623 1890 2890 1947; x_wconf 72' lang='lat' dir='ltr'><strong>secundas</strong></span> <span class='ocrx_word' id='word_1_120' title='bbox 2923 1891 3193 1963; x_wconf 72' lang='lat' dir='ltr'><strong>Vcsperas.</strong></span> <span class='ocrx_word' id='word_1_121' title='bbox 3225 1891 3494 1963; x_wconf 77' lang='lat' dir='ltr'><strong>Hymnus.</strong></span> 
     </span>
    </p>
   </div>
   <div class='ocr_carea' id='block_1_19' title="bbox 624 1976 3460 2068">
    <p class='ocr_par' dir='ltr' id='par_1_19' title="bbox 624 1976 3460 2068">
     <span class='ocr_line' id='line_1_19' title="bbox 624 1976 3460 2068; baseline -0.001 -31"><span class='ocrx_word' id='word_1_122' title='bbox 624 1981 686 2036; x_wconf 91' lang='lat' dir='ltr'><strong>In</strong></span> <span class='ocrx_word' id='word_1_123' title='bbox 713 1978 1071 2053; x_wconf 87' lang='lat' dir='ltr'><strong>sempiterna</strong></span> <span class='ocrx_word' id='word_1_124' title='bbox 1091 1976 1348 2068; x_wconf 64' lang='lat' dir='ltr'><strong>saecula._</strong></span> <span class='ocrx_word' id='word_1_125' title='bbox 1402 1979 1602 2032; x_wconf 83' lang='lat' dir='ltr'><strong>Amen.</strong></span> <span class='ocrx_word' id='word_1_126' title='bbox 2312 1979 2561 2048; x_wconf 82' lang='lat' dir='ltr'><strong>Christe,</strong></span> <span class='ocrx_word' id='word_1_127' title='bbox 2591 1983 2938 2036; x_wconf 87' lang='lat' dir='ltr'><strong>cunctorum</strong></span> <span class='ocrx_word' id='word_1_128' title='bbox 2971 1979 3189 2052; x_wconf 85' lang='lat' dir='ltr'><strong>pariter</strong></span> <span class='ocrx_word' id='word_1_129' title='bbox 3218 1984 3460 2035; x_wconf 87' lang='lat' dir='ltr'><strong>tuorum</strong></span> 
     </span>
    </p>
   </div>
   <div class='ocr_carea' id='block_1_20' title="bbox 2313 2065 3414 2136">
    <p class='ocr_par' dir='ltr' id='par_1_20' title="bbox 2313 2065 3414 2136">
     <span class='ocr_line' id='line_1_20' title="bbox 2313 2065 3414 2136; baseline -0.001 -11"><span class='ocrx_word' id='word_1_130' title='bbox 2313 2068 2625 2125; x_wconf 87' lang='lat' dir='ltr'><strong>Palmitum</strong></span> <span class='ocrx_word' id='word_1_131' title='bbox 2656 2068 2812 2135; x_wconf 91' lang='lat' dir='ltr'><strong>vitis,</strong></span> <span class='ocrx_word' id='word_1_132' title='bbox 2845 2067 2999 2124; x_wconf 91' lang='lat' dir='ltr'><strong>Deus</strong></span> <span class='ocrx_word' id='word_1_133' title='bbox 3029 2065 3206 2136; x_wconf 86' lang='lat' dir='ltr'><strong>alme,</strong></span> <span class='ocrx_word' id='word_1_134' title='bbox 3239 2067 3414 2124; x_wconf 90' lang='lat' dir='ltr'><strong>nobis</strong></span> 
     </span>
    </p>
   </div>
   <div class='ocr_carea' id='block_1_21' title="bbox 2314 2155 3227 2214">
    <p class='ocr_par' dir='ltr' id='par_1_21' title="bbox 2314 2155 3227 2214">
     <span class='ocr_line' id='line_1_21' title="bbox 2314 2155 3227 2214; baseline -0.002 0"><span class='ocrx_word' id='word_1_135' title='bbox 2314 2159 2506 2214; x_wconf 68' lang='lat' dir='ltr'><strong>Prtebe</strong></span> <span class='ocrx_word' id='word_1_136' title='bbox 2535 2156 2730 2214; x_wconf 89' lang='lat' dir='ltr'><strong>Maioli</strong></span> <span class='ocrx_word' id='word_1_137' title='bbox 2760 2155 3053 2214; x_wconf 88' lang='lat' dir='ltr'><strong>celebrare</strong></span> <span class='ocrx_word' id='word_1_138' title='bbox 3078 2156 3227 2214; x_wconf 88' lang='lat' dir='ltr'><strong>tanti</strong></span> 
     </span>
    </p>
   </div>
   <div class='ocr_carea' id='block_1_22' title="bbox 2525 2246 2975 2320">
    <p class='ocr_par' dir='ltr' id='par_1_22' title="bbox 2525 2246 2975 2320">
     <span class='ocr_line' id='line_1_22' title="bbox 2525 2246 2975 2320; baseline -0.002 -17"><span class='ocrx_word' id='word_1_139' title='bbox 2525 2247 2696 2303; x_wconf 89' lang='lat' dir='ltr'><strong>Festa</strong></span> <span class='ocrx_word' id='word_1_140' title='bbox 2722 2246 2975 2320; x_wconf 88' lang='lat' dir='ltr'><strong>patroni.</strong></span> 
     </span>
    </p>
   </div>
   <div class='ocr_carea' id='block_1_23' title="bbox 2311 2327 3374 2408">
    <p class='ocr_par' dir='ltr' id='par_1_23' title="bbox 2311 2327 3374 2408">
     <span class='ocr_line' id='line_1_23' title="bbox 2311 2327 3374 2408; baseline -0.002 -16"><span class='ocrx_word' id='word_1_141' title='bbox 2311 2338 2493 2403; x_wconf 88' lang='lat' dir='ltr'><strong>Quem</strong></span> <span class='ocrx_word' id='word_1_142' title='bbox 2524 2334 2630 2391; x_wconf 91' lang='lat' dir='ltr'><strong>tibi</strong></span> <span class='ocrx_word' id='word_1_143' title='bbox 2663 2334 2879 2391; x_wconf 89' lang='lat' dir='ltr'><strong>nostris</strong></span> <span class='ocrx_word' id='word_1_144' title='bbox 2910 2327 3128 2408; x_wconf 88' lang='lat' dir='ltr'><strong>placuit</strong></span> <span class='ocrx_word' id='word_1_145' title='bbox 3157 2335 3374 2392; x_wconf 91' lang='lat' dir='ltr'><strong>diebus</strong></span> 
     </span>
    </p>
   </div>
   <div class='ocr_carea' id='block_1_24' title="bbox 2312 2421 3410 2497">
    <p class='ocr_par' dir='ltr' id='par_1_24' title="bbox 2312 2421 3410 2497">
     <span class='ocr_line' id='line_1_24' title="bbox 2312 2421 3410 2497; baseline -0.002 -17"><span class='ocrx_word' id='word_1_146' title='bbox 2312 2423 2585 2481; x_wconf 89' lang='lat' dir='ltr'><strong>Pluribus</strong></span> <span class='ocrx_word' id='word_1_147' title='bbox 2613 2422 2799 2497; x_wconf 90' lang='lat' dir='ltr'><strong>signis</strong></span> <span class='ocrx_word' id='word_1_148' title='bbox 2831 2423 3174 2496; x_wconf 88' lang='lat' dir='ltr'><strong>meritisque</strong></span> <span class='ocrx_word' id='word_1_149' title='bbox 3202 2421 3410 2496; x_wconf 86' lang='lat' dir='ltr'><strong>dignis</strong></span> 
     </span>
    </p>
   </div>
   <div class='ocr_carea' id='block_1_25' title="bbox 2309 2511 3492 2587">
    <p class='ocr_par' dir='ltr' id='par_1_25' title="bbox 2309 2511 3492 2587">
     <span class='ocr_line' id='line_1_25' title="bbox 2309 2511 3492 2587; baseline -0.003 -17"><span class='ocrx_word' id='word_1_150' title='bbox 2309 2513 2564 2587; x_wconf 78' lang='lat' dir='ltr'><strong>Regibus</strong></span> <span class='ocrx_word' id='word_1_151' title='bbox 2593 2527 2788 2568; x_wconf 89' lang='lat' dir='ltr'><strong>coram</strong></span> <span class='ocrx_word' id='word_1_152' title='bbox 2817 2511 3242 2584; x_wconf 87' lang='lat' dir='ltr'><strong>hominumque</strong></span> <span class='ocrx_word' id='word_1_153' title='bbox 3271 2511 3492 2567; x_wconf 87' lang='lat' dir='ltr'><strong>turmis</strong></span> 
     </span>
    </p>
   </div>
   <div class='ocr_carea' id='block_1_26' title="bbox 2520 2600 2875 2658">
    <p class='ocr_par' dir='ltr' id='par_1_26' title="bbox 2520 2600 2875 2658">
     <span class='ocr_line' id='line_1_26' title="bbox 2520 2600 2875 2658; baseline -0.003 0"><span class='ocrx_word' id='word_1_154' title='bbox 2520 2600 2875 2658; x_wconf 83' lang='lat' dir='ltr'><strong>Gloriﬁcare.</strong></span> 
     </span>
    </p>
   </div>
   <div class='ocr_carea' id='block_1_27' title="bbox 2305 2689 3248 2762">
    <p class='ocr_par' dir='ltr' id='par_1_27' title="bbox 2305 2689 3248 2762">
     <span class='ocr_line' id='line_1_27' title="bbox 2305 2689 3248 2762; baseline -0.002 -14"><span class='ocrx_word' id='word_1_155' title='bbox 2305 2694 2545 2748; x_wconf 88' lang='lat' dir='ltr'><strong>Annuas</strong></span> <span class='ocrx_word' id='word_1_156' title='bbox 2575 2689 2820 2762; x_wconf 90' lang='lat' dir='ltr'><strong>istisque</strong></span> <span class='ocrx_word' id='word_1_157' title='bbox 2851 2691 2937 2746; x_wconf 90' lang='lat' dir='ltr'><strong>sic</strong></span> <span class='ocrx_word' id='word_1_158' title='bbox 2965 2689 3248 2746; x_wconf 90' lang='lat' dir='ltr'><strong>interesse</strong></span> 
     </span>
    </p>
   </div>
   <div class='ocr_carea' id='block_1_28' title="bbox 2307 2776 3350 2852">
    <p class='ocr_par' dir='ltr' id='par_1_28' title="bbox 2307 2776 3350 2852">
     <span class='ocr_line' id='line_1_28' title="bbox 2307 2776 3350 2852; baseline -0.004 -14"><span class='ocrx_word' id='word_1_159' title='bbox 2307 2779 2549 2838; x_wconf 89' lang='lat' dir='ltr'><strong>Gaudiis</strong></span> <span class='ocrx_word' id='word_1_160' title='bbox 2581 2795 2688 2836; x_wconf 88' lang='lat' dir='ltr'><strong>nos</strong></span> <span class='ocrx_word' id='word_1_161' title='bbox 2717 2779 3014 2852; x_wconf 90' lang='lat' dir='ltr'><strong>perpetuis</strong></span> <span class='ocrx_word' id='word_1_162' title='bbox 3045 2784 3103 2834; x_wconf 90' lang='lat' dir='ltr'><strong>et</strong></span> <span class='ocrx_word' id='word_1_163' title='bbox 3126 2776 3350 2852; x_wconf 88' lang='lat' dir='ltr'><strong>amplis</strong></span> 
     </span>
    </p>
   </div>
   <div class='ocr_carea' id='block_1_29' title="bbox 2307 2866 3241 2941">
    <p class='ocr_par' dir='ltr' id='par_1_29' title="bbox 2307 2866 3241 2941">
     <span class='ocr_line' id='line_1_29' title="bbox 2307 2866 3241 2941; baseline -0.004 -15"><span class='ocrx_word' id='word_1_164' title='bbox 2307 2870 2416 2926; x_wconf 90' lang='lat' dir='ltr'><strong>Pro</strong></span> <span class='ocrx_word' id='word_1_165' title='bbox 2449 2869 2565 2926; x_wconf 88' lang='lat' dir='ltr'><strong>reis</strong></span> <span class='ocrx_word' id='word_1_166' title='bbox 2593 2867 2776 2941; x_wconf 87' lang='lat' dir='ltr'><strong>gestis</strong></span> <span class='ocrx_word' id='word_1_167' title='bbox 2808 2866 3016 2923; x_wconf 89' lang='lat' dir='ltr'><strong>merito</strong></span> <span class='ocrx_word' id='word_1_168' title='bbox 3047 2883 3241 2923; x_wconf 89' lang='lat' dir='ltr'><strong>carere</strong></span> 
     </span>
    </p>
   </div>
   <div class='ocr_carea' id='block_1_30' title="bbox 2520 2956 3008 3030">
    <p class='ocr_par' dir='ltr' id='par_1_30' title="bbox 2520 2956 3008 3030">
     <span class='ocr_line' id='line_1_30' title="bbox 2520 2956 3008 3030; baseline -0.006 -15"><span class='ocrx_word' id='word_1_169' title='bbox 2520 2956 2594 3015; x_wconf 86' lang='lat' dir='ltr'><strong>Ut</strong></span> <span class='ocrx_word' id='word_1_170' title='bbox 2624 2972 3008 3030; x_wconf 88' lang='lat' dir='ltr'><strong>nequeamus.</strong></span> 
     </span>
    </p>
   </div>
   <div class='ocr_carea' id='block_1_31' title="bbox 2305 3045 3460 3119">
    <p class='ocr_par' dir='ltr' id='par_1_31' title="bbox 2305 3045 3460 3119">
     <span class='ocr_line' id='line_1_31' title="bbox 2305 3045 3460 3119; baseline -0.002 -15"><span class='ocrx_word' id='word_1_171' title='bbox 2305 3050 2674 3116; x_wconf 72' lang='lat' dir='ltr'><strong>Quaesumus,</strong></span> <span class='ocrx_word' id='word_1_172' title='bbox 2707 3047 2932 3114; x_wconf 86' lang='lat' dir='ltr'><strong>Rector,</strong></span> <span class='ocrx_word' id='word_1_173' title='bbox 2964 3045 3198 3119; x_wconf 84' lang='lat' dir='ltr'><strong>pietatis</strong></span> <span class='ocrx_word' id='word_1_174' title='bbox 3228 3049 3460 3114; x_wconf 89' lang='lat' dir='ltr'><strong>auctor,</strong></span> 
     </span>
    </p>
   </div>
   <div class='ocr_carea' id='block_1_32' title="bbox 2308 3133 3444 3208">
    <p class='ocr_par' dir='ltr' id='par_1_32' title="bbox 2308 3133 3444 3208">
     <span class='ocr_line' id='line_1_32' title="bbox 2308 3133 3444 3208; baseline -0.003 -16"><span class='ocrx_word' id='word_1_175' title='bbox 2308 3137 2517 3192; x_wconf 86' lang='lat' dir='ltr'><strong>Noster</strong></span> <span class='ocrx_word' id='word_1_176' title='bbox 2547 3135 2640 3192; x_wconf 88' lang='lat' dir='ltr'><strong>hic</strong></span> <span class='ocrx_word' id='word_1_177' title='bbox 2671 3138 2870 3208; x_wconf 87' lang='lat' dir='ltr'><strong>pastor</strong></span> <span class='ocrx_word' id='word_1_178' title='bbox 2902 3133 3012 3190; x_wconf 86' lang='lat' dir='ltr'><strong>tibi</strong></span> <span class='ocrx_word' id='word_1_179' title='bbox 3043 3135 3120 3190; x_wconf 91' lang='lat' dir='ltr'><strong>sit</strong></span> <span class='ocrx_word' id='word_1_180' title='bbox 3151 3138 3444 3208; x_wconf 88' lang='lat' dir='ltr'><strong>precator,</strong></span> 
     </span>
    </p>
   </div>
   <div class='ocr_carea' id='block_1_33' title="bbox 2309 3222 3268 3296">
    <p class='ocr_par' dir='ltr' id='par_1_33' title="bbox 2309 3222 3268 3296">
     <span class='ocr_line' id='line_1_33' title="bbox 2309 3222 3268 3296; baseline -0.002 -14"><span class='ocrx_word' id='word_1_181' title='bbox 2309 3225 2432 3289; x_wconf 88' lang='lat' dir='ltr'><strong>Quo</strong></span> <span class='ocrx_word' id='word_1_182' title='bbox 2463 3229 2566 3281; x_wconf 89' lang='lat' dir='ltr'><strong>tua</strong></span> <span class='ocrx_word' id='word_1_183' title='bbox 2593 3222 2763 3280; x_wconf 91' lang='lat' dir='ltr'><strong>nobis</strong></span> <span class='ocrx_word' id='word_1_184' title='bbox 2794 3223 3011 3296; x_wconf 85' lang='lat' dir='ltr'><strong>pietate</strong></span> <span class='ocrx_word' id='word_1_185' title='bbox 3042 3223 3268 3280; x_wconf 89' lang='lat' dir='ltr'><strong>cunctis</strong></span> 
     </span>
    </p>
   </div>
   <div class='ocr_carea' id='block_1_34' title="bbox 2521 3311 3009 3369">
    <p class='ocr_par' dir='ltr' id='par_1_34' title="bbox 2521 3311 3009 3369">
     <span class='ocr_line' id='line_1_34' title="bbox 2521 3311 3009 3369; baseline 0 -1"><span class='ocrx_word' id='word_1_186' title='bbox 2521 3311 2779 3369; x_wconf 88' lang='lat' dir='ltr'><strong>Crimina</strong></span> <span class='ocrx_word' id='word_1_187' title='bbox 2809 3312 3009 3368; x_wconf 90' lang='lat' dir='ltr'><strong>dones.</strong></span> 
     </span>
    </p>
   </div>
   <div class='ocr_carea' id='block_1_35' title="bbox 2307 3401 3237 3476">
    <p class='ocr_par' dir='ltr' id='par_1_35' title="bbox 2307 3401 3237 3476">
     <span class='ocr_line' id='line_1_35' title="bbox 2307 3401 3237 3476; baseline -0.003 -17"><span class='ocrx_word' id='word_1_188' title='bbox 2307 3403 2488 3476; x_wconf 87' lang='lat' dir='ltr'><strong>Cujus</strong></span> <span class='ocrx_word' id='word_1_189' title='bbox 2517 3402 2576 3458; x_wconf 92' lang='lat' dir='ltr'><strong>in</strong></span> <span class='ocrx_word' id='word_1_190' title='bbox 2607 3405 2770 3458; x_wconf 86' lang='lat' dir='ltr'><strong>tanto</strong></span> <span class='ocrx_word' id='word_1_191' title='bbox 2802 3401 2899 3474; x_wconf 92' lang='lat' dir='ltr'><strong>pia</strong></span> <span class='ocrx_word' id='word_1_192' title='bbox 2926 3405 3060 3457; x_wconf 90' lang='lat' dir='ltr'><strong>vota</strong></span> <span class='ocrx_word' id='word_1_193' title='bbox 3089 3401 3237 3457; x_wconf 88' lang='lat' dir='ltr'><strong>festo</strong></span> 
     </span>
    </p>
   </div>
   <div class='ocr_carea' id='block_1_36' title="bbox 2306 3489 3334 3566">
    <p class='ocr_par' dir='ltr' id='par_1_36' title="bbox 2306 3489 3334 3566">
     <span class='ocr_line' id='line_1_36' title="bbox 2306 3489 3334 3566; baseline -0.002 -18"><span class='ocrx_word' id='word_1_194' title='bbox 2306 3491 2588 3566; x_wconf 88' lang='lat' dir='ltr'><strong>Congruit</strong></span> <span class='ocrx_word' id='word_1_195' title='bbox 2617 3489 2788 3547; x_wconf 90' lang='lat' dir='ltr'><strong>nobis</strong></span> <span class='ocrx_word' id='word_1_196' title='bbox 2809 3490 3033 3564; x_wconf 84' lang='lat' dir='ltr'><strong>jugiter</strong></span> <span class='ocrx_word' id='word_1_197' title='bbox 3061 3490 3334 3547; x_wconf 87' lang='lat' dir='ltr'><strong>canendo</strong></span> 
     </span>
    </p>
   </div>
   <div class='ocr_carea' id='block_1_37' title="bbox 2311 3577 3327 3654">
    <p class='ocr_par' dir='ltr' id='par_1_37' title="bbox 2311 3577 3327 3654">
     <span class='ocr_line' id='line_1_37' title="bbox 2311 3577 3327 3654; baseline -0.001 -17"><span class='ocrx_word' id='word_1_198' title='bbox 2311 3581 2556 3654; x_wconf 88' lang='lat' dir='ltr'><strong>Insuper</strong></span> <span class='ocrx_word' id='word_1_199' title='bbox 2587 3578 2820 3635; x_wconf 71' lang='lat' dir='ltr'><strong>Pascha:</strong></span> <span class='ocrx_word' id='word_1_200' title='bbox 2851 3577 2958 3635; x_wconf 90' lang='lat' dir='ltr'><strong>tibi</strong></span> <span class='ocrx_word' id='word_1_201' title='bbox 2987 3577 3327 3652; x_wconf 86' lang='lat' dir='ltr'><strong>duplicatas</strong></span> 
     </span>
    </p>
   </div>
   <div class='ocr_carea' id='block_1_38' title="bbox 897 2095 1579 2168">
    <p class='ocr_par' dir='ltr' id='par_1_38' title="bbox 897 2095 1579 2168">
     <span class='ocr_line' id='line_1_38' title="bbox 897 2095 1579 2168; baseline -0.007 -16"><span class='ocrx_word' id='word_1_202' title='bbox 897 2100 946 2152; x_wconf 82' lang='grc'><strong><em>11</em></strong></span> <span class='ocrx_word' id='word_1_203' title='bbox 951 2112 1151 2168; x_wconf 81' lang='lat' dir='ltr'><strong>y-mnus</strong></span> <span class='ocrx_word' id='word_1_204' title='bbox 1183 2095 1242 2150; x_wconf 87' lang='lat' dir='ltr'><strong>in</strong></span> <span class='ocrx_word' id='word_1_205' title='bbox 1270 2095 1579 2150; x_wconf 77' lang='lat' dir='ltr'><strong>Nocturnis.</strong></span> 
     </span>
    </p>
   </div>
   <div class='ocr_carea' id='block_1_39' title="bbox 549 2199 1836 2269">
    <p class='ocr_par' dir='ltr' id='par_1_39' title="bbox 549 2199 1836 2269">
     <span class='ocr_line' id='line_1_39' title="bbox 549 2199 1836 2269; baseline -0.005 -9"><span class='ocrx_word' id='word_1_206' title='bbox 549 2204 796 2269; x_wconf 88' lang='lat' dir='ltr'><strong>Christe,</strong></span> <span class='ocrx_word' id='word_1_207' title='bbox 829 2205 1175 2258; x_wconf 89' lang='lat' dir='ltr'><strong>cunctorum</strong></span> <span class='ocrx_word' id='word_1_208' title='bbox 1206 2200 1316 2267; x_wconf 87' lang='lat' dir='ltr'><strong>via,</strong></span> <span class='ocrx_word' id='word_1_209' title='bbox 1349 2199 1447 2254; x_wconf 85' lang='lat' dir='ltr'><strong>lux</strong></span> <span class='ocrx_word' id='word_1_210' title='bbox 1478 2203 1836 2266; x_wconf 90' lang='lat' dir='ltr'><strong>sanctorum,</strong></span> 
     </span>
    </p>
   </div>
   <div class='ocr_carea' id='block_1_40' title="bbox 553 2288 1608 2349">
    <p class='ocr_par' dir='ltr' id='par_1_40' title="bbox 553 2288 1608 2349">
     <span class='ocr_line' id='line_1_40' title="bbox 553 2288 1608 2349; baseline -0.005 0"><span class='ocrx_word' id='word_1_211' title='bbox 553 2293 829 2349; x_wconf 87' lang='lat' dir='ltr'><strong>Precibus</strong></span> <span class='ocrx_word' id='word_1_212' title='bbox 860 2291 1044 2347; x_wconf 87' lang='lat' dir='ltr'><strong>sacris</strong></span> <span class='ocrx_word' id='word_1_213' title='bbox 1073 2290 1385 2345; x_wconf 86' lang='lat' dir='ltr'><strong>venerandi</strong></span> <span class='ocrx_word' id='word_1_214' title='bbox 1423 2288 1608 2346; x_wconf 88' lang='lat' dir='ltr'><strong>Patris</strong></span> 
     </span>
    </p>
   </div>
   <div class='ocr_carea' id='block_1_41' title="bbox 553 2376 1419 2454">
    <p class='ocr_par' dir='ltr' id='par_1_41' title="bbox 553 2376 1419 2454">
     <span class='ocr_line' id='line_1_41' title="bbox 553 2376 1419 2454; baseline -0.006 -17"><span class='ocrx_word' id='word_1_215' title='bbox 553 2381 748 2454; x_wconf 87' lang='lat' dir='ltr'><strong>Magni</strong></span> <span class='ocrx_word' id='word_1_216' title='bbox 775 2378 972 2436; x_wconf 87' lang='lat' dir='ltr'><strong>Maioli</strong></span> <span class='ocrx_word' id='word_1_217' title='bbox 1015 2377 1228 2452; x_wconf 88' lang='lat' dir='ltr'><strong>populo</strong></span> <span class='ocrx_word' id='word_1_218' title='bbox 1263 2376 1419 2433; x_wconf 85' lang='lat' dir='ltr'><strong>lideli</strong></span> 
     </span>
    </p>
   </div>
   <div class='ocr_carea' id='block_1_42' title="bbox 765 2467 1180 2540">
    <p class='ocr_par' dir='ltr' id='par_1_42' title="bbox 765 2467 1180 2540">
     <span class='ocr_line' id='line_1_42' title="bbox 765 2467 1180 2540; baseline -0.007 -15"><span class='ocrx_word' id='word_1_219' title='bbox 765 2467 991 2525; x_wconf 71' lang='lat' dir='ltr'><strong>Gaudia</strong></span> <span class='ocrx_word' id='word_1_220' title='bbox 1020 2467 1180 2540; x_wconf 90' lang='lat' dir='ltr'><strong>pacis</strong></span> 
     </span>
    </p>
   </div>
   <div class='ocr_carea' id='block_1_43' title="bbox 553 2553 1656 2628">
    <p class='ocr_par' dir='ltr' id='par_1_43' title="bbox 553 2553 1656 2628">
     <span class='ocr_line' id='line_1_43' title="bbox 553 2553 1656 2628; baseline -0.006 -12"><span class='ocrx_word' id='word_1_221' title='bbox 553 2559 715 2616; x_wconf 86' lang='lat' dir='ltr'><strong>Mitte</strong></span> <span class='ocrx_word' id='word_1_222' title='bbox 745 2558 817 2613; x_wconf 90' lang='lat' dir='ltr'><strong>de</strong></span> <span class='ocrx_word' id='word_1_223' title='bbox 847 2556 1030 2623; x_wconf 70' lang='lat' dir='ltr'><strong>crelis,</strong></span> <span class='ocrx_word' id='word_1_224' title='bbox 1061 2555 1408 2628; x_wconf 88' lang='lat' dir='ltr'><strong>veniamque</strong></span> <span class='ocrx_word' id='word_1_225' title='bbox 1440 2553 1656 2610; x_wconf 88' lang='lat' dir='ltr'><strong>nostris</strong></span> 
     </span>
    </p>
   </div>
   <div class='ocr_carea' id='block_1_44' title="bbox 551 2645 1438 2722">
    <p class='ocr_par' dir='ltr' id='par_1_44' title="bbox 551 2645 1438 2722">
     <span class='ocr_line' id='line_1_44' title="bbox 551 2645 1438 2722; baseline -0.007 -16"><span class='ocrx_word' id='word_1_226' title='bbox 551 2647 788 2722; x_wconf 87' lang='lat' dir='ltr'><strong>Largire</strong></span> <span class='ocrx_word' id='word_1_227' title='bbox 819 2645 1025 2719; x_wconf 78' lang='lat' dir='ltr'><strong>eulpis.</strong></span> <span class='ocrx_word' id='word_1_228' title='bbox 1061 2687 1074 2700; x_wconf 95' lang='lat'><strong>.</strong></span> <span class='ocrx_word' id='word_1_229' title='bbox 1113 2686 1126 2700; x_wconf 97' lang='lat'><strong>.</strong></span> <span class='ocrx_word' id='word_1_230' title='bbox 1164 2687 1178 2700; x_wconf 92' lang='lat'><strong>.</strong></span> <span class='ocrx_word' id='word_1_231' title='bbox 1215 2687 1229 2701; x_wconf 95' lang='lat'><strong>.</strong></span> <span class='ocrx_word' id='word_1_232' title='bbox 1266 2687 1279 2702; x_wconf 96' lang='lat'><strong>.</strong></span> <span class='ocrx_word' id='word_1_233' title='bbox 1321 2686 1335 2700; x_wconf 93' lang='lat'><strong>.</strong></span> <span class='ocrx_word' id='word_1_234' title='bbox 1373 2685 1386 2700; x_wconf 93' lang='lat'><strong>.</strong></span> <span class='ocrx_word' id='word_1_235' title='bbox 1425 2685 1438 2700; x_wconf 95' lang='lat'><strong>.</strong></span> 
     </span>
    </p>
   </div>
   <div class='ocr_carea' id='block_1_45' title="bbox 551 2732 1525 2808">
    <p class='ocr_par' dir='ltr' id='par_1_45' title="bbox 551 2732 1525 2808">
     <span class='ocr_line' id='line_1_45' title="bbox 551 2732 1525 2808; baseline -0.005 -13"><span class='ocrx_word' id='word_1_236' title='bbox 551 2737 716 2796; x_wconf 78' lang='lat' dir='ltr'><strong>Adsit</strong></span> <span class='ocrx_word' id='word_1_237' title='bbox 745 2740 802 2792; x_wconf 89' lang='lat' dir='ltr'><strong>et</strong></span> <span class='ocrx_word' id='word_1_238' title='bbox 831 2734 1000 2791; x_wconf 90' lang='lat' dir='ltr'><strong>nobis</strong></span> <span class='ocrx_word' id='word_1_239' title='bbox 1033 2733 1222 2808; x_wconf 87' lang='lat' dir='ltr'><strong>gratia</strong></span> <span class='ocrx_word' id='word_1_240' title='bbox 1250 2732 1525 2806; x_wconf 88' lang='lat' dir='ltr'><strong>perennis</strong></span> 
     </span>
    </p>
   </div>
   <div class='ocr_carea' id='block_1_46' title="bbox 762 2822 1206 2898">
    <p class='ocr_par' dir='ltr' id='par_1_46' title="bbox 762 2822 1206 2898">
     <span class='ocr_line' id='line_1_46' title="bbox 762 2822 1206 2898; baseline -0.011 -16"><span class='ocrx_word' id='word_1_241' title='bbox 762 2823 1016 2898; x_wconf 89' lang='lat' dir='ltr'><strong>Spiritus</strong></span> <span class='ocrx_word' id='word_1_242' title='bbox 1043 2822 1206 2879; x_wconf 89' lang='lat' dir='ltr'><strong>almi.</strong></span> 
     </span>
    </p>
   </div>
   <div class='ocr_carea' id='block_1_47' title="bbox 549 2911 1532 2988">
    <p class='ocr_par' dir='ltr' id='par_1_47' title="bbox 549 2911 1532 2988">
     <span class='ocr_line' id='line_1_47' title="bbox 549 2911 1532 2988; baseline -0.006 -15"><span class='ocrx_word' id='word_1_243' title='bbox 549 2915 729 2987; x_wconf 88' lang='lat' dir='ltr'><strong>Cujus</strong></span> <span class='ocrx_word' id='word_1_244' title='bbox 749 2912 990 2988; x_wconf 91' lang='lat' dir='ltr'><strong>protecti</strong></span> <span class='ocrx_word' id='word_1_245' title='bbox 1017 2929 1260 2968; x_wconf 91' lang='lat' dir='ltr'><strong>munere</strong></span> <span class='ocrx_word' id='word_1_246' title='bbox 1290 2911 1532 2985; x_wconf 87' lang='lat' dir='ltr'><strong>potenti,</strong></span> 
     </span>
    </p>
   </div>
   <div class='ocr_carea' id='block_1_48' title="bbox 553 2998 1688 3075">
    <p class='ocr_par' dir='ltr' id='par_1_48' title="bbox 553 2998 1688 3075">
     <span class='ocr_line' id='line_1_48' title="bbox 553 2998 1688 3075; baseline -0.006 -13"><span class='ocrx_word' id='word_1_247' title='bbox 553 3005 787 3062; x_wconf 90' lang='lat' dir='ltr'><strong>Patrum</strong></span> <span class='ocrx_word' id='word_1_248' title='bbox 820 3001 1102 3075; x_wconf 79' lang='lat' dir='ltr'><strong>exemplis</strong></span> <span class='ocrx_word' id='word_1_249' title='bbox 1133 3001 1474 3074; x_wconf 89' lang='lat' dir='ltr'><strong>meritisque</strong></span> <span class='ocrx_word' id='word_1_250' title='bbox 1494 2998 1688 3066; x_wconf 90' lang='lat' dir='ltr'><strong>celsis,</strong></span> 
     </span>
    </p>
   </div>
   <div class='ocr_carea' id='block_1_49' title="bbox 549 3089 1607 3151">
    <p class='ocr_par' dir='ltr' id='par_1_49' title="bbox 549 3089 1607 3151">
     <span class='ocr_line' id='line_1_49' title="bbox 549 3089 1607 3151; baseline -0.006 0"><span class='ocrx_word' id='word_1_251' title='bbox 549 3094 772 3151; x_wconf 87' lang='lat' dir='ltr'><strong>Pariter</strong></span> <span class='ocrx_word' id='word_1_252' title='bbox 799 3096 1026 3149; x_wconf 87' lang='lat' dir='ltr'><strong>arctum</strong></span> <span class='ocrx_word' id='word_1_253' title='bbox 1058 3107 1390 3148; x_wconf 89' lang='lat' dir='ltr'><strong>mereamus</strong></span> <span class='ocrx_word' id='word_1_254' title='bbox 1419 3089 1607 3146; x_wconf 86' lang='lat' dir='ltr'><strong>altum</strong></span> 
     </span>
    </p>
   </div>
   <div class='ocr_carea' id='block_1_50' title="bbox 763 3181 2128 3270">
    <p class='ocr_par' dir='ltr' id='par_1_50' title="bbox 763 3181 2128 3270">
     <span class='ocr_line' id='line_1_50' title="bbox 763 3181 2128 3270; baseline -0.004 -31"><span class='ocrx_word' id='word_1_255' title='bbox 763 3181 1053 3239; x_wconf 89' lang='lat' dir='ltr'><strong>Scandere</strong></span> <span class='ocrx_word' id='word_1_256' title='bbox 1081 3197 1349 3251; x_wconf 87' lang='lat' dir='ltr'><strong>regnum.</strong></span> <span class='ocrx_word' id='word_1_257' title='bbox 1447 3268 1481 3270; x_wconf 38' lang='grc' dir='ltr'><em>Π</em></span> <span class='ocrx_word' id='word_1_258' title='bbox 2084 3202 2128 3270; x_wconf 77' lang='lat' dir='ltr'><strong><em>C</em></strong></span> 
     </span>
    </p>
   </div>
   <div class='ocr_carea' id='block_1_51' title="bbox 548 3268 1508 3344">
    <p class='ocr_par' dir='ltr' id='par_1_51' title="bbox 548 3268 1508 3344">
     <span class='ocr_line' id='line_1_51' title="bbox 548 3268 1508 3344; baseline -0.008 -14"><span class='ocrx_word' id='word_1_259' title='bbox 548 3272 744 3331; x_wconf 88' lang='lat' dir='ltr'><strong>Gloria</strong></span> <span class='ocrx_word' id='word_1_260' title='bbox 772 3271 948 3336; x_wconf 84' lang='lat' dir='ltr'><strong>Patri,</strong></span> <span class='ocrx_word' id='word_1_261' title='bbox 979 3271 1304 3344; x_wconf 66' lang='lat' dir='ltr'><strong>genitasque</strong></span> <span class='ocrx_word' id='word_1_262' title='bbox 1333 3268 1508 3336; x_wconf 89' lang='lat' dir='ltr'><strong>Proli,</strong></span> 
     </span>
    </p>
   </div>
   <div class='ocr_carea' id='block_1_52' title="bbox 549 3357 1644 3432">
    <p class='ocr_par' dir='ltr' id='par_1_52' title="bbox 549 3357 1644 3432">
     <span class='ocr_line' id='line_1_52' title="bbox 549 3357 1644 3432; baseline -0.005 -14"><span class='ocrx_word' id='word_1_263' title='bbox 549 3365 618 3418; x_wconf 87' lang='lat' dir='ltr'><strong>Et</strong></span> <span class='ocrx_word' id='word_1_264' title='bbox 645 3361 751 3417; x_wconf 90' lang='lat' dir='ltr'><strong>tibi</strong></span> <span class='ocrx_word' id='word_1_265' title='bbox 783 3377 1022 3432; x_wconf 90' lang='lat' dir='ltr'><strong>compar</strong></span> <span class='ocrx_word' id='word_1_266' title='bbox 1052 3357 1362 3430; x_wconf 85' lang='lat' dir='ltr'><strong>utriusque</strong></span> <span class='ocrx_word' id='word_1_267' title='bbox 1391 3373 1644 3430; x_wconf 89' lang='lat' dir='ltr'><strong>semper,</strong></span> 
     </span>
    </p>
   </div>
   <div class='ocr_carea' id='block_1_53' title="bbox 548 3446 1567 3523">
    <p class='ocr_par' dir='ltr' id='par_1_53' title="bbox 548 3446 1567 3523">
     <span class='ocr_line' id='line_1_53' title="bbox 548 3446 1567 3523; baseline -0.005 -18"><span class='ocrx_word' id='word_1_268' title='bbox 548 3449 802 3523; x_wconf 87' lang='lat' dir='ltr'><strong>Spiritus</strong></span> <span class='ocrx_word' id='word_1_269' title='bbox 832 3447 1007 3514; x_wconf 87' lang='lat' dir='ltr'><strong>alme,</strong></span> <span class='ocrx_word' id='word_1_270' title='bbox 1038 3447 1192 3502; x_wconf 90' lang='lat' dir='ltr'><strong>Deus</strong></span> <span class='ocrx_word' id='word_1_271' title='bbox 1222 3462 1378 3502; x_wconf 89' lang='lat' dir='ltr'><strong>unus</strong></span> <span class='ocrx_word' id='word_1_272' title='bbox 1408 3446 1567 3502; x_wconf 89' lang='lat' dir='ltr'><strong>omni</strong></span> 
     </span>
    </p>
   </div>
   <div class='ocr_carea' id='block_1_54' title="bbox 763 3533 1537 3609">
    <p class='ocr_par' dir='ltr' id='par_1_54' title="bbox 763 3533 1537 3609">
     <span class='ocr_line' id='line_1_54' title="bbox 763 3533 1537 3609; baseline -0.004 -16"><span class='ocrx_word' id='word_1_273' title='bbox 763 3537 1048 3609; x_wconf 88' lang='lat' dir='ltr'><strong>Tempore</strong></span> <span class='ocrx_word' id='word_1_274' title='bbox 1079 3533 1254 3590; x_wconf 79' lang='lat' dir='ltr'><strong>saecli.</strong></span> <span class='ocrx_word' id='word_1_275' title='bbox 1332 3536 1537 3590; x_wconf 89' lang='lat' dir='ltr'><strong>Amen.</strong></span> 
     </span>
    </p>
   </div>
   <div class='ocr_carea' id='block_1_55' title="bbox 885 3651 2472 3724">
    <p class='ocr_par' dir='ltr' id='par_1_55' title="bbox 885 3651 2471 3721">
     <span class='ocr_line' id='line_1_55' title="bbox 885 3651 2471 3721; baseline -0.003 -13"><span class='ocrx_word' id='word_1_276' title='bbox 885 3653 946 3708; x_wconf 83' lang='lat' dir='ltr'><strong>In</strong></span> <span class='ocrx_word' id='word_1_277' title='bbox 977 3651 1272 3708; x_wconf 72' lang='lat' dir='ltr'><strong>Laudibus.</strong></span> <span class='ocrx_word' id='word_1_278' title='bbox 1304 3652 1571 3721; x_wconf 73' lang='lat' dir='ltr'><strong>Hymnus.</strong></span> <span class='ocrx_word' id='word_1_279' title='bbox 2454 3651 2471 3654; x_wconf 60' lang='grc'>⁷</span> 
     </span>
    </p>
   </div>
   <div class='ocr_carea' id='block_1_56' title="bbox 1417 3651 3004 3724">
    <p class='ocr_par' dir='ltr' id='par_1_56' title="bbox 1417 3651 3004 3724">
     <span class='ocr_line' id='line_1_56' title="bbox 1417 3651 3004 3724; baseline 0.013 -20"><span class='ocrx_word' id='word_1_280' title='bbox 1417 3667 1571 3706; x_wconf 73' lang='lat' dir='ltr'><strong>unus.</strong></span> <span class='ocrx_word' id='word_1_281' title='bbox 2454 3651 2471 3654; x_wconf 21' lang='lat' dir='ltr'>ﬁ</span> <span class='ocrx_word' id='word_1_282' title='bbox 2521 3665 2752 3724; x_wconf 88' lang='lat' dir='ltr'><strong>Solvere</strong></span> <span class='ocrx_word' id='word_1_283' title='bbox 2782 3665 3004 3724; x_wconf 88' lang='lat' dir='ltr'><strong>laudes.</strong></span> 
     </span>
    </p>
   </div>
   <div class='ocr_carea' id='block_1_57' title="bbox 691 3757 3492 3840">
    <p class='ocr_par' dir='ltr' id='par_1_57' title="bbox 691 3757 3492 3840">
     <span class='ocr_line' id='line_1_57' title="bbox 691 3757 3492 3840; baseline -0.001 -24"><span class='ocrx_word' id='word_1_284' title='bbox 691 3759 922 3824; x_wconf 90' lang='lat' dir='ltr'><strong>Maiole,</strong></span> <span class='ocrx_word' id='word_1_285' title='bbox 955 3774 1196 3814; x_wconf 90' lang='lat' dir='ltr'><strong>consors</strong></span> <span class='ocrx_word' id='word_1_286' title='bbox 1225 3774 1532 3840; x_wconf 84' lang='lat' dir='ltr'><strong>procerum</strong></span> <span class='ocrx_word' id='word_1_287' title='bbox 2309 3757 2587 3824; x_wconf 88' lang='lat' dir='ltr'><strong>Trinitas,</strong></span> <span class='ocrx_word' id='word_1_288' title='bbox 2620 3761 2773 3813; x_wconf 90' lang='lat' dir='ltr'><strong>Deus</strong></span> <span class='ocrx_word' id='word_1_289' title='bbox 2805 3773 2961 3812; x_wconf 90' lang='lat' dir='ltr'><strong>unus</strong></span> <span class='ocrx_word' id='word_1_290' title='bbox 2991 3760 3164 3830; x_wconf 81' lang='lat' dir='ltr'><strong>atque</strong></span> <span class='ocrx_word' id='word_1_291' title='bbox 3188 3773 3492 3824; x_wconf 88' lang='lat' dir='ltr'><strong>summus,</strong></span> 
     </span>
    </p>
   </div>
   <div class='ocr_carea' id='block_1_58' title="bbox 623 3844 3362 3923">
    <p class='ocr_par' dir='ltr' id='par_1_58' title="bbox 623 3844 3362 3923">
     <span class='ocr_line' id='line_1_58' title="bbox 623 3844 3362 3923; baseline -0.001 -17"><span class='ocrx_word' id='word_1_292' title='bbox 623 3851 846 3923; x_wconf 81' lang='lat' dir='ltr'><strong>Regum</strong></span> <span class='ocrx_word' id='word_1_293' title='bbox 874 3848 1014 3921; x_wconf 89' lang='lat' dir='ltr'><strong>Regi</strong></span> <span class='ocrx_word' id='word_1_294' title='bbox 1046 3845 1401 3920; x_wconf 79' lang='lat' dir='ltr'><strong>placentium</strong></span> <span class='ocrx_word' id='word_1_295' title='bbox 2311 3846 2400 3903; x_wconf 91' lang='lat' dir='ltr'><strong>Sit</strong></span> <span class='ocrx_word' id='word_1_296' title='bbox 2429 3846 2556 3914; x_wconf 89' lang='lat' dir='ltr'><strong>tibi,</strong></span> <span class='ocrx_word' id='word_1_297' title='bbox 2589 3846 2728 3915; x_wconf 80' lang='lat' dir='ltr'><strong>Rex,</strong></span> <span class='ocrx_word' id='word_1_298' title='bbox 2760 3844 2948 3919; x_wconf 89' lang='lat' dir='ltr'><strong>gloria</strong></span> <span class='ocrx_word' id='word_1_299' title='bbox 2975 3845 3362 3918; x_wconf 87' lang='lat' dir='ltr'><strong>sempiterna,</strong></span> 
     </span>
    </p>
   </div>
   <div class='ocr_carea' id='block_1_59' title="bbox 621 3933 3335 4008">
    <p class='ocr_par' dir='ltr' id='par_1_59' title="bbox 621 3933 3335 4008">
     <span class='ocr_line' id='line_1_59' title="bbox 621 3933 3335 4008; baseline -0.002 -13"><span class='ocrx_word' id='word_1_300' title='bbox 621 3939 778 3995; x_wconf 86' lang='lat' dir='ltr'><strong>Inter</strong></span> <span class='ocrx_word' id='word_1_301' title='bbox 799 3937 1062 3994; x_wconf 78' lang='lat' dir='ltr'><strong>cmlestes</strong></span> <span class='ocrx_word' id='word_1_302' title='bbox 1091 3933 1314 3993; x_wconf 89' lang='lat' dir='ltr'><strong>aulicos</strong></span> <span class='ocrx_word' id='word_1_303' title='bbox 2311 3935 2416 4000; x_wconf 88' lang='lat' dir='ltr'><strong>Qui</strong></span> <span class='ocrx_word' id='word_1_304' title='bbox 2449 3934 2603 4008; x_wconf 86' lang='lat' dir='ltr'><strong>regis</strong></span> <span class='ocrx_word' id='word_1_305' title='bbox 2632 3938 2796 3990; x_wconf 88' lang='lat' dir='ltr'><strong>tanta</strong></span> <span class='ocrx_word' id='word_1_306' title='bbox 2828 3933 3086 3990; x_wconf 89' lang='lat' dir='ltr'><strong>bonitate</strong></span> <span class='ocrx_word' id='word_1_307' title='bbox 3116 3938 3335 3990; x_wconf 86' lang='lat' dir='ltr'><strong>cuncta</strong></span> 
     </span>
    </p>
   </div>
   <div class='ocr_carea' id='block_1_60' title="bbox 621 4023 3374 4100">
    <p class='ocr_par' dir='ltr' id='par_1_60' title="bbox 621 4023 3374 4100">
     <span class='ocr_line' id='line_1_60' title="bbox 621 4023 3374 4100; baseline -0.002 -15"><span class='ocrx_word' id='word_1_308' title='bbox 621 4025 954 4085; x_wconf 85' lang='lat' dir='ltr'><strong>Divinitatis</strong></span> <span class='ocrx_word' id='word_1_309' title='bbox 983 4025 1268 4094; x_wconf 90' lang='lat' dir='ltr'><strong>conscios,</strong></span> <span class='ocrx_word' id='word_1_310' title='bbox 1413 4095 1416 4100; x_wconf 94' lang='lat'><em>_</em></span> <span class='ocrx_word' id='word_1_311' title='bbox 2526 4023 2712 4080; x_wconf 88' lang='lat' dir='ltr'><strong>Omne</strong></span> <span class='ocrx_word' id='word_1_312' title='bbox 2741 4039 2845 4096; x_wconf 91' lang='lat' dir='ltr'><strong>per</strong></span> <span class='ocrx_word' id='word_1_313' title='bbox 2873 4039 3082 4079; x_wconf 66' lang='lat' dir='ltr'><strong>aevum.</strong></span> <span class='ocrx_word' id='word_1_314' title='bbox 3158 4025 3374 4080; x_wconf 83' lang='lat' dir='ltr'><strong>Amen.</strong></span> 
     </span>
    </p>
   </div>
   <div class='ocr_carea' id='block_1_61' title="bbox 1013 4422 3230 4578">
    <p class='ocr_par' dir='ltr' id='par_1_61' title="bbox 1013 4422 3230 4578">
     <span class='ocr_line' id='line_1_61' title="bbox 1013 4422 3230 4578; baseline -0.004 0"><span class='ocrx_word' id='word_1_315' title='bbox 1013 4427 1660 4578; x_wconf 74' lang='lat' dir='ltr'><strong>EPITAPHIUM</strong></span> <span class='ocrx_word' id='word_1_316' title='bbox 1752 4425 2392 4576; x_wconf 70' lang='lat' dir='ltr'><strong>ADALHEIll/E</strong></span> <span class='ocrx_word' id='word_1_317' title='bbox 2487 4422 3230 4574; x_wconf 73' lang='lat' dir='ltr'><strong>IMPERATRICIS</strong></span> 
     </span>
    </p>
   </div>
   <div class='ocr_carea' id='block_1_62' title="bbox 1325 4702 2910 4816">
    <p class='ocr_par' dir='ltr' id='par_1_62' title="bbox 1325 4702 2910 4816">
     <span class='ocr_line' id='line_1_62' title="bbox 1325 4702 2910 4816; baseline -0.003 -3"><span class='ocrx_word' id='word_1_318' title='bbox 1325 4707 1959 4816; x_wconf 80' lang='lat' dir='ltr'><strong>AUCTORE</strong></span> <span class='ocrx_word' id='word_1_319' title='bbox 2077 4706 2180 4814; x_wconf 91' lang='lat' dir='ltr'><strong>S.</strong></span> <span class='ocrx_word' id='word_1_320' title='bbox 2303 4703 2528 4813; x_wconf 90' lang='lat' dir='ltr'><strong>ODI</strong></span> <span class='ocrx_word' id='word_1_321' title='bbox 2557 4702 2910 4812; x_wconf 84' lang='lat' dir='ltr'><strong>LONE</strong></span> 
     </span>
    </p>
   </div>
   <div class='ocr_carea' id='block_1_63' title="bbox 907 4923 3324 5007">
    <p class='ocr_par' dir='ltr' id='par_1_63' title="bbox 907 4923 3324 5007">
     <span class='ocr_line' id='line_1_63' title="bbox 907 4923 3324 5007; baseline -0.003 -19"><span class='ocrx_word' id='word_1_322' title='bbox 907 4931 1094 5007; x_wconf 87' lang='lat' dir='ltr'><strong>(Apud</strong></span> <span class='ocrx_word' id='word_1_323' title='bbox 1127 4937 1190 4989; x_wconf 93' lang='lat' dir='ltr'><strong>D.</strong></span> <span class='ocrx_word' id='word_1_324' title='bbox 1225 4932 1412 5001; x_wconf 85' lang='lat' dir='ltr'><strong>Pertz,</strong></span> <span class='ocrx_word' id='word_1_325' title='bbox 1440 4931 1790 4988; x_wconf 75' lang='lat' dir='ltr'><strong>Monumenta</strong></span> <span class='ocrx_word' id='word_1_326' title='bbox 1819 4928 2131 4988; x_wconf 61' lang='lat' dir='ltr'><strong>Germaniae</strong></span> <span class='ocrx_word' id='word_1_327' title='bbox 2157 4928 2441 4996; x_wconf 80' lang='lat' dir='ltr'><strong>historica,</strong></span> <span class='ocrx_word' id='word_1_328' title='bbox 2471 4926 2678 5000; x_wconf 88' lang='lat' dir='ltr'><strong>Script.</strong></span> <span class='ocrx_word' id='word_1_329' title='bbox 2711 4929 2852 4982; x_wconf 90' lang='lat' dir='ltr'><strong>tom.</strong></span> <span class='ocrx_word' id='word_1_330' title='bbox 2885 4923 2977 4993; x_wconf 88' lang='lat' dir='ltr'><strong>IV,</strong></span> <span class='ocrx_word' id='word_1_331' title='bbox 3008 4941 3140 4999; x_wconf 90' lang='lat' dir='ltr'><strong>pag.</strong></span> <span class='ocrx_word' id='word_1_332' title='bbox 3172 4924 3324 4998; x_wconf 88' lang='lat'><strong>633.)</strong></span> 
     </span>
    </p>
   </div>
   <div class='ocr_carea' id='block_1_64' title="bbox 1939 5105 2286 5120">
    <p class='ocr_par' dir='ltr' id='par_1_64' title="bbox 1939 5105 2286 5120">
     <span class='ocr_line' id='line_1_64' title="bbox 1939 5105 2286 5120; baseline -0.003 -1"><span class='ocrx_word' id='word_1_333' title='bbox 1939 5105 2286 5120; x_wconf 43' lang='lat' dir='ltr'>ﬂ</span> 
     </span>
    </p>
   </div>
   <div class='ocr_carea' id='block_1_65' title="bbox 1771 5253 2362 5327">
    <p class='ocr_par' dir='ltr' id='par_1_65' title="bbox 1771 5253 2362 5327">
     <span class='ocr_line' id='line_1_65' title="bbox 1771 5253 2362 5327; baseline -0.008 1"><span class='ocrx_word' id='word_1_334' title='bbox 1771 5281 1788 5296; x_wconf 62' lang='grc' dir='ltr'><em>ο</em></span> <span class='ocrx_word' id='word_1_335' title='bbox 1855 5253 2362 5327; x_wconf 82' lang='grc' dir='ltr'><strong>ΜΟΝΙΤυΜ.</strong></span> 
     </span>
    </p>
   </div>
   <div class='ocr_carea' id='block_1_66' title="bbox 478 5436 3779 5534">
    <p class='ocr_par' dir='ltr' id='par_1_66' title="bbox 478 5436 3779 5534">
     <span class='ocr_line' id='line_1_66' title="bbox 478 5436 3779 5534; baseline -0.008 -15"><span class='ocrx_word' id='word_1_336' title='bbox 478 5463 538 5519; x_wconf 83' lang='grc'><strong>8.</strong></span> <span class='ocrx_word' id='word_1_337' title='bbox 569 5459 755 5530; x_wconf 89' lang='lat' dir='ltr'><strong>0dilo,</strong></span> <span class='ocrx_word' id='word_1_338' title='bbox 785 5460 1028 5534; x_wconf 87' lang='lat' dir='ltr'><strong>quintus</strong></span> <span class='ocrx_word' id='word_1_339' title='bbox 1052 5458 1529 5517; x_wconf 87' lang='lat' dir='ltr'><strong>Cluniacensium</strong></span> <span class='ocrx_word' id='word_1_340' title='bbox 1563 5459 1766 5528; x_wconf 79' lang='lat' dir='ltr'><strong>abbas,</strong></span> <span class='ocrx_word' id='word_1_341' title='bbox 1806 5456 2062 5515; x_wconf 86' lang='lat' dir='ltr'><strong>celeber-</strong></span> <span class='ocrx_word' id='word_1_342' title='bbox 2171 5454 2455 5530; x_wconf 89' lang='lat' dir='ltr'><strong>regimine</strong></span> <span class='ocrx_word' id='word_1_343' title='bbox 2503 5451 2747 5510; x_wconf 79' lang='lat' dir='ltr'><strong>camobii</strong></span> <span class='ocrx_word' id='word_1_344' title='bbox 2779 5451 3180 5511; x_wconf 88' lang='lat' dir='ltr'><strong>Cluniacensis</strong></span> <span class='ocrx_word' id='word_1_345' title='bbox 3218 5448 3521 5518; x_wconf 82' lang='lat' dir='ltr'><strong>successit,</strong></span> <span class='ocrx_word' id='word_1_346' title='bbox 3549 5449 3605 5504; x_wconf 85' lang='lat' dir='ltr'><strong>et</strong></span> <span class='ocrx_word' id='word_1_347' title='bbox 3627 5436 3779 5518; x_wconf 88' lang='lat' dir='ltr'><strong>pluri-</strong></span> 
     </span>
    </p>
   </div>
   <div class='ocr_carea' id='block_1_67' title="bbox 407 5535 3610 5622">
    <p class='ocr_par' dir='ltr' id='par_1_67' title="bbox 407 5535 3610 5622">
     <span class='ocr_line' id='line_1_67' title="bbox 407 5535 3610 5622; baseline -0.006 -12"><span class='ocrx_word' id='word_1_348' title='bbox 407 5551 598 5610; x_wconf 86' lang='lat' dir='ltr'><strong>rimus</strong></span> <span class='ocrx_word' id='word_1_349' title='bbox 657 5549 1149 5608; x_wconf 88' lang='lat' dir='ltr'><strong>monasteriorum</strong></span> <span class='ocrx_word' id='word_1_350' title='bbox 1205 5549 1297 5604; x_wconf 88' lang='lat' dir='ltr'><strong>sui</strong></span> <span class='ocrx_word' id='word_1_351' title='bbox 1353 5549 1637 5622; x_wconf 87' lang='lat' dir='ltr'><strong>temporis</strong></span> <span class='ocrx_word' id='word_1_352' title='bbox 1693 5549 2060 5617; x_wconf 79' lang='lat' dir='ltr'><strong>reformator,</strong></span> <span class='ocrx_word' id='word_1_353' title='bbox 2171 5545 2286 5604; x_wconf 87' lang='lat' dir='ltr'><strong>mis</strong></span> <span class='ocrx_word' id='word_1_354' title='bbox 2317 5542 2602 5600; x_wconf 90' lang='lat' dir='ltr'><strong>memoria</strong></span> <span class='ocrx_word' id='word_1_355' title='bbox 2630 5541 2825 5616; x_wconf 87' lang='lat' dir='ltr'><strong>dignis</strong></span> <span class='ocrx_word' id='word_1_356' title='bbox 2855 5543 3127 5616; x_wconf 86' lang='lat' dir='ltr'><strong>peractis,</strong></span> <span class='ocrx_word' id='word_1_357' title='bbox 3159 5559 3253 5599; x_wconf 89' lang='lat' dir='ltr'><strong>an.</strong></span> <span class='ocrx_word' id='word_1_358' title='bbox 3285 5538 3430 5596; x_wconf 70' lang='grc'><strong>1049</strong></span> <span class='ocrx_word' id='word_1_359' title='bbox 3455 5535 3610 5595; x_wconf 88' lang='lat' dir='ltr'><strong>obiit.</strong></span> 
     </span>
    </p>
   </div>
   <div class='ocr_carea' id='block_1_68' title="bbox 407 5623 3779 5713">
    <p class='ocr_par' dir='ltr' id='par_1_68' title="bbox 407 5623 3779 5713">
     <span class='ocr_line' id='line_1_68' title="bbox 407 5623 3779 5713; baseline -0.009 -9"><span class='ocrx_word' id='word_1_360' title='bbox 407 5640 680 5704; x_wconf 76' lang='lat' dir='ltr'><strong>Arvernis</strong></span> <span class='ocrx_word' id='word_1_361' title='bbox 727 5641 882 5698; x_wconf 86' lang='lat' dir='ltr'><strong>circa</strong></span> <span class='ocrx_word' id='word_1_362' title='bbox 929 5657 1023 5697; x_wconf 87' lang='lat' dir='ltr'><strong>an.</strong></span> <span class='ocrx_word' id='word_1_363' title='bbox 1076 5640 1202 5709; x_wconf 82' lang='lat'><strong>962,</strong></span> <span class='ocrx_word' id='word_1_364' title='bbox 1236 5642 1433 5713; x_wconf 88' lang='lat' dir='ltr'><strong>natus,</strong></span> <span class='ocrx_word' id='word_1_365' title='bbox 1466 5655 1560 5695; x_wconf 88' lang='lat' dir='ltr'><strong>an.</strong></span> <span class='ocrx_word' id='word_1_366' title='bbox 1592 5639 1701 5696; x_wconf 82' lang='lat'><strong>995</strong></span> <span class='ocrx_word' id='word_1_367' title='bbox 1753 5639 1960 5696; x_wconf 89' lang='lat' dir='ltr'><strong>Maiolo</strong></span> <span class='ocrx_word' id='word_1_368' title='bbox 2001 5637 2060 5695; x_wconf 90' lang='lat' dir='ltr'><strong>in</strong></span> <span class='ocrx_word' id='word_1_369' title='bbox 2245 5633 2474 5692; x_wconf 70' lang='lat' dir='ltr'><strong>Litteris</strong></span> <span class='ocrx_word' id='word_1_370' title='bbox 2499 5631 2682 5690; x_wconf 87' lang='lat' dir='ltr'><strong>sacris</strong></span> <span class='ocrx_word' id='word_1_371' title='bbox 2705 5633 2850 5689; x_wconf 88' lang='lat' dir='ltr'><strong>bene</strong></span> <span class='ocrx_word' id='word_1_372' title='bbox 2873 5631 3140 5690; x_wconf 88' lang='lat' dir='ltr'><strong>eruditus</strong></span> <span class='ocrx_word' id='word_1_373' title='bbox 3155 5635 3208 5689; x_wconf 86' lang='lat' dir='ltr'><strong>et</strong></span> <span class='ocrx_word' id='word_1_374' title='bbox 3228 5629 3504 5688; x_wconf 82' lang='lat' dir='ltr'><strong>assiduus</strong></span> <span class='ocrx_word' id='word_1_375' title='bbox 3530 5623 3779 5682; x_wconf 85' lang='lat' dir='ltr'><strong>librorum</strong></span> 
     </span>
    </p>
   </div>
  </div>
