4054 6158
278 334 409 396 965

1182 326 1679 390 EPITAPHIUM
1725 318 2215 384 ADALHEIDIE
2257 320 2845 386 IMPERATRICIS.

3609 327 3727 388 966

287 464 626 539 Hieronymi
656 461 1032 533 lector,0dilo
1064 464 1197 535 ejus
1227 461 1494 535 exemplo
1515 460 1626 531 (60)
1648 455 1956 515 Adalheidi
1988 457 2045 525 Α
2147 452 2227 527 3‘)
2254 453 2316 510 C.
2352 454 2492 510 olim
2541 456 2599 512 S.
2634 455 2948 513 Salvatoris
2984 455 3413 530 Aquicinensis,
3456 458 3585 530 jam
3635 460 3723 515 hi-

278 555 668 630 .imperatrici,
687 570 940 627 quacum
976 552 1205 609 ultimis
1227 552 1360 607 vita:
1384 552 1512 624 ejus
1542 548 1715 605 annis
1744 546 1960 602 intima

286 645 578 702 charitate
596 644 942 715 conjunctus
968 642 1177 709 fuerat,
1197 658 1353 697 anno
1377 640 1484 695 999
1503 639 1811 705 defuncte,
1839 635 1957 707 epi-

289 733 565 806 taphium
592 730 959 805 conscripsit,
985 748 1102 803 quo
1122 732 1357 787 beatam
1381 730 1509 801 ejus
1530 728 1708 784 vitam
1734 729 1789 781 et
1815 741 1959 797 pra:-

292 824 471 896 cipua
514 824 663 878 facta
711 821 1005 877 succincte
1035 820 1304 893 exposita
1332 816 1608 887 oblivioni
1656 816 1956 879 eximeret,

293 918 375 979 et,
409 917 475 968 ut
502 911 627 984 ipse
655 910 889 978 fatetur,
915 909 1097 965 alium
1124 908 1209 965 rei
1239 907 1533 981 exigenda:
1566 905 1852 977 aptiorem
1884 902 1958 957 ad

290 1002 478 1058 vitam
501 999 892 1073 imperatricis
916 998 1290 1054 scribendam
1316 997 1603 1052 incitaret.
1628 994 1753 1049 Non
1775 992 1961 1065 igitur

291 1090 426 1148 vita:
458 1089 763 1149 historiam
813 1088 1101 1161 integram
1149 1091 1209 1143 et
1255 1091 1593 1142 accuratam
1623 1085 1956 1154 exspectes;

293 1185 438 1236 sunt
469 1178 757 1252 praecipua
782 1181 1011 1233 tantum
1037 1176 1269 1232 femina:
1290 1173 1534 1247 egregia
1567 1173 1684 1228 fata
1705 1170 1958 1227 strictim

294 1268 589 1324 recensita
608 1268 741 1336 (61),
760 1282 936 1338 opera
967 1265 1062 1338 pia
1091 1266 1439 1321 enumerata
1458 1263 1593 1334 (62),
1625 1265 1683 1317 et
1710 1259 1961 1315 ultimus

291 1359 428 1413 vita:
462 1373 667 1423 annus,
700 1372 817 1427 quo
847 1360 1055 1411 auctor
1076 1352 1464 1409 Adalheidam
1494 1350 1807 1406 comitatus
1828 1364 1960 1404 esse

290 1446 545 1514 videtur,
566 1446 758 1500 fusius
792 1447 1079 1499 tractatus
1116 1442 1253 1514 (63),
1278 1441 1381 1497 sed
1412 1457 1445 1497 a
1474 1440 1595 1496 viro
1627 1439 1727 1511 qui
1759 1436 1962 1492 omnia

289 1535 414 1591 ista
444 1539 543 1590 aut
582 1534 653 1589 ab
686 1531 1013 1589 Adalheida
1038 1531 1149 1603 (64)
1173 1534 1277 1587 aut
1318 1545 1574 1603 praesens
1595 1529 1710 1597 (65)
1731 1543 1962 1598 compe-

293 1624 452 1680 risse
480 1623 808 1679 censendus
835 1626 943 1677 est.
970 1621 1137 1676 Liber
1159 1620 1438 1676 defuncta
1461 1615 1828 1689 imperatrice
1845 1620 1962 1671 sta-

290 1711 404 1768 tim
438 1710 710 1784 scriptus,
736 1712 809 1767 ab
842 1708 1086 1766 Odilone
1114 1709 1358 1764 Andreae
1398 1706 1593 1762 abbati
1626 1710 1682 1761 et
1714 1720 1961 1777 congre-

289 1800 520 1874 gationi
560 1798 878 1865 Ticinensi,
911 1799 1157 1854 fortasse
1195 1802 1253 1853 et
1293 1795 1534 1868 rel’iquis
1574 1793 1854 1850 cmnobiis
1885 1792 1958 1847 ab

287 1888 619 1946 Adalheida
634 1888 916 1955 fundatis,
933 1884 1366 1943 Paterniacensi
1384 1890 1441 1941 et
1456 1882 1961 1951 Saltzensi,trans-

292 1979 523 2041 missus
555 1982 659 2034 est.
692 1981 852 2033 Certe
882 1977 1211 2032 Saltzenses
1246 1971 1610 2046 epitaphium
1654 1975 1956 2040 noverant,

291 2067 394 2124 cui
425 2065 637 2124 saeculo
662 2083 718 2122 χι
749 2066 943 2123 medio
974 2066 1089 2136 (66)
1117 2063 1338 2118 librum
1372 2060 1640 2127 alterum,
1673 2058 1960 2116 miracula

291 2158 359 2213 S.
392 2155 729 2213 Adalheidis
758 2163 1127 2213 enarrantem
1161 2153 1502 2224 adjecerunt
1520 2152 1654 2221 (67).
1674 2151 1745 2205 Et
1774 2165 1959 2221 quare

290 2262 488 2302 unum
505 2245 929 2313 Paterniacum,
946 2244 1046 2300 ubi
1065 2244 1190 2316 ipse
1207 2259 1344 2297 cum
1363 2239 1729 2313 imperatrice
1745 2237 1957 2293 ultimo

289 2336 431 2392 vitae
463 2335 591 2406 ejus
624 2351 775 2390 anno
815 2337 1078 2390 moratus
1126 2333 1332 2398 fuerat,
1368 2327 1959 2402 praetergrederetur?

289 2425 553 2493 Accedit,
586 2424 741 2496 quod
773 2424 1000 2479 codices
1044 2419 1347 2493 epitaphii,
1383 2422 1674 2491 quotquot
1717 2416 1958 2489 reperiri

295 2519 644 2588 potuerunt,
674 2516 895 2568 textum
930 2510 1223 2566 trifarium
1259 2508 1538 2581 praebent,
1562 2523 1737 2579 quem
1768 2520 1837 2561 ea
1864 2523 1959 2561 ra-

294 2604 461 2660 tione
487 2604 865 2658 immutatum
890 2601 1072 2656 fuisse
1092 2598 1388 2671 opinor,ut
1404 2614 1541 2652 cum
1557 2595 1721 2652 Odilo
1739 2594 1957 2650 librum

295 2709 478 2749 suum
504 2691 694 2764 primo
718 2688 1131 2746 Ticinencibus
1162 2685 1491 2754 obtulisset,
1518 2703 1653 2742 eum
1687 2684 1959 2740 secundis

294 2780 457 2837 curis
490 2779 850 2852 recognitum
903 2776 1330 2843 Paterniacum,
1365 2779 1421 2829 et
1462 2774 1594 2829 aliis
1637 2773 1797 2847 parvi
1829 2790 1958 2827 mo-

296 2868 485 2925 menti
522 2867 796 2923 corrcctis
824 2866 1100 2922 Saltziam
1132 2864 1407 2919 mitteret.
1429 2863 1757 2919 Ticinensis
1782 2861 1963 2935 igitur

294 2956 523 3014 codicis
552 2955 887 3030 apographa
917 2958 1150 3009 exstant
1181 2970 1194 3009 :

374 3048 428 3119 1)
461 3046 525 3102 C.
550 3045 893 3101 Oxoniensis
941 3044 1095 3099 inter
1142 3040 1488 3098 Bodleianos
1535 3059 1593 3096 n.
1626 3040 1768 3095 2690
1809 3041 1958 3112 (817,

299 3135 469 3196 Bodl.
503 3135 647 3207 Sup.
672 3134 738 3190 D.
762 3136 882 3189 Art.
908 3134 1023 3203 9t),
1055 3131 1345 3205 signatus,
1382 3131 1868 3187 membranaceus
1899 3130 1958 3184 in

2067 542 2377 599 bliotheca:
2397 544 2717 601 Duacensis
2735 565 2791 601 n.
2804 547 3252 619 792,—uterque
3264 547 3628 604 Bethmanno
3645 564 3725 603 re-

2069 631 2295 687 ferente
2318 632 2534 689 multas
2559 638 2894 690 sanctorum
2916 633 3077 690 Vitas
3099 634 3456 707 complexus,
3475 636 3724 692 membr.

2068 720 2128 776 in
2157 719 2253 776 fol.
2280 721 2537 777 maximo
2569 722 2764 779 saeculi
2795 739 2917 790 xm,
2938 755 3003 763 —
3025 740 3091 779 ex
3113 723 3438 795 antiquiore
3469 726 3724 796 quodam

2071 810 2388 875 ﬂuxerunt,
2412 812 2628 885 scripto
2650 813 2895 883 jubente
2936 810 3130 868 Attala
3153 812 3275 891 filia
3304 812 3539 869 Roberti
3569 812 3726 887 regis

2070 905 2129 955 et
2159 900 2531 969 Constantize,
2554 902 2837 958 Flandrize
2867 901 3724 973 comitissa,qum,monasterio

2069 988 2401 1046 \Vatinensi
2423 1008 2600 1063 prope
2612 994 2668 1046 S.
2684 991 3080 1046 Audomarum
3099 993 3432 1046 constructo
3449 993 3505 1045 et
3526 990 3723 1047 Romae

2071 1078 2146 1134 ab
2177 1077 2500 1134 Alexandro
2541 1079 2587 1135 II
2626 1079 2812 1135 vidum
2865 1078 3069 1134 haditu
3121 1082 3413 1151 suscepto,
3443 1079 3723 1135 Messanae

2071 1167 2236 1222 obiit.
2259 1167 2479 1225 Versus
2501 1169 2612 1241 (69)
2643 1168 2799 1225 enim
2833 1168 2889 1222 in
2931 1168 3045 1223 ﬁne
3075 1166 3216 1222 Vita:
3263 1166 3603 1222 Adalheidis
3633 1167 3722 1223 hi-

2069 1255 2369 1329 leguntur.

2133 1345 2248 1403 Quo
2278 1346 2410 1395 vixit
2438 1359 2585 1395 more
2614 1345 2798 1403 regina
2823 1344 3075 1395 Adalaida
3103 1345 3302 1401 Romae.

2132 1408 2285 1457 Odilo
2315 1422 2435 1470 qua;
2466 1408 2600 1458 vidit
2627 1408 2810 1466 abbas,
2844 1421 2964 1470 quae
2996 1408 3191 1469 scripta
3220 1408 3447 1465 notavit,

2132 1472 2295 1520 Nobis
2326 1470 2440 1521 haec
2468 1471 2621 1520 Atala
2655 1470 2813 1519 scribi
2836 1470 2996 1533 jussit
3029 1471 3314 1533 comitissa,

2133 1534 2447 1597 Exemplum
2479 1534 2588 1582 vita
2617 1533 2717 1581 sibi
2747 1546 2851 1642 quo
2882 1536 3118 1594 captaret
3146 1533 3198 1581 in
3229 1532 3350 1591 ista,

2134 1596 2279 1642 Nolle
2310 1596 2527 1642 malum.
2559 1594 2651 1642 sed
2682 1594 2762 1642 vel
2784 1608 2811 1642 e
2840 1594 3042 1642 bonum
3072 1594 3334 1642 deducere

2134 1596 2279 1644 Nolle
2301 1594 2527 1653 malum,
2559 1594 2651 1644 sed
2682 1594 2811 1643 velle
2840 1594 3042 1643 bonum
3072 1594 3334 1643 deducere
3365 1594 3585 1644 seclum.

2132 1660 2342 1720 Reguet
2369 1671 2492 1707 cum
2525 1657 2748 1721 Domino
2777 1671 2988 1721 semper
3017 1657 3287 1706 laudanda
3313 1657 3518 1721 virago,

2134 1719 2262 1778 Quae
2294 1734 2488 1784 pravos
2520 1719 2664 1780 vitat,
2691 1719 2867 1782 justos
2897 1719 3151 1768 imitarier
3179 1723 3346 1782 Optat.

2072 1801 2311 1856 Librum
2344 1798 2779 1855 Bruxellensem
2810 1798 3213 1856 Bethmannus
3233 1801 3293 1854 in
3316 1816 3461 1856 usus
3492 1804 3723 1857 nostros

2066 1889 2395 1962 exscripsit.

2142 1979 2207 2035 lli
2237 1984 2490 2052 quatuor
2510 1976 2759 2045 codices,
2782 1976 3158 2050 paucissimis
3188 1978 3464 2051 exceptis,
3486 1978 3638 2036 inter
3657 1995 3723 2036 se

2066 2068 2464 2136 consentiunt,
2498 2070 2557 2123 et
2607 2067 2714 2122 soli
2754 2066 3021 2123 omnium
3079 2065 3304 2122 litteras
3334 2065 3599 2123 Odilonis
3646 2068 3721 2124 ad

2065 2159 2360 2214 Andream
2407 2156 2696 2229 przebent;
2729 2172 2763 2211 a
2791 2154 3007 2228 quibus
3038 2154 3246 2226 reliqui
3292 2171 3497 2212 omnes
3545 2157 3723 2213 certis

2066 2247 2211 2304 locis
2242 2247 2542 2303 recedunt.
2570 2246 2816 2319 Propius
2848 2250 3044 2301 tamen
3079 2244 3145 2300 ad
3172 2243 3513 2303 Ticinenses
3541 2245 3724 2304 libros

2067 2337 2166 2394 alii
2213 2342 2353 2404 tres,
2387 2353 2536 2408 quos
2587 2334 3065 2392 Paterniacenses
3094 2351 3299 2390 vocare
3346 2334 3538 2406 liceat,
3559 2353 3722 2394 acce-

2068 2429 2262 2483 dunt:

2140 2517 2192 2573 4)
2223 2516 2297 2571 C.~
2317 2514 2465 2569 Bibl.
2501 2514 2670 2587 regia:
2711 2512 3059 2569 Parisiensis
3109 2511 3264 2569 inter
3306 2512 3729 2587 Supplementa

2070 2604 2278 2659 Latina
2304 2620 2362 2656 n.
2393 2603 2522 2668 854,
2545 2602 2718 2669 mbr.,
2743 2600 2803 2655 in
2836 2600 2933 2657 fol.
2959 2600 3208 2673 longiori
3233 2600 3431 2656 saeculi
3461 2619 3539 2669 x1,
3562 2603 3727 2661 Vitas

2069 2694 2165 2748 SS.
2198 2689 2578 2763 Amalbergze,
2610 2688 2848 2744 Hildulfi
2874 2689 3243 2744 Trevirorum
3280 2689 3723 2765 archiepiscopi,

2066 2778 2419 2845 Adalheidm,
2443 2777 2665 2847 Odiliaa,
2695 2777 2975 2834 Liutwini
3022 2775 3307 2832 Treverici
3340 2777 3728 2851 archiprazsu-

2068 2869 2162 2936 lis,
2185 2865 2525 2922 Willehaldi
2546 2867 2681 2938 (70),
2705 2864 2938 2938 aliaque
2982 2882 3161 2921 manu
3210 2864 3420 2921 Albani
3467 2871 3525 2922 et
3573 2867 3725 2927 Celsi

2067 2956 2427 3028 complexus,
2461 2972 2495 3010 a
2520 2954 2742 3011 Waitzo
2778 2955 2837 3010 in
2879 2971 3025 3010 usus
3069 2957 3301 3010 nostros
3331 2971 3485 3011 anno
3517 2962 3723 3029 praete-

2069 3047 2179 3102 rito
2211 3061 2523 3101 conversus
2553 3047 2662 3099 est.

2137 3137 2194 3205 5)
2220 3134 2280 3190 C.
2324 3132 2467 3189 bibl.
2529 3130 2924 3187 universitatis
2975 3130 3512 3206 Wirtzedurgensis
3570 3134 3727 3193 inter

290 3225 433 3282 folio
464 3201 666 3281 saeculi
696 3239 906 3295 xx,quo
935 3201 1061 3294 ipse
1091 3201 1245 3277 anno
1272 3221 1409 3275 1827
1428 3236 1574 3275 usus
1607 3234 1761 3274 sum.
1786 3218 1957 3273 Com-
1989 3201 2031 3268 C
2069 3201 2395 3295 Théologos
2427 3222 2485 3276 in
2516 3219 2615 3276 fol,
2643 3238 2700 3276 ῃ,
2737 3222 2828 3287 34,
2853 3221 3029 3286 mbr.,
3052 3220 3250 3276 seculi
3271 3201 3348 3289 x1:
3373 3222 3513 3278 olim
3543 3229 3727 3282 sam-ti

290 3313 574 3389 plectitur
603 3312 796 3368 Vitam
847 3310 1068 3368 Odonis
1117 3307 1348 3365 abbatis
1376 3307 1801 3375 Cluniacensis,
1832 3323 1955 3362 cre-

287 3403 608 3459 dulitatem
654 3400 938 3466 Odilonis,
986 3396 1250 3455 Odilonis
1292 3396 1486 3453 Vitam
1537 3394 1755 3458 Maioli.
1807 3395 1956 3451 Petri

286 3490 562 3548 Damiani
582 3489 773 3546 Vitam
797 3488 1080 3555 Odilonis,
1096 3486 1366 3543 Odilonis
1378 3487 1568 3542 Vitam
1591 3484 1952 3551 Adalheidis,

287 3582 465 3653 cujus
498 3578 720 3636 ultimze
751 3577 1051 3635 sententiae
1074 3580 1203 3633 octo
1234 3574 1464 3649 paginis
1494 3574 1705 3632 excisis
1735 3573 1957 3630 deside-

286 3676 524 3737 rantur,
556 3669 951 3743 fragmentum
980 3666 1126 3722 Vitaa
1157 3666 1215 3722 S.
1248 3665 1539 3722 Simeonis
1569 3668 1627 3722 et
1655 3680 1956 3721 sermones

292 3777 397 3817 sex
448 3758 712 3816 Odilonis
739 3759 874 3832 (68).
905 3758 1122 3813 Textus
1172 3756 1231 3811 in
1275 3756 1614 3811 universum
1648 3756 1871 3827 integer
1900 3757 1957 3810 et

287 3851 509 3906 bouus.
534 3849 638 3904 Cui
670 3847 980 3904 consentit.

357 3941 416 4012 2)
447 3938 534 4006 C.,
557 3937 697 3993 olim
730 3938 789 3994 S.
814 3935 1053 3993 Martini
1081 3936 1152 3991 de
1183 3934 1629 4008 Campis,quem
1662 3933 1951 3990 Martinus

294 4027 566 4093 Marrier,
579 4027 706 4098 ejus
728 4026 972 4082 cmnobii
999 4024 1343 4089 monachus,
1370 4028 1533 4079 tanta
1562 4023 1869 4096 diligentia
1893 4021 1953 4077 in

290 4116 656 4174 Bibliotheca
686 4113 1056 4171 Cluniacensi
1089 4113 1329 4169 Andreae
1370 4112 1688 4168 Duchesnii
1738 4127 1953 4167 nomen

289 4206 636 4280 praeferente
657 4221 714 4276 p.
730 4204 987 4269 353-362,
1003 4201 1306 4274 expressit,
1323 4207 1388 4257 ut
1411 4201 1485 4258 ad
1505 4201 1692 4256 instar
1712 4200 1952 4268 codicis,

290 4295 393 4368 qui
426 4293 601 4350 hodie
632 4293 782 4348 inter
813 4292 995 4348 libros
1026 4292 1085 4347 S.
1120 4291 1357 4347 Martini
1388 4291 1460 4347 de
1491 4291 1723 4363 Campis
1753 4290 1957 4347 biblio-

292 4384 479 4440 thecae
510 4381 679 4456 regiae
724 4379 1039 4438 Parisiensi
1082 4378 1276 4436 illatos
1305 4380 1690 4447 desideratur,
1717 4397 1845 4436 esse
1870 4379 1955 4436 vi-

294 4474 524 4528 deatur.
559 4469 941 4543 Epitaphium
974 4466 1208 4523 Ottonis
1240 4468 1260 4522 Ι
1290 4472 1345 4522 et
1387 4467 1644 4523 Heinrici
1675 4467 1724 4523 ΙΙ
1768 4466 1955 4538 subji-

2064 3315 2217 3370 Petri
2263 3314 2326 3368 in
2388 3311 2754 3380 Wissenburg,
2790 3310 2930 3366 Vita:
2974 3309 3309 3366 Adalheidas
3355 3311 3722 3385 epitaphium

2065 3402 2291 3458 Ottonis
2330 3399 2654 3473 praemittit.
2680 3399 2834 3456 Usus
2864 3416 2996 3455 sum
3028 3416 3095 3455 eo
3126 3417 3222 3456 an.
3257 3400 3408 3456 1835.
3442 3400 3722 3473 Ejusdem

2064 3491 2281 3547 codicis
2329 3489 2607 3545 lectiones
2656 3488 2811 3545 docti
2842 3488 3207 3545 Bollandiani
3254 3489 3465 3547 saeculo
3510 3508 3630 3548 xvu
3659 3492 3721 3548 in

2065 3580 2312 3639 schedas
2343 3594 2482 3635 suas
2514 3576 2863 3648 retulerunt,
2888 3595 3035 3651 quas
3065 3578 3128 3633 in
3149 3578 3276 3634 cod.
3302 3578 3462 3653 regio
3490 3578 3725 3636 Bruxel-

2063 3670 2211 3727 lensi
2242 3687 2302 3725 n.
2329 3669 2471 3724 8978
2501 3667 2794 3741 hodieque
2822 3667 3024 3724 haberi
3054 3667 3457 3724 Bethmannus
3483 3667 3648 3725 vidit.

2133 3761 2186 3833 6)
2219 3758 2281 3814 C.
2315 3756 2458 3813 bibl.
2493 3756 2766 3813 Palatinae
2803 3756 3271 3813 Vindobonensis
3295 3756 3448 3813 inter
3484 3756 3721 3815 histori-

2063 3866 2162 3907 cos
2213 3848 2486 3922 profanos
2533 3863 2592 3900 n.
2634 3846 2765 3901 994.
2790 3847 2917 3919 jam
2968 3862 3027 3901 n.
3060 3846 3168 3900 622
3218 3846 3508 3919 signatus,
3543 3847 3717 3918 mbr.,

2064 3955 2197 3995 saec.
2224 3953 2303 4006 χι,
2328 3933 2559 4008 paginis
2592 3934 2689 3988 1-3
2719 3933 3085 4006 epitaphium
3105 3934 3354 4001 Ottonis,
3376 3935 3509 3991 3-26
3531 3938 3720 4010 epita-

2063 4028 2269 4101 phium
2315 4022 2649 4081 Adalheidae
2698 4022 2975 4085 continet,
3010 4020 3153 4079 locis
3198 4021 3497 4095 aliquibus
3543 4026 3720 4083 adra-

2063 4135 2218 4185 sum,
2246 4114 2401 4187 quod
2432 4111 2491 4167 in
2527 4128 2673 4168 usus
2702 4117 2935 4168 nostros
2967 4111 3223 4167 converti
3253 4110 3391 4167 fecit
3418 4110 3717 4169 Chmelius

2064 4212 2280 4262 noster.

2132 4296 2219 4350 Ab
2247 4291 2340 4349 his
2370 4292 2585 4347 iterum
2623 4289 2974 4347 lectionibus
3013 4288 3312 4346 nonnullis
3345 4291 3403 4343 et
3426 4286 3576 4346 libro
3608 4289 3716 4347 Mi-

2063 4381 2396 4439 raculorum
2427 4379 2625 4435 addito
2655 4379 2884 4435 codices
2909 4376 3233 4434 Saltzenses
3264 4376 3545 4434 recedunt
3578 4395 3591 4434 :

2133 4472 2189 4544 7)
2220 4472 2279 4527 C.
2314 4468 2455 4526 olim
2510 4468 2613 4525 SS.
2655 4467 2913 4524 Mauritii
2963 4471 3021 4523 et
3066 4466 3340 4524 Germani
3397 4466 3713 4540 Spirensis,

233 4593 243 4606 ~
294 4561 467 4616 citur.
501 4556 757 4615 Editioni
787 4556 884 4613 isti
915 4554 1204 4613 Chesnius
1234 4560 1403 4611 notas
1432 4571 1651 4628 paucas
1682 4555 1952 4643 aspersit.
1985 4573 2030 4637 ι)
2063 4562 2235 4634 cujus
2265 4557 2669 4643 apographum
2692 4557 2751 4613 in
2778 4573 2953 4613 usum
2982 4556 3288 4613 doctorum
3313 4554 3718 4614 Bollandiano-

365 4650 421 4718 3)
442 4648 503 4705 C.
527 4646 667 4705 olim
687 4644 1114 4702 Vallicellensis
1137 4644 1265 4716 jam
1308 4644 1460 4700 inter
1487 4643 1679 4717 regios
1707 4641 1950 4700 Bruxel-

300 4737 489 4794 lenses
520 4754 578 4793 n.
604 4736 748 4791 7460
777 4734 1053 4808 insignis,
1083 4738 1142 4789 et

369 4882 479 4955 (60)
512 4880 898 4955 Hieronymus
928 4875 1291 4955 epitaphium
1314 4875 1385 4931 de
1406 4874 1653 4930 Blaesilla
1682 4878 1739 4929 et
1770 4874 1953 4948 Nepo-

300 4948 669 5009 tia'no'edidit
699 4948 831 5007 libr.
864 4967 927 5017 ιι,
964 4948 1135 5022 epist.
1165 4950 1257 5004 22.

390 5027 481 5093 61)
512 5024 691 5096 Capp.
727 5024 844 5096 1-8.

390 5030 481 5093 61)
512 5030 691 5096 Capp.
727 5030 844 5078 1-8.

370 5030 481 5168 (62)
510 5096 690 5168 Capp.
722 5095 879 5168 9ῖ12ἶ

369 5165 480 5236 (63)
515 5165 693 5239 Capp.
729 5165 917 5239 13123.

368 5229 482 5312 (64)
516 5229 708 5312 Οαρἶ2
731 5256 779 5312 ες(
806 5238 966 5312 saepe
985 5234 1143 5291 enim
1176 5233 1377 5312 inde...
1403 5249 1539 5312 cum
1565 5229 1953 5312 familiaribus

298 5304 957 5367 ﬁd'elibus'conferebat
1009 5310 1231 5380 quanta
1276 5309 1335 5361 et
1376 5304 1575 5379 qualia
1621 5309 1663 5359 t.
1696 5308 1738 5359 t.
1776 5320 1953 5377 passa

301 5383 493 5449 fuerit,
522 5405 552 5433 ››
574 5387 684 5439 etc.

370 5446 488 5527 (65)
512 5457 653 5527 Cap.
679 5454 716 5510 5
742 5471 791 5509 :u
814 5451 944 5527 Haac
966 5465 1092 5527 quae
1123 5449 1194 5504 de
1225 5466 1293 5527 ea
1320 5447 1594 5527 dicimus,
1620 5463 1735 5502 non
1777 5446 1953 5527 modo

299 5517 530 5593 auditu,
559 5517 659 5584 sed
709 5529 766 5581 et
811 5523 940 5579 visu
982 5517 1050 5578 et
1105 5519 1500 5593 experimento
1550 5517 1950 5593 cognovimus.

300 5598 489 5657 Multa
515 5588 592 5653 ab
614 5614 683 5653 ea
702 5595 908 5651 salutis
939 5593 1114 5649 verba
1140 5588 1493 5664 audivimus,
1517 5588 1773 5664 plurima
1803 5589 1955 5645 dona

300 5670 701 5746 suscepimus,
727 5690 755 5722 ››
779 5671 912 5743 etc.,
940 5664 1015 5725 cf.
1046 5680 1211 5741 capp.
1244 5663 1331 5735 15,
1366 5664 1453 5723 19.

2059 4668 2193 4706 rum
2215 4665 2344 4705 saec.
2359 4664 2475 4703 xvu
2492 4647 2818 4702 confectum
2842 4645 3243 4702 Bethmannus
3259 4644 3320 4701 in
3337 4644 3533 4702 codice
3556 4645 3716 4718 regio

2058 4737 2420 4796 Bruxellensi
2461 4754 2521 4792 n.
2544 4736 2686 4791 8976
2715 4734 2949 4808 reperit,
2985 4738 3043 4790 et
3071 4752 3232 4808 aeque
3261 4751 3327 4790 ac
3381 4734 3713 4806 proximum

2130 4872 2246 4942 (66)
2274 4871 2439 4942 Anno
2472 4868 2634 4942 1656ἶ
2666 4871 2734 4942 ut
2775 4867 3023 4942 videtur,
3052 4867 3275 4942 scilicet
3305 4870 3441 4922 ante
3490 4883 3713 4942 annum

2058 4938 2474 5009 1057,0ttonis
2505 4940 2673 4996 ducis
2704 4940 2776 4995 de
2804 4938 3162 5011 Swinvorth,
3189 4954 3365 5011 quem
3398 4942 3601 4993 auctor
3629 4940 3713 4994 vi-

2057 5030 2199 5077 vum
2228 5012 2504 5078 celebrat,
2535 5010 2940 5068 emortualem.

2130 5088 2246 5157 (67)
2269 5082 2627 5166 Leopoldupi
2652 5082 3193 5166 Babenberge‘nsem
3213 5081 3276 5166 in.
3288 5079 3443 5164 libro
3464 5078 3554 5166 D‘e‘
3568 5084 3715 5137 vete-

2061 5151 2193 5230 rum
2212 5151 2541 5230 principum
2555 5151 2983 5230 Germanorum
2997 5153 3111 5230 fide
3127 5157 3185 5230 et
3199 5152 3480 5230 religione
3494 5151 3712 5210 librum

2062 5224 2322 5285 Odildnis
2350 5224 2625 5283 laudasse
2654 5225 2939 5282 Chesnius
2969 5224 3286 5281 adnotavit.

2134 5301 2245 5374 (68)
2271 5299 2415 5374 Yide
2444 5297 2699 5374 Αηξιειιβε
2728 5302 2960 5374 uestras
2987 5298 3128 5374 .VII;
3148 5313 3206 5369 ρ·
3236 5297 3358 5374 ιιὲβι
3392 5295 3519 5374 449.-

2062 5444 2098 5500 Β
2283 5372 2471 5428 Versus
2514 5368 2705 5426 Garim
2751 5368 2938 5425 clerici
2983 5368 3042 5424 in
3092 5356 3450 5425 Bruxellensi
3500 5367 3716 5424 inscri-

2102 5460 2180 5498 un
2212 5460 2301 5499 ur.

2102 5460 2301 5499 untur.

2135 5516 2226 5588 (70
2255 5514 2471 5644 'Izetxtus
2503 5528 2638 5568 cum
2667 5511 2920 5569 editione
2950 5515 3151 5569 nostra
3181 5510 3281 5567 SS.
3305 5507 3377 5583 Il,
3398 5509 3526 5580 377,
3555 5525 3715 5583 sqq.,

2135 5604 2277 5644 nsen
2307 5602 2322 5642 1
2359 5627 2371 5641 .

2063 5602 2371 5645 οοηεεηωῑ.
