4020 6180
201 290 323 355 993

1700 296 2012 358 SEIIMON
2026 298 2136 359 ES.

3501 314 3619 376 99.1

204 425 405 480 divina
429 426 735 497 majestate
756 426 1312 497 sublimitas.Quam
1337 431 1688 487 sublimisin
1712 430 1857 496 suis,
1890 434 1942 500 Α
1972 431 2050 487 lia
2097 432 2474 505 antiquorum
2526 439 2723 491 vatum
2780 439 3117 496 testimonia
3175 442 3245 498 de
3304 447 3623 503 aeternitate

201 532 383 588 quam
408 515 652 572 humilis
674 516 731 572 in
757 519 1065 585 nostris,in
1091 521 1613 593 praesepejacebat,
1635 520 1690 575 in
1716 520 1856 575 {‘(0l0

200 603 749 662 residebat..lacens
779 606 837 661 in
871 607 1001 663 sinu
1037 610 1265 678 matris,
1294 610 1505 666 sedens
1537 609 1595 664 in
1628 609 1864 665 dextera

198 693 559 750 Patris.Cum
583 701 739 751 esset
761 697 858 753 Dei
884 698 1073 753 Patris
1097 703 1229 753 ante
1252 702 1515 772 tempora
1530 697 1763 765 unicus,
1785 698 1863 753 fa-

200 783 702 857 ctusestVirginis
725 784 779 840 in
795 789 1055 859 tempore
1067 787 1398 843 Filius.Non
1418 788 1692 843 amittens
1706 787 1863 859 quod

198 879 344 939 erat,
370 873 561 929 factus
593 878 681 929 est
712 876 863 947 quod
898 893 1012 931 non
1042 880 1184 931 erat.
1211 878 1423 932 Factus
1453 880 1541 932 est
1572 876 1862 949 particeps

200 961 579 1019 mortalitatis
606 968 839 1029 nostrae,
881 970 943 1020 ut
983 983 1091 1021 nos
1118 967 1249 1021 vita:
1281 984 1403 1022 suae
1434 966 1861 1040 participes-fa-

198 1055 377 1106 ceret.
408 1050 589 1107 Hodie
639 1051 945 1125 impletum
995 1059 1084 1110 est
1113 1056 1456 1111 vaticinium
1508 1055 1650 1110 illud
1699 1053 1861 1109 Isaiae

198 1140 499 1214 prephetee
530 1139 779 1196 dicentis
807 1159 819 1197 :
855 1144 1173 1214 Egredietur
1203 1147 1357 1215 virga
1387 1144 1451 1200 de
1481 1143 1663 1200 radice
1689 1149 1857 1211 Iesse,

195 1234 249 1284 et
268 1231 372 1300 ﬂos
394 1229 460 1285 de
480 1229 662 1285 radice
681 1231 801 1303 ejus
821 1232 1088 1288 ascendet.
1110 1234 1253 1288 Item
1279 1233 1402 1306 ipse
1424 1234 1681 1306 aperitus
1700 1250 1714 1287 :
1735 1233 1864 1287 Ecce

194 1320 352 1389 virgo
381 1320 649 1391 concipiet
678 1323 731 1374 et
761 1322 938 1392 pariet
966 1322 1169 1393 ﬁlium.
1197 1322 1336 1378 Item
1382 1322 1535 1377 idem
1570 1322 1691 1394 ipse
1724 1339 1861 1394 pro-

192 1408 377 1479 pheta
403 1426 416 1465 :
442 1409 712 1465 Parvulas
735 1414 901 1465 natus
922 1418 1000 1467 est
1028 1413 1204 1478 nobis,
1226 1412 1379 1482 ﬁlius
1406 1411 1562 1466 datus
1588 1420 1665 1467 est
1684 1412 1859 1467 nobis.

193 1497 393 1553 Nimis
426 1497 595 1553 dulce
621 1499 775 1571 quod
812 1504 983 1556 natus
1014 1504 1131 1566 est;
1165 1499 1414 1555 nimium
1440 1499 1675 1557 salubre
1705 1500 1861 1573 quod

193 1586 377 1643 datus
407 1590 515 1643 est.
550 1589 690 1642 Cum
723 1588 892 1643 audis
926 1588 1221 1644 Christum
1254 1588 1357 1644 tibi
1393 1594 1620 1658 natum,
1649 1590 1861 1662 gaude.

190 1675 347 1731 Cum
380 1676 552 1732 audis
582 1675 756 1731 etiam
800 1677 902 1731 tibi
948 1678 1172 1745 datum,
1208 1679 1393 1735 multo
1428 1678 1617 1751 magis
1646 1678 1861 1733 laztare.

188 1765 311 1821 Sed
349 1766 502 1820 inter
522 1769 743 1837 patrem
772 1770 829 1821 et
860 1771 1085 1834 natum,-
1115 1771 1169 1823 et
1201 1767 1352 1822 inter
1382 1769 1641 1823 datorem
1677 1771 1734 1823 et
1763 1768 1864 1822 da-

187 1855 695 1921 tum,secundum
720 1856 976 1911 divinam
1003 1861 1275 1912 naturam
1303 1874 1415 1913 non
1444 1858 1739 1928 contingat
1764 1856 1866 1911 tibi

190 1944 388 1998 ullam
422 1943 527 1998 tibi
568 1945 799 1999 credere
850 1945 1259 2000 differentiam.
1296 1945 1481 2002 Unius
1528 1947 1684 2001 enim
1737 1947 1871 2000 sub-

191 2033 438 2087 stantiae
469 2037 607 2088 sunt
640 2034 963 2089 secundum
996 2035 1231 2090 deitatis
1261 2034 1577 2092 essentiam
1620 2039 1785 2106 pater
1814 2038 1872 2089 et

191 2128 408 2188 natus,
433 2122 599 2178 dator
628 2129 685 2179 et
715 2124 908 2178 datus.
934 2125 1162 2179 Tantus
1199 2130 1289 2179 est
1323 2123 1419 2180 ille
1451 2124 1552 2195 qui
1582 2124 1755 2179 datus
1785 2128 1873 2179 est

189 2216 469 2284 quantus
500 2216 587 2267 est
617 2211 711 2267 ille
738 2230 771 2267 a
803 2230 917 2284 quo
968 2213 1141 2268 datus
1172 2218 1279 2268 est.
1312 2214 1381 2269 Et
1411 2212 1603 2285 qualis
1637 2217 1726 2267 est
1775 2212 1872 2267 ille

194 2301 304 2375 qui
344 2301 583 2374 genitus
612 2306 720 2365 est,
746 2301 883 2357 talis
916 2306 1004 2358 est
1033 2301 1129 2357 ille
1156 2320 1189 2356 a
1210 2319 1325 2374 quo
1348 2302 1581 2375 genitus
1614 2306 1722 2356 est.
1748 2302 1870 2355 Non

196 2390 512 2464 praecessit
536 2394 795 2462 tempore
826 2392 1082 2463 genitor;
1109 2407 1221 2445 non
1248 2396 1337 2445 est
1360 2390 1618 2463 genitore
1640 2390 1873 2463 genitus

199 2480 480 2536 inferior.
500 2480 897 2552 Ejusdemque
929 2480 1445 2551 naturae,potenti:e
1469 2484 1526 2535 et
1548 2480 1875 2551 majestatis

203 2569 480 2625 creditur
500 2574 555 2624 et
576 2569 926 2642 praedicatur
951 2569 1205 2641 Spiritus
1239 2573 1498 2635 sanctus,
1524 2586 1638 2640 quo
1672 2586 1873 2640 super-

196 2658 487 2712 veniente
508 2657 1034 2729 suscepitVerbum
1056 2658 1149 2711 Dei
1170 2658 1552 2712 sanctissima:
1575 2662 1632 2711 et
1648 2674 1879 2728 semper

201 2747 484 2818 Virginis
506 2752 730 2817 uterus,
746 2748 916 2817 cujus
934 2746 1289 2818 singularem
1318 2752 1548 2818 partum
1570 2746 1878 2801 universus

199 2834 397 2891 hodie
431 2835 631 2891 recolit
660 2836 937 2891 mundus.
964 2836 1161 2890 Tantm
1194 2836 1350 2890 enim
1391 2835 1468 2890 rei
1518 2840 1754 2906 tamque
1788 2835 1879 2889 di-

196 2923 515 2980 vinissimi
547 2924 805 2996 mysterii
846 2928 903 2979 et
944 2923 1256 2980 inell‘abilis
1286 2924 1636 2979 sacramenti
1667 2924 1875 2996 gratia,

198 3031 337 3069 non
372 3011 567 3067 solum
598 3013 657 3067 in
682 3012 851 3068 terris
873 3012 1170 3068 exsultant
1191 3013 1371 3083 justi;
1397 3013 1493 3068 sed
1524 3012 1698 3067 etiam
1722 3028 1880 3068 sum-

194 3120 325 3158 mae
361 3100 684 3156 divinitatis
712 3101 767 3155 in
798 3100 1073 3156 excelssis
1100 3100 1425 3172 tripudiant
1456 3100 1734 3156 ministri.

1972 520 2184 575 Christi
2219 524 2465 594 ejusque
2495 523 2691 581 divina
2738 532 2793 582 et
2837 527 3343 605 incircumscripta
3372 552 3624 606 prmscn-
3663 580 3673 589 .

1971 610 2074 676 tia,
2100 610 2336 669 ductilis
2369 612 2468 668 illa
2488 613 2742 671 ccclestis
2774 617 3110 690 magnivoce
3131 630 3439 695 concrepat
3465 626 3625 693 tuba,

1967 704 2126 758 Jesus
2157 701 2424 769 Christus,
2449 702 2664 776 inquit,
2685 706 2806 761 heri
2833 715 2885 763 et
2905 708 3081 775 hodie,
3109 712 3221 781 ipse
3241 716 3292 768 et
3315 714 3373 767 in
3396 717 3623 772 sarcula.

1970 788 2040 843 Et
2070 788 2126 842 in
2161 787 2275 845 alio
2306 791 2431 846 loco
2465 792 2734 849 Davidico
2762 812 2905 851 usus
2935 798 3288 860 testimonio.
3320 802 3391 857 Tu
3420 811 3623 874 autem,

1970 876 2182 949 inquit,
2214 878 2355 934 idem
2390 881 2502 952 ipse
2530 898 2602 947 es,
2636 890 2686 937 et
2713 886 2854 939 anni
2874 887 2958 940 tui
2978 904 3087 941 non
3123 887 3389 959 deﬁcient.
3417 890 3482 945 Et
3506 892 3629 965 ipse

1972 967 2236 1025 Salvator
2259 969 2316 1024 in
2342 970 2652 1045 Evangelio
2675 974 2746 1028 ad
2768 973 3022 1031 Judazos.
3039 977 3335 1051 Antequam
3355 980 3631 1037 Abraham

1969 1058 2122 1127 ﬁeret
2149 1074 2243 1129 ego
2272 1076 2414 1114 sum.
2447 1061 2553 1116 Sed
2587 1061 2724 1134 quia
2752 1068 2885 1119 ante
2908 1065 3224 1137 Abraham,
3258 1073 3313 1124 et
3344 1073 3408 1124 ut
3438 1070 3629 1127 verius

1972 1145 2183 1216 dicam,
2219 1152 2353 1203 ante
2405 1166 2639 1206 omnem
2699 1156 3024 1209 creaturam
3054 1172 3285 1230 semper
3331 1175 3460 1214 cum
3512 1159 3629 1217 Deo

1971 1234 2138 1290 Patre
2198 1252 2327 1291 esse
2386 1238 2736 1294 aeternaliter
2780 1240 3009 1309 habuit,
3044 1244 3114 1299 de
3164 1245 3386 1302 semine
3434 1252 3631 1303 tamen

1971 1322 2218 1379 Abrahae
2251 1325 2411 1380 nasci
2441 1326 2840 1399 temporaliter
2869 1328 3072 1386 voluit.
3100 1332 3342 1389 Abrahae
3375 1351 3630 1408 namque

1975 1430 2010 1468 a
2038 1412 2154 1469 Deo
2186 1413 2352 1469 Patre
2382 1414 2603 1472 dictum
2636 1420 2761 1473 est:
2794 1420 2854 1474 In
2885 1422 3092 1477 semine
3120 1430 3210 1478 tuo
3251 1424 3631 1481 benedicentur

1974 1518 2158 1558 omnes
2186 1511 2367 1571 gentes
2398 1512 2580 1563 terrte.

2047 1592 2464 1662 Hujuscemodi
2497 1594 2672 1650 etiam
2713 1595 3125 1668 promissionis
3176 1599 3407 1675 insigne
3455 1602 3632 1674 privi-

1974 1678 2193 1751 legium
2254 1682 2457 1737 beatus
2517 1683 2695 1739 David
2757 1685 3090 1757 patriarcha
3150 1691 3493 1760 promeruit,
3539 1691 3634 1747 cui
3736 1736 3753 1743 -

1976 1768 2131 1824 Deus
2166 1768 2350 1836 Pater,
2386 1770 2607 1825 incerta
2636 1777 2692 1827 et
2722 1773 2949 1830 occulta
2981 1776 3277 1847 sapientiae
3305 1795 3423 1853 suae
3450 1780 3635 1835 mani-

1980 1858 2266 1925 l'estando,
2300 1859 2446 1914 dixit
2478 1876 2490 1915 :
2524 1863 2600 1916 De
2627 1864 2814 1933 fructu
2860 1866 3064 1919 ventris
3096 1868 3181 1920 tui
3221 1883 3422 1938 ponam
3470 1886 3639 1941 super

1976 1946 2151 2001 sedem
2206 1964 2397 2003 meam.
2440 1948 2557 2004 lIoc
2608 1951 2803 2022 ipsum
2855 1953 3142 2009 Jeremias
3202 1956 3486 2029 propheta
3541 1976 3635 2014 as-

1980 2034 2165 2090 seruit
2195 2035 2293 2090 ubi
2343 2036 2483 2092 dicit
2513 2054 2523 2092 :
2560 2039 2689 2095 Ecce
2716 2042 2830 2097 dies
2860 2044 3106 2110 veniunt,
3136 2042 3275 2099 dicit
3326 2045 3633 2115 Dominus,

1979 2131 2029 2179 et
2058 2124 2329 2181 suscitabo
2358 2128 2531 2182 David
2576 2145 2799 2197 germen
2835 2131 3070 2202 justum.
3105 2132 3293 2204 Hujus
3340 2134 3497 2191 enim
3533 2154 3637 2191 no-

1980 2211 2253 2268 bilissimi
2304 2215 2588 2286 germinis
2642 2219 3162 2291 magniﬁcentiam,
3205 2226 3260 2277 et
3308 2222 3638 2281 dulcissimi

1982 2303 2208 2357 fructus
2257 2305 2682 2361 sublimitatem
2716 2312 2773 2362 et
2814 2308 3240 2375 excellentiam,
3277 2310 3455 2368 Isaias
3503 2330 3636 2385 pro-

1982 2391 2157 2460 pheta
2188 2391 2589 2461 considerans,
2624 2395 2841 2467 Spiritu
2890 2402 3091 2453 sancto
3138 2404 3463 2470 praeventus
3494 2418 3637 2473 pra:-

1984 2480 2311 2546 nuntiabat,
2347 2480 2546 2537 dicens
2582 2501 2593 2538 :
2629 2488 2695 2539 In
2739 2485 2829 2541 die
2876 2486 2978 2560 illa
3032 2489 3139 2543 erit
3181 2504 3402 2558 germen
3448 2490 3639 2547 domus

1985 2570 2214 2623 Domini
2263 2570 2321 2623 in
2367 2574 2778 2642 magniﬁcentia
2806 2583 2856 2630 et
2890 2580 3103 2646 fructus
3146 2585 3313 2634 terra?
3356 2580 3636 2636 sublimis.

1986 2657 2051 2710 Hi
2082 2674 2215 2712 vero
2245 2658 2382 2723 duo,
2404 2660 2501 2730 qui
2535 2678 2649 2732 pra:
2699 2663 2919 2719 caeteris
2952 2666 3218 2735 patribus
3266 2667 3338 2721 de
3388 2668 3636 2723 adventu

1985 2745 2299 2800 Salvatoris
2326 2748 2775 2817 promissionem
2798 2753 3164 2823 apertissime
3186 2760 3553 2826 acceperunt,
3576 2756 3637 2815 in

1986 2833 2375 2904 descriptione
2390 2837 2700 2892 Dominicze
2712 2839 3454 2909 generationis,secundum
3470 2860 3638 2900 evan-

1986 2920 2251 2992 gelistam
2280 2922 2640 2993 Matthazum,
2664 2926 2921 2998 primum
2950 2932 3007 2983 et
3037 2928 3414 3002 principalem
3444 2932 3637 2991 locum

1987 3009 2161 3080 digne
2183 3019 2651 3081 promeruerunt,
2675 3014 2847 3085 cujus
2869 3016 3171 3072 exordium
3198 3018 3308 3075 tale
3329 3024 3451 3076 est:
3476 3023 3640 3078 Liber

1987 3101 2355 3164 generationis
2383 3106 2517 3157 Jesu
2562 3103 2792 3171 Christi,
2825 3106 2937 3175 ﬁlii
2959 3106 3153 3177 David,
3185 3108 3296 3178 ﬁlii
3340 3109 3633 3166 Abraham.

278 3191 408 3246 Nos
441 3206 575 3262 ergo
605 3189 740 3244 licet
786 3189 1039 3262 propriis
1070 3190 1406 3245 excessibus
1455 3190 1699 3262 gravati,
1734 3206 1873 3261 prze-
1903 3174 1945 3240 C
1985 3185 2085 3240 His
2118 3188 2298 3243 sacris
2330 3189 2697 3262 evangelista
2719 3174 2911 3249 verbis
2933 3174 3284 3250 conveniunt
3308 3201 3365 3251 et
3395 3198 3639 3270 prophe‘

192 3295 577 3352 occupemus
601 3279 806 3334 faciem
829 3278 886 3333 in
911 3279 1275 3334 confessione
1296 3279 1544 3344 Domini,
1568 3283 1623 3334 et
1646 3279 1701 3332 in
1726 3276 1876 3351 psal-

193 3372 329 3425 mis
352 3368 684 3439 jubilemus
715 3368 787 3423 ei.
820 3368 1183 3423 Assistamus
1213 3367 1264 3422 ei
1308 3367 1516 3422 humili
1549 3368 1870 3435 devotione,

192 3464 266 3514 ut
298 3460 435 3530 ipse
464 3457 634 3514 nobis
662 3458 815 3513 adsit
849 3457 944 3529 pia
987 3457 1381 3523 miseratione,
1408 3461 1470 3512 ut
1507 3458 1751 3512 fidenter
1781 3456 1875 3511 di-

192 3564 446 3603 camus.
478 3547 655 3603 Adest
686 3547 889 3619 utique
922 3547 1092 3603 nobis
1122 3546 1243 3619 Qui,
1280 3551 1342 3601 ut
1372 3547 1595 3602 dictum
1630 3551 1739 3617 est,
1770 3563 1873 3601 na-

192 3641 307 3691 tus
343 3640 402 3690 et
432 3636 606 3691 datus
652 3639 741 3691 est
790 3635 976 3692 nobis.
1012 3635 1211 3691 Aderit
1240 3635 1443 3708 procul
1477 3636 1656 3691 dubio
1704 3634 1874 3691 nobis

198 3725 523 3794 Dominus,
545 3724 820 3797 idemque
842 3729 1001 3780 totus
1025 3725 1241 3797 ubique
1265 3724 1589 3780 secundum
1617 3723 1872 3779 divinam

202 3819 491 3870 naturam
559 3814 833 3871 omnibus
902 3814 1150 3870 habetur
1216 3813 1272 3869 in
1338 3814 1502 3870 locis.
1553 3814 1659 3878 Qui
1718 3814 1873 3869 enim

212 3903 542 3957 secundum
585 3902 1151 3975 incircumscriptam
1200 3903 1595 3959 substantiam
1645 3919 1876 3974 semper

217 3990 394 4047 habet
444 4009 591 4057 esse,
621 4008 734 4047 non
796 3997 983 4064 potest
1047 3994 1215 4048 nobis
1276 3992 1698 4048 famulantibus
1757 4009 1871 4048 non

226 4081 443 4150 adesse,
478 4082 634 4138 sicut
684 4082 809 4155 ἱρέα
858 4081 1161 4154 discipulis
1213 4082 1337 4139 suis
1385 4083 1573 4137 dixit:
1610 4084 1741 4137 Ecce
1770 4099 1873 4155 ego

228 4171 491 4227 vobiscum
517 4189 662 4233 sum,
695 4172 948 4226 omnibus
978 4172 1169 4226 diebus
1202 4189 1368 4244 usque
1416 4172 1487 4227 ad
1532 4187 1873 4229 consumma-

228 4259 419 4314 tionem
449 4262 662 4317 sa’culi.
696 4260 755 4316 Si
789 4260 1066 4315 omnibus
1099 4260 1327 4327 diebus,
1359 4260 1632 4316 fidelibus
1662 4260 1785 4315 suis
1812 4276 1874 4316 se

229 4349 488 4416 promisit
534 4350 900 4416 adfuturum,
935 4353 1153 4421 quanto
1184 4349 1372 4422 magis
1404 4349 1496 4405 die
1527 4350 1618 4405 sui
1663 4350 1874 4405 natalis

230 4437 389 4492 nobis
405 4439 513 4494 erit
531 4439 896 4511 praesentior,
917 4440 963 4495 si
990 4437 1173 4495 nostri
1199 4437 1600 4494 famulaminis
1622 4439 1875 4495 servitus

1982 3278 2176 3331 tarum
2210 3277 2446 3333 oracula
2488 3284 2545 3335 et
2585 3281 2905 3353 apostolica
2934 3284 3127 3339 verba.
3161 3284 3322 3348 Quod
3356 3286 3639 3344 Mediator

1986 3364 2085 3418 Dei
2118 3370 2174 3420 et
2204 3366 2512 3423 hominum
2540 3386 2607 3424 ex
2638 3372 2859 3427 semine
2889 3374 3131 3429 Abrahae
3164 3376 3487 3431 secundum
3518 3394 3639 3433 car-

1984 3470 2117 3508 nem
2151 3460 2324 3511 natus
2346 3457 2441 3523 sit,
2468 3457 2649 3515 Isaias
2672 3460 2956 3533 prepheta
2979 3462 3456 3522 manifestissime
3478 3483 3635 3523 com-

1984 3544 2263 3600 mendare
2293 3548 2541 3615 studuit,
2566 3565 2630 3604 ex
2666 3566 2915 3621 persona
2954 3551 3056 3608 Dei
3089 3552 3277 3609 Patris
3307 3553 3546 3611 dicens:
3572 3558 3638 3611 Et

1981 3633 2079 3698 sic,
2105 3632 2290 3702 Israel,
2313 3651 2464 3691 serve
2493 3653 2665 3706 meus,
2688 3638 2851 3695 Iacob
2881 3656 3040 3712 quem
3067 3642 3225 3713 elegi,
3254 3659 3435 3700 semen
3467 3645 3637 3700 Abra-
3700 3654 3713 3661 '

1983 3720 2111 3775 ham
2138 3724 2310 3778 amici
2354 3727 2484 3796 mei,
2516 3728 2573 3781 in
2625 3743 2730 3799 quo
2777 3730 3111 3801 apprehendi
3152 3739 3219 3787 te.
3252 3732 3323 3787 Et
3368 3734 3638 3807 egregius

1986 3810 2330 3881 praedicator
2361 3814 2417 3869 in
2468 3815 2724 3887 Epistola
2756 3818 2824 3871 ad
2868 3818 3135 3876 Hebrzeos
3165 3820 3245 3876 ita
3293 3822 3514 3890 scribit,
3549 3824 3638 3878 di-

1984 3916 2145 3954 cens:
2165 3906 2446 3973 Nusquam
2464 3905 2682 3975 angelos
2702 3907 3075 3976 apprehendit,
3094 3910 3184 3963 sed
3203 3927 3385 3966 semen
3406 3912 3640 3969 Abrahae

1982 3990 2357 4061 apprehendit.
2385 3992 2454 4047 Et
2476 3992 2631 4063 quod
2658 3992 2729 4047 de
2750 3993 2969 4049 semine
2986 3994 3163 4051 David
3193 4001 3365 4053 natus
3386 3998 3484 4067 sit,
3511 4000 3637 4070 ipse

1984 4078 2184 4133 doctor
2211 4078 2482 4152 egregius
2512 4080 2583 4135 ad
2626 4080 2919 4136 Romanos
2951 4081 3213 4139 scribens
3262 4084 3345 4140 ita
3392 4103 3636 4142 exorsus

1983 4168 2091 4234 est,
2143 4166 2415 4236 inquiens
2446 4185 2458 4222 :
2494 4168 2720 4234 Paulus,
2753 4184 2940 4224 servus
2964 4173 3117 4227 'Jcsu
3165 4171 3387 4241 Christi,
3420 4183 3639 4229 vocatus

1982 4255 2272 4325 apostolus,
2304 4265 2618 4328 segregatus
2675 4259 2733 4312 in.
2787 4258 3143 4328 Erangelium
3175 4263 3289 4325 Dei,
3323 4261 3464 4333 quod
3511 4270 3641 4318 ante

1977 4345 2305 4413 promiserat
2328 4362 2429 4417 per
2451 4346 2742 4418 prophetas
2761 4364 2883 4403 suos
2914 4350 2973 4403 in
2993 4350 3295 4421 Scripturis
3339 4352 3544 4407 sanctis
3573 4351 3639 4407 de

1983 4432 2125 4487 Filio
2152 4448 2268 4497 suo,
2293 4435 2391 4505 qui
2424 4436 2601 4506 factus
2629 4444 2708 4491 est
2732 4439 2785 4492 ei
2810 4453 2880 4491 ea:
2908 4440 3115 4494 semine
3144 4439 3313 4495 David
3341 4440 3641 4497 secundum

228 4525 277 4577 ei
300 4526 475 4595 fuerit,
500 4527 855 4601 promptior!
891 4526 995 4593 Qui
1030 4543 1132 4599 per
1159 4526 1530 4582 Salomonem
1566 4526 1826 4599 loquitur
1858 4544 1871 4582 :
1904 4547 1952 4613 Ι)
1981 4537 2221 4613 carnem.
2248 4523 2316 4577 Et
2345 4525 2415 4578 ad
2444 4524 2816 4580 Timotheum
2850 4527 3114 4583 scribens
3144 4528 3225 4583 ait
3253 4546 3266 4583 :
3293 4532 3507 4585 Memor
3531 4538 3639 4586 esto

231 4613 331 4685 Ego
356 4633 422 4672 ea:
450 4634 539 4673 ore
571 4617 1092 4689 Altissimiprodini,
1113 4618 1481 4689 primogenita
1509 4624 1636 4671 ante
1659 4632 1864 4672 omnem

1982 4612 2278 4666 Dominum
2303 4614 2485 4668 Iesum
2514 4617 2876 4671 resarrexisse
2899 4633 2931 4671 a
2961 4618 3192 4674 mortuis
3220 4634 3290 4674 ex
3310 4621 3517 4676 semine
3538 4620 3640 4675 Da-

231 4710 562 4774 creataram;
594 4707 664 4762 Et
715 4707 925 4762 iterum
964 4724 975 4762 :
1009 4707 1272 4762 Dominus
1296 4705 1536 4779 possedit
1580 4721 1668 4762 me
1717 4707 1878 4761 initio

233 4793 436 4851 viarum
462 4813 711 4865 snarum,
732 4800 1027 4868 antequam
1058 4795 1355 4868 quidquam
1385 4797 1586 4865 faceret
1616 4812 1646 4849 a
1671 4794 1878 4866 princi-

230 4883 335 4950 Pio,
365 4894 486 4940 ante
527 4886 761 4953 saecula,“
785 4885 1046 4941 ordinata
1091 4902 1231 4939 sum.
1267 4885 1334 4939 Et
1363 4884 1463 4956 qui
1515 4900 1617 4956 per
1669 4882 1877 4938 Isaiam

241 4967 412 5026 dicit:
448 4973 649 5029 Caelum
686 4981 747 5036 et
804 4982 1011 5028 terram
1058 4988 1155 5041 ego
1198 4972 1419 5042 impleo;
1449 4968 1704 5025 mirabili
1761 4986 1880 5025 sua:

238 5056 623 5131 dispositionis
646 5062 925 5135 mysterio
944 5065 1117 5116 natus
1138 5059 1311 5116 hodie
1334 5059 1571 5133 ponitur
1592 5058 1650 5113 in
1674 5075 1880 5131 praese-

238 5146 342 5215 pio,
364 5149 538 5213 Quem
564 5150 839 5208 Salomon
860 5149 1116 5207 ostendit
1134 5154 1269 5205 ante
1292 5148 1505 5205 saecula
1524 5146 1873 5203 aternaliter

238 5237 524 5296 exstitisse.
551 5239 732 5296 Isaias
762 5240 1020 5295 affirmat
1052 5237 1214 5294 nullo
1245 5238 1370 5293 loco
1392 5238 1613 5293 deesse.
1640 5235 1739 5291 Ille
1769 5236 1870 5308 qui

237 5337 446 5400 semper
474 5333 563 5385 est
594 5334 650 5384 et
681 5329 899 5401 ubique
933 5344 1045 5382 non
1083 5330 1273 5399 potest
1300 5327 1468 5382 nobis
1499 5326 1719 5381 deesse.
1749 5328 1868 5380 Au-

237 5411 420 5473 denter
446 5418 560 5473 dixi
599 5435 611 5473 :
646 5435 761 5473 non
790 5420 1000 5490 potest.
1038 5416 1307 5472 Potenter
1334 5416 1443 5472 hoc
1490 5431 1605 5469 non
1657 5417 1867 5486 potest.

236 5498 377 5568 'Ifalis
404 5506 749 5582 impotentia
770 5510 859 5562 est
879 5504 1320 5579 omnipotentis.
1350 5504 1465 5560 Ista
1494 5501 1872 5576 impossibili-

234 5592 313 5675 ιιιξ
342 5599 424 5655 cst
452 5612 688 5654 summa
717 5592 1100 5671 possibilitas.
1124 5596 1305 5665 Quam
1338 5592 1457 5651 sint
1486 5608 1621 5652 vera
1648 5596 1704 5649 et
1734 5591 1871 5649 lide-

1986 4698 2096 4763 vid,
2127 4700 2420 4755 secundum
2451 4704 2817 4771 Eivangelium
2846 4721 3046 4779 meum.
3071 4706 3347 4778 Quisquis
3370 4707 3638 4780 ignoran-

1987 4788 2079 4843 tiae
2110 4789 2366 4844 tenebris
2401 4790 2683 4847 liberatus
2731 4797 2787 4847 et
2834 4794 2966 4849 ﬁdei
3014 4794 3234 4851 lumine
3282 4795 3638 4867 illustratus,

1986 4876 2047 4931 in
2087 4877 2393 4949 Evangelio
2440 4877 2648 4935 Filium
2694 4881 2795 4937 Dei
2844 4882 3029 4937 lilium
3078 4882 3256 4938 David
3303 4882 3636 4955 appellavit,

1990 4983 2105 5020 non
2131 4965 2319 5020 solum
2343 4966 2663 5039 spirituale,
2688 4970 2788 5024 sed
2814 4970 2988 5025 etiam
3011 4970 3309 5043 corporale
3331 4972 3529 5028 lumen
3555 4990 3639 5029 re-

1989 5055 2180 5127 cipere
2202 5056 2434 5110 meruit.
2455 5055 2590 5111 Vult
2606 5074 2667 5113 se
2688 5058 2971 5114 Dominus
2987 5059 3254 5116 Christus
3278 5060 3378 5116 tali
3402 5062 3637 5120 nomine

1979 5143 2193 5210 vocari,
2218 5144 2358 5216 quia
2388 5144 2497 5200 scit
2528 5162 2641 5201 non
2666 5164 2794 5203 esse
2825 5146 2984 5203 aliud
3018 5165 3230 5204 nomen
3264 5150 3323 5204 in
3355 5166 3471 5222 quo
3502 5168 3634 5224 pos-

1980 5233 2058 5289 sit
2089 5233 2347 5288 mundus
2391 5233 2621 5290 salvari.
2655 5234 2771 5290 Nos
2806 5251 2963 5308 ergo,
2991 5235 3354 5293 dilectissimi
3404 5239 3631 5309 fratres,

1980 5326 2046 5376 ut
2073 5322 2144 5377 ab
2180 5321 2304 5393 ipso
2337 5322 2438 5393 qui
2469 5326 2559 5377 est
2601 5322 2864 5379 Salvator
2912 5341 3241 5381 mereamur
3271 5326 3508 5398 salvari,
3541 5330 3633 5385 di-

1979 5426 2184 5465 eamus
2205 5410 2711 5477 omnes,dicamus
2732 5412 2948 5486 singuli
2975 5432 2987 5470 :
3016 5413 3374 5486 Domine,fili
3427 5417 3628 5487 David,

1980 5500 2254 5556 miserere
2286 5498 2483 5556 nostri.
2520 5500 2726 5556 Amen.
