4054 6158
475 329 591 390 995

1119 453 1360 510 SERMO
1402 453 1470 510 ll.

956 562 1026 600 DE
1062 561 1368 600 EPIPHANIA
1408 559 1634 598 DOMINI.

543 638 588 692 Ο
612 637 864 692 fraterna
883 633 1140 689 charitas
1162 637 1220 688 et
1239 637 1348 688 Deo
1370 636 1538 705 grata
1557 631 1826 701 societas,
1847 632 1996 689 scire
2018 649 2125 689 nos

472 727 695 796 Oportet
715 722 853 795 quia
881 720 1184 794 praesentis
1205 719 1318 776 diei
1343 719 1646 788 festivitas,
1673 737 1800 793 quae
1821 721 1892 776 de
1913 722 2123 778 ati'ectu

469 815 772 886 Magorum
791 809 1154 868 devotionem
1165 811 1291 882 jam
1306 809 1639 865 declarabat
1655 809 2124 882 gentilium,aliis

467 906 556 958 est
583 901 757 958 etiam
787 901 1056 956 decorata
1085 897 1400 972 mysteriis,
1426 915 1493 954 ac
1524 897 1952 972 multiplicibus
1981 901 2120 956 sub-

469 990 602 1046 nixa
625 989 1028 1063 privilegiis,et
1047 988 1177 1044 ideo
1199 1005 1304 1064 per
1325 992 1513 1044 totum
1532 987 1730 1044 orbem
1755 989 1962 1044 merito
1984 1006 2124 1062 pra:-

467 1079 696 1136 dicatur
723 1076 988 1134 celebris.
1022 1076 1204 1132 Hodie
1237 1093 1490 1150 namque
1520 1076 1914 1132 ministerium
1944 1077 2119 1150 virgi~

466 1168 558 1225 nei
590 1171 816 1241 partus,
837 1171 896 1222 et
923 1165 1206 1239 gaudium
1237 1163 1525 1220 Dominici
1556 1164 1767 1220 natalis
1793 1165 2123 1222 declaratur

465 1261 681 1330 aperte,
706 1257 874 1330 signo
896 1256 1024 1310 novi
1049 1259 1108 1310 et
1127 1252 1420 1326 perspicui
1443 1253 1673 1310 sideris.
1697 1251 1941 1311 Claritas
1962 1253 2119 1310 enim

464 1347 586 1413 Dei,
617 1363 766 1418 quae,
800 1343 954 1401 sicut
990 1341 1369 1416 Evangelium
1409 1340 1686 1414 loquitur,
1723 1346 1860 1400 nato
1889 1343 2120 1401 Christo

464 1439 728 1509 pastores
749 1432 1164 1499 circumfulsit,
1191 1433 1262 1486 de
1293 1431 1532 1486 remotis
1563 1435 1728 1486 terra
1761 1432 2024 1503 partibus
2045 1434 2120 1490 ad

465 1523 814 1598 praesepium
847 1521 988 1576 illud
1017 1521 1190 1576 hodie
1212 1521 1414 1595 Magos
1435 1519 1696 1588 adduxit,
1721 1520 1780 1575 in
1803 1537 1920 1593 quo
1941 1521 2117 1596 Virgo

465 1629 749 1686 puerpera
781 1612 964 1666 Deum
999 1610 1283 1666 infantem
1314 1609 1530 1681 posuit.
1555 1609 1710 1665 Deus
1729 1613 1818 1665 est
1847 1611 1945 1682 qui
1977 1615 2117 1666 tunc

463 1703 523 1758 in
554 1701 790 1758 homine
823 1700 1192 1766 nascebatur,
1221 1698 1396 1754 homo
1425 1703 1516 1754 est
1545 1697 1646 1770 qui
1676 1716 1710 1753 a
1740 1699 1856 1754 Deo
1888 1716 2116 1755 assum-

465 1794 622 1862 ptus,
636 1787 809 1844 hodie
825 1804 860 1842 a
876 1785 1060 1859 Magis
1077 1786 1374 1842 adoretur.
1390 1785 1614 1841 Miraris
1633 1785 1874 1842 forsitan
1897 1786 2114 1843 dixisse

464 1895 557 1934 me
588 1879 766 1934 Deum
800 1876 858 1930 in
886 1875 1123 1931 homine
1147 1879 1370 1940 natum,
1388 1873 1477 1930 vel
1507 1874 1804 1930 hominem
1829 1891 1862 1930 a
1883 1875 1997 1931 Deo
2019 1893 2112 1931 as-

462 1972 787 2040 sumptum.
812 1964 959 2020 Audi
977 1963 1322 2037 Apostolum
1346 1963 1656 2032 dicentem,
1681 1963 1795 2018 Vas
1817 1964 2116 2022 electionis

460 2058 575 2113 Deo
614 2055 872 2128 plenum.
897 2057 1038 2110 Deus
1067 2061 1184 2110 erat
1211 2055 1270 2108 in.
1301 2053 1532 2120 Christo,
1562 2053 1828 2108 mundum
1877 2057 2117 2110 reconci-

462 2147 607 2201 lians
635 2145 762 2200 sibi.
790 2145 864 2198 De
890 2142 997 2198 hoc
1019 2143 1081 2197 B.
1106 2142 1472 2214 Augustinus
1493 2143 1574 2212 ita
1604 2142 1804 2212 sentit,
1831 2146 1888 2198 et
1911 2143 1966 2198 in
1991 2143 2114 2199 suis

461 2233 672 2289 litteris
693 2232 978 2304 scriptum
1005 2229 1260 2302 reliquit.
1281 2233 1430 2286 Deus
1453 2235 1574 2284 erat
1596 2231 1653 2284 in
1675 2229 1922 2299 Christo,
1948 2250 2116 2288 mun-

460 2323 602 2377 dum
637 2319 1020 2376 reconcilians
1051 2318 1184 2373 sibi.
1211 2319 1366 2374 Deus
1387 2317 1652 2374 occultus
1675 2335 1742 2373 ex
1777 2319 1892 2376 Deo
1913 2321 2110 2391 Patre;

459 2413 636 2467 homo
658 2408 1006 2465 manifestus
1028 2425 1095 2462 ex
1116 2406 1355 2463 homine
1375 2407 1810 2480 virgine.Quem
1835 2425 2114 2480 cognove-

459 2505 597 2556 runt
639 2501 926 2572 pastores,
957 2495 1161 2569 angelo
1205 2495 1468 2564 docente,
1503 2497 1891 2552 adoraverunt
1935 2499 2109 2571 Magi,

457 2587 627 2645 stella
655 2603 802 2643 nova
831 2585 1100 2640 ducente.
1127 2584 1290 2650 Quod
1325 2590 1587 2658 pastores
1618 2585 1856 2658 angelos
1889 2587 2108 2659 vident,

456 2677 750 2733 Bethleem
783 2675 1021 2742 adeunt,
1043 2674 1353 2740 infantem,
1379 2677 1443 2728 ut
1466 2673 1552 2730 eis
1575 2673 1796 2729 dictum
1819 2675 2024 2742 fuerat,
2048 2677 2108 2733 in

454 2765 738 2840 praesepio
770 2763 1026 2837 positum
1059 2767 1115 2818 et
1153 2762 1368 2836 pannis
1419 2761 1743 2818 involutum
1777 2763 2107 2836 inveniunt;

453 2855 729 2911 admonet
741 2857 806 2908 ut
823 2851 904 2907 illi
923 2851 1024 2924 qui
1043 2856 1306 2924 pastores
1322 2855 1462 2907 sunt
1478 2850 1869 2924 spiritualium
1889 2853 2104 2925 ovium,

453 2959 557 3016 per
575 2942 824 2999 caelestis
853 2941 981 2996 vitae
1013 2939 1584 3013 contemplationem,
1609 2957 1840 3014 semper
1867 2943 1983 2998 Deo
2005 2944 2106 2998 ad-
2131 2935 2139 2942 ’

451 3031 728 3102 haereant,
754 3035 810 3086 et
839 3031 911 3085 de
941 3030 1095 3086 Pane
1127 3029 1225 3084 illo
1255 3029 1356 3101 qui
1387 3028 1448 3084 in
1489 3028 1784 3086 Bethleem
1817 3036 1990 3088 natus
2019 3037 2108 3088 est

449 3122 645 3191 edant,
677 3123 735 3176 et
763 3119 1017 3175 subditis
1064 3118 1261 3192 ipsum
1307 3134 1516 3190 panem
1564 3119 1692 3174 vitae
1747 3120 2102 3177 ministrent.

1395 323 1458 384 S.
1507 321 1869 384 ODILONIS
1915 318 2476 384 CLUNIACENSlS
2519 319 2850 384 ABBATIS
2895 322 2966 383 V.

3709 328 3808 392 996

2149 455 2203 521 Α
2233 451 2366 523 bus,
2401 451 2633 507 advenit
2690 451 2896 526 ingens
2935 471 3144 510 mmror
3183 460 3354 528 atque
3407 455 3640 513 tristitia.
3667 461 3808 522 Quale

2235 541 2345 595 fuit
2373 541 2676 614 gaudium,
2701 541 3068 599 dilectissimi
3097 543 3324 612 fratres,
3347 543 3414 600 de
3434 546 3659 602 adventu
3685 548 3812 605 Chri-

2233 628 2308 684 sti
2327 629 2534 701 justis,
2565 633 2622 686 et
2650 630 2978 698 exsultatio,
3011 633 3060 689 si
3091 631 3268 688 vultis
3315 634 3388 688 ad
3434 633 3649 706 plenum
3675 637 3808 708 scire,

2231 718 2385 774 beati
2421 719 2586 774 Lucae
2616 719 2980 794 evangelista
3018 721 3363 779 fidelissima
3391 727 3448 779 et
3475 723 3677 781 sincera
3697 743 3811 798 pra:-

2232 808 2587 864 monstrabit
2615 809 2949 882 descriptio.
2984 810 3184 876 Qualis
3213 828 3244 867 e
3276 811 3496 868 diverso
3537 813 3718 869 accidit
3747 815 3812 870 in-

2221 895 2406 968 justis
2435 901 2494 953 et
2523 897 2746 970 iniquis
2774 897 2863 953 ira
2904 903 2962 954 et
3005 899 3351 973 indignatio,
3385 899 3645 957 hodierna
3669 903 3814 960 sancti

2230 984 2527 1058 Evangelii
2560 1003 2728 1042 sacra
2757 987 3088 1044 manifestat
3117 988 3306 1045 lectio.
3331 991 3510 1054 Quam
3539 989 3718 1046 timida
3733 991 3814 1047 fuit

2230 1074 2301 1130 de
2331 1091 2464 1148 rege
2495 1079 2630 1131 nato
2659 1075 2902 1132 Herodis
2936 1076 3120 1150 iniqui
3153 1081 3211 1134 et
3239 1077 3449 1134 anhela
3478 1078 3727 1151 suspicio,
3751 1084 3813 1136 te-

2230 1167 2420 1220 statur
2448 1166 2519 1220 ad
2545 1165 2744 1238 Magos
2776 1165 2962 1238 ipsius
2991 1167 3225 1223 nefandi
3249 1167 3495 1224 subdola
3516 1172 3568 1224 et
3596 1169 3818 1224 formido-

2229 1251 2356 1308 losa
2384 1251 2622 1310 locutio.
2655 1253 2897 1310 Dicebat
2924 1255 3009 1310 eis
3032 1271 3045 1310 :
3068 1259 3153 1311 Ite
3185 1264 3238 1310 et
3279 1257 3598 1326 interrogate
3621 1255 3814 1329 diligen-

2227 1348 2312 1396 ter
2357 1341 2422 1397 de
2467 1357 2656 1414 puero,
2688 1347 2796 1398 etc.
2831 1341 3119 1399 Promittit
3158 1360 3222 1400 se
3251 1343 3543 1401 Christum
3585 1345 3817 1403 subdolus

2228 1431 2494 1496 adorare,
2517 1447 2692 1504 quem
2723 1431 2945 1488 occulte
2985 1431 3336 1489 moliebatur
3365 1433 3630 1500 occidere,
3643 1451 3819 1507 quaere-

2225 1519 2329 1574 bat
2361 1518 2584 1592 impius
2611 1520 2953 1588 interﬁcere,
2987 1537 3090 1594 per
3119 1538 3295 1594 quem
3327 1523 3517 1578 omnis
3538 1524 3716 1595 justus
3739 1523 3817 1580 de-

2225 1607 2446 1664 siderat
2471 1609 2662 1666 vivere
2689 1613 2750 1665 et
2783 1609 2912 1667 sine
2938 1627 3054 1683 quo
3081 1627 3254 1667 nemo
3303 1615 3494 1684 potest
3533 1612 3815 1669 subsistere.

2227 1696 2442 1752 Multos
2473 1696 2863 1754 interimenda
2883 1699 3160 1771 perdidit,
3182 1699 3286 1756 sed
3311 1716 3492 1755 unum
3521 1717 3678 1772 quem
3705 1719 3816 1774 que-

2225 1785 2388 1840 rebat
2419 1784 2674 1842 invenire
2719 1803 2832 1841 non
2882 1786 3090 1858 potuit,
3125 1803 3246 1844 non
3294 1785 3632 1862 intelligens,
3658 1789 3814 1856 miser,

2225 1878 2428 1929 contra
2448 1889 2509 1930 se
2533 1873 2758 1930 dictum
2785 1891 2798 1928 :
2821 1879 2940 1932 Non
2969 1883 3044 1931 est
3072 1877 3374 1948 sapientia,
3400 1893 3512 1932 non
3534 1884 3608 1934 est
3625 1876 3814 1949 pruden-

2225 1963 2325 2029 tia,
2338 1979 2450 2019 non
2467 1971 2542 2020 est
2561 1965 2856 2020 consilium
2873 1973 3061 2020 contra
3077 1966 3394 2022 Dominum.
3413 1967 3482 2021 Et
3499 1967 3688 2024 beatus
3703 1982 3820 2039 papa

2223 2051 2539 2124 Gregorius
2561 2053 2705 2108 adeo
2724 2053 3096 2108 concionator
3116 2053 3386 2123 festivus,
3402 2054 3460 2110 in
3481 2053 3702 2110 homilia
3717 2071 3821 2136 pra-

2225 2140 2409 2196 sentis
2440 2140 2576 2208 diei,
2605 2142 2677 2196 ad
2709 2141 3169 2213 exprobrandam
3203 2141 3580 2198 calliditatem
3625 2142 3819 2198 Herodis

2225 2243 2590 2300 suorumque
2632 2227 2937 2298 similium,
2971 2229 3054 2284 ita
3091 2230 3308 2286 all'atus
3357 2235 3464 2299 est,
3493 2231 3710 2288 dicens:
3737 2230 3815 2294 Qui

2222 2319 2404 2372 Deum
2438 2317 2568 2372 ficte
2589 2323 2876 2390 quarunt,
2901 2319 3158 2375 invenire
3179 2319 3430 2376 minime
3451 2325 3692 2394 possunt.
3708 2322 3817 2386 Ouu-

2221 2405 2397 2460 modo
2427 2405 2522 2462 ille
2554 2404 2768 2462 illusus
2806 2407 3008 2480 angelo
3048 2414 3350 2477 monente,
3373 2427 3477 2484 per
3521 2409 3678 2465 aliam
3701 2407 3816 2465 viam

2221 2493 2480 2551 declarat
2509 2495 2810 2568 Magorum
2839 2496 3082 2552 reditus.
3111 2497 3375 2563 Qualiter
3393 2503 3521 2570 post
3539 2497 3816 2554 illusionem

2219 2581 2426 2651 iratus,
2445 2583 2819 2655 parvulorum
2843 2600 2908 2640 ac
2935 2590 3190 2641 matrum
3225 2587 3562 2643 manifestat
3588 2586 3754 2642 luctus
3775 2591 3816 2640 et

2218 2672 2496 2743 gemitus.
2520 2672 2705 2736 Quam
2730 2673 2954 2728 tumide
2984 2691 3046 2730 se
3075 2675 3286 2732 extulit
3307 2681 3511 2732 contra
3539 2675 3812 2739 Dominum,

2219 2760 2477 2817 declarat
2525 2778 2684 2818 mors
2731 2763 2985 2835 pretiosa
3031 2767 3687 2832 sanctorum.0uantum
3728 2762 3812 2818 sibi

2219 2849 2432 2919 malus,
2468 2855 2754 2923 quantum
2788 2851 2913 2908 suis
2943 2853 3262 2924 pessimus,
3283 2855 3377 2910 sui
3408 2869 3748 2926 suorumque,
3766 2855 3813 2906 ut

2219 2943 2446 2966 λιιι-...σν-
2501 2939 2650 2966 ,ιζιιιη
2707 2940 2947 2966 ..ΔΒΑ-η...
3015 2941 3462 2966 ε..ιι.ιε-ε--ε...---
3511 2943 3808 2966 Δ-...-..,.ι..ι

2216 2943 2450 3010 patrum
2500 2939 2656 2996 dicta
2707 2940 2972 3010 referam,
3015 2941 3464 3000 infelicissimus
3506 2943 3810 2998 demonstrat

2214 3029 2423 3086 exitus.
2443 3029 2705 3087 Testium
2727 3031 2938 3088 Christi
2959 3031 3244 3104 lmtitiam,
3267 3038 3327 3090 et
3346 3034 3570 3106 piorum
3590 3034 3810 3088 innocen-

2215 3122 2341 3172 tum
2371 3117 2820 3174 exsultationem
2851 3123 2908 3175 et
2935 3121 3241 3193 gaudium,
3275 3122 3518 3178 Herodis
3547 3123 3699 3177 etiam
3725 3117 3809 3173 ini-

448 3210 609 3274 Quod
641 3210 793 3283 Magi
841 3225 1054 3265 novum
1105 3207 1270 3264 sidus
1318 3211 1622 3264 cernentes
1653 3208 1725 3264 ab
1757 3209 1978 3266 oriente
2011 3227 2100 3266 ve-
2134 3192 2176 3259 C
2216 3223 2584 3280 quorumque
2605 3207 2871 3264 omnium
2905 3192 3104 3280 poenas
3124 3213 3179 3265 et
3199 3209 3508 3266 interitum
3529 3209 3687 3266 Isaias
3712 3223 3809 3280 pro-

449 3298 640 3368 niunt,
664 3299 878 3370 Regem
903 3301 1107 3352 natum
1137 3297 1742 3368 qumrunt,quaerendo
1764 3314 1900 3354 cum
1921 3299 2104 3355 Maria

452 3390 641 3442 matre
667 3384 798 3456 ejus
829 3384 1134 3440 inveniunt
1161 3389 1219 3440 et
1248 3385 1466 3456 apertis
1494 3384 1790 3442 thesauris
1822 3387 1949 3443 suis
1981 3404 2106 3443 mu-

452 3492 593 3530 nera
619 3474 888 3540 offerunt,
914 3473 1188 3529 admonet
1219 3479 1284 3528 ut
1314 3472 1516 3530 ﬁdeles
1537 3491 1742 3536 omnes
1766 3492 1870 3548 per
1889 3480 2101 3531 sanctae

445 3561 905 3618 conversationis
935 3560 1350 3616 exhibitionem
1377 3566 1434 3616 et
1463 3562 1663 3635 activae
1678 3563 1807 3618 vita:
1836 3569 2099 3620 sanctam

443 3649 838 3724 operationem
874 3666 1106 3722 semper
1137 3650 1251 3705 Deo
1283 3649 1507 3722 placere
1539 3651 1834 3708 studeant.

515 3739 871 3808 Succedunt,
888 3737 1258 3794 dilectissimi
1282 3739 1510 3804 fratres,
1537 3739 1945 3811 spiritualibus
1965 3759 2103 3816 gau-

444 3828 559 3884 diis
597 3827 928 3900 spiritualia
957 3827 1194 3900 gaudia,
1223 3827 1406 3884 sacris
1430 3829 1768 3901 junguntur
1795 3829 2099 3887 solemniis

443 3931 610 3971 sacra
639 3915 944 3972 solemnia.
981 3916 1117 3972 Inde
1147 3915 1528 3972 cumulantur
1559 3917 1852 3984 ﬁdelibus,
1872 3919 1921 3973 si
1953 3919 2099 3975 bene

440 4005 838 4074 considerant,
877 4005 1122 4061 virtutes
1167 4011 1226 4062 et
1274 4007 1532 4078 praemia.
1568 4007 1958 4064 Doctissimus
2004 4008 2100 4064 ille

436 4095 773 4168 Gregorius,
789 4093 890 4168 qui
912 4095 1068 4168 apud
1094 4096 1322 4152 Graecos
1344 4101 1586 4152 vocatur
1607 4095 1960 4170 Theologus,
1984 4114 2100 4154 ser-

439 4199 676 4240 monem
727 4184 947 4240 faciens
978 4184 1050 4240 de
1096 4182 1207 4240 hac
1237 4183 1628 4250 solemnitate,
1661 4183 1743 4239 ita
1782 4185 2096 4257 inchoavit,

439 4271 676 4329 dicens:
700 4273 874 4330 Jesus
900 4289 1088 4344 meus,
1105 4277 1161 4328 et
1180 4273 1391 4330 iterum
1422 4271 1787 4346 mysterium.
1812 4273 1935 4330 Non
1963 4279 2098 4332 ante

441 4361 696 4419 multum
739 4363 1023 4435 temporis
1072 4361 1329 4434 spatium
1379 4359 1795 4418 celebravimas
1826 4361 2003 4431 diem,
2036 4365 2095 4419 in

439 4467 556 4522 quo
572 4449 666 4506 die
685 4449 861 4504 homo
881 4449 1066 4504 factus
1087 4447 1259 4504 exivit
1275 4450 1346 4504 de
1362 4447 1629 4522 virginali
1649 4452 1813 4504 utero
1834 4457 2097 4522 tanquam

2215 3295 2391 3366 pheta
2414 3295 2756 3368 praevidens,
2788 3297 2946 3352 brevi
2977 3298 3271 3354 sententia
3301 3298 3732 3372 comprehendit,
3748 3295 3810 3348 di-

2212 3399 2371 3440 cens.
2405 3383 2612 3440 Addant
2654 3387 2814 3441 mites
2845 3387 2903 3441 in
2940 3388 3172 3443 Domino
3217 3387 3498 3456 laetitiam,
3525 3391 3575 3443 et
3597 3397 3808 3458 paupera

2211 3471 2456 3528 homines
2483 3474 2546 3528 in
2572 3482 2757 3530 sancto
2787 3476 2962 3531 Israel
2984 3477 3366 3546 exsultabant,
3389 3479 3636 3550 quoniam
3658 3473 3811 3544 defecit

2210 3563 2308 3632 qui
2325 3562 2678 3634 praevalebat.
2714 3564 2980 3636 Confusus
3026 3572 3105 3620 est
3152 3567 3372 3635 illusor,
3404 3575 3456 3624 et
3498 3565 3678 3622 succisi
3711 3567 3808 3618 sunt

2209 3667 2394 3706 omnes
2416 3653 2521 3723 pui
2547 3653 2857 3722 vigilabant
2883 3670 3048 3724 super
3076 3656 3456 3726 iniquitatem.

2281 3741 2464 3805 Quam
2483 3738 2619 3796 felix
2634 3744 2796 3796 vates
2813 3742 2911 3814 qui
2930 3741 3275 3814 prophetica
3290 3743 3620 3802 auctoritate
3639 3739 3803 3814 impios

2209 3827 2470 3894 damnat,
2502 3833 2558 3884 et
2587 3829 2783 3885 divina
2813 3830 3199 3902 promissione
3245 3832 3376 3906 pios
3407 3831 3800 3896 remunerat,et,

2210 3919 2275 3970 ut
2303 3915 2386 3971 ita
2404 3916 2620 3985 dicam,
2643 3922 2952 3991 utramque
2983 3925 3206 3992 partem
3240 3921 3546 3977 hominum
3567 3921 3800 3975 bonorum

2207 4009 2265 4060 et
2294 4005 2584 4062 malorum
2616 4008 2904 4080 condigno
2931 4008 3266 4072 charactere
3297 4015 3480 4067 notat.
3503 4010 3545 4066 Ο
3572 4007 3801 4082 propheta

2209 4094 2519 4163 mirabilis,
2538 4097 2638 4168 qui
2665 4101 2732 4152 ut
2760 4098 2820 4152 B.
2849 4097 3232 4172 Hieronymus
3257 4100 3422 4168 dieit,
3445 4117 3556 4155 non
3583 4103 3688 4156 tam
3705 4107 3802 4167 pl‘0'

2207 4185 2384 4256 pheta
2411 4184 2695 4242 dicendus
2750 4191 2839 4242 est
2885 4204 3064 4259 quam
3122 4189 3499 4264 evangelista,
3529 4187 3618 4260 qui
3662 4183 3798 4240 etiam

2207 4275 2407 4330 omnia
2435 4279 2647 4330 nostra;
2665 4275 2872 4332 salutis
2901 4277 3180 4350 mysteria
3203 4279 3278 4334 ad
3311 4278 3591 4352 liquidum
3618 4269 3796 4347 pandit,

2207 4361 2322 4418 alia
2343 4362 2536 4419 adhuc
2558 4363 2754 4420 futura
2770 4363 3142 4422 vaticinando
3163 4371 3524 4439 pronuntiat,
3545 4363 3649 4422 alia
3665 4356 3796 4434 quasi

2198 4451 2326 4524 jam
2359 4456 2590 4523 peracto
2621 4453 3070 4526 evangelizando
3100 4456 3398 4528 praedicat.
3424 4453 3694 4529 Virginem
3720 4463 3795 4522 pa-

434 4554 659 4610 sponsus
692 4537 983 4610 procedens
1012 4537 1078 4592 de
1106 4538 1346 4593 thalamo
1375 4553 1494 4592 suo.
1531 4536 1711 4592 Hodie
1750 4537 1915 4594 illum
1949 4538 2095 4595 cele-
2128 4559 2173 4624 Ι)
2205 4541 2452 4596 rituram
2483 4541 3031 4616 promittit,virgam
3054 4544 3124 4600 de
3154 4545 3351 4602 radice
3370 4545 3530 4602 Jesse
3548 4553 3795 4616 processu-

438 4627 681 4682 bramus
712 4626 867 4682 diem
911 4627 968 4681 in
1009 4644 1124 4698 quo
1154 4627 1416 4699 seipsum
1475 4625 1782 4682 manifeste
1841 4627 2096 4684 innotuit
2205 4646 2331 4687 ram
2363 4629 2697 4702 introducit,
2730 4632 3035 4704 parvulum
3081 4634 3251 4690 nobis
3283 4641 3484 4691 natum
3529 4628 3728 4692 asserit,
3752 4629 3794 4678 et

437 4717 680 4771 mundo.
709 4715 766 4770 ln
796 4713 896 4770 illo
927 4715 1021 4771 die
1047 4715 1318 4771 cantibus
1340 4713 1681 4787 angelorum
1705 4719 1794 4780 est
1815 4715 2095 4772 acclama-

433 4808 562 4872 tus;
595 4802 653 4859 in
687 4805 801 4860 isto
823 4803 914 4860 die
938 4805 1242 4876 Magorum
1276 4803 1620 4859 muneribus
1640 4808 1728 4859 est
1749 4804 2088 4863 honoratus.

435 4893 599 4950 sicut
627 4894 687 4948 in
710 4892 809 4948 illo
831 4893 924 4950 die
944 4893 1018 4950 ab
1039 4893 1264 4967 angelis
1287 4891 1624 4947 hominibus
1645 4891 1810 4948 honre
1834 4893 2093 4949 volunta-

434 4981 532 5048 tis,
565 4986 711 5038 testo
743 4981 1075 5056 Evangelio,
1101 4986 1193 5038 est
1235 4997 1346 5053 pax
1384 4979 1750 5051 annuntiata,
1784 4981 1868 5038 ita
1894 4981 2090 5054 hodie,

433 5069 710 5126 Davidico
741 5073 1039 5126 asserente
1067 5069 1324 5136 oraculo,
1357 5070 1448 5124 Iuv
1477 5069 1598 5124 orla
1626 5077 1704 5125 est
1722 5069 1893 5141 justis
1920 5079 1973 5127 et
1999 5087 2089 5127 re-

432 5157 723 5218 ctiscorde
754 5158 976 5214 laetitia.
1002 5159 1065 5214 Si
1093 5175 1228 5216 vero
1270 5159 1444 5216 rectis
1473 5159 1646 5214 corde
1676 5165 1728 5214 et
1749 5159 1952 5232 justis,
1986 5177 2086 5233 pa-

435 5244 696 5300 storibus
726 5244 995 5303 videlicet
1033 5251 1090 5302 et
1125 5247 1330 5321 Magis,
1362 5247 1648 5304 Zachariae
1679 5252 1736 5303 et
1766 5247 2084 5319 Elizabeth,

436 5331 694 5390 Simeoni
724 5338 783 5390 et
808 5334 1009 5402 Anna,
1034 5340 1092 5390 et
1112 5335 1314 5392 multis
1335 5336 1465 5393 aliis
1490 5335 1695 5392 mundi
1717 5335 1966 5394 salutem
1992 5339 2086 5394 de-

434 5424 561 5478 vote
602 5420 1094 5494 praastolantihus,
1135 5425 1474 5482 adveniente
1512 5426 1740 5482 Christo
1771 5431 1968 5483 exorta
1995 5432 2087 5484 est

433 5510 533 5568 lux
560 5515 618 5567 et
647 5509 878 5581 laetitia;
929 5509 1169 5582 injustis
1217 5517 1278 5570 et
1323 5513 1562 5588 iniquis,
1596 5514 1806 5571 Herodi
1837 5515 2083 5583 scilicet,

430 5600 653 5662 Scribis
676 5603 734 5659 et
764 5598 1072 5662 Pharisaeis
1095 5603 1281 5682 ipsius
1301 5603 1644 5663 crudelitate
1673 5603 2086 5664 consentienti-

2201 4717 2389 4774 {ilium
2422 4719 2592 4775 nobis
2623 4721 2824 4776 datum
2857 4722 3134 4790 ostendit,
3170 4727 3226 4779 et
3258 4724 3417 4796 quod
3444 4723 3561 4795 ipse
3589 4718 3656 4776 sit
3678 4721 3792 4772 Deus

2201 4806 2342 4862 talia
2370 4805 2422 4864 ei
2453 4807 2690 4863 nomina
2739 4809 3046 4866 inserendo
3091 4812 3414 4884 perdocuit.
3445 4815 3516 4867 Et
3539 4806 3791 4867 vocabitur.

2201 4895 2412 4968 inquit,
2452 4912 2650 4952 nomen
2695 4898 2814 4970 ejus
2855 4898 3232 4966 Admirabilis,
3267 4901 3629 4964 Consiliarius,
3661 4898 3787 4956 υεω,

2200 4985 2399 5052 Fortis,
2431 4986 2600 5042 Pater
2623 4988 2807 5058 futuri
2830 4989 3042 5054 secuti,
3076 4990 3336 5062 Princeps
3359 4991 3524 5062 pacis.
3555 4982 3695 5050 Quod
3716 4994 3790 5034 su-

2199 5087 2302 5145 per
2331 5073 2544 5130 solium
2577 5076 2753 5131 David
2785 5077 3004 5142 sedeat,
3025 5081 3081 5132 et
3111 5094 3356 5152 regnum
3388 5077 3566 5151 ipsius
3591 5072 3644 5127 in
3661 5065 3789 5142 judi-

2199 5161 2288 5216 cio
2326 5165 2383 5216 et
2421 5162 2874 5234 justitia,.modo
2921 5169 2978 5220 et
3024 5165 3082 5222 in
3131 5172 3412 5224 aeternum
3453 5161 3722 5222 conﬁrmet
3743 5156 3787 5209 et

2195 5251 2546 5319 corroboret,
2572 5257 2772 5324 aperta
2797 5269 2932 5309 voce
2961 5253 3238 5312 declarat.
3261 5251 3606 5312 Hierusalem
3625 5247 3784 5304 horta-

2192 5342 2291 5395 tur
2319 5345 2382 5396 ut
2411 5345 2632 5414 surgat,
2656 5341 2854 5398 lumen
2885 5359 3060 5400 suum
3088 5345 3212 5416 jam
3233 5343 3346 5402 sibi
3366 5342 3580 5402 venisse
3604 5338 3786 5394 denun-

2193 5427 2329 5498 tiat;
2355 5429 2524 5500 jubet
2555 5434 2619 5485 ut
2648 5429 2850 5486 oculos
2878 5429 3026 5488 levet
3072 5439 3130 5488 et
3173 5433 3380 5502 videat,
3403 5444 3591 5488 omnes
3615 5424 3667 5480 in
3691 5418 3782 5476 fide

2195 5523 2576 5592 congregatos
2602 5519 2713 5576 sibi
2727 5519 2853 5592 jam
2871 5520 3098 5578 venisse
3119 5523 3500 5597 congaudent;
3528 5523 3781 5592 processu-

2194 5624 2289 5666 ras
2319 5611 2522 5684 gentes
2553 5607 2611 5666 in
2643 5607 2865 5668 lumine
2895 5627 3024 5686 suo,
3052 5615 3110 5670 et
3138 5629 3302 5690 reges
3327 5611 3386 5672 in
3417 5605 3691 5686 splendore
3709 5610 3779 5657 on
