4054 6158
192 226 316 285 997

1737 225 2179 292 SERMONES.

3601 262 3721 324 998

200 376 297 431 tus
350 358 444 414 sui
492 359 647 414 clara
690 376 825 416 voce
870 359 1229 432 pronuntiat,
1269 358 1439 431 quod
1507 355 1702 411 hodie
1758 361 1918 415 totus
1952 361 2008 427 Α
2042 363 2229 421 Maria
2265 384 2403 427 cum
2432 387 2612 442 puero
2636 374 2957 449 invenitur,
2980 398 3114 441 vera
3133 387 3353 446 Christi
3380 390 3721 451 humanitas

199 448 470 504 mundus
503 448 803 520 impletum
839 449 1217 506 concelebrat.
1254 446 1458 503 David
1525 461 1751 519 nempe
1795 465 1912 517 rex,

196 554 268 592 ex
299 554 442 609 quo,
476 540 540 591 ut
566 537 883 610 Cyprianus
910 537 1463 595 victoriosissimus
1489 531 1672 604 dicit,
1699 552 1912 593 secun-

200 626 350 682 dum
382 642 618 683 carnem
646 625 861 689 Christi
907 628 1170 685 nativitas
1213 622 1522 689 oritur,et
1554 623 1663 695 qui
1692 628 1939 683 tantam.

200 713 462 788 gratiam
491 715 725 783 meruit,
760 716 910 773 sicut
954 717 1017 774 B.
1063 714 1434 772 Ambrosius
1475 713 1717 783 scribit,
1751 719 1815 771 ut
1845 733 1917 773 ex

202 805 339 876 ejus
372 803 596 859 familia
624 803 803 878 Virgo
829 806 1295 879 eligeretur,quae
1325 796 1530 858 nobis
1571 806 1741 875 partu
1775 823 1914 879 pro-

202 893 343 966 prio
373 892 675 948 Christum
708 894 940 963 ederet;
972 894 1030 950 in
1061 894 1292 967 psalmo
1318 889 1426 963 qui
1465 891 1764 950 recitatus
1802 900 1912 965 est,

204 981 661 1038 sacratissimos
692 981 1146 1054 Epiphaniarum
1169 983 1305 1039 dies
1328 981 1551 1036 devote
1575 981 1919 1039 celebranti-

204 1072 328 1127 bus
361 1071 531 1136 favet,
562 1073 620 1125 et
649 1070 793 1142 quid
844 1071 1155 1145 unicuique
1221 1068 1543 1128 festivitati
1597 1072 1916 1146 prospiciat

202 1158 563 1232 plenissime
593 1157 843 1215 intonat.
879 1160 1197 1217 Dominicze
1228 1160 1669 1218 incarnationis
1702 1167 1914 1236 myste-

204 1249 300 1304 ria
331 1265 611 1304 enarrare
641 1247 909 1320 cupiens,
944 1248 1027 1304 ita
1055 1253 1311 1306 exorsus
1342 1253 1431 1306 est
1470 1250 1767 1325 inquiens.
1803 1258 1911 1309 De-

200 1336 431 1394 scendet
460 1338 601 1392 sicut
627 1337 825 1408 pluvia
854 1338 915 1392 in
948 1339 1138 1406 vellus,
1166 1342 1283 1394 etc.
1314 1339 1643 1398 Praevidens
1674 1359 1911 1415 quoque

200 1431 484 1499 tempore
509 1424 845 1480 nativitatis
877 1441 1012 1480 cum
1040 1426 1288 1498 justitia
1311 1422 1759 1499 pacem’mundo
1779 1447 1913 1486 ven-

200 1521 413 1570 turam
447 1514 587 1569 dicit
620 1531 633 1568 :
673 1515 912 1570 Orietur
944 1515 1003 1569 in
1033 1514 1227 1571 diebus
1256 1517 1379 1588 ejus
1399 1517 1698 1588 justitia,et
1725 1520 1909 1575 abun-

206 1602 415 1659 dantia
441 1603 611 1675 pacis.
644 1601 881 1657 Sciebat
913 1602 1068 1657 enim
1105 1604 1248 1675 quia
1282 1622 1388 1677 per
1417 1611 1784 1680 assumptum
1805 1608 1912 1664 hu-

211 1692 570 1748 manitatem
603 1691 861 1746 decrevit
891 1691 1045 1747 Deus
1074 1696 1271 1749 totum
1306 1693 1421 1750 sibi
1456 1696 1704 1752 subdere
1735 1713 1909 1753 mun-

208 1783 447 1845 dum,et
474 1780 857 1835 dominabitur
886 1797 918 1834 a
949 1782 1098 1836 mari
1147 1800 1328 1855 usque
1375 1783 1448 1838 ad
1491 1801 1669 1851 mare,
1707 1791 1814 1843 etc.
1846 1788 1919 1843 Et

209 1871 359 1944 quia
391 1886 509 1925 non
545 1868 738 1924 solum
770 1868 1091 1935 Judaei,sed
1126 1871 1312 1928 etiam
1346 1872 1600 1945 gentiles
1631 1876 1701 1930 ad
1736 1876 1912 1932 ﬁdem

210 1957 472 2016 vocandi
521 1960 709 2024 erant,
765 1962 821 2012 et
869 1956 1175 2030 nigredine
1229 1964 1617 2033 peccatorum
1649 1964 1805 2029 tecti,
1839 1965 1912 2019 ad

218 2048 421 2104 lucem
455 2044 717 2100 veritatis
747 2046 1379 2115 convertendi,subdit,
1414 2048 1620 2105 dicens
1655 2067 1668 2105 :
1718 2050 1912 2106 Coram

214 2140 317 2193 illo
384 2134 674 2209 procident
727 2136 1016 2211 xEthiopes.
1078 2136 1540 2193 Sacramentum
1600 2140 1912 2211 praesentis

212 2227 334 2283 diei
362 2208 751 2282 considerans
776 2208 927 2279 \voce
963 2223 1118 2280 clara
1143 2225 1494 2297 pronuntiat
1522 2227 1724 2283 dicens
1759 2247 1772 2284 :
1810 2230 1912 2284 Re-

214 2334 307 2387 ges
341 2316 563 2372 Tharsis
610 2322 661 2370 et
710 2314 914 2370 insulw
964 2314 1188 2370 mudera
1248 2313 1507 2389 offerent,
1541 2321 1652 2373 etc.
1700 2317 1910 2373 Adhuc

216 2408 399 2462 etiam
434 2402 907 2476 magnitudinem
942 2403 1249 2475 potestatis
1279 2403 1411 2473 ejus
1442 2405 1904 2475 admirans,ait:

228 2500 293 2552 Et
313 2494 633 2551 adorabunt
663 2509 788 2548 eum
817 2508 998 2547 omnes
1016 2508 1162 2560 reges
1181 2508 1366 2549 omnes
1380 2503 1562 2563 gentes
1574 2496 1811 2551 servient
1828 2500 1904 2553 ei.

296 2590 360 2641 in
392 2584 584 2655 hujus
637 2582 793 2637 enim
846 2581 1210 2653 paupercula:
1261 2586 1472 2637 nostrae
1528 2584 1910 2643 declamatio-

225 2675 321 2730 nis
356 2673 621 2739 exordio,
658 2671 879 2743 praefati
914 2687 1121 2725 sumus
1147 2670 1329 2741 hujus
1358 2669 1471 2725 diei
1508 2674 1721 2728 festum
1756 2675 1910 2730 mul-

220 2766 298 2820 tis
370 2762 710 2817 divinorum
790 2758 1201 2832 mysteriorum
1286 2758 1605 2834 privilegiis
1692 2780 1907 2821 conse-

220 2857 486 2917 cratum,
516 2854 573 2905 et
602 2853 668 2904 ut
695 2866 897 2903 verum
930 2865 1058 2903 esse
1091 2848 1237 2903 sciat
1291 2852 1488 2904 vestra
1540 2850 1903 2922 fraternitas,

222 2939 558 2998 multifario
627 2937 928 2993 catholicae
999 2936 1128 2992 ﬁdei
1202 2938 1579 2993 commendat
1652 2942 1903 2996 auctori-

224 3038 346 3086 tas.
402 3028 588 3084 Hodie
637 3026 908 3082 Christus
957 3026 1177 3081 mundo
1230 3026 1582 3083 manifestus
1612 3030 1905 3100 apparuit,

2024 456 2080 506 ct
2112 453 2213 509 Dei
2240 458 2546 546 genitricis
2565 465 2919 534 praedicatur
2940 470 3376 546 integritas.Sic
3397 479 3552 535 enim
3575 482 3721 540 dicit

2025 544 2395 618 evangelista
2428 566 2441 605 :
2468 549 2535 606 Et
2564 552 2839 612 intrantes
2867 544 3089 617 domum
3121 566 3458 622 invenerunt
3482 585 3721 640 puerum

2022 648 2151 689 cum
2200 634 2383 694 Maria
2427 645 2607 698 matre
2653 643 2793 712 eius,
2840 653 2896 704 et
2941 652 3287 722 procidentes
3349 634 3720 719 adoraverunt

2023 738 2153 778 eum
2179 733 2253 794 et,
2288 731 2492 800 apertis
2524 729 2798 789 thesauris
2824 739 2962 807 suis,
2995 741 3316 797 obtulerunt
3359 744 3416 797 ei
3458 760 3714 823 munera,

2023 828 2257 881 aurum,
2301 818 2444 885 thus,
2475 827 2528 875 et
2572 823 2881 893 myrrham.
2934 828 3015 884 Ea
3064 846 3193 901 quae
3240 831 3404 903 Magi
3460 818 3716 896 oll‘erunt

2027 918 2302 974 munera,
2349 913 2574 964 secreta
2615 911 2688 966 de
2737 912 2967 973 Christo
3025 920 3289 990 produnt
3321 932 3710 986 sacramenta.

2024 990 2253 1051 Dantes
2282 1012 2514 1065 aurum,
2549 1016 2745 1073 regem
2788 1006 3127 1076 praedicant,
3188 1008 3337 1063 thus
3380 1011 3711 1086 offerentes,

2025 1084 2215 1138 Deum
2260 1085 2538 1157 adorant;
2593 1091 2894 1163 myrrham
2940 1097 3344 1167 ostendentes,
3398 1084 3706 1164 mortalem

2022 1175 2508 1243 agnoscunt.Nos
2539 1192 2675 1252 ergo
2708 1180 2790 1237 ita
2812 1185 3122 1242 credamus
3142 1186 3451 1245 Christum
3476 1208 3707 1252 assum-

2021 1260 2222 1332 psisse
2249 1264 2663 1357 mortalitatem
2700 1275 2961 1328 nostram
2998 1279 3062 1330 ut
3109 1292 3213 1347 per
3267 1276 3400 1348 ejus
3432 1279 3706 1357 simplam
3804 1264 3811 1271 δ

2022 1355 2278 1407 mortem
2312 1352 2553 1425 duplam
2600 1362 2867 1416 nostram
2918 1378 3356 1435 cognoscamus
3402 1352 3703 1430 abolitam.

2020 1441 2330 1506 Quomodo
2363 1442 2630 1502 Christus
2661 1448 2929 1506 mortalis
2955 1453 3317 1524 apparuit,et
3363 1458 3570 1516 mortis
3609 1462 3707 1518 de-

2019 1528 2212 1585 bitum
2247 1529 2627 1600 solvit,habes
2660 1538 2949 1611 scriptum
2984 1540 3043 1595 in
3078 1542 3229 1597 Isaia
3264 1560 3278 1599 :
3312 1546 3467 1603 Sicut
3499 1550 3705 1606 ovisad

2018 1619 2351 1674 occisionem
2379 1620 2571 1679 ductus
2615 1632 2708 1680 est.
2749 1627 2815 1681 Et
2862 1628 2971 1683 sub
3024 1646 3279 1701 persona
3322 1633 3588 1691 Jeremize
3628 1638 3702 1693 de

2023 1707 2157 1779 ipso
2210 1725 2243 1761 a
2289 1708 2510 1767 Judaeis
2559 1713 2785 1770 dictum
2843 1715 3097 1789 legimus
3131 1736 3145 1774 :
3178 1721 3347 1777 Morte
3373 1727 3701 1795 turpissima

2021 1796 2442 1855 condemnemus
2471 1818 2616 1857 eum.
2651 1803 2951 1881 De‘norte
2982 1807 3349 1879 turpissima,
3382 1811 3438 1866 id
3481 1818 3571 1868 est
3624 1814 3699 1870 de

2024 1888 2216 1939 morte
2256 1888 2792 1962 crucis,Apostolus
2825 1910 2838 1948 :
2872 1894 3065 1948 Factus
3114 1895 3367 1952 obediens
3414 1915 3583 1971 usque
3624 1900 3698 1956 ad

2021 1980 2507 2041 mortemmortem
2538 1987 2721 2036 autem
2745 1983 2944 2037 crucis.
2978 1983 3047 2039 Et
3077 1982 3136 2037 in
3169 1983 3283 2040 alio
3312 1984 3475 2042 loco:
3507 1987 3694 2044 Chris—

2025 2066 2112 2117 tus
2144 2079 2426 2135 resurgens
2447 2084 2517 2122 ex
2546 2071 2918 2143 mortuis,jam
2945 2087 3055 2127 non
3101 2076 3368 2143 moritur;
3403 2080 3460 2130 et
3489 2094 3509 2132 :
3540 2077 3697 2146 Quod

2021 2158 2267 2207 mortuus
2314 2163 2391 2211 est
2425 2164 2660 2227 peccato,
2710 2163 2964 2215 mortuus
3008 2167 3087 2215 est
3127 2162 3325 2227 semel;
3368 2166 3426 2218 et
3478 2181 3491 2220 :
3544 2168 3695 2235 Quia

2022 2248 2266 2297 mortuus
2295 2252 2373 2299 est
2412 2254 2634 2317 propter
2683 2246 2879 2303 delicta
2930 2253 3136 2316 nostra,
3171 2249 3239 2306 Et
3286 2255 3349 2306 B.
3384 2252 3588 2309 Petrus
3621 2255 3696 2311 de

2024 2329 2293 2400 passione
2326 2334 2453 2403 ejus
2484 2334 2626 2390 dicit
2659 2354 2671 2391 :
2707 2335 2957 2394 Christus
2984 2354 3177 2409 passus
3223 2345 3304 2395 est
3347 2357 3448 2412 pro
3490 2342 3651 2398 nobis
3670 2365 3694 2413 ;

2023 2420 2121 2489 qui
2168 2437 2291 2475 cum
2331 2430 2626 2493 pateretur,
2690 2442 2800 2482 non
2857 2429 3319 2484 comminabatur.
3382 2430 3690 2494 Quomodo

2022 2506 2315 2566 Christum
2342 2527 2534 2584 regem
2568 2529 2697 2569 esse
2727 2516 3064 2583 credamus,
3099 2516 3298 2573 divina
3340 2519 3688 2578 auctoritate

2023 2600 2491 2669 approbavimus.
2522 2606 2650 2674 Ipse
2673 2604 2831 2659 enim
2865 2605 2935 2659 de
2968 2621 3030 2660 se
3054 2604 3267 2660 dicitin
3290 2605 3517 2677 psalmo
3542 2610 3687 2677 :Ego

2020 2696 2202 2743 autem
2229 2691 2548 2745 constitutus
2575 2708 2695 2746 sum
2726 2708 2830 2747 rex
2862 2694 2930 2747 ab
2962 2709 3042 2758 eo,
3076 2691 3134 2745 id
3168 2696 3258 2748 est
3283 2710 3316 2749 a
3346 2693 3462 2748 Deo
3494 2694 3684 2767 Patre;

2020 2779 2078 2830 et
2108 2776 2281 2831 David
2316 2778 2646 2850 patriarcha
2679 2797 2692 2835 :
2732 2785 2901 2846 Deus,
2925 2780 3205 2852 judicium
3235 2785 3391 2837 tuum
3426 2784 3549 2852 regi
3591 2784 3685 2841 da.

2019 2865 2087 2918 Et
2118 2867 2271 2937 quod
2305 2866 2381 2921 sit
2407 2866 2525 2922 Rex
2558 2869 2960 2941 regnum,ipse
2992 2868 3134 2922 dicit
3155 2886 3258 2940 per
3291 2870 3680 2943 Sapientiam:

2016 2954 2124 3008 Per
2144 2972 2231 3010 me
2260 2971 2407 3026 reges
2436 2965 2687 3025 regnant,
2719 2966 2768 3012 et
2788 2959 3067 3029 principes
3098 2958 3281 3025 legum
3316 2977 3453 3032 jura
3492 2960 3679 3018 decer-

2016 3052 2158 3098 nunt
2182 3044 2250 3098 Et
2280 3045 2433 3116 quod
2466 3061 2596 3100 vere
2626 3046 2704 3101 sit
2740 3046 3010 3101 Christus
3053 3045 3208 3101 Deus
3255 3052 3313 3103 et
3366 3048 3681 3120 Dominus,

224 3119 412 3175 hodie
443 3115 822 3188 baptismatis
854 3118 1287 3170 sacramentum
1321 3115 1598 3187 suscepit,
1622 3120 1678 3172 et
1713 3118 1900 3173 susci-

2017 3134 2269 3187 testatur
2297 3112 2401 3205 per
2424 3134 2616 3206 ipsum
2641 3135 3085 3191 conditustotus
3107 3135 3370 3209 undique
3395 3112 3679 3197 mundus:

227 3207 457 3281 piendo
508 3222 617 3260 sua
662 3203 976 3277 priesentia
1019 3203 1397 3258 consecravit.
1432 3204 1635 3271 Hodie,
1665 3209 1730 3261 ut
1760 3207 1905 3264 ﬁdes

230 3295 610 3354 credentium
643 3293 847 3359 credit,
875 3308 1060 3364 aquas
1091 3293 1161 3347 ad
1194 3293 1431 3366 nuptias
1459 3293 1518 3348 in
1544 3293 1743 3349 vinum
1775 3313 1907 3365 con-

228 3384 435 3440 vertit.
470 3381 562 3438 Fit
612 3380 1001 3454 spiritualiter
1048 3381 1248 3437 vinum
1297 3399 1366 3438 ex
1418 3399 1590 3454 aqua,
1625 3384 1904 3455 quoniam

228 3476 509 3530 cessante
538 3470 684 3544 legis
715 3468 1123 3542 littera,fulget
1145 3487 1251 3543 per
1277 3471 1576 3528 Christum
1611 3473 1904 3547 Evangelii

229 3562 451 3635 gratia.
510 3560 847 3633 Baptizatur
901 3558 1189 3628 Christus,
1250 3564 1566 3618 renovatur
1620 3563 1900 3621 mundus.

230 3650 509 3707 Christus
540 3649 1064 3721 baptizatur,vetus
1094 3648 1270 3705 homo
1303 3649 1553 3717 exuitur,
1583 3667 1768 3708 novus
1796 3652 1900 3708 ho—

231 3758 332 3796 mo
363 3738 652 3794 induitur.
687 3737 1010 3810 Expellitur
1037 3736 1135 3792 ille
1183 3739 1412 3809 primus
1442 3738 1618 3795 homo
1650 3740 1720 3795 de
1748 3746 1903 3797 terra

231 3827 841 3895 terrenus;secundus
872 3826 1141 3881 induitur
1168 3827 1239 3882 de
1269 3827 1410 3883 coelo
1437 3827 1905 3896 coelestis.Quan-

234 3919 308 3973 do
339 3916 614 3973 Christus
646 3915 979 3988 baptizatus
1003 3918 1112 3979 est,
1139 3916 1480 3987 mysterium
1523 3917 1671 3972 sacri
1719 3919 1904 3992 hapti-

234 4005 447 4061 smatis
482 4009 887 4061 consecratum
920 4008 1009 4058 est
1038 4004 1344 4075 praesentia
1366 4005 1547 4061 totius
1572 4006 1898 4078 Trinitatis,

231 4112 342 4150 vox
376 4093 569 4148 Patris
598 4092 855 4148 intonuit
887 4108 900 4146 :
929 4092 1028 4147 llic
1057 4100 1134 4148 est
1162 4094 1335 4149 Filius
1364 4110 1516 4149 meus
1557 4092 1807 4162 dilectus,
1841 4098 1901 4152 in

233 4200 340 4256 qua
384 4183 533 4239 mihi
573 4182 907 4255 compiacui;
956 4180 1013 4235 in
1067 4181 1259 4253 specie
1312 4181 1594 4238 columbae
1644 4183 1898 4256 Spiritus

235 4274 485 4328 sanctus
513 4270 869 4344 apparuit,et
901 4268 1053 4324 sicut
1079 4267 1239 4325 solus
1262 4269 1417 4327 ﬁlius
1440 4288 1475 4326 a
1491 4272 1657 4327 beato
1675 4272 1899 4329 Joanne

233 4359 524 4434 baptizari
555 4358 758 4415 voluit.
787 4359 867 4413 De
916 4357 1025 4413 hac
1074 4374 1206 4413 vero
1246 4359 1534 4415 sententia
1563 4361 1771 4418 beatus
1800 4363 1897 4419 Hi-

2015 3224 2145 3291 Ipse
2174 3221 2329 3277 enim
2362 3221 2501 3278 dicit
2531 3223 2588 3278 in
2624 3223 2931 3298 Evangelio
2970 3242 2981 3280 :
3016 3225 3157 3279 Data
3204 3233 3280 3280 est
3326 3226 3468 3282 mihi
3502 3232 3684 3285 omnis

2008 3318 2245 3381 potestas
2276 3313 2335 3366 in
2363 3313 2491 3368 creto
2520 3321 2571 3368 et
2603 3315 2659 3369 in
2692 3322 2856 3369 terra.
2884 3314 2951 3368 Et
2977 3311 3296 3386 Apostolus
3327 3314 3537 3371 asserit
3566 3318 3620 3374 ei
3649 3336 3685 3375 a

2016 3397 2133 3454 Deo
2166 3400 2334 3456 Patre
2361 3401 2563 3456 datum
2594 3419 2791 3458 nomen
2821 3403 2962 3475 quod
2989 3409 3068 3459 est
3092 3419 3258 3477 super
3286 3419 3446 3461 omne
3474 3421 3679 3464 nomen

2012 3496 2072 3542 ut
2105 3491 2164 3543 in
2193 3491 2417 3546 nomine
2442 3492 2570 3547 Iesu
2597 3508 2757 3548 omne
2784 3509 2925 3569 genu
2952 3493 3209 3563 ﬂectatur
3233 3495 3677 3561 cwiestium,ter-

2013 3580 2271 3634 restrium
2301 3587 2353 3635 et
2385 3581 2751 3652 infernarum.
2784 3582 2852 3638 Et
2884 3582 2940 3638 in
2975 3580 3088 3638 alio
3133 3581 3262 3639 loco
3308 3584 3627 3657 Apostolus
3663 3604 3676 3641 :

2015 3664 2287 3733 Quoniam
2313 3685 2414 3740 per
2438 3670 2636 3742 ipsum,
2670 3678 2724 3727 et
2750 3672 2812 3726 in
2842 3673 2955 3745 ipso
2984 3679 3166 3728 creata
3212 3679 3343 3728 sunt
3387 3675 3594 3739 omnia,
3626 3684 3680 3732 et

2014 3755 2131 3826 ipse
2159 3765 2288 3813 ante
2317 3775 2503 3814 omnes
2535 3768 2585 3815 et
2612 3763 2797 3816 omnia
2827 3764 2887 3816 in
2921 3762 3036 3833 ipso
3063 3770 3329 3818 constant.
3363 3762 3429 3817 Et
3467 3762 3676 3821 beatus
3760 3782 3763 3787 ·

2010 3845 2367 3919 evangelista
2400 3864 2412 3903 :
2452 3851 2657 3904 Omnia
2676 3866 2778 3921 per
2811 3852 2987 3921 ipsum
3019 3851 3165 3921 facta
3193 3859 3394 3918 sunt,et
3422 3853 3540 3907 sine
3559 3854 3674 3925 ipso

2008 3931 2219 4000 factum
2245 3941 2322 3988 est
2356 3933 2581 3989 uihil.Si
2606 3935 2804 3991 omnia
2833 3951 2937 4007 per
2968 3935 3165 4007 ipsum
3198 3937 3351 3991 facta
3379 3953 3506 3992 esse
3537 3939 3669 3995 etin

2011 4019 2139 4091 ipso
2172 4025 2439 4077 constare
2472 4027 2816 4089 noscuntur,
2849 4040 3217 4095 consequens
3249 4027 3337 4079 est
3366 4028 3431 4079 ut
3459 4026 3671 4082 adven-

2009 4111 2135 4163 tum
2166 4110 2365 4165 omnia
2395 4112 2733 4184 cognovisse
2758 4113 3097 4170 credantur.

2080 4196 2227 4260 Quid
2279 4198 2348 4253 de
2397 4199 2729 4256 ratidnahili
2781 4206 3075 4270 creatura,
3104 4200 3371 4275 angelica
3406 4199 3673 4259 videlicet

2009 4287 2065 4339 et
2094 4283 2355 4341 humana
2385 4286 2621 4346 dicam?
2653 4290 2787 4354 Qum
2827 4293 3115 4362 quantum
3148 4289 3401 4359 Creatori
3432 4306 3538 4345 suo
3569 4307 3674 4364 per

2007 4371 2421 4445 cogitationem
2453 4366 2543 4431 est
2583 4376 2850 4443 vicinior,
2882 4381 3113 4434 tantum
3149 4379 3219 4435 de
3258 4378 3508 4434 adventu
3540 4379 3670 4451 ejus

234 4449 427 4505 larius
454 4453 573 4546 tam
603 4447 845 4546 pulchre
875 4447 1081 4546 scribit
1111 4464 1286 4546 quas?
1312 4465 1452 4546 εξιξὶϐ
1474 4448 1746 4546 εξθηῒίῐοΕῐ
1767 4450 1900 4546 licet
1931 4482 1977 4546 D
2011 4462 2231 4517 exstitit
2264 4462 2468 4519 laetior.
2506 4465 2573 4519 Et
2620 4482 2735 4521 non
2788 4465 2978 4522 solum
3012 4467 3113 4522 illa
3144 4484 3273 4539 qua:
3307 4447 3671 4524 rationabilis

236 4544 363 4595 tota
412 4536 668 4593 Trinitas
717 4536 1179 4592 incarnationem
1230 4537 1403 4593 Verbi
1449 4542 1505 4594 et
1556 4541 1898 4612 mysterium

233 4626 525 4701 baptismi
555 4630 793 4699 operata
824 4626 1123 4693 sit,tamen
1154 4626 1315 4682 solus
1365 4626 1522 4682 ﬁlius
1571 4628 1900 4701 baptizatus

233 4723 328 4773 est
358 4735 392 4772 a
422 4717 667 4783 Joanne,
698 4716 852 4772 sicut
893 4714 1055 4771 solus
1100 4720 1273 4770 natus
1320 4720 1407 4771 est
1438 4716 1507 4771 de
1537 4717 1793 4789 Virgine,
1846 4724 1903 4774 et

236 4823 452 4862 omnes
482 4823 681 4863 assum
691 4809 801 4878 pta:
815 4804 1191 4860 mortalitatis
1207 4804 1513 4877 passiones
1526 4804 1571 4859 si
1583 4823 1651 4861 ne
1667 4811 1901 4877 peccato

235 4894 616 4963 transcurrit,
644 4898 701 4950 et
727 4880 1061 4950 secundum.
1081 4893 1405 4950 divinitatis
1437 4898 1707 4950 naturam
1748 4912 1899 4952 sem-

238 5002 347 5058 per
380 4983 765 5057 impassibilis
795 4982 1031 5039 mansit.

313 5073 430 5129 Sed
465 5078 530 5128 ut
559 5073 631 5129 ad
664 5072 862 5145 priora
890 5072 1217 5128 redeamus.
1246 5072 1348 5128 Est
1376 5072 1471 5129 hic
1503 5073 1723 5142 dies,ut
1748 5092 1898 5149 saepe

238 5161 527 5230 diximus,
564 5162 710 5218 satis
741 5178 845 5234 per
873 5177 935 5217 se
962 5161 1222 5231 festivus,
1251 5164 1351 5219 sed
1384 5163 1511 5219 ideo
1560 5164 1738 5221 nimis
1776 5183 1901 5239 per-

239 5252 515 5325 spicuus,
534 5252 815 5323 quoniam
847 5249 1026 5305 natali
1054 5250 1352 5308 Dominico
1378 5252 1743 5326 dignoscitur
1772 5271 1900 5312 esse

240 5340 734 5414 contiguus.Cum
780 5339 934 5395 Deus
977 5338 1038 5394 in
1082 5356 1261 5412 puero
1309 5341 1604 5412 adoratur,
1652 5344 1899 5417 virginei

240 5434 453 5505 partus
483 5428 671 5486 honor
698 5426 999 5485 excolitur.
1030 5428 1176 5485 Cum
1225 5428 1448 5487 homini
1499 5431 1614 5488 Deo
1658 5449 1904 5490 munera

239 5517 813 5592 deferuntur,divini
844 5517 1134 5595 puerperii
1165 5518 1420 5595 dignitas
1449 5521 1901 5582 adoratur.Dum

2010 4555 2117 4617 est,
2171 4550 2361 4607 Deum
2414 4552 2471 4608 in
2525 4570 2697 4610 carne
2747 4554 2976 4611 venisse
3026 4556 3312 4630 cognovit,
3348 4557 3447 4612 sed
3488 4556 3667 4612 etiam

2011 4639 2431 4697 irrationabilis
2462 4642 2820 4713 quibusdam
2861 4644 3103 4700 nutibus
3152 4647 3458 4700 Auctorem
3491 4660 3667 4700 suum

2010 4727 2205 4800 ipsum
2241 4745 2370 4785 esse
2400 4730 2736 4799 declaravit,
2770 4736 2826 4788 et
2871 4734 2919 4788 ei
2965 4732 3261 4789 servitutis
3318 4732 3667 4804 obsequium

2010 4817 2443 4888 quodammodo
2475 4820 2837 4892 praebuit.Et,
2873 4826 2940 4876 ut
2976 4838 3163 4894 pauca
3213 4821 3283 4876 de
3331 4819 3535 4876 multis
3577 4821 3667 4876 di-

2010 4922 2159 4974 cam,
2214 4910 2278 4961 ut
2326 4908 2623 4980 majorum
2672 4910 2852 4965 tradit
2899 4910 3236 4977 auctoritas,
3271 4925 3337 4965 eo
3370 4914 3666 4977 nascente,

2010 4993 2220 5050 cmlum
2254 5011 2467 5052 novum
2500 4997 2666 5054 sidus
2683 4997 3238 5070 produxit.Pedibus
3262 4998 3391 5070 ejus
3422 5014 3583 5054 mare
3602 5014 3667 5055 se

2009 5082 2283 5140 calcabile
2314 5086 2580 5157 praebuit,
2614 5092 2843 5156 ventus,
2872 5103 2971 5143 eos
2988 5087 3573 5160 jubente,conticuit;
3596 5104 3665 5145 eo

2010 5171 2315 5241 moriente,
2344 5178 2498 5229 terra
2544 5175 2914 5231 contremuit.
2964 5175 3058 5232 Sol
3109 5176 3303 5232 radios
3349 5175 3497 5232 lucis
3544 5193 3663 5232 suae

2010 5263 2269 5334 retraxit,
2298 5280 2436 5320 saxa
2461 5268 2519 5320 et
2544 5269 2929 5322 monumenta
2959 5265 3515 5338 patuerunt,mortui
3541 5282 3667 5323 sur-

2012 5356 2303 5419 rexerunt,
2332 5351 2500 5408 multi
2532 5352 2632 5425 qui
2679 5354 3031 5411 tenebantur
3075 5353 3288 5428 captivi
3339 5355 3411 5410 ab
3461 5353 3664 5410 inferis

2012 5438 2180 5497 liberi
2210 5440 2493 5498 exierunt.
2529 5443 2607 5498 De
2636 5442 2730 5499 his
2760 5443 3017 5501 Joannes
3059 5443 3205 5500 satis
3255 5442 3666 5501 convenienter

2013 5529 2458 5605 Chrysostomus
2487 5530 2670 5590 Omne
2701 5534 2852 5609 quod
2877 5539 2966 5593 est
2986 5533 3315 5594 necessario
3346 5530 3666 5593 famulatur
