4054 6158
473 265 595 328 999
1377 261 1446 326 S.
1491 256 1856 320 ODILONIS
1902 255 2470 319 CLUNIACENSIS
2519 257 2850 322 ABBATIS
2899 261 2973 322 V.
3676 269 3796 332 l000

478 398 531 455 ei
564 417 592 453 a
622 414 737 470 quo
771 399 835 451 ut
865 399 1018 450 csstit
1047 392 1265 464 accepit
1295 389 1862 463 originem.ldcirco,
1896 390 2126 453 fratres,
2157 390 2211 456 Α
2243 390 2334 445 sui
2363 396 2527 446 ortus
2560 392 2839 450 Dominus
2865 399 3062 450 noster
3085 393 3342 466 legaliter
3357 395 3523 452 voluit
3543 415 3573 452 a
3599 403 3799 471 parenti-

477 487 551 542 de
573 485 871 541 divinitate
900 480 1108 537 Christi
1142 483 1303 534 tanta
1347 477 1607 533 diximus
1639 483 1692 534 et
1726 478 1916 533 adhuc
1946 477 2137 533 dicere
2246 479 2357 534 bus
2406 481 2769 552 circumcidi,
2816 482 2914 549 ita,
2970 483 3322 556 quaterdeno
3367 501 3580 540 numero
3623 488 3801 546 diem",

478 572 752 628 volumus
785 572 1014 636 ut,dum
1047 568 1212 623 illum
1247 569 1303 622 in
1332 567 1610 640 praesepio
1638 564 2138 639 positum,pannis
2245 569 2350 624 ded
2364 573 2657 635 ucto,cum
2689 569 2974 644 legalibus
3005 571 3211 628 hostiis
3242 591 3275 628 a
3305 578 3474 630 matre
3500 574 3700 648 Virgine
3729 594 3802 634 vo-

475 662 823 726 involutum,
858 658 1142 715 humilem
1173 657 1470 712 hominem
1520 656 1674 713 inter
1718 656 1916 712 omnia
1947 655 2134 712 ccrni—
2245 656 2358 713 luit
2387 657 2444 712 in
2481 658 2697 730 templo
2725 661 3078 732 prasentari.
3113 660 3476 717 Circumcisio
3496 667 3616 718 tunc
3631 669 3803 738 tempo-

477 767 634 816 mus,
668 751 851 806 Deum
885 765 1084 804 verum
1119 751 1176 802 et
1205 745 1518 802 Dominum
1565 761 1744 818 super
1779 745 1978 800 omnia
2007 761 2134 800 esse
2246 745 2326 802 ris
2357 747 2428 802 ab
2461 747 2730 821 originali
2784 755 3016 820 peccato
3063 749 3425 806 circumcisio
3471 752 3730 824 purgabat,
3767 760 3808 810 et

475 855 592 894 non
623 835 1142 894 dubitemus.lllud
1175 852 1308 891 vero
1340 833 1636 906 singulare
1664 851 1874 889 nomen
1903 833 2134 889 deitalis
2243 834 2448 907 legalis
2480 835 2694 892 oblatio
2725 837 2923 908 pueris
2953 841 3007 893 et
3035 838 3323 893 matribus
3353 838 3707 909 puriﬁcatione
3741 841 3805 896 in-

475 929 628 1000 quod
662 933 751 983 est
787 932 959 990 Deus,
995 923 1297 980 multoties
1331 924 1388 978 in
1420 923 1632 978 divinis
1681 921 1892 978 litteris
1923 923 1994 977 ad
2029 923 2133 977 Pa-
2244 925 2578 996 digentibus
2610 929 2666 980 et
2707 925 2900 980 radice
2953 926 3085 980 Ada
3140 925 3375 998 pollutis
3423 924 3806 999 puriﬁcationem

475 1021 623 1072 trem
655 1015 922 1080 refertur,
957 1013 1266 1086 aliquoties
1298 1013 1368 1068 ad
1407 1011 1634 1068 Filium.
1661 1012 1897 1078 Quoties
1927 1012 1997 1066 ad
2030 1012 2132 1067 Pa-
2243 1014 2576 1085 praestabat.
2613 1013 2722 1070 Sed
2756 1013 2901 1070 nihil
2933 1013 3140 1070 horum
3195 1018 3387 1070 noster
3432 1015 3692 1086 parvulus,
3732 1033 3806 1072 na:

471 1109 620 1161 trem
651 1105 956 1170 referatur,
985 1101 1148 1158 nullo
1180 1102 1352 1157 modo
1411 1117 1580 1156 mens
1635 1100 1898 1156 humana
1945 1105 2136 1172 potest
2243 1103 2374 1174 ejus
2395 1102 2771 1158 sanctissima
2802 1107 2859 1158 et
2890 1103 3283 1160 mundissima
3302 1103 3805 1177 genitrixindigebat.

471 1193 763 1268 colligere,
797 1198 853 1249 et
881 1193 1036 1264 quod
1070 1190 1388 1262 aliquando
1442 1190 1512 1245 ad
1565 1187 1778 1245 Filium
1829 1189 2130 1258 referatur,
2240 1191 2386 1248 Vere
2416 1209 2531 1247 non
2565 1192 2864 1265 indigebat
2889 1193 2987 1248 Dei
3021 1192 3205 1248 Filius
3231 1191 3400 1265 legali
3422 1193 3805 1260 circumcisione,

472 1281 675 1340 multis
704 1280 1059 1338 testimoniis
1091 1281 1422 1336 edocemur.
1455 1277 1619 1333 Unde
1643 1282 1732 1332 est
1763 1275 1906 1332 illud
1934 1294 1946 1331 :
1972 1279 2129 1346 Deus,
2243 1281 2342 1354 qui
2397 1297 2512 1336 non
2571 1285 2693 1336 erat
2745 1280 2965 1336 carnali
3023 1281 3372 1337 admistione
3427 1285 3710 1349 concretus,
3735 1283 3808 1337 sed

463 1372 640 1444 judex
660 1373 864 1444 justus.
897 1374 1038 1424 Cum
1090 1369 1366 1432 dicimus,
1415 1369 1572 1430 Deus,
1614 1366 1792 1438 judex
1814 1368 2020 1437 justus,
2061 1367 2133 1421 de
2241 1371 2493 1427 adventu
2523 1369 2775 1442 Spiritus
2805 1369 2990 1425 sancti
3023 1374 3079 1424 et
3104 1369 3388 1425 Altissimi
3414 1369 3625 1436 virtute,
3649 1369 3806 1442 angelo

475 1460 616 1517 Filio
646 1461 868 1516 dictum
901 1475 1028 1513 esse
1056 1475 1170 1512 uon
1207 1457 1711 1528 dubitamus.lpse
1746 1455 1904 1510 enim
1937 1453 2081 1510 dixit
2115 1471 2128 1511 :
2239 1459 2572 1527 nuntiante,
2606 1458 2666 1514 in
2699 1464 2863 1515 utero
2888 1458 3156 1532 virginali
3191 1463 3517 1532 conceptus.
3545 1458 3657 1531 Ipse
3693 1459 3809 1514 enim

471 1552 638 1606 Pater
665 1565 774 1605 non
794 1548 1007 1620 judico!
1038 1562 1386 1617 quemquam,
1417 1544 1510 1600 sed
1539 1560 1695 1599 omne
1732 1544 2007 1615 judicium
2038 1542 2129 1598 de-
2240 1553 2328 1604 est
2357 1549 2708 1621 Iapis.quem
2734 1547 2937 1604 Daniel
2963 1547 3105 1603 vidit
3128 1546 3432 1620 pracisum
3454 1547 3520 1602 de
3539 1551 3705 1603 monte
3721 1547 3810 1602 sine

471 1637 553 1693 άίι
580 1638 739 1694 Filio.
775 1639 840 1690 Et
873 1637 929 1690 in
963 1635 1074 1690 alio
1105 1633 1228 1688 loco
1247 1632 1580 1697 Psalmista,
1615 1636 1927 1704 postquam
1954 1633 2126 1688 dixit:
2241 1637 2534 1705 manibus,
2581 1636 2848 1692 Christus
2889 1636 3153 1693 videlicet
3204 1639 3376 1692 natus
3431 1636 3498 1692 de
3542 1636 3810 1692 Judaorum

471 1728 715 1792 Domine,
741 1724 966 1780 addidit
995 1743 1012 1779 :
1045 1728 1188 1780 Deus
1212 1723 1410 1777 salutis
1453 1738 1608 1778 mea.
1661 1721 1835 1776 Jesus
1879 1721 2132 1824 Saivator
2163 1760 2206 1824 Β
2239 1730 2429 1799 gente,
2463 1725 2626 1781 nullo
2657 1725 2917 1781 humano
2948 1741 3120 1798 opere
3153 1723 3579 1781 interveniente.
3607 1725 3709 1779 Non
3746 1723 3810 1777 in-

472 1815 589 1872 sive
618 1816 884 1871 salutaris
916 1813 1347 1884 interpretatur.
1378 1815 1522 1886 item
1573 1811 1873 1881 Scriptura
1923 1808 2124 1865 clami-
2164 1808 2206 1824 ¹¹
2237 1815 2472 1886 digebat
2491 1815 2668 1870 etiam
2697 1815 2788 1869 Dei
2813 1814 3061 1886 genitrix
3084 1813 3481 1886 puriﬁcatione
3508 1811 3812 1884 carnali.que

470 1909 554 1961 tat
585 1921 598 1961 :
634 1906 896 1961 Dominus
928 1904 1041 1974 ipse
1069 1910 1148 1956 est
1177 1901 1335 1965 Deus,
1369 1877 1629 1955 Dominus
1680 1901 1792 1970 ipse
1837 1903 1913 1954 est
1959 1903 2120 1954 Deus.
2235 1904 2500 1976 concepit
2520 1920 2633 1958 non
2660 1905 2996 1976 operatione
3016 1901 3318 1962 virilii.sed
3346 1903 3546 1957 virtute
3566 1901 3809 1966 Altissimi,

470 1995 652 2059 Quam
689 1994 1022 2065 frequenter
1062 1990 1330 2046 Christus
1359 1990 1534 2045 Jesus
1559 1989 1840 2044 Dominus
1870 1993 2121 2053 vocetur,
2233 1998 2288 2048 et
2319 1992 2704 2048 illustratione
2735 1993 2987 2064 Spiritus
3019 1992 3226 2048 sancti.
3279 1991 3388 2047 Sed
3438 1991 3555 2047 ideo
3599 1990 3746 2047 voluit
3768 2007 3810 2045 se

468 2083 661 2140 omnis
695 2083 906 2155 pagina
933 2081 1128 2137 divina
1177 2083 1424 2134 testatur
1476 2095 1488 2132 :
1535 2079 1797 2133 Dominus
1843 2081 2124 2132 conterens
2235 2099 2522 2154 suamque
2552 2082 2893 2152 genitricem
2921 2081 3187 2148 decretis,
3220 2079 3502 2153 legalibus
3532 2081 3810 2143 subdere,ne

470 2174 631 2237 bella,
658 2173 920 2228 Dominus
953 2187 1148 2225 nomen
1176 2177 1255 2224 est
1286 2170 1394 2231 illi,
1437 2173 1494 2220 et
1546 2167 1858 2222 Psalmista
1890 2183 1904 2222 :
1938 2167 2121 2222 Domi-
2231 2171 2526 2226 videretur
2551 2187 2680 2226 esse
2705 2169 2849 2242 legis
2880 2175 3266 2242 contemptor,
3297 2171 3396 2242 qui
3426 2175 3540 2224 erat
3566 2169 3810 2240 utriusque

467 2277 572 2316 nus
603 2261 941 2316 illuminalio
972 2275 1087 2313 mea
1117 2265 1167 2311 et
1189 2258 1340 2311 salus
1371 2273 1509 2311 mea.
1547 2255 1902 2310 llluminatio
1927 2261 2125 2310 nostra
2234 2260 2592 2316 Tcstamenti
2623 2259 2864 2331 largitor
2887 2262 2942 2315 et
2971 2259 3520 2332 conditor.Urgebat
3545 2258 3680 2314 enim
3706 2256 3810 2329 legis

469 2353 558 2406 est
586 2349 724 2420 quia
754 2348 907 2404 sicut
935 2345 1292 2418 evangelista
1321 2345 1466 2400 dixit
1505 2362 1516 2400 :
1552 2345 1666 2415 Ipse
1696 2344 1978 2399 illuminat
2008 2360 2124 2400 om-
2225 2347 2441 2418 jussio,
2476 2351 2540 2403 ut
2571 2345 2846 2420 parvulus
2877 2351 3077 2402 octava
3127 2347 3222 2402 die
3263 2345 3747 2412 circumcideretur,
3771 2349 3808 2398 et

467 2453 592 2492 nem
622 2437 896 2491 hominem
920 2437 1226 2490 venientem
1281 2435 1342 2488 in
1385 2433 1530 2488 hunc
1552 2433 1840 2487 mundum.
1875 2433 1944 2486 Et
1973 2433 2125 2487 sicut
2234 2436 2686 2509 quadragesimo
2720 2436 2831 2504 die,
2865 2440 2929 2490 ut
2958 2436 3182 2491 dictum
3229 2441 3340 2503 est,
3372 2435 3430 2491 in
3475 2435 3668 2508 templo
3704 2451 3808 2506 pra-

471 2526 533 2582 B.
565 2526 770 2582 Petrus
799 2523 1099 2596 apostolus
1130 2523 1212 2579 ait
1246 2541 1258 2578 :
1294 2525 1411 2594 Ipse
1443 2521 1634 2577 edumit
1663 2538 1761 2576 nos
1785 2521 1850 2576 de
1885 2522 2124 2577 tenebris
2233 2531 2583 2596 sentaretur,
2617 2530 2672 2580 et
2704 2531 2970 2597 parentes
3014 2526 3144 2596 ejus
3188 2543 3293 2597 pro
3342 2542 3407 2580 eo
3455 2541 3552 2596 par
3577 2529 3808 2578 turturum

471 2617 530 2670 in
551 2614 880 2670 admirabile
909 2613 1089 2668 lumen
1117 2629 1300 2666 suum.
1335 2609 1506 2666 Salus
1557 2627 1661 2664 nos
1707 2616 1796 2665 est
1834 2609 2121 2677 Christus,
2234 2619 2338 2671 aut
2377 2615 2524 2670 duos
2572 2613 2766 2686 pullos
2823 2614 3230 2670 columbarum
3262 2615 3545 2680 offerrent,
3575 2613 3616 2667 si
3645 2625 3808 2683 agnum

469 2704 622 2760 sicut
651 2703 803 2758 idem
847 2701 972 2775 ipse
1023 2707 1222 2774 pastor
1270 2699 1538 2755 Ecclesia
1590 2699 1751 2766 dicit,
1787 2699 1946 2754 Isaia
1978 2717 2123 2755 usus
2232 2701 2495 2760 invenire
2528 2721 2643 2759 non
2681 2707 2936 2776 possent.
2961 2703 3024 2758 In
3049 2709 3300 2776 utroque
3325 2719 3454 2758 vero
3480 2699 3815 2770 animali,pre-

467 2791 804 2849 testimonio
837 2809 848 2846 :
879 2791 1044 2863 Cujus
1074 2792 1244 2846 liuore
1274 2791 1467 2844 sanati
1489 2789 1770 2844 sumus.Et
1800 2789 2120 2844 B.Petrus:
2235 2791 2495 2864 fulgebat
2541 2793 2730 2866 gratia
2776 2791 3050 2848 salutaris
3101 2792 3386 2865 mysterii.
3442 2791 3654 2856 Turtur,
3677 2793 3728 2843 ut
3749 2783 3812 2840 illi

467 2881 788 2947 Domine,ad
811 2897 968 2954 quem
1001 2880 1241 2934 ibimus?
1273 2878 1338 2932 Et
1370 2877 1494 2949 ipse
1543 2877 1602 2932 in
1653 2875 1766 2932 alio
1812 2876 1936 2932 loco
1971 2894 1984 2932 :
2019 2879 2124 2933 Do-
2232 2880 2438 2937 volunt
2457 2880 2557 2953 qui
2588 2881 2657 2937 de
2687 2879 2912 2936 naturis
2933 2880 3280 2936 animalium
3303 2874 3818 2953 disputant,castissi-

464 2972 634 3036 mine,
669 2971 868 3027 bonum
896 2976 1093 3024 estnos
1124 2969 1215 3022 hic
1243 2983 1373 3023 esse.
1392 2967 1459 3022 Et
1479 2966 1736 3022 Thomas
1767 2969 1898 3037 post
1929 2982 2122 3020 resur-
2235 2985 2399 3024 mum
2429 2974 2518 3024 est
2547 2969 2793 3036 animal;
2829 2968 3100 3025 columba
3131 2969 3654 3026 mansuetissimum
3676 2968 3722 3021 et
3745 2979 3816 3036 pa-

466 3061 778 3118 rcetionem
807 3059 936 3130 ejus
970 3075 983 3115 :
1018 3058 1280 3113 Dominus
1309 3073 1460 3112 meus
1487 3065 1537 3112 et
1575 3057 1717 3111 Deus
1763 3071 1932 3110 meus.
1965 3053 2125 3108 Sicut
2170 3127 2193 3130 _
2234 3057 2842 3114 tientissimum.Bene
2870 3075 2972 3130 pro
3004 3058 3234 3120 Christo
3260 3063 3451 3116 turtur
3476 3058 3584 3113 sive
3607 3052 3816 3110 columba

465 3147 785 3222 saepissime
801 3127 1254 3204 C‘hristusJesus
1268 3144 1552 3201 Dominus
1574 3143 1750 3199 simul
1776 3149 1833 3200 et
1850 3145 2002 3200 Deus
2026 3160 2122 3199 νο·
2154 3127 2196 3193 C
2235 3147 2494 3212 otl'ertur,
2527 3147 2667 3219 quia
2699 3147 2824 3219 ipse
2852 3127 2940 3203 est
2971 3147 3264 3220 patientia:
3313 3152 3370 3203 et
3421 3138 3812 3202 mansuetudinis

465 3237 697 3305 citatur,
732 3237 812 3291 ita
841 3235 1156 3308 aliquando
1189 3251 1287 3289 rex
1318 3239 1375 3289 et
1405 3234 1580 3299 Deus,
1633 3233 1948 3305 aliquando
1988 3248 2122 3286 vero
2231 3235 2591 3309 auctor,ipse
2622 3235 2974 3307 virginitatis
3007 3241 3201 3292 custos
3234 3241 3295 3292 et
3324 3234 3598 3291 castitatis
3624 3235 3810 3286 amator.

467 3326 749 3380 Dominus
779 3329 835 3380 et
865 3341 962 3379 rex
997 3322 1339 3396 appellatur.
1377 3323 1494 3377 Rex
1527 3327 1582 3376 et
1608 3321 1781 3389 Deus,
1816 3322 1872 3375 in
1916 3321 2122 3394 quinto
2230 3325 2358 3397 Ipse
2388 3325 2460 3380 ad
2493 3341 2600 3380 nos
2629 3325 2886 3391 veniens,
2917 3342 2985 3381 ex
3021 3324 3264 3397 Virgine
3294 3341 3490 3381 verum
3537 3335 3715 3392 corpus
3736 3332 3810 3371 as-

470 3413 742 3487 psalmo:
779 3413 894 3468 Rex
938 3428 1087 3467 meus
1135 3419 1184 3466 et
1229 3413 1365 3466 Deus
1413 3410 1874 3476 mcus,Dominus
1913 3415 1971 3464 et
2003 3426 2119 3476 rex,
2231 3431 2492 3482 sumens,
2546 3413 2938 3486 virginitatem
2992 3415 3049 3469 in
3099 3419 3288 3470 matre
3342 3409 3695 3470 consecravit;
3737 3419 3811 3476 PN

466 3503 620 3557 sicut
650 3501 709 3556 in
738 3499 1018 3554 vicesimo
1050 3499 1220 3554 tertio
1255 3515 1268 3552 :
1302 3500 1563 3554 Dominus
1595 3500 1864 3554 virtutum
1896 3501 2009 3570 ipse
2045 3502 2122 3554 est
2231 3503 2400 3559 nobis
2431 3503 2688 3558 moriens
2719 3503 3006 3574 patientia
3039 3504 3210 3559 nobis
3246 3502 3564 3575 exemplum
3613 3493 3809 3566 reliquit.

467 3606 565 3646 νειτ
591 3589 713 3659 9107‘
719 3590 810 3645 ίιῗο
2301 3591 2538 3648 Sistitur
2569 3591 2760 3658 hodie,
2791 3592 2944 3647 sicut
2976 3593 3166 3647 Lucas
3197 3593 3396 3659 refert,
3428 3585 3704 3664 prasentia
3721 3597 3811 3635 car-

537 3678 636 3732 His
667 3694 803 3749 ergo
835 3680 891 3732 et
923 3675 1072 3747 aliis,
1131 3677 1336 3732 fratres
1377 3675 1774 3741 dilectissimi,
1810 3676 2121 3748 Scriptura
2233 3681 2664 3754 nispuchesus
2684 3680 3055 3752 Domino,qui
3083 3698 3388 3753 nunquam
3405 3695 3502 3752 per
3517 3671 3810 3751 prasenliam

465 3765 670 3822 diviua
706 3765 1062 3822 testimoniis
1091 3765 1327 3832 eruditi,
1363 3765 1410 3821 si
1462 3765 1759 3821 credimus
1807 3764 2121 3820 Dominum
2232 3770 2557 3826 divinitatis
2589 3774 2888 3842 apaterno
2934 3768 3080 3824 solio
3125 3769 3418 3826 discessit.
3464 3768 3618 3823 Dives
3645 3764 3691 3818 in
3715 3773 3810 3822 suo,

466 3859 732 3912 nostrum
763 3853 963 3910 Jesum
999 3854 1706 3919 Christum,mediatorem
1733 3853 1823 3909 Dei
1849 3858 1905 3909 et
1938 3853 2121 3908 homi-
2233 3875 2456 3932 pauper
2505 3858 2564 3912 in
2605 3863 2825 3925 nostro,
2876 3857 3152 3913 recolitur
3195 3858 3372 3914 hodie
3417 3857 3748 3930 prasentatus
3770 3845 3810 3898 in

465 3944 1213 4016 num,Deiqueethominis
1238 3943 1505 3998 ﬁliumin
1529 3943 2124 3999 nostrafuissecarne
2233 3946 2471 4020 templo,
2547 3946 2705 4018 quod
2773 3945 2910 4002 olim
2991 3945 3103 4001 sibi
3172 3947 3584 4019 prmparaverat
3640 3933 3814 3995 Davidis

465 4031 797 4099 mortalem,
831 4039 890 4089 et
922 4032 1310 4105 praedicamus
1351 4031 1518 4087 illum
1572 4031 1787 4104 Regem
1820 4049 2042 4104 regum,
2069 4037 2126 4088 et
2233 4036 2545 4108 prudentia
2599 4041 2658 4090 et
2706 4035 3001 4090 Salomnis
3048 4035 3361 4090 industria.
3419 4034 3552 4090 Jure
3613 4029 3673 4084 ab
3731 4021 3813 4077 illis

463 4122 778 4178 adoramus
802 4122 966 4178 illum
1002 4122 1186 4177 Deum
1220 4123 1561 4189 deorum,et
1587 4120 1902 4176 Dominum
1935 4121 2122 4175 domi-
2233 4125 2474 4181 domum
2509 4123 2616 4180 sibi
2647 4125 2892 4180 condere
2921 4123 3275 4191 dccrevit,de
3299 4138 3540 4196 quorum
3564 4117 3716 4188 stirpe
3730 4125 3815 4166 ma-

465 4227 696 4279 norum,
725 4216 878 4266 recte
909 4212 1196 4266 credendo
1239 4215 1296 4267 et
1339 4211 1484 4266 bene
1531 4209 2123 4282 operando,vitiorum
2233 4219 2382 4270 trem
2405 4213 2617 4286 eligere
2647 4213 2848 4268 voluit.
2870 4211 3295 4269 Convenienter
3325 4209 3729 4268 ditissimorum,
3753 4213 3815 4254 sa-

465 4316 690 4357 errores
740 4299 1112 4367 declinando,
1169 4317 1271 4374 per
1319 4299 1566 4372 justitia
1605 4299 1728 4354 vias
1779 4298 2122 4366 incedendo,
2233 4303 2738 4376 pientissimorum
2788 4307 2843 4357 et
2887 4301 3346 4358 fortissimorum
3391 4298 3634 4356 omnium
3661 4299 3811 4362 regum

465 4405 700 4446 carnem
732 4393 997 4446 nostram
1031 4407 1162 4445 cum
1195 4389 1350 4445 vitiis
1381 4391 1437 4444 et
1465 4385 1954 4460 concupiscentiis
1975 4403 2125 4442 mor—
2234 4390 2552 4463 pr0pagine
2584 4393 2894 4462 generatur
2937 4387 3037 4444 Dei
3067 4389 3322 4461 geniti-ix
3363 4394 3418 4444 et
3447 4399 3655 4456 semper
3677 4378 3812 4446 Virg”:

465 4476 762 4543 tiﬁcando,
796 4478 1056 4534 visibilia
1085 4477 1536 4541 contemnendo,
1569 4473 1891 4530 invisibilia
1915 4492 2124 4531 concu-
2151 4498 2199 4564 D
2234 4479 2434 4544 Maria,
2467 4479 2608 4550 quia
2637 4477 2804 4533 illum
2835 4483 2959 4532 erat
2989 4476 3277 4549 paritura,
3308 4477 3514 4550 quiest
3542 4471 3628 4529 Dei
3654 4466 3810 4564 virtus,

467 4565 768 4639 piscando,
802 4583 932 4620 cum
970 4563 1087 4621 illis
1120 4567 1310 4621 tribus
1354 4565 1540 4638 Magis
1584 4569 1702 4619 tres
1752 4564 2120 4636 supradictas
2151 4551 2194 4564 u
2231 4567 2383 4623 sicut
2413 4566 2714 4640 apostolus
2745 4566 2961 4622 Paulus
2992 4566 3242 4638 intonat,
3275 4571 3332 4623 et
3361 4565 3454 4622 Dei
3485 4555 3746 4634 sapientia,
3769 4551 3809 4640 et

466 4637 690 4727 species
725 4654 1324 4726 munerum,quotidie
1342 4637 1726 4726 spiritualiter
1741 4654 1811 4709 ad
1837 4655 1965 4724 ejus
1990 4671 2124 4726 por-
2236 4661 2300 4712 ut
2331 4637 2468 4729 ipse
2490 4654 2701 4712 Paulus
2733 4659 2982 4712 testatur
3016 4673 3028 4710 :
3053 4656 3112 4710 In
3142 4637 3249 4726 quo
3278 4663 3406 4712 sunt
3432 4667 3599 4710 omnes
3625 4637 3811 4702 thesauri

466 4747 662 4798 tamus
693 4743 1068 4815 praesepium.
1103 4741 1205 4797 Cui
1238 4743 1315 4798 sit
1343 4741 1528 4814 gloria
1559 4747 1615 4798 et
1645 4743 2128 4815 potestas,honor
2233 4747 2525 4819 sapientiae
2551 4754 2602 4801 et
2631 4747 2877 4802 scientia:
2895 4745 3368 4802 absconditi.Erat
3391 4742 3536 4800 enim
3557 4737 3724 4794 eadem
3741 4743 3810 4819 n0-

467 4837 522 4903 et
553 4830 1030 4904 imperium,cum
1059 4832 1222 4887 Patre
1253 4837 1310 4888 et
1338 4831 1556 4904 Spiritu
1583 4836 1784 4888 sancto
1806 4849 1910 4904 per
1930 4833 2128 4888 omnia
2235 4815 2358 4891 stra
2389 4851 2693 4906 puerpera,
2727 4849 2945 4906 pauper
2975 4827 3214 4888 terrena
3235 4815 3805 4906 possessione,sedP1°‘

469 4919 681 4976 saecula
711 4920 1083 4977 saeculorum.
1115 4923 1318 4977 Amen.
2085 4915 2091 4920 ’
2236 4941 2312 4980 na
2342 4923 2558 4980 cmlesti
2591 4922 3010 4979 benedictione.
3050 4923 3188 4977 Erat
3237 4919 3529 4995 progenita
3568 4907 3811 4971 stemmale

1111 5028 1354 5084 SERMO
1392 5028 1489 5084 III,
2235 5011 2436 5086 regali,
2470 5012 2569 5068 sed
2592 5027 2812 5084 pauper
2839 5010 2982 5065 adeo
3015 5008 3305 5081 stipendio
3331 4998 3812 5080 temporali.Paupel'

519 5114 591 5154 DE
631 5115 1068 5156 PURIFICATIONE
1106 5117 1332 5157 sane”:
1371 5117 1461 5155 DEI
1500 5116 1819 5155 osmramrs
1859 5117 2073 5156 MARI.E.
2238 5103 2434 5168 rebus,
2470 5101 2680 5156 referta
2709 5099 2921 5155 divinis
2952 5097 3387 5153 muneribus.ln
3411 5099 3616 5152 tantum
3639 5091 3811 5158 paup“

541 5185 972 5260 Omnipotentis
1019 5188 1121 5244 Dei
1181 5189 1366 5245 Patris
1423 5188 1794 5261 omnipotens
1840 5191 2060 5256 Sermo,
2095 5207 2129 5244 a
2236 5195 2302 5245 ut
2331 5167 2678 5262 agnum,qui
2711 5205 2817 5262 pro
2849 5190 3083 5260 peccato
3115 5186 3584 5247 otl'erebatur,non
3603 5167 3806 5262 Ιιιὼβτθίὲ

472 5272 766 5346 regalibus
796 5277 1036 5332 sedibus
1061 5277 1318 5346 veniens,
1348 5277 1687 5335 hominibus
1725 5276 1900 5333 homo
1933 5277 2120 5335 factus
2235 5261 2538 5334 intantum
2564 5261 2725 5333 dives
2743 5281 2809 5332 ut
2822 5278 3316 5350 Agnum,peceata
3332 5270 3525 5330 mundi
3547 5261 3806 5323 tollentem.

473 5378 783 5435 apparens,
819 5363 1061 5421 indutus
1094 5366 1310 5448 amictu
1343 5383 1638 5439 corporeo,
1668 5365 1932 5422 Mosaicae
1976 5365 2122 5440 legis
2235 5367 2395 5424 salva
2424 5367 3052 5441 virginitate,generare
3084 5363 3428 5438 posset.Una
3445 5354 3806 5448 eademfluel‘es

471 5449 659 5512 voluit.
687 5453 1011 5528 adimplere
1037 5441 1354 5524 decretum,
1389 5461 1454 5512 ut
1482 5457 1738 5528 antiqua
1779 5439 2124 5529 pravarica-
2231 5460 2362 5528 fuit,
2395 5463 2452 5516 et
2481 5439 2638 5532 quod
2669 5457 2740 5512 de
2771 5471 3026 5528 paupere
3074 5458 3281 5523 matre,
3330 5449 3477 5526 quod
3523 5439 3805 5532 de“???

471 5537 651 5634 ῌοηίο
680 5521 899 5602 deleret
925 5521 1586 5621 chirographum.Sicut
1615 5521 2007 5604 enim—octava
2029 5547 2122 5604 die
2231 5521 2359 5610 sata
2386 5521 2624 5624 Virgine
2655 5521 2923 5607 Christus
2954 5542 3116 5604 nasci
3141 5521 3433 5613 voluitfut
3453 5529 3689 5596 videlicet
3711 5521 3804 5574 Vir-
