4054 6158
168 359 307 419 1001

1663 348 1701 406 S
1714 344 2110 409 ERMONES.

3484 364 3640 426 1002

165 491 312 566 ginis
334 491 503 563 partu
535 487 804 545 divinitas
833 505 955 561 quae
985 491 1110 543 erat
1142 486 1205 540 in
1238 478 1540 543 homine,
1568 494 1753 550 usque
1773 479 1846 535 ad
1878 478 1933 546 Α
1965 479 2247 540 homines
2268 483 2566 540 Christum
2600 503 2704 559 per
2725 488 3024 564 Virginem
3045 496 3281 551 venisse
3304 494 3538 551 fatetur.
3562 496 3646 554 Ex

166 590 395 653 tempus
420 576 769 651 praefinitum
792 595 825 633 a
847 583 972 642 Deo,
997 573 1233 632 diabolo
1257 575 1320 627 et
1364 567 1604 623 mundi
1640 567 1856 639 princi-

169 672 336 746 pibus
377 666 680 724 celaretur.
704 667 764 721 Si
791 669 933 722 enim
961 665 1374 735 cognovissent,
1420 671 1721 728 nunquam
1750 658 1856 713 Do-

165 745 381 823 minam
407 757 599 828 gloria:
646 756 1067 826 cruciﬁxissent;
1100 749 1255 824 quod
1298 745 1855 819 pernecessarium

165 854 303 906 erat.
326 847 385 903 Si
420 844 687 900 Christus
708 861 819 899 non
842 844 1292 915 crucifigeretur,
1314 834 1536 890 homo
1570 852 1682 891 non
1708 834 1854 891 libe-

164 924 412 995 raretur.
441 936 568 1006 ipse
590 931 747 987 enim
763 932 861 987 Dei
888 932 1061 987 Filius
1083 922 1498 1003 paulominus
1526 924 1854 980 minoratus

165 1031 235 1085 ab
257 1024 504 1098 angelis,
529 1038 635 1095 pro
658 1021 828 1076 nobis
847 1021 1015 1076 etiam
1046 1034 1274 1090 egenus
1300 1012 1519 1069 factus
1538 1016 1717 1084 est,ut
1744 1031 1853 1070 nos

164 1134 273 1174 sua
303 1114 652 1189 paupertate
670 1109 899 1165 ditaret.
922 1110 963 1166 Ο
991 1111 1168 1165 beata
1195 1106 1549 1178 paupertas,
1585 1121 1709 1176 quae
1742 1120 1855 1163 nos

163 1206 378 1263 divites
410 1198 691 1257 reddidit!
727 1215 759 1253 0
791 1197 925 1253 felix
954 1196 1176 1269 inepia,
1205 1211 1334 1267 quae
1370 1209 1485 1250 nos
1530 1192 1852 1264 locupletes

161 1292 386 1353 etfecitl
423 1291 655 1355 Quanta
685 1291 743 1341 et
772 1285 963 1357 qualis
992 1290 1081 1342 est
1111 1285 1236 1341 ista
1266 1288 1587 1356 paupertas
1620 1299 1745 1354 quae
1774 1284 1850 1339 ab

160 1380 395 1456 angelis
424 1376 760 1441 nuntiatur,
787 1393 821 1430 a
851 1375 1195 1447 pastoribus
1234 1378 1568 1440 veneratur,
1600 1388 1634 1428 a
1663 1372 1850 1445 Magis

161 1467 599 1529 ofﬁciosissime
652 1464 947 1521 salutatur
993 1469 1051 1520 et
1097 1464 1406 1529 adoratur,
1434 1468 1491 1518 et
1539 1463 1632 1518 cui
1673 1478 1850 1519 omne

158 1578 317 1636 genu
345 1553 627 1613 flectitur!
654 1553 868 1616 Quales
890 1557 946 1608 et
967 1556 1225 1624 quantas
1251 1552 1484 1607 divitias
1504 1551 1563 1607 in
1590 1550 1687 1607 illo
1711 1567 1850 1624 pue-

157 1668 223 1706 ro
255 1646 608 1721 grandmvus
662 1641 761 1697 ille
809 1642 1042 1696 Simeon
1067 1642 1280 1712 justus
1312 1645 1369 1696 et
1402 1641 1709 1696 timoratus
1754 1641 1847 1695 in-

156 1738 316 1811 tuitu
340 1734 555 1791 mentis
574 1730 832 1803 agnovit,
851 1746 1024 1801 quem
1050 1735 1374 1803 postquam
1392 1730 1586 1786 videre
1610 1730 1846 1794 meruit,

1968 569 2147 625 dictis
2182 572 2366 644 igitur
2409 574 2726 645 majorum,
2752 579 3172 638 catholicorum
3208 584 3515 640 doctorum
3546 602 3644 641 co-

1966 661 2174 730 gnosci
2186 679 2341 729 mus,
2357 663 2668 736 utriusque
2685 667 3043 727 Testamenti
3061 676 3281 743 patres,
3297 670 3434 726 licet
3449 679 3650 732 essent

1965 745 2117 801 locis
2158 753 2218 803 et
2248 750 2612 821 temporibus
2643 753 2836 825 divisi,
2871 758 3233 813 unanimiter
3282 763 3477 814 tamen
3512 777 3646 817 sen-

1966 835 2122 892 sisse
2156 839 2227 893 de
2258 838 2442 911 gloria
2472 840 2758 900 adventus
2796 845 3104 903 Dominici.
3140 848 3210 902 Et
3259 850 3326 901 ut
3376 847 3486 903 hoc
3519 850 3649 907 sine

1966 926 2155 982 dubio
2189 944 2637 1001 cognoscamus,
2662 931 2871 991 beatus
2899 953 3052 1008 papa
3090 935 3524 1008 Gregorius,ad
3555 940 3644 997 in-

1965 1018 2096 1070 star
2128 1016 2380 1072 caelestis
2413 1017 2815 1093 sideris,quod
2847 1029 3070 1095 septem
3105 1023 3302 1081 stellis
3323 1040 3437 1081 non
3465 1028 3643 1087 simul

1964 1105 2292 1171 stantibus,
2317 1106 2417 1161 sed
2451 1106 2628 1162 simul
2680 1112 3058 1181 micantibus,
3083 1130 3239 1185 quas
3289 1114 3486 1172 divina
3530 1136 3641 1191 pa-

1961 1193 2112 1266 gina
2142 1194 2405 1251 Pleiades
2454 1197 2740 1267 nominat,
2763 1199 2989 1258 divinos
3027 1207 3304 1259 auctores
3353 1206 3425 1261 ad
3475 1224 3641 1266 enar-

1963 1283 2156 1338 randa
2181 1287 2393 1339 nostra;
2419 1284 2628 1341 salutis
2652 1289 2953 1361 mysteria,
2979 1292 3086 1346 etsi
3109 1291 3398 1349 discretos
3417 1294 3559 1353 locis
3581 1303 3640 1354 et

1960 1372 2355 1444 temporibus,
2381 1374 2437 1428 in
2469 1392 2583 1431 una
2612 1380 2811 1433 tamen
2846 1379 2957 1435 ﬁde
2983 1384 3038 1435 et
3065 1379 3316 1437 veritate
3334 1384 3636 1441 refulsisse

1959 1461 2299 1517 denuntiat.
2584 1516 2597 1523 ,

2037 1551 2155 1606 llos
2189 1567 2304 1605 non
2336 1552 2526 1609 solum
2558 1554 2782 1623 stellas,
2808 1558 2909 1613 sed
2942 1557 3119 1615 etiam
3147 1559 3347 1630 caelos,
3374 1562 3634 1620 Davidici

1959 1638 2257 1695 sermonis
2278 1646 2445 1698 vocat
2466 1644 2805 1711 auctoritas,
2821 1645 3021 1702 dicens
3042 1664 3053 1702 :
3077 1649 3217 1704 Caeli
3235 1658 3505 1707 enarrant
3520 1653 3637 1724 glo-

1957 1731 2110 1785 riam
2139 1730 2255 1784 Dei.
2281 1730 2347 1785 Hi
2377 1732 2591 1787 etenim
2628 1734 2781 1799 coeli,
2805 1734 2890 1789 hac
2923 1736 3123 1806 stellae,
3153 1742 3477 1812 ceteraque
3507 1740 3629 1814 spi-

160 1823 311 1881 nihil
345 1826 555 1894 praeter
587 1818 785 1891 ipsum
828 1817 1164 1889 concupivit
1191 1818 1415 1888 videre,
1441 1834 1547 1872 nec
1576 1817 1751 1872 etiam
1787 1817 1845 1873 in
1876 1858 1925 1923 Β
1960 1817 2201 1873 ritualia
2230 1823 2285 1873 et
2316 1821 2689 1877 rationabilia
2720 1827 2876 1878 astra
2904 1826 3074 1881 verbo
3117 1825 3394 1895 lucentia,
3428 1846 3629 1897 amore

157 1915 271 1969 hac
303 1913 426 1966 vita
456 1904 809 1964 desideravit
838 1905 1058 1960 vivere!
1098 1906 1224 1961 Nisi
1260 1910 1642 1979 cognosceret
1671 1923 1849 1963 senex

161 2002 260 2058 ille
281 2000 519 2056 Simeon
548 1997 607 2051 in
633 1993 860 2049 Christo
891 1998 946 2048 et
978 2010 1081 2066 per
1105 1995 1413 2050 Christum
1442 2008 1614 2066 posse
1645 2012 1847 2052 conse-

164 2091 263 2165 qui
298 2092 644 2163 perpetuam
676 2082 876 2147 vitam,
898 2099 1011 2137 non
1055 2087 1178 2139 tam
1237 2083 1495 2138 libenter
1515 2100 1582 2139 eo
1614 2085 1848 2157 cognito

162 2184 371 2254 appete
382 2181 466 2231 ret
489 2170 869 2246 temporalem
889 2176 1159 2228 mortem.
1181 2177 1527 2243 Responsum
1545 2182 1845 2244 acceperat,

171 2277 238 2326 ut
273 2270 465 2323 Lucas
498 2260 868 2335 Evangelista
914 2264 1183 2331 testatur,
1210 2279 1245 2316 a
1274 2262 1496 2332 Spiritu
1520 2270 1708 2317 sancto
1737 2278 1849 2317 non

166 2363 422 2416 visurum
471 2371 528 2409 se
555 2358 809 2416 mortem,
858 2351 969 2405 nisi
1009 2351 1217 2406 videret
1267 2351 1552 2405 Christum
1601 2352 1845 2406 Domini.

173 2452 500 2520 Postquam
533 2441 831 2498 Christum
867 2439 1093 2495 Domini
1134 2439 1464 2496 secundum
1501 2439 1847 2512 promissio-

172 2553 306 2595 nem
342 2533 605 2607 Spiritus
636 2528 821 2585 sancti
855 2528 1087 2584 Simeon
1113 2528 1209 2583 ille
1233 2542 1413 2582 senex
1433 2527 1656 2596 vidit,et
1689 2528 1847 2584 salu-

173 2635 293 2684 tare
324 2624 529 2679 lumen
554 2620 776 2676 mundo
793 2615 1020 2673 venisse
1038 2616 1327 2690 cognovit,
1344 2617 1637 2673 benedixit
1655 2617 1844 2673 Deum

169 2722 225 2774 et
272 2713 474 2770 dixit:
510 2715 668 2768 Nunc
718 2707 975 2776 dimittis,
1012 2707 1264 2772 Domine,
1299 2721 1514 2760 servum
1566 2714 1722 2761 tamn
1780 2709 1848 2762 in

167 2820 324 2879 pace,
361 2802 497 2875 quia
524 2798 780 2855 viderant
808 2796 955 2852 oculi
983 2797 1092 2850 mei
1114 2796 1358 2851 salutare
1383 2801 1559 2849 tuum.

242 2899 368 2950 Nos
399 2906 560 2962 ergo,
594 2885 964 2942 dilectissimi
1008 2884 1238 2952 fratres,
1271 2883 1454 2954 hujus
1486 2884 1846 2941 sanctissimi

174 2983 339 3041 senis
395 2976 687 3034 Simeonis
743 2973 1075 3047 exemplum
1136 2976 1475 3045 sequentes,
1535 2974 1847 3031 Dominum

172 3072 484 3130 Christum
516 3068 576 3122 in
606 3065 895 3121 mundum
926 3063 1155 3119 venisse
1185 3062 1514 3129 credamus,
1540 3061 1696 3118 ulnis
1729 3063 1850 3119 sin-
1882 3124 1897 3137 ο

175 3159 504 3219 cerissimze
537 3153 866 3211 dilectionis
897 3152 1180 3208 adventus
1210 3151 1339 3221 ejus
1388 3151 1729 3206 memoriam
1776 3153 1846 3207 fi-

1958 1907 2248 1973 ardentia,
2286 1925 2398 1963 non
2431 1927 2463 1965 a
2494 1927 2578 1976 se,
2611 1912 2713 1966 sed
2769 1911 2840 1967 ab
2873 1918 3105 1969 auctore
3151 1932 3259 1971 suo
3290 1915 3629 1973 habuerunt

1960 2001 2027 2052 ut
2058 2012 2326 2053 sermone
2357 1997 2640 2068 lucerent,
2665 1998 2976 2057 dilectione
3006 2002 3298 2073 arderent,
3324 2009 3381 2060 et
3404 2022 3471 2061 ea
3492 2022 3623 2077 quas

1960 2086 2033 2141 de
2054 2084 2181 2156 ipso
2204 2088 2764 2160 senserunt,Spiritu
2791 2094 2991 2146 sancto
3012 2092 3277 2160 docente,
3293 2099 3621 2151 narrarent.

1961 2176 2220 2239 Quorum
2242 2175 2339 2230 alii
2368 2176 2661 2243 diffusius,
2692 2176 2791 2232 alii
2817 2179 3312 2252 compendiosius,
3331 2181 3429 2238 alii
3454 2199 3625 2255 aper-

1961 2263 2102 2330 tius,
2120 2262 2213 2319 alii
2233 2265 2544 2321 obscurius
2565 2266 2637 2321 de
2660 2266 2879 2323 divinis
2900 2267 3012 2324 sibi
3036 2270 3306 2326 revelatis
3330 2271 3627 2344 mysteriis

1961 2351 2138 2408 locuti
2162 2358 2319 2409 sunt.
2346 2354 2425 2409 Ex
2447 2355 2663 2426 quibus
2700 2356 2855 2410 sicut
2884 2357 3037 2411 inter
3069 2362 3290 2415 veteres
3321 2365 3517 2431 patres
3549 2361 3626 2417 ad

1965 2443 2409 2514 przenuntianda
2426 2444 2625 2498 divina
2646 2445 3192 2519 beneticia,insigne
3212 2449 3508 2520 quoddam
3530 2466 3633 2506 no-

1964 2531 2293 2588 bilissimus
2311 2532 2730 2604 prophetarum
2750 2533 3119 2606 privilegium
3140 2536 3395 2591 obtinuit
3417 2538 3625 2608 Isaias,

1965 2621 2046 2676 ita
2074 2622 2145 2676 ad
2177 2622 2507 2677 enarranda
2538 2621 2822 2677 incarnati
2848 2623 3023 2679 Verbi
3043 2627 3100 2678 et
3119 2623 3364 2697 virginei
3394 2630 3624 2697 partus,

1963 2727 2174 2766 arcana
2207 2710 2502 2781 mysteria,
2535 2710 2919 2782 principalem
2963 2710 3157 2766 locum
3188 2713 3451 2768 obtinere
3482 2730 3619 2786 pro-

1964 2800 2178 2854 meruit
2200 2800 2406 2854 Lucas.
2433 2798 2535 2853 Hic
2556 2798 2643 2852 vir
2663 2797 3068 2856 divinissimus
3088 2803 3165 2866 et,
3182 2805 3248 2856 ut
3268 2816 3460 2856 omnis
3485 2802 3619 2873 ejus

1961 2886 2277 2959 descriptio
2304 2885 2591 2957 patefecit,
2616 2885 2775 2941 omni
2806 2886 3096 2960 sapientia
3124 2893 3183 2943 et
3212 2889 3458 2946 scientia
3481 2907 3617 2946 eru-

1961 2976 2314 3043 ditissimus,
2339 2991 2453 3029 non
2486 2974 2544 3029 in
2569 2973 2776 3045 primis
2808 2976 2879 3030 ad
2902 2990 2970 3030 ea
2990 2973 3060 3029 de
3085 2976 3302 3046 quibus
3324 2978 3514 3049 magis
3536 2980 3623 3035 di-

1961 3070 2163 3121 cturus
2193 3068 2334 3131 erat,
2359 3068 2415 3118 et
2439 3064 2510 3118 ad
2542 3079 2666 3135 quae
2699 3062 2888 3135 ipsius
2919 3065 3039 3118 tota
3058 3064 3337 3121 tendebat
3366 3065 3617 3137 devotio,

1961 3154 2223 3209 ordinem
2247 3151 2601 3208 narrationis
2620 3152 2874 3224 incipere
2894 3150 3214 3220 voluit,sed
3238 3153 3620 3213 circumstan-

174 3249 397 3306 delitcr
427 3242 871 3317 amplectentes,
904 3241 952 3296 ei
983 3244 1183 3313 utpote
1214 3238 1477 3295 membra
1502 3239 1674 3312 capiti
1708 3257 1845 3296 con-
1877 3224 1918 3291 Ο
1959 3243 2045 3298 tia
2077 3241 2379 3306 miracula,
2404 3239 2836 3314 generationem
2862 3238 3131 3296 videlicet
3156 3240 3446 3298 Dcminici
3477 3261 3624 3316 pra-

167 3342 532 3412 jungamur,
560 3334 639 3387 ita
670 3336 736 3387 ut
767 3348 882 3386 non
912 3331 983 3385 ab
1017 3346 1083 3385 eo
1108 3346 1467 3401 separemur,
1494 3345 1678 3401 usque
1711 3330 1853 3388 dum

175 3444 321 3484 eum
355 3424 418 3479 in
442 3420 661 3492 templo
694 3419 889 3493 gloriae
914 3436 1032 3474 sua:
1055 3418 1249 3473 videre
1282 3434 1633 3472 mereamur.
1658 3419 1852 3475 Vitam

178 3528 425 3589 quoque
456 3511 631 3566 istam
678 3507 947 3565 fallacem
998 3511 1056 3562 et
1102 3507 1383 3562 caducam
1437 3505 1744 3579 fugientes,
1780 3509 1853 3565 ad

178 3605 348 3660 illam
384 3618 513 3673 quae
542 3616 677 3654 vera
707 3602 765 3653 et
798 3613 1152 3670 permanens
1197 3600 1303 3661 est,
1337 3600 1457 3650 toto
1507 3598 1720 3652 mentis
1751 3598 1855 3653 de-

181 3692 407 3749 siderio
458 3688 789 3755 tendamus,
815 3684 1137 3741 auxiliante
1189 3685 1435 3740 Domino
1486 3689 1684 3740 nostro
1715 3686 1873 3743 Jesu‘

179 3780 443 3846 Christo,
467 3777 567 3849 qui
610 3781 721 3843 est,
754 3780 819 3830 ut
867 3775 991 3847 ipse
1040 3774 1203 3840 dicit,
1225 3773 1337 3841 via,
1364 3774 1575 3830 veritas
1604 3779 1657 3829 et
1691 3776 1807 3831 vita
1840 3792 1851 3831 :

179 3871 300 3935 via,
329 3865 600 3922 videlicet
629 3869 781 3920 recte
820 3863 1254 3937 gradientium;
1289 3863 1522 3929 veritas,
1553 3864 1855 3921 veritatem

184 3956 547 4023 amantium;
572 3954 709 4020 vita,
733 3954 880 4008 bene
910 3952 1249 4009 viventium.
1275 3953 1381 4017 Qui
1404 3952 1543 4007 vivit
1564 3957 1621 4007 et
1651 3963 1859 4026 regnat

184 4064 325 4105 cum
361 4046 531 4101 Patre
563 4048 618 4099 et
647 4042 867 4115 Spiritu
902 4046 1103 4096 sancto
1148 4057 1250 4113 per
1280 4041 1478 4097 omnia
1509 4041 1721 4098 saacula
1751 4060 1855 4099 sae-

186 4138 486 4195 culorum.
519 4135 724 4189 Amen.

837 4220 1078 4276 SERMO
1116 4219 1211 4274 IV.

594 4330 666 4368 DE
696 4326 1117 4367 ῙΝΟΛΒΝΛΤΙΟΝΕ
1149 4327 1450 4366 DOMINICA.

258 4402 579 4463 Dominicis
625 4399 1044 4457 incarnationis
1092 4404 1148 4455 et
1180 4403 1389 4455 nostra:
1441 4400 1856 4473 reparationis,

181 4496 346 4569 quod
383 4494 528 4548 lides
561 4490 821 4546 fidelium
852 4489 1135 4544 hodierna
1155 4488 1247 4544 die
1277 4488 1505 4555 recolit,
1531 4506 1860 4546 sacramen-

1965 3331 2224 3399 cursoris
2255 3336 2310 3386 et
2341 3335 2558 3398 ortum,
2579 3329 2758 3385 vitam
2785 3330 2913 3401 ejus
2944 3328 3293 3397 mirabilem,
3318 3348 3625 3391 conversa-

1964 3421 2183 3476 tionem
2217 3425 2503 3486 sanctam,
2529 3423 2585 3475 et
2613 3417 2937 3474 inauditam
2971 3436 3005 3472 a
3034 3418 3264 3475 saeculis
3295 3419 3355 3475 in
3384 3420 3542 3476 victu
3567 3427 3628 3479 et

1963 3509 2178 3566 vestitu
2208 3508 2648 3576 abstinentiam,
2672 3512 2728 3563 et
2750 3508 2806 3563 in
2832 3506 2991 3563 omni
3017 3523 3228 3579 genere
3254 3526 3628 3582 perseveran-

1966 3603 2082 3653 tem
2116 3597 2509 3654 constantiam
2542 3602 2598 3652 et
2623 3600 2989 3652 constantem
3021 3598 3534 3668 perseverantiam,
3567 3604 3626 3656 et

1966 3687 2038 3741 ad
2072 3686 2551 3758 reprehendenda
2592 3686 2732 3742 vitia
2781 3686 3257 3742 robustissimum
3302 3674 3623 3744 liberalita-

1969 3780 2105 3830 tem.
2141 3776 2457 3832 Parentum
2515 3776 2691 3831 etiam
2731 3775 2859 3846 ejus
2905 3774 3333 3832 nobilissimam
3384 3780 3441 3832 et
3495 3778 3622 3835 sine

1967 3864 2128 3919 omni
2178 3862 2415 3936 querela
2462 3864 2759 3935 justitiam
2818 3863 2890 3918 ad
2944 3863 3234 3937 liquidum
3294 3866 3624 3924 describere

1965 3951 2167 4008 voluit.
2192 3954 2509 4024 Postquam
2544 3968 2676 4008 vero
2735 3953 2806 4007 de
2846 3953 2940 4008 his
2989 3952 3349 4009 sufﬁcienter
3404 3955 3623 4013 dixisse

1966 4057 2030 4096 se
2061 4041 2328 4106 credidit,
2361 4041 2433 4095 ad
2465 4040 2809 4097 disserenda
2838 4059 2906 4098 ea
2936 4057 3061 4113 qua:
3094 4041 3152 4096 in
3183 4046 3313 4097 voto
3345 4041 3619 4110 habebat,

1967 4134 2264 4202 praeeunte
2312 4127 2535 4183 lumine
2579 4128 2831 4186 caelestis
2870 4128 3091 4203 gratias,
3126 4146 3187 4185 se
3219 4133 3405 4185 totum
3438 4130 3620 4199 dedit,

1969 4218 2243 4290 inquiens
2272 4234 2284 4272 :
2321 4219 2519 4274 Missus
2547 4227 2623 4273 est
2652 4220 2880 4289 angelus
2911 4220 3127 4275 Gabriel
3157 4236 3191 4275 a
3214 4220 3320 4276 Deo
3349 4220 3407 4274 in
3434 4219 3624 4277 civita-

1969 4316 2077 4362 tem
2108 4306 2378 4374 Galileew,
2409 4308 2504 4362 cui
2546 4323 2741 4363 nomen
2785 4308 3075 4375 Nazareth,
3108 4309 3177 4363 ad
3207 4309 3476 4377 virginem
3502 4306 3624 4364 des-

1964 4405 2253 4468 ponsatam
2285 4397 2420 4462 viro,
2443 4398 2537 4451 cui
2561 4412 2760 4453 nomen.
2787 4401 2906 4453 erat
2931 4397 3124 4470 Ioseph
3150 4397 3216 4454 de
3244 4396 3397 4453 domo
3427 4396 3625 4468 David,

1967 4494 2021 4541 et
2052 4502 2247 4541 nomen
2278 4487 2534 4554 virginis,
2570 4485 2765 4542 Maria.

178 4590 341 4650 tum,
367 4582 501 4638 licet
530 4579 859 4654 granditate
886 4578 976 4632 sui
1000 4582 1057 4632 et
1084 4576 1422 4633 excellentia
1445 4576 1772 4634 humanum
1799 4582 1861 4635 et
1895 4593 1939 4657 Ι)
2042 4574 2410 4641 Audivimus,
2429 4574 2656 4640 fratres,
2675 4574 2946 4647 angelum
2971 4593 3004 4631 a
3024 4575 3138 4633 Deo
3160 4576 3328 4633 Patre
3349 4577 3418 4632 ad
3444 4576 3630 4650 Virgi-

177 4669 525 4745 angelicum
557 4667 797 4724 excedat
828 4664 1208 4729 intellectum,
1238 4670 1431 4721 tamen
1470 4666 1756 4738 quidquid
1780 4668 1853 4723 de

174 4763 401 4818 eodem
462 4758 650 4831 potuit
680 4755 768 4812 vel
808 4755 1010 4811 debuit
1041 4754 1533 4827 comprehendere
1592 4760 1649 4810 et
1705 4757 1853 4812 scire

176 4849 513 4904 electorum
547 4844 796 4909 devotio,
830 4846 1016 4898 totum
1057 4858 1158 4913 per
1196 4842 1466 4913 antiquos
1496 4846 1710 4913 patres,
1743 4842 1855 4898 Ve-

177 4938 334 4993 teris
359 4933 625 4990 videlicet
645 4931 1004 4989 Testamenti
1029 4931 1389 5002 patriarchas
1407 4935 1462 4986 et
1480 4936 1639 4986 vates
1663 4930 1856 5005 dispo-

178 5028 311 5084 suit
344 5022 639 5091 nuntiare,
664 5027 721 5078 et
750 5038 853 5095 per
878 5020 1175 5092 apostolos
1208 5024 1264 5075 et
1294 5019 1704 5093 evangelistas,
1730 5020 1854 5076 ido-

177 5132 337 5172 neos
388 5130 548 5169 novae
602 5111 751 5185 legis
794 5109 1115 5176 ministros,
1146 5108 1387 5182 dignata
1445 5113 1534 5164 est
1586 5126 1856 5168 enarrare

178 5205 405 5271 divinae
430 5199 788 5274 dignationis
811 5197 1112 5269 Majestas.
1137 5198 1364 5263 Quanta
1388 5196 1545 5253 enim
1577 5202 1632 5253 et
1663 5198 1858 5270 qualia

177 5291 612 5367 praafulserunt
631 5288 690 5343 in
709 5287 858 5344 serie
876 5285 1085 5341 veteris
1105 5285 1482 5342 Instrumenti
1499 5286 1853 5355 testimonia,

177 5382 331 5441 huic
381 5396 548 5436 sacro
600 5376 876 5450 mysterio
909 5375 1051 5431 adeo
1085 5373 1335 5430 faventia
1383 5378 1439 5429 et
1486 5376 1856 5448 apertissime

179 5466 597 5545 congruentia,
623 5483 736 5522 non
766 5467 957 5539 potest
984 5464 1053 5519 ad
1078 5462 1315 5535 plenum
1348 5463 1619 5537 colligere
1643 5470 1855 5521 nostra

180 5558 499 5633 parvitatis
521 5554 866 5630 ignorantia.
891 5551 1182 5623 Quidquid
1206 5568 1340 5607 vero
1362 5552 1695 5626 Evangelia,
1724 5571 1859 5628 apo-

184 5648 489 5711 stolorum
529 5641 800 5718 Epistolaa
853 5646 909 5699 et
954 5644 1133 5698 Actus
1168 5639 1530 5717 loquuntur,
1564 5646 1752 5727 totum
1783 5643 1857 5704 ad

520 5772 790 5838 PATROL.
838 5767 1079 5835 CXLII.

1970 4679 2104 4718 nem
2130 4663 2402 4731 missum,
2418 4664 2749 4721 audivimus
2763 4664 3064 4739 Virginem
3086 4683 3231 4723 novo
3257 4664 3628 4722 salutationis

1968 4752 2184 4808 famine
2208 4752 2618 4820 salutatam,et
2648 4753 2707 4808 in
2739 4754 2868 4826 ipsa
2894 4754 3269 4822 salutatione,
3288 4758 3351 4809 ut
3370 4754 3629 4826 Evange-

1964 4840 2111 4896 lium
2130 4840 2602 4914 loquitur,t‘uisse
2616 4842 3287 4899 turbatam.Audivimus
3300 4840 3628 4897 Gabrielem

1966 4930 2382 5003 archangelum
2404 4932 2597 4986 verbis
2620 4931 3048 4997 consolatoriis,
3070 4948 3140 4987 ne
3162 4931 3393 4986 timeret
3415 4928 3630 4986 allocu-

1965 5024 2116 5085 tum,
2143 5036 2209 5074 eo
2236 5019 2389 5091 quod
2424 5019 2744 5076 invenisset
2784 5019 3036 5092 gratiam
3081 5019 3235 5091 apud
3287 5018 3627 5089 Dominum,

1968 5107 2178 5164 deinde
2204 5112 2616 5180 generaturam
2661 5113 2719 5164 et
2758 5107 3084 5181 parituram
3116 5106 3370 5164 asseruit
3414 5106 3626 5176 ﬁlium,

1966 5213 2143 5268 quem
2166 5196 2438 5269 prazcepit
2456 5201 2521 5251 ut
2536 5197 3181 5255 vocaretJesum.Hunc
3200 5213 3327 5253 esse
3347 5212 3629 5270 magnum

1965 5289 2023 5340 et
2044 5284 2230 5340 ﬁlium
2251 5284 2562 5352 Altissimi,
2581 5286 2783 5341 sedem
2805 5285 3010 5351 David,
3027 5291 3083 5342 et
3102 5276 3344 5342 domum
3371 5284 3633 5353 Jacob,et

1966 5390 2219 5447 regnum
2250 5374 2682 5446 sempiternum
2708 5375 2832 5430 sine
2853 5375 2969 5431 fine
2999 5376 3319 5432 secundum
3355 5374 3629 5431 humani-

1967 5466 2149 5518 tatem
2177 5463 2531 5536 adepturum
2563 5464 2847 5536 praedixit.
2868 5464 3030 5530 Quod
3055 5482 3286 5538 semper
3305 5464 3647 5536 secundum,

1970 5552 2335 5609 divinitatem
2366 5569 2499 5607 cum
2530 5552 2644 5608 Deo
2668 5553 2833 5610 Patre
2855 5559 2912 5611 et
2930 5554 3150 5628 Spiritu
3174 5558 3373 5611 sancto
3395 5557 3634 5609 acterna-

1969 5640 2124 5712 liter,
2161 5645 2479 5719 antequam
2509 5643 2767 5701 mundus
2799 5644 2984 5717 fieret,
3013 5644 3073 5702 in
3105 5649 3321 5701 aeterna
3351 5658 3457 5699 sua
3485 5651 3601 5715 pra:

3234 5768 3316 5880 εξ
