4020 6180
469 368 625 427 1003
1387 365 1449 426 S.
1498 363 1860 427 ODILONIS
1906 363 2466 427 CLUNIACENSIS
2511 362 2843 424 ABBATIS
2889 363 2965 426 V.
3651 367 3766 427 lOOt

473 499 716 554 scientia
744 497 948 553 habuit
965 501 1023 553 et
1052 496 1362 570 disposuit.
1384 498 1521 558 Post
1549 495 1966 553 consolationis
1993 495 2118 551 ofﬁ-
2145 497 2198 564 Α
2226 512 2442 552 servum
2473 512 2673 551 meum.
2703 494 2843 561 Quis
2874 493 3097 550 audivit
3125 511 3370 566 unquam
3399 495 3534 551 tale?
3557 500 3649 554 Aut
3673 501 3770 572 quis

471 587 802 644 ciosissima
826 589 883 642 et
903 585 1342 658 jucundissima
1369 585 1798 660 famina,Virgo
1819 584 2121 642 sanctissi-
2227 585 2372 640 vidit
2399 583 2537 640 huic
2568 583 2802 640 simile?
2830 584 3026 657 Virgo,
3054 583 3357 640 Dominum
3379 586 3620 658 paritura,
3641 589 3773 646 ancil-

469 693 566 732 ma
586 676 998 748 interrogando
1020 679 1077 732 et
1096 675 1292 748 potius
1317 675 1374 731 in
1392 676 1722 732 cunctando
1741 675 1914 748 cmpit
1933 675 2124 747 inqui-
2231 673 2349 730 lam
2377 691 2439 729 se
2470 673 2704 730 Domini
2735 678 2928 742 vocat;
2962 673 3116 730 Deus
3158 674 3321 730 Pater
3345 673 3604 731 hominem
3629 681 3774 734 nasci-

473 781 595 820 rere
614 765 906 837 quomodo
928 764 1053 820 ﬁeri
1077 767 1274 837 posset
1293 765 1447 838 quod
1479 763 1726 838 angelus
1748 763 2044 820 insolitam
2067 767 2124 819 et
2231 767 2430 818 turum
2463 779 2695 818 servum
2735 767 2793 818 et
2835 762 3129 818 Orientem
3175 761 3432 836 appellat.
3462 763 3518 820 In
3557 771 3778 836 quantum

471 853 798 910 inauditam
847 870 969 910 rem
1003 857 1167 910 tanta
1195 853 1537 910 auctoritate
1586 853 1854 910 nuntiare
1903 870 2123 925 praesu-
2233 853 2428 918 homo,
2453 869 2682 920 servus;
2709 852 2768 906 in
2793 856 3075 924 quantum
3099 851 3498 919 0riens,Filius
3512 859 3778 926 coaeternus,

475 945 686 1011 meret;
719 941 900 1014 hujus
931 943 1014 999 rei
1045 943 1288 1012 factum,
1316 944 1471 1014 quod
1505 946 1714 998 natura
1745 959 1861 998 non
1893 940 2123 1006 habuit,
2234 940 2752 998 consubstantialis
2771 941 3786 1016 etunicus.Dequolt-talachiaspropbe-

476 1031 628 1103 quod
653 1031 918 1104 exemplo
955 1031 1397 1104 caruit,Spiritu
1437 1036 1640 1088 sancto
1678 1032 2127 1105 superveniente
2234 1033 2325 1086 ta:
2351 1029 2503 1087 Vobis
2522 1031 2836 1086 timentibus
2856 1031 3044 1097 Deum,
3067 1033 3276 1086 orietur
3293 1031 3370 1086 sol
3391 1033 3619 1104 justitix.
3640 1033 3692 1088 Et
3712 1035 3783 1089 Za-

476 1124 534 1176 et
552 1120 767 1176 virtute
795 1119 1081 1177 Altissimi
1111 1121 1497 1177 obumbrante
1529 1120 1771 1194 angelus
1801 1121 1923 1176 ﬁeri
1957 1137 2127 1192 posse
2236 1119 2464 1176 charias
2497 1119 2554 1174 in
2596 1119 2904 1194 Evangelia
2930 1137 2943 1175 :
2972 1121 3218 1176 Visitavit
3243 1136 3338 1177 nos
3359 1120 3534 1176 Oriens
3553 1139 3612 1178 cx
3637 1123 3737 1180 alto.
3760 1125 3787 1180 0

477 1208 799 1282 perdocuit.
819 1209 864 1265 Ο
886 1209 1221 1265 inauditum
1243 1213 1299 1266 et
1319 1209 1663 1266 admirabile
1683 1208 2003 1283 singularis
2023 1209 2130 1264 hu-
2237 1212 2458 1282 quanta
2477 1208 2784 1282 qualisque
2817 1207 2983 1266 stella
3003 1209 3104 1266 Dei
3125 1210 3368 1283 genitrix
3387 1214 3437 1265 et
3459 1227 3657 1283 semper
3673 1213 3788 1285 virgo

478 1297 748 1355 militatis
767 1297 1126 1372 exemplum!
1150 1299 1232 1354 Ea
1253 1315 1380 1371 quae
1403 1316 1464 1354 se
1485 1297 1798 1356 Dominum
1821 1303 1878 1356 et
1897 1299 2129 1354 Creato-
2239 1297 2421 1354 Maria
2449 1298 2698 1354 exstitit!
2726 1299 2804 1354 Ex
2827 1315 2946 1371 qua
2970 1297 3069 1354 illa
3099 1299 3352 1367 claritas,
3375 1298 3468 1356 illa
3489 1299 3579 1356 lux
3594 1301 3792 1374 illudque

478 1403 601 1443 rem
625 1403 800 1443 suum
823 1387 1162 1460 concepisse
1191 1388 1485 1461 gaudebat
1505 1393 1561 1444 et
1581 1389 1651 1444 de
1677 1405 1738 1444 se
1764 1387 2128 1444 nasciturum
2236 1387 2461 1454 lumen,
2492 1387 2747 1444 Verbum
2779 1405 2912 1443 caro
2943 1387 3161 1444 factum
3195 1389 3264 1444 ad
3297 1405 3401 1445 nos
3437 1390 3693 1462 processit.
3718 1391 3792 1457 Qui

479 1493 596 1532 non
629 1475 954 1544 dubitabat,
987 1493 1120 1532 cum
1153 1479 1354 1549 posset
1382 1492 1445 1532 se
1477 1491 1824 1550 cognoscere
1855 1475 1982 1532 sine
2011 1477 2129 1532 dis-
2241 1494 2355 1533 non
2374 1476 2669 1546 solum,ut
2689 1475 3045 1549 evangelista
3059 1477 3312 1534 Joannes
3333 1479 3794 1550 praedicatzllmnem

480 1564 692 1636 pendio
723 1581 840 1620 suae
872 1564 1280 1622 sincerissimos
1311 1565 1662 1621 humilitatis
1691 1566 1954 1621 omnium
1990 1565 2130 1620 ﬁde-
2241 1566 2514 1622 hominem
2543 1568 2843 1622 venientem
2873 1568 2930 1622 in
2961 1567 3226 1622 mundum
3254 1567 3550 1636 illuminat;
3569 1569 3651 1624 sed
3671 1569 3796 1624 etiam

479 1651 627 1708 lium
655 1655 976 1722 dominam,
1003 1671 1117 1711 non
1159 1653 1389 1710 distulit
1416 1671 1478 1710 se
1526 1671 1730 1711 vocare
1777 1654 2009 1710 Domini
2041 1653 2131 1710 sui
2242 1655 2462 1721 stellas,
2485 1655 2686 1711 lunam
2719 1659 2775 1711 et
2803 1655 2988 1712 solem
3019 1659 3075 1712 et
3095 1673 3330 1712 omnem
3360 1662 3652 1714 creaturam
3671 1675 3796 1731 quam

483 1742 777 1816 ancillam,
809 1743 1012 1800 dicens
1043 1761 1056 1801 :
1090 1745 1222 1801 Ecce
1251 1745 1458 1800 ancilla
1487 1747 1726 1814 Domini,
1760 1746 1858 1816 ﬁat
1879 1746 2022 1800 mihi
2049 1761 2132 1800 se-
2242 1743 2522 1826 condidit,
2569 1744 2735 1817 regit,
2767 1744 3028 1817 disponit
3082 1750 3140 1802 et
3197 1746 3442 1803 ordinat.
3473 1747 3568 1812 Qui
3615 1747 3724 1802 vivit
3761 1753 3798 1802 et

483 1832 726 1889 cundum
747 1833 973 1890 verbum
997 1842 1170 1890 tuum.
2166 1871 2210 1936 Β
2245 1837 2449 1907 regnat
2479 1850 2612 1889 cum
2642 1834 2758 1889 Deo
2803 1834 2968 1890 Patre
2999 1840 3056 1890 et
3087 1835 3308 1908 Spiritu
3356 1841 3546 1892 sancto
3589 1837 3713 1893 Deus
3733 1852 3802 1909 per

555 1921 777 1992 Videte,
843 1923 1073 1992 fratres,
1127 1923 1521 1980 humilitatem
1572 1923 1830 1997 Virginis
1877 1924 2134 1979 Verbum
2171 1921 2209 1936 ⁹
2245 1923 2442 1978 omnia
2473 1921 2685 1979 szccula
2717 1923 3085 1980 saeculorum.
3117 1926 3324 1982 Amen.

487 2011 586 2068 Dei
617 2011 1022 2084 concipientis.
1044 2012 1250 2069 Videte
1270 2013 1660 2070 obedientiam
1686 2013 1912 2069 Domini
1936 2013 2008 2068 ad
2029 2030 2137 2068 nos
2899 2031 3144 2088 SERMO
3183 2037 3254 2088 ν,

404 2123 409 2137 ι
487 2117 592 2174 per
624 2100 924 2174 Virginem
969 2101 1276 2158 venientis.
1303 2102 1508 2158 Videte
1553 2101 1878 2158 claritatem
1908 2106 1966 2158 et
1996 2101 2138 2157 dile-
2651 2119 2722 2158 ne
2762 2119 3232 2160 nesunaec'rroxe
3267 2122 3485 2162 comm.

488 2189 934 2258 ctionem,circa
951 2190 1279 2247 humanum
1301 2208 1508 2265 genus,
1534 2191 1636 2248 Dei
1655 2192 1842 2247 Patris
1863 2190 2137 2264 angelum
2317 2191 2656 2248 Certissima
2705 2191 2920 2249 fiducia
2965 2197 3054 2249 est
3101 2193 3554 2250 Christianorum
3596 2195 3805 2250 divinitus

490 2279 561 2334 ad
592 2278 914 2352 Virginem,
938 2279 1172 2335 nomine
1203 2280 1470 2351 Mariam,
1497 2279 1806 2336 mittentis.
1829 2281 2019 2351 Hujus
2039 2296 2140 2335 no-
2248 2281 2539 2352 promissa
2571 2281 2914 2337 resurrectio
2965 2286 3356 2339 mortuorum.
3390 2285 3539 2340 Hanc
3582 2283 3709 2339 enim
3745 2299 3808 2337 ve-

488 2367 763 2424 bilissimi
789 2367 1044 2424 nominis
1077 2368 1386 2441 praedulcis
1415 2369 1816 2442 interpretatio
1847 2368 2142 2426 claritudi-
2248 2369 2390 2426 ritas
2423 2369 2782 2442 repromisit;
2805 2369 3035 2428 Veritas
3055 2376 3256 2428 autem
3285 2373 3509 2428 mentiri
3532 2389 3631 2428 non
3658 2376 3808 2445 potest.

486 2473 622 2513 nem
645 2457 988 2514 meritorum
1012 2457 1171 2513 illius
1194 2462 1369 2530 atque
1390 2458 1670 2514 virtutum
1694 2463 1894 2532 aperta
1917 2459 2139 2514 ratione
2248 2459 2396 2515 Vera
2425 2465 2514 2514 est
2542 2459 2721 2532 igitur
2749 2460 2820 2515 de
2850 2465 3278 2518 resurrectione
3309 2479 3598 2536 corporum
3625 2461 3811 2535 promis-

487 2548 872 2604 demonstrat.
897 2551 1318 2620 Interpretatur
1353 2547 1508 2603 cnim
1552 2548 1735 2604 Maria
1763 2549 1920 2604 stella
1965 2550 2140 2604 maris
2249 2549 2338 2604 sio
2369 2547 2651 2617 veritatis,
2685 2548 2825 2621 quia
2853 2549 3081 2607 Veritas
3129 2568 3260 2622 qua:
3292 2551 3516 2608 mentiri
3561 2568 3661 2606 non
3684 2548 3810 2614 novit,

489 2637 608 2694 sive
655 2637 900 2692 domina.
935 2637 1139 2692 Merito
1181 2640 1421 2693 vocatur
1469 2637 1731 2706 Domina,
1756 2637 1896 2710 quia
1945 2637 2140 2693 Domi-
2249 2641 2436 2693 totum
2466 2629 2708 2694 necesse
2732 2642 2822 2693 est
2852 2637 3096 2711 impleat
3115 2641 3278 2711 quod
3311 2641 3586 2713 promisit.
3607 2640 3732 2695 Hanc
3750 2655 3814 2692 au-

492 2743 633 2783 num
660 2727 840 2783 totius
884 2729 1183 2794 creaturae,
1217 2725 1378 2782 salva
1420 2730 1699 2798 perpetua
1748 2744 1857 2782 sua
1902 2726 2142 2800 virgini-
2250 2731 2366 2782 tem
2399 2725 2882 2782 resurrectionem
2922 2743 3258 2800 corporum,
3285 2733 3350 2785 ut
3393 2729 3626 2785 futuram
3667 2727 3814 2783 certis-

491 2818 628 2884 tate,
665 2815 946 2872 hodierna
977 2814 1069 2872 die
1116 2816 1419 2888 concipere
1469 2819 1526 2872 et
1573 2819 1729 2871 certo
1761 2819 2022 2888 tempore
2051 2815 2145 2888 gi-
2253 2815 2402 2872 sime
2451 2815 2802 2884 noverimus,
2836 2815 2962 2886 ipse
3009 2817 3302 2874 Dominus
3346 2819 3512 2875 nobis
3547 2818 3598 2874 in
3624 2835 3712 2874 suo
3732 2832 3817 2871 cor-

494 2921 669 2978 gnere
701 2905 934 2960 meruit.
969 2903 1070 2959 Cui
1103 2905 1256 2960 Deus
1297 2904 1482 2972 Pater,
1508 2909 1572 2960 ut
1607 2905 1783 2960 David
1813 2904 2147 2977 patriarcha
2255 2919 2392 2978 pore
2434 2904 2714 2977 dignatus
2761 2909 2852 2960 est
2896 2905 3328 2963 demonstrare.
3363 2907 3668 2963 Resurrexit
3705 2903 3817 2959 Chri-

495 2997 745 3050 testatur
800 2994 858 3049 in
909 2993 1158 3068 psalmo,
1189 2993 1392 3050 dicens
1424 3011 1437 3049 :
1476 2999 1618 3050 Data
1646 3001 1723 3050 est
1772 2995 1916 3050 mihi
1971 2995 2148 3050 omnis
2255 2997 2476 3060 stus,ut
2506 2999 2973 3049 resurrecturum
3005 3011 3066 3050 se
3097 3013 3216 3051 non
3258 2997 3484 3052 dubitet
3515 2995 3818 3053 Christianus.

491 3087 728 3156 potestas
759 3085 816 3140 in
865 3084 996 3140 caelo
1024 3087 1077 3139 et
1106 3085 1165 3138 in
1197 3091 1362 3152 terra,
1391 3088 1501 3139 etc.
1527 3084 1626 3140 De‘
1657 3100 1773 3156 quo
1819 3083 1974 3140 idem
2011 3085 2146 3140 Pro-
2257 3083 2416 3150 Quod
2450 3083 2606 3138 enim
2628 3083 2926 3154 praecessit
2947 3082 3004 3138 in
3026 3083 3242 3156 capite,
3267 3087 3535 3158 sequitur
3554 3087 3605 3141 in
3631 3097 3818 3155 corponz.

496 3172 672 3246 pheta
705 3191 717 3230 :
750 3175 970 3230 Domini
1003 3181 1080 3230 est
1124 3181 1271 3230 terra
1317 3178 1369 3229 et
1411 3173 1696 3246 plenitudo
1746 3173 1882 3246 ejus.
1913 3173 2055 3229 Item
2087 3171 2145 3228 in
2191 3243 2219 3246 _
2257 3173 2439 3228 Nosse
2485 3173 2680 3227 autem
2730 3171 3428 3239 debemus,dilectissimi
3487 3175 3684 3239 fratres,
3722 3171 3822 3226 duas

499 3243 702 3321 eodem
750 3262 976 3335 psalmo
1011 3279 1024 3316 :
1057 3263 1322 3318 Dominus
1361 3243 1518 3334 fortis
1555 3270 1606 3318 et
1649 3243 1856 3334 potens,
1889 3263 2150 3319 Dominus
2178 3243 2221 3309 (ἶ
2258 3277 2386 3317 esse
2416 3263 2634 3316 mortes
2671 3263 2730 3316 et
2776 3261 2924 3316 duas
2977 3264 3458 3321 resurrectiones.
3485 3265 3680 3320 Dicitur
3712 3260 3821 3316 enim

493 3362 682 3427 potens
722 3354 783 3410 in
825 3353 1041 3424 pra'lio.
1075 3353 1146 3406 Et
1176 3355 1242 3406 ut
1269 3351 1438 3408 illum
1492 3351 1696 3408 fortem
1751 3355 1808 3408 et
1852 3355 2148 3424 potentem
2257 3368 2416 3406 mors
2447 3349 2654 3424 prima,
2679 3349 2893 3406 dicitur
2920 3355 2977 3406 et
3007 3353 3294 3408 secunda.
3329 3353 3498 3410 Porro
3527 3353 3697 3426 prima:
3719 3363 3825 3404 mor-
3928 3349 3929 3420 ᾗ

499 3443 830 3510 credamus,
857 3439 1089 3498 Gabriel
1145 3439 1530 3513 archangelus
1587 3441 1688 3514 qui
1734 3442 1996 3513 fortitudo
2048 3446 2151 3498 Dei
2255 3439 2333 3495 tis
2363 3441 2488 3495 dua:
2521 3443 2658 3495 sunt
2687 3443 2882 3511 partes
2917 3455 2930 3494 :
2967 3456 3085 3494 una
3107 3456 3230 3512 qua
3263 3442 3549 3514 peccatrix
3575 3442 3734 3496 anima
3755 3451 3824 3508 per

499 3530 734 3598 dicitur,
762 3529 1125 3586 nasciturum
1148 3529 1218 3583 de
1248 3528 1486 3602 Virgine
1510 3529 1900 3602 evangelizare
1925 3529 2146 3596 debuit,
2257 3528 2489 3601 culpam
2519 3529 2768 3584 discedit
2817 3545 2851 3583 a
2901 3529 3172 3586 Creatore
3205 3547 3338 3598 suo,
3372 3531 3548 3588 altera
3574 3547 3689 3604 qua,
3721 3523 3826 3599 judi-

498 3635 673 3693 quem
734 3619 806 3674 ad
863 3616 1275 3674 debellandum
1335 3616 1678 3688 perditionis
1736 3619 2060 3691 principem
2093 3623 2151 3674 et
2257 3623 2424 3674 caute
2455 3619 2591 3687 Deo,
2625 3617 2954 3674 excluditur
2999 3635 3102 3691 per
3131 3636 3371 3691 pcenam
3405 3622 3474 3676 de
3515 3634 3715 3691 corpore
3736 3629 3823 3669 suo.

498 3707 706 3764 mortis
745 3705 1060 3780 imperium
1111 3706 1554 3775 destruendum,
1585 3705 1744 3762 velut
1785 3707 2028 3779 geminae
2059 3709 2146 3782 gi-
2257 3709 2411 3764 Mors
2445 3712 2642 3764 autem
2675 3707 2938 3764 secunda
2959 3705 3088 3778 ipsa
3111 3712 3205 3763 est
3233 3726 3396 3766 mers
3427 3707 3659 3781 corporis
3683 3709 3726 3760 et
3747 3699 3828 3758 ani-

498 3801 732 3870 gantcm
752 3795 1094 3853 substantiae
1113 3795 1482 3868 omnipotens
1496 3795 1666 3851 Pater
1682 3795 1922 3852 unicum
1937 3796 2146 3854 Filium
2259 3815 2366 3853 ma:
2393 3797 2622 3870 punitio
2653 3796 3026 3868 sempiterna.
3051 3799 3162 3851 Per
3189 3803 3441 3854 mortem
3472 3814 3598 3870 ergo
3625 3795 3828 3868 primam,

499 3903 675 3944 suum
707 3884 1052 3942 transmisit.
1078 3885 1454 3956 Consequens
1479 3885 1694 3940 etenim
1725 3889 1817 3940 est
1845 3890 1910 3940 ut
1935 3887 2031 3941 Dei
2056 3903 2150 3959 gc-
2256 3889 2455 3944 anima
2484 3887 2620 3942 boni
2650 3891 2708 3942 et
2737 3885 2876 3941 mali
2909 3885 3169 3942 hominis
3213 3887 3290 3942 ad
3331 3892 3559 3960 tempus
3585 3903 3616 3942 a
3639 3899 3724 3941 suo
3744 3894 3826 3934 ροτ-

499 3976 678 4032 nitrix
706 3980 763 4032 et
791 3991 1025 4048 semper
1051 3974 1213 4046 virgo
1257 3975 1445 4030 Maaia
1491 3973 1670 4030 maris
1700 3973 1868 4030 stella
1891 3980 2146 4044 vocetur,
2255 3995 2393 4050 pore
2424 3979 2748 4049 separatur.
2780 3975 2886 4030 Per
2913 3979 3163 4030 mortem
3186 3993 3327 4032 vero
3360 3976 3673 4040 secundam,
3691 3969 3827 4026 anima

499 4067 639 4140 quia
668 4067 822 4122 sicut
849 4063 934 4119 illi
967 4064 1066 4137 qui
1097 4064 1251 4120 inter
1281 4063 1494 4120 ﬂuctus
1528 4063 1709 4119 maris
1740 4064 2150 4120 exercitatione
2257 4065 2441 4122 solius
2499 4065 2638 4121 mali
2691 4063 2948 4120 hominis
2978 4063 3038 4119 in
3089 4069 3380 4121 aeternum
3439 4083 3568 4122 cum
3615 4077 3702 4120 suo
3743 4071 3827 4112 00r-

499 4156 713 4230 navigii
746 4156 1035 4222 laborant,
1059 4152 1245 4210 stellis
1277 4153 1386 4208 sibi
1429 4153 1546 4210 Dco
1585 4157 1819 4210 auctore
1857 4154 2148 4210 famulan-
2257 4171 2396 4228 pore
2453 4153 2766 4210 cruciatur.
2801 4153 3057 4225 Utraque
3103 4169 3245 4226 ergo
3308 4171 3467 4210 mors
3517 4167 3715 4209 omnem
3762 4145 3825 4199 h0-

495 4247 676 4316 tibus,
708 4245 782 4301 ad
829 4247 1064 4318 portum
1127 4243 1342 4315 quietis
1393 4242 1588 4298 venire
1646 4243 2008 4313 desiderant;
2068 4244 2150 4300 ita
2257 4244 2476 4300 minem
2537 4243 2772 4298 tenebat
2826 4242 3196 4310 obstrictum,
3245 4243 3389 4316 quia
3445 4247 3644 4298 natura.
3689 4242 3828 4293 trans-

495 4334 768 4408 quisquis
794 4333 854 4390 in
885 4333 1066 4405 hujus
1091 4331 1288 4388 saeculi
1319 4332 1644 4405 periculoso
1677 4333 2004 4406 naufragio,
2040 4334 2148 4390 ﬂu-
2257 4333 2480 4407 gressio
2539 4348 3022 4404 unumquemque
3089 4333 3315 4404 peccati
3383 4331 3674 4406 propagine
3719 4331 3827 4380 tene-

495 4425 688 4480 ctibus
727 4421 1072 4496 perniciosis
1111 4421 1494 4488 irruentibus,
1529 4421 1647 4478 sive
1677 4423 1748 4477 de
1778 4423 2150 4489 animm,sive
2257 4424 2357 4479 bat
2403 4421 2742 4478 obnoxium.
2773 4419 2946 4476 Venit
2983 4426 3179 4476 autem
3228 4421 3333 4478 Dei
3387 4421 3560 4478 Filius
3603 4415 3827 4474 immorta-

495 4512 568 4567 de
595 4511 856 4583 corporis
885 4510 1004 4566 vita
1050 4509 1436 4583 periclitatur,
1469 4527 1706 4566 necesse
1755 4515 1844 4567 est
1891 4512 1962 4566 ad
2011 4528 2147 4567 con-
2256 4511 2330 4568 lis
2373 4517 2429 4568 et
2469 4512 2691 4582 justus,
2727 4514 2782 4566 et
2812 4515 2877 4565 ut
2905 4515 3236 4566 moreretur
3296 4529 3402 4584 pro
3456 4510 3628 4575 nobis,
3657 4514 3826 4560 carnem

493 4599 935 4672 temptationem
967 4599 1140 4656 istius
1182 4597 1360 4655 stellae
1415 4600 1597 4654 aciem
1651 4600 1864 4656 mentis
1911 4601 2144 4674 dirigat,
2179 4612 2228 4676 ι)
2258 4599 2563 4658 mortalem
2606 4598 2865 4672 suscepit
2911 4615 2980 4654 ex
3023 4598 3214 4656 nobis.
3255 4601 3319 4656 In
3380 4617 3495 4673 qua
3546 4586 3830 4662 carnc,qui8

492 4705 597 4762 per
623 4689 795 4762 cujus
847 4688 1121 4744 meritum
1155 4691 1212 4743 et
1237 4689 1484 4760 gratiam
1539 4706 1710 4762 posse
1758 4706 1819 4745 se
1865 4690 1938 4744 ab
1986 4690 2145 4745 omni
2258 4688 2486 4746 nullum
2524 4690 2714 4762 potuit
2758 4689 2974 4744 habere
3016 4693 3348 4761 peccatum,
3387 4689 3511 4744 sine
3559 4691 3698 4742 reatu
3742 4691 3830 4750 ρετ·

491 4777 750 4854 periculo
782 4777 1018 4834 liberari
1049 4794 1164 4833 non
1197 4777 1444 4834 dubitat.
2257 4778 2394 4835 tulit
2422 4779 2639 4851 peccati
2673 4777 3050 4851 supplicium.
3082 4779 3416 4834 Secundam
3467 4778 3644 4848 itaque
3685 4768 3830 4859 prii}?

563 4869 753 4926 Stellae
804 4867 986 4936 enim,
1015 4871 1082 4922 ut
1133 4867 1317 4934 scitis,
1347 4867 1544 4922 divino
1597 4871 1743 4924 nutu
1804 4868 2153 4924 ordinantur
2259 4869 2464 4925 mortis
2496 4872 2744 4942 partem,
2779 4867 2836 4922 id
2867 4872 2956 4924 est
2997 4865 3182 4923 solius
3213 4868 3480 4940 corporis
3510 4867 3737 4948 mortem,
3763 4855 3830 4948 Del

491 4959 645 5030 quod
679 4959 738 5014 in
773 4963 942 5014 nocte.
973 4957 1208 5013 luceant
1245 4961 1302 5012 et
1340 4955 1522 5014 solem
1558 4957 1669 5013 diei
1703 4959 2050 5030 praecedant.
2081 4958 2150 5014 Et
2258 4957 2439 5014 Filius
2471 4975 2574 5031 pro
2601 4957 2770 5013 nobis
2799 4954 3040 5028 accepit,
3065 4973 3169 5028 per
3188 4973 3375 5028 quam
3397 4973 3431 5011 a
3451 4954 3608 5011 nobis
3631 4953 3677 5004 et
3701 4946 3832 5031 delui-

492 5029 614 5101 haec
661 5051 860 5102 nostra
918 5045 1086 5102 stella
1142 5045 1451 5119 splendida
1502 5051 1560 5102 et
1610 5029 1922 5116 matutina,
1957 5047 2148 5103 adhuc
2255 5029 2553 5103 nationem
2586 5045 2825 5120 peccati,
2855 5050 2911 5100 et
2941 5061 3170 5118 poenam
3201 5050 3438 5101 aeternae
3465 5036 3745 5116 punitionis
3765 5029 3832 5085 alr

493 5134 971 5190 incumbentibus
1007 5136 1347 5208 ignorantiae
1388 5136 1646 5191 tenebris
1673 5140 1730 5192 et
1749 5137 1874 5208 jam
1901 5137 2148 5209 jamque
2256 5136 2471 5193 stersit.
2495 5137 2611 5192 Hoc
2631 5153 2768 5209 ergo
2787 5134 3052 5192 Christus
3075 5151 3234 5190 nunc
3258 5135 3317 5190 in
3341 5133 3557 5190 mundo
3577 5123 3830 5184 misericor-

492 5221 608 5276 Deo
661 5223 911 5294 propitio
959 5224 1386 5291 deficientibus,
1417 5225 1875 5297 praeparabatur,
1923 5229 1988 5280 ut
2043 5241 2146 5297 per
2253 5226 2404 5281 diter
2423 5231 2716 5298 operatur,
2735 5225 2829 5281 his
2851 5241 2998 5298 quos
3021 5225 3090 5280 ad
3114 5226 3264 5281 bene
3286 5224 3587 5280 vivendum
3606 5214 3828 5273 hortatur.

490 5308 654 5365 illam
687 5312 757 5392 ad
791 5328 898 5366 nos
933 5315 1270 5383 procederet
1300 5314 1386 5370 sol
1421 5313 1666 5386 justitiae
1691 5313 1960 5370 Christus
1989 5315 2143 5371 Deus
2251 5315 2479 5371 donans
2511 5316 2685 5372 ﬁdem
2733 5319 2798 5370 ut
2845 5317 2997 5370 recte
3045 5313 3309 5382 credant,
3346 5314 3597 5370 tribuens
3639 5298 3827 5392 obtrita“

489 5390 713 5468 noster,
735 5399 807 5454 de
837 5415 953 5470 quo
1001 5401 1285 5472 scriptum
1318 5408 1407 5459 est
1441 5419 1454 5459 :
1487 5405 1618 5458 Ecce
1665 5405 1753 5458 vir
1801 5402 1992 5459 Oriens
2037 5421 2141 5460 no-
2253 5409 2388 5461 tem.
2423 5409 2488 5459 ut
2517 5403 2687 5460 bonis
2741 5403 3016 5477 operibus
3070 5402 3324 5458 libenter
3381 5400 3652 5457 insistant.
3683 5390 3733 5447 ln
3757 5400 3827 5442 ιιο-

485 5505 613 5544 men
631 5488 768 5560 ejus.
793 5487 979 5554 Hunc,
1003 5489 1280 5545 Zacharia
1301 5491 1584 5562 propheta
1608 5495 1878 5557 testante,
1904 5493 2141 5564 promit-
2249 5492 2496 5549 uissimo
2527 5511 2658 5549 vero
2689 5493 2803 5562 die,
2837 5493 2909 5549 ad
2969 5492 3077 5547 hoc
3115 5508 3211 5548 eos
3263 5507 3500 5563 corpore
3546 5477 3826 5542 resuscilare

485 5579 645 5634 tebat
673 5594 736 5634 se
767 5577 921 5633 Deus
954 5576 1124 5634 Pater
1152 5577 1472 5634 missurum
1527 5581 1598 5634 ad
1648 5579 2137 5636 illuminationem
2249 5583 2606 5654 dignabitur,
2632 5587 2696 5637 ut
2727 5583 2810 5638 eis
2841 5586 3114 5637 aeternam
3139 5579 3555 5644 beatitudinem
3584 5568 3823 5663 largiatur:

480 5667 774 5750 ~ﬁdelium,
823 5667 1071 5724 dicens:
1118 5667 1253 5723 Ecce
1301 5683 1394 5741 ego
1452 5668 1604 5724 mitto
1660 5670 1808 5727 vobis
1865 5671 2139 5728 Orientem
2248 5671 2593 5730 Resuscitati
2626 5688 2762 5747 ergo
2803 5671 2863 5729 in
2907 5669 3107 5728 anima
3151 5685 3255 5744 per
3302 5668 3496 5735 fidem,
3527 5658 3824 5720 dilectissimi
