4054 6158
211 242 361 306 1009

1754 236 2199 299 SERMONES.

3530 251 3691 321 1010

214 377 409 435 culum
434 380 491 433 ct
516 373 710 433 omnia
731 392 867 432 vasa
896 371 1213 431 ministerii
1271 368 1601 460 sanguine
1653 366 1898 425 dicens:
1930 371 1988 437 Α
2092 370 2263 430 Unde
2322 373 2406 430 illi
2466 375 2668 434 aderat
2734 377 2797 436 in
2858 384 3292 458 exspectatione
3350 384 3531 460 hujus
3572 384 3687 447 dici

214 469 313 527 Hic
340 468 566 536 sanguis
596 468 895 522 testamenti
922 464 1057 539 quod
1092 461 1403 519 mandavit
1462 456 1547 512 ad
1592 473 1683 513 vos
1733 463 1897 516 Deus.

214 557 410 613 Omnia
451 573 587 628 pene
635 558 693 611 in
737 559 998 626 sanguine
1040 552 1408 610 mandantur
1467 548 1777 604 secundum
1815 551 1900 606 le-

209 664 345 720 gem,
376 650 432 701 et
479 645 617 701 dicit
654 646 809 717 quod
856 662 962 701 non.
1001 647 1058 717 ﬁt
1100 641 1362 700 remissio
1432 636 1900 711 sine‘sanguinis

210 736 494 811 eﬂ‘usione,
528 738 724 807 aperte
753 735 1150 790 demonstrans
1180 730 1318 804 quia
1354 740 1511 780 non
1564 726 1724 783 ﬁeret
1765 746 1896 800 pec-

211 825 321 882 cati
354 822 615 885 abolitio.
651 821 763 879 nisi
811 823 1188 879 intercederet
1234 811 1504 874 Domini
1543 817 1721 873 nostri
1754 818 1898 875 Jesu

209 914 431 989 passio.
462 890 672 968 Et'nisi
702 916 857 968 esset
885 913 1004 985 ipse
1047 928 1151 984 pro
1202 900 1484 982 peccatis
1521 905 1756 973 oblatio,
1791 924 1899 979 per

210 1021 387 1078 quem
424 1000 591 1058 nobis
616 1001 791 1057 datur
815 1002 1067 1056 omnium
1103 1002 1511 1072 peccatorum
1542 996 1827 1053 remissio.
1851 998 1896 1054 Ο

208 1092 387 1166 quale
417 1095 990 1161 sacramentum,quo
1020 1090 1297 1146 veniente
1323 1090 1536 1141 cessat
1566 1103 1735 1142 omne
1756 1104 1893 1160 pec-

208 1181 449 1238 catum!
485 1197 518 1236 ο
568 1178 743 1252 quale
792 1178 1169 1246 sacriﬁcium,
1228 1194 1344 1249 quo
1398 1175 1698 1233 redolente
1742 1176 1895 1251 fugit

204 1288 384 1328 omne
416 1267 728 1324 delictum!
758 1285 790 1324 ο
819 1267 1007 1340 qualis
1038 1267 1347 1335 sacerdos,
1378 1266 1482 1339 qui
1508 1266 1891 1340 semetipsum

205 1359 445 1424 obtulit,
479 1361 543 1413 ut
576 1357 841 1430 ingratos
873 1374 1068 1412 servos
1118 1374 1157 1413 a
1209 1359 1498 1429 perpetua
1543 1361 1747 1425 morte,
1780 1375 1893 1414 sua

204 1453 401 1505 morte
429 1448 643 1502 faceret
674 1444 930 1502 liberos!
968 1446 1176 1502 Factos
1209 1446 1389 1502 etiam
1434 1446 1649 1503 liberos
1680 1447 1890 1504 fratres

201 1542 377 1595 vocat
412 1540 469 1592 et
500 1534 674 1613 ﬁlios.
704 1535 827 1601 Eia,
859 1534 1068 1590 fratres
1102 1534 1508 1605 dilectissimi,
1541 1537 1889 1593 studeamus

200 1631 329 1684 toto
362 1624 577 1682 mentis
620 1624 834 1679 affectu
882 1640 1009 1679 esse
1038 1624 1299 1696 paciﬁci,
1335 1628 1400 1681 ut
1428 1642 1758 1682 mereamur
1787 1643 1889 1682 vo-

204 1716 325 1774 cari
357 1720 415 1770 et
445 1730 572 1769 esse
602 1712 708 1767 ﬁlii
749 1712 873 1767 Dei.
908 1712 1242 1782 Faciamus,
1281 1719 1457 1786 prout
1490 1715 1612 1787 ipse
1644 1717 1889 1773 donave-
1921 1752 1967 1817 Β

204 1806 304 1871 rit,
338 1794 704 1859 voluntatem
736 1800 859 1869 Dei,
898 1804 958 1855 ut
988 1805 1286 1873 potestate
1321 1808 1564 1876 accepta
1586 1805 1887 1877 possimus

204 1892 464 1967 adoptivi
500 1892 708 1947 fratres
739 1890 865 1962 ejus
898 1889 1041 1957 ﬁeri,
1078 1891 1180 1964 qui
1224 1893 1557 1948 secundum
1607 1895 1781 1950 ﬁdem
1832 1899 1889 1951 et

203 1982 641 2041 confessionem
692 1977 864 2052 primi
905 1980 1339 2051 apostolorum,
1378 1982 1552 2051 Petri,
1585 1987 1672 2039 est
1720 1988 1887 2039 natu-

205 2073 352 2130 ralis
386 2076 442 2128 ct
473 2068 681 2126 unicus
713 2068 892 2123 Filius
923 2067 1019 2125 Dei
1051 2070 1339 2137 vivi,cum
1362 2087 1479 2142 quo
1508 2071 1647 2127 vivit
1676 2075 1732 2127 et
1763 2089 1888 2145 reg-

207 2168 310 2221 nat
344 2178 450 2235 per
483 2159 715 2215 inﬁnita
764 2157 974 2214 saecula
1019 2159 1200 2229 Deus,
1239 2159 1301 2214 in
1354 2159 1581 2216 unitate
1630 2161 1888 2233 Spiritus

207 2252 423 2317 sancti,
457 2249 558 2323 qui
609 2266 716 2304 nos
746 2252 1022 2321 perpetua
1069 2266 1214 2321 pace
1247 2250 1548 2306 custodiat
1591 2267 1888 2324 suumque

208 2339 442 2397 Pascha
472 2339 652 2410 digna
680 2336 1045 2392 veneratione
1077 2338 1359 2394 continue
1401 2338 1694 2395 celebrare
1746 2356 1888 2396 con-

212 2430 406 2486 cedat.
440 2429 647 2483 Amen.

846 2515 1088 2571 SERMO
1126 2517 1249 2573 VII.

635 2622 705 2660 DE
744 2622 934 2660 EADEM
974 2622 1464 2662 RESURRECTIONE.

292 2692 881 2762 Hodie,dilectissimi
911 2694 1406 2762 fratres,'Domino
1439 2701 1635 2752 nostro
1649 2696 1886 2755 Christo

214 2789 571 2859 resurgente
603 2788 776 2856 atque
820 2783 891 2838 de
924 2784 1163 2840 subacto
1193 2784 1566 2841 tenebrarum
1619 2785 1888 2859 principe

220 2874 601 2947 triumphum
633 2872 885 2928 victoria:
914 2873 1215 2941 referente,
1249 2890 1383 2945 spes
1425 2874 1889 2932 immortalitatis

221 2965 459 3023 mundo
490 2964 718 3019 reddita
742 2966 914 3027 est,et
944 2963 1098 3033 quod
1130 2980 1164 3018 a
1188 2962 1420 3018 saeculis
1449 2963 1891 3022 difﬁcileincre-

224 3053 391 3111 dulis
423 3070 490 3107 ae
522 3050 760 3125 perﬁdis
813 3050 1175 3122 impossibile
1204 3051 1528 3120 videbatur,
1562 3070 1669 3125 ope
1711 3058 1890 3127 atque

2011 465 2179 518 tanta
2225 462 2435 521 laetitia
2464 464 2716 540 talisque
2749 471 3059 531 exsultatio
3081 475 3109 531 ἱ)
3140 476 3376 534 Sciebat
3420 476 3578 533 enim
3629 497 3692 537 se

2011 569 2116 624 per
2165 552 2353 626 hujus
2403 554 2521 611 diei
2574 565 3034 633 sacramentum,
3086 565 3159 622 de
3212 566 3361 624 valle
3409 564 3694 642 lacryma-

2009 659 2146 699 rum
2197 648 2257 700 et
2304 643 2543 717 planctu
2588 648 2848 721 antiquae
2899 652 3247 725 ploratiouis
3299 654 3691 717 transiturum

2010 732 2085 788 ad
2138 737 2370 789 aeternae
2420 734 2802 795 beatitudinis
2851 742 3155 813 gaudium.
3206 743 3443 800 Sciebat
3486 752 3690 818 praete-

2008 835 2113 877 rea
2164 839 2229 878 se
2279 821 2404 879 sine
2451 824 2631 880 dubio
2680 825 2740 881 in
2795 846 2896 901 spe
2946 832 3401 889 resurrectionis
3449 834 3685 896 Christi.

2007 912 2316 968 conscisse
2373 912 2663 969 diuturnae
2730 920 3112 988 pmnitudinis
3166 938 3362 991 sacco,
3424 926 3687 986 vestibus

2008 1001 2397 1058 mortalitatis
2427 1006 2482 1057 et
2512 1005 2906 1079 corruptionis
2936 1010 3253 1083 exui,quas
3283 1011 3458 1084 primi
3483 1032 3686 1087 paren-

2005 1092 2100 1147 tes
2144 1092 2215 1147 de
2264 1091 2519 1163 pellibus
2569 1101 2926 1153 consuerant
2968 1102 3025 1154 et
3067 1098 3230 1156 foliis
3272 1106 3680 1165 verecundiam

2006 1197 2186 1237 suam
2234 1184 2560 1250 texuerunt,
2594 1186 2653 1238 et
2697 1184 2849 1241 stola
2889 1184 3359 1245 immortalitatis
3407 1195 3464 1248 et
3506 1194 3677 1253 indu-

2004 1272 2210 1325 mento
2242 1268 2451 1325 laetitiae
2482 1274 2539 1325 et
2559 1271 2955 1343 jucunditatis
2999 1276 3191 1346 indui,
3226 1295 3356 1351 quae
3404 1281 3517 1339 sibi
3565 1286 3679 1343 elo-

2004 1359 2157 1448 quia
2198 1358 2395 1415 divina
2442 1361 2857 1444 promiserant.
2913 1365 3154 1422 Dicebat
3204 1367 3382 1425 etiam
3432 1389 3492 1428 se
3543 1380 3677 1448 post

2002 1446 2324 1504 revelatam
2391 1448 2708 1506 Dominicae
2776 1454 3227 1512 resurrectionis
3295 1446 3563 1530 gloriam,
3617 1467 3676 1520 et

2001 1541 2348 1613 resurgente
2377 1537 2608 1595 Christo
2642 1541 2814 1596 nobis
2865 1541 2924 1596 in
2956 1542 3153 1599 saeculi
3211 1545 3330 1603 ﬁne
3352 1577 3357 1581 -
3381 1551 3675 1621 promissa

2000 1644 2122 1683 non
2156 1643 2326 1699 posse
2358 1629 2428 1683 ad
2454 1626 2637 1684 ullam
2657 1628 2963 1686 tristitiam
2987 1634 3437 1708 compungi,sed
3456 1639 3672 1697 divinis

2001 1716 2275 1773 cantibus
2307 1720 2364 1771 et
2394 1717 2764 1774 confessione
2797 1719 3132 1778 caelestibus
3171 1710 3357 1795 plena.
3392 1725 3672 1785 laudibus

2000 1804 2249 1862 Domino
2279 1805 2528 1870 Deosuo
2561 1807 2915 1863 aeternaliter
2952 1824 3084 1864 cum
3130 1809 3321 1883 gloria
3368 1812 3664 1884 famulari,

1999 1900 2060 1951 et
2085 1893 2298 1950 idcirco
2330 1895 2611 1967 adjuncta
2634 1913 2901 1969 personae
2933 1915 3052 1953 sua:
3083 1900 3352 1956 omnium
3398 1903 3666 1960 ﬁdelium

2000 2000 2200 2039 massa
2228 1983 2552 2053 exsultans,
2585 1989 2641 2041 et
2671 1988 2918 2041 cantans
2948 1985 3173 2056 laudes,
3206 1992 3266 2044 et
3308 1992 3527 2062 gratias
3582 2010 3669 2049 re-

1999 2073 2237 2129 ferendo
2268 2073 2515 2129 Domino
2547 2074 2808 2129 dicebat:
2830 2076 3150 2132 Convertiin
3172 2079 3458 2150 planctum
3478 2097 3666 2138 meum

2000 2164 2062 2218 in
2107 2162 2372 2234 gaudium
2420 2164 2581 2231 mihi,
2612 2164 2903 2220 concittisti
2947 2182 3164 2221 saccum
3212 2185 3414 2237 meum,
3447 2178 3499 2225 et
3545 2172 3663 2226 cir-

1998 2252 2323 2309 cumdedisti
2364 2269 2451 2309 me
2499 2254 2723 2310 laetitia.
2761 2255 2825 2311 Ut
2871 2261 3051 2310 cantet
3079 2256 3184 2311 tibi
3221 2258 3402 2328 gloria
3432 2275 3574 2325 mea,
3607 2264 3665 2316 et

1998 2358 2109 2397 non
2167 2358 2519 2413 compungar,
2572 2343 2799 2399 Domine
2861 2347 3004 2399 Deus
3048 2359 3222 2413 meus,
3274 2347 3333 2401 in
3386 2355 3665 2405 azternum

2000 2430 2295 2503 conﬁtebor
2318 2432 2442 2488 tibi.
2470 2432 2587 2487 Hoc
2620 2431 2804 2505 igitur
2833 2448 3023 2505 genus
3052 2433 3440 2492 confessionis
3467 2438 3662 2512 magis

2001 2522 2069 2577 ad
2106 2522 2503 2595 praedicandas
2534 2521 2788 2594 pertinet
2818 2520 3254 2580 misericordias
3283 2524 3513 2581 Domini
3539 2526 3663 2583 Sal-

2000 2611 2215 2668 vatoris
2248 2627 2426 2684 quam
2458 2611 2529 2665 ad
2561 2611 2918 2683 detegendas
2951 2610 3221 2667 miserias
3251 2612 3509 2671 hominis
3529 2631 3663 2687 pec-

2000 2700 2395 2769 catoris,sicut
2420 2699 2574 2755 idem
2608 2698 2875 2755 Salvator
2908 2700 2965 2754 in
2994 2700 3307 2772 Evangelio
3338 2703 3660 2761 ostendens

1999 2790 2189 2847 dicit:
2242 2790 2506 2860 Conﬁteor
2555 2789 2676 2854 tibi,
2724 2790 2891 2844 Pater
2935 2788 3060 2842 caeli
3098 2791 3153 2843 et
3206 2793 3384 2857 terrae,
3432 2787 3492 2843 id
3543 2797 3656 2862 est,

1998 2879 2173 2936 laudo
2205 2883 2261 2933 et
2289 2876 2547 2950 gloriﬁco
2578 2880 2653 2932 te.
2682 2876 2752 2931 Et
2781 2878 3021 2931 sanctus
3048 2872 3109 2929 in
3140 2876 3439 2933 Psalmis:
3475 2878 3656 2952 Conﬁ-

2000 2971 2196 3025 temini
2219 2968 2466 3032 Domino,
2500 2966 2760 3037 quoniam
2792 2965 2980 3020 bonus.
3008 2963 3198 3035 Hujus
3228 2965 3658 3027 inaestimabilis

2002 3056 2302 3123 bonitatis,
2360 3054 2645 3111 Dominus
2703 3054 2878 3109 Jesus
2943 3050 3210 3109 Christus
3272 3054 3543 3111 minister
3599 3063 3658 3114 et

224 3143 433 3200 divina
449 3140 893 3196 miserationein
910 3138 1141 3211 plenam
1157 3140 1526 3198 securitatem
1542 3157 1889 3201 conversum
1922 3126 1964 3192 α
2002 3148 2189 3214 testis,
2224 3144 2464 3218 largitor
2503 3146 2561 3200 et
2608 3145 2964 3198 monstrator
3008 3141 3198 3198 factus
3241 3146 3350 3200 est.
3385 3143 3656 3203 Minister

227 3232 415 3289 est.In
441 3229 699 3285 laetitiam
734 3234 961 3284 mentes
984 3230 1526 3302 redeant,quoniam
1547 3236 1894 3304 tempestate

226 3318 493 3378 exitialis
520 3336 807 3390 pressurae
839 3335 904 3374 ac
936 3320 1088 3374 nube
1133 3320 1401 3375 discussa
1425 3321 1698 3377 caecitatis
1747 3324 1893 3378 anti-

231 3408 800 3484 quae,tranquillitas
831 3412 1055 3462 aeternae
1087 3407 1300 3479 quietis
1331 3412 1386 3463 et
1407 3408 1691 3465 serenitas
1713 3410 1893 3465 divini

233 3498 489 3555 luminis
517 3496 882 3552 effulserunt.
908 3497 1121 3553 Dandae
1152 3497 1266 3553 Deo
1299 3497 1585 3563 laudes,et
1616 3499 1897 3555 beneﬁcia

234 3590 371 3661 ejus
403 3603 470 3642 ae
500 3602 745 3642 munera
778 3590 896 3641 tam
929 3587 1266 3659 grandia,ut
1293 3587 1605 3659 grandiora
1634 3605 1761 3645 esse
1779 3606 1894 3645 non

237 3676 496 3750 possint,
530 3664 663 3730 cum
695 3674 1019 3747 gratiarum
1068 3676 1295 3733 actione
1343 3676 1688 3732 celebranda
1736 3684 1894 3734 sunt.

236 3767 363 3822 Nos
393 3764 631 3831 etenim,
656 3764 886 3830 fratres,
912 3762 1013 3835 qui
1044 3764 1227 3820 Deum
1255 3765 1426 3820 corde
1451 3768 1593 3836 toto,
1615 3770 1672 3821 et
1702 3768 1900 3823 anima

239 3859 299 3911 et
347 3853 561 3909 virtute
610 3852 850 3926 diligere
899 3853 1201 3921 debemus,
1244 3871 1481 3910 necesse
1528 3860 1616 3910 est
1660 3855 1900 3912 benedi-

236 3944 469 4000 ctioncs
501 3942 629 4013 ejus
660 3945 717 3997 et
747 3940 953 3998 laudes
984 3959 1216 4014 semper
1234 3947 1293 3999 et
1321 3943 1535 4015 ubique
1564 3960 1697 3999 cum
1718 3943 1904 4017 gloria

238 4030 649 4105 praedicemus.
683 4031 795 4086 Sed
831 4047 989 4085 nunc
1020 4031 1211 4103 magis
1240 4048 1304 4086 ac
1331 4032 1518 4103 magis
1551 4032 1673 4088 ﬁeri
1704 4050 1904 4088 conve-

239 4122 333 4177 nit
364 4120 504 4192 quia
534 4124 838 4192 exoptatus
870 4119 1019 4175 votis
1055 4121 1319 4177 omnium
1354 4121 1617 4177 ﬁdelium
1650 4123 1775 4179 dies
1807 4124 1905 4178 ad-

235 4211 486 4275 venit,et
516 4215 645 4281 post
672 4209 860 4281 longae
894 4208 1081 4264 noctis
1104 4206 1441 4266 horribilem
1466 4216 1745 4284 terraeque
1766 4212 1905 4269 cali-

238 4300 449 4374 ginem
488 4298 721 4354 Domini
753 4298 880 4353 luce
912 4298 1171 4354 radiatus
1204 4301 1461 4355 mundus
1482 4299 1680 4357 eluxit.
1715 4302 1905 4373 Ilujus

237 4388 408 4445 enim
440 4386 703 4456 luminis,
730 4390 1022 4460 perpetuae
1056 4387 1323 4444 videlicet
1354 4388 1657 4459 claritatis,
1692 4391 1903 4447 adven-

2004 3235 2318 3301 nascendo,
2370 3232 2535 3288 testis
2595 3230 2918 3297 moriendo,
2970 3228 3212 3302 largitor
3267 3235 3649 3306 resurgendo,

2002 3328 2357 3381 monstrator
2385 3321 2771 3378 ascendendo.
2805 3320 2907 3375 Est
2935 3316 3089 3374 enim
3132 3319 3351 3376 summi
3380 3324 3438 3378 et
3476 3326 3649 3378 aeter-

2003 3414 2063 3469 ni
2093 3414 2252 3481 boni,
2286 3412 2440 3484 quod
2490 3411 2643 3465 idem
2694 3409 2819 3481 ipse
2864 3411 2972 3474 est,
3014 3406 3284 3465 minister
3326 3425 3459 3467 cum
3512 3429 3650 3468 nas-

2002 3502 2174 3569 citur,
2207 3501 2378 3556 testis
2410 3500 2551 3554 dum
2600 3500 2841 3571 patitur,
2876 3496 3117 3569 largitor
3166 3514 3300 3554 cum
3347 3500 3419 3554 de
3468 3506 3655 3557 morte

2004 3590 2325 3656 reducitur,
2360 3592 2716 3645 monstrator
2743 3605 2875 3643 cum
2909 3586 2971 3641 in
2999 3586 3296 3643 dexteram
3329 3588 3516 3645 Patris
3560 3608 3658 3647 as-

2006 3681 2290 3737 sumitur.

2078 3770 2209 3826 Haac
2241 3772 2381 3824 sunt
2410 3771 2661 3839 quatuor
2692 3764 2968 3839 specialia
3011 3764 3197 3821 divini
3250 3766 3514 3824 muneris
3538 3768 3662 3824 .be-

2009 3858 2243 3926 neﬁcia,
2273 3874 2342 3913 ex
2371 3856 2646 3912 omnibus
2687 3853 3007 3910 Dominicis
3055 3854 3356 3912 beneﬁciis
3405 3861 3664 3930 excepta,

2011 3953 2069 4005 et
2107 3966 2211 4020 per
2261 3950 2516 4018 quatuor
2570 3942 3016 4016 Evangeliorum
3070 3943 3271 4012 libros,
3305 3947 3362 4001 et
3414 3949 3668 4017 quatuor

2011 4035 2378 4109 evangelicos
2401 4034 2576 4100 viros,
2610 4049 2713 4104 per
2741 4036 2997 4103 quatuor
3030 4032 3236 4088 mundi
3278 4033 3488 4105 spatia,
3523 4034 3664 4089 ﬁde-

2012 4125 2172 4182 libus
2201 4127 2343 4179 sunt
2372 4126 2645 4178 reserata.
2681 4121 2810 4175 Haec
2841 4136 2976 4175 cum
3009 4119 3252 4176 ﬁdeliter
3282 4119 3577 4177 credimus
3610 4125 3668 4178 et

2017 4213 2263 4269 ﬁrmiter
2293 4211 2634 4275 retinemus,
2665 4213 2720 4264 et
2751 4209 2927 4280 digna
2958 4225 3061 4281 pro
3094 4224 3265 4281 posse
3295 4208 3666 4267 veneratione

2016 4299 2350 4368 recolimus,
2386 4298 2665 4371 quoniam
2695 4314 2764 4353 ex
2794 4297 2886 4354 his
2921 4297 3170 4354 maxime
3192 4294 3423 4353 Domini
3444 4297 3669 4353 bonita-

2016 4394 2137 4447 tem
2161 4388 2963 4462 cognoscimus,consequens
2984 4390 3073 4443 est
3092 4385 3337 4454 ut,sieut
3355 4384 3669 4442 Davidicus

241 4483 380 4533 tum
428 4476 732 4548 ipsiusque
760 4477 1047 4532 adventus
1079 4482 1458 4533 sacrosancta
1507 4481 1803 4550 mysteria,
1836 4481 1909 4535 ab
1939 4492 1986 4556 D
2021 4496 2212 4537 sermo
2247 4494 2354 4534 nos
2384 4475 3011 4541 admonet,faciamus:
3046 4475 3395 4547 ϐοηθειεωίπὶ
3414 4475 3664 4531 Domino.

239 4565 379 4638 ipso
412 4564 616 4620 mundi
653 4564 938 4636 principio
976 4564 1353 4638 antiquorum
1386 4567 1627 4621 Patrum
1677 4568 1906 4625 actibus

238 4652 621 4727 praesignata,
646 4671 714 4709 ac
742 4652 1169 4726 multiplicibus
1202 4653 1491 4710 vaticiniis
1520 4661 1790 4726 perorata
1820 4674 1910 4713 ve-

242 4743 454 4814 risque
474 4743 945 4798 attestationibus
964 4742 1253 4815 promissa
1269 4743 1591 4815 eodemque
1608 4744 1831 4801 lumine
1846 4745 1908 4802 in

241 4830 493 4887 homine
530 4837 845 4905 apparente
896 4831 1172 4899 exhibita,
1208 4833 1361 4888 sicut
1406 4849 1512 4888 nos
1561 4833 1810 4891 colimus
1853 4840 1910 4890 et

239 4924 524 4976 tenemus
553 4920 613 4975 in
649 4938 707 4976 re
738 4936 892 4987 vera,
920 4921 1001 4975 ita
1030 4925 1086 4976 et
1133 4921 1360 4993 antiqui
1390 4921 1592 4977 Patres
1642 4922 1910 4979 colebant

236 5009 308 5065 in
342 5025 447 5081 spe
476 5013 651 5065 certa.
688 5010 771 5065 Ita
800 5009 956 5064 enim
989 5010 1047 5064 in
1080 5026 1181 5083 spe
1212 5014 1390 5079 certa,
1417 5014 1481 5065 ut
1510 5010 1688 5067 etiam
1713 5014 1783 5068 de
1813 5012 1907 5069 his

239 5116 381 5171 quae
414 5099 802 5155 credebantet
833 5098 1246 5170 praedicabant,
1265 5100 1530 5170 quaedam
1564 5100 1717 5156 sicut
1745 5105 1911 5158 erant

236 5190 501 5243 ventura
531 5186 1174 5260 nuntiabant,quaedam
1186 5189 1313 5259 jam
1330 5189 1658 5260 percepisse
1681 5190 1912 5264 sibique

230 5277 374 5347 jam
408 5276 715 5331 advenisse
763 5277 1117 5348 gaudebant.
1164 5278 1367 5333 Nonne
1408 5278 1534 5348 jam
1578 5279 1913 5350 patriarcha

241 5363 438 5419 David
474 5362 653 5436 hujus
680 5364 794 5420 diei
828 5363 1085 5419 laetitiam
1120 5370 1463 5437 praesentem
1487 5384 1549 5422 se
1564 5366 1775 5424 habere
1797 5386 1914 5425 cre-

244 5453 434 5508 debat
465 5453 564 5524 qui
597 5453 830 5509 dicebat
861 5472 873 5509 :
906 5456 1033 5510 Haec
1060 5462 1136 5509 est
1165 5454 1279 5511 dies
1301 5472 1465 5527 quam
1480 5458 1911 5527 fecitUominus,

248 5542 607 5600 exsultemus
641 5550 690 5600 et
724 5544 1061 5617 lmtemurhin
1084 5544 1187 5600 ea?

2015 4570 2277 4641 quoniam
2325 4567 2515 4633 bonus,
2556 4567 2816 4639 quoniam
2865 4566 2925 4621 in
2970 4573 3243 4622 aeternum
3291 4563 3672 4620 misericordia

2017 4656 2422 4730 ejus.Mundus
2452 4653 2745 4727 sanguine
2773 4653 2986 4710 Christi
3016 4654 3133 4711 Deo
3163 4652 3319 4710 Patri
3340 4652 3675 4710 reconcilia-

2014 4743 2400 4811 tus,Ecclesia
2428 4741 2697 4799 videlicet
2729 4742 3015 4799 catholica
3038 4761 3142 4816 per
3167 4746 3357 4811 totum
3380 4741 3672 4817 mundum

2018 4834 2253 4901 diffusa,
2289 4832 2349 4888 in
2382 4831 2661 4888 saeculum
2696 4830 3159 4887 misericordiam
3200 4831 3329 4902 ejus
3374 4828 3670 4902 praedicat,

2016 4925 2158 4980 dum
2190 4924 2262 4978 ab
2294 4921 2395 4993 buj
2406 4937 2474 4978 us
2490 4920 2688 4976 saeculi
2708 4918 2960 4975 miseriis
2976 4919 3241 4991 ejusdem
3261 4916 3670 4973 misericordiae

2018 5028 2263 5069 munere
2292 5027 2354 5067 se
2383 5027 2555 5083 posse
2583 5008 2817 5067 liberari
2851 5025 2965 5065 non
2992 5008 3242 5065 dubitat.
3292 5005 3524 5063 Domini
3556 5003 3670 5061 mi-

2019 5100 2396 5157 sericordiam
2428 5099 2489 5154 in
2513 5103 2794 5154 aeternum
2808 5098 3074 5153 omnium
3089 5096 3396 5170 plenitudo
3410 5094 3671 5151 ﬁdelium

2019 5188 2314 5262 praedicat,
2347 5188 2489 5243 dum
2536 5204 2639 5260 per
2688 5186 2901 5242 Christi
2951 5185 3457 5252 resurrectionem,
3491 5200 3671 5258 quam

2020 5278 2192 5335 hodie
2228 5276 2509 5350 singulari
2559 5275 2928 5331 veneratione
2976 5275 3349 5332 devotissime
3396 5273 3672 5341 celebrat,

2023 5367 2095 5423 ad
2153 5365 2399 5439 gloriam
2458 5370 2711 5419 venturae
2774 5364 3221 5420 resurrectionis
3279 5367 3338 5419 et
3392 5361 3674 5436 gaudium

2023 5460 2243 5512 aeternae
2276 5453 2660 5509 beatitudinis
2691 5453 2993 5526 pervenire
3025 5454 3153 5511 sine
3184 5452 3363 5510 dubio
3395 5452 3681 5525 sperat,et

2026 5544 2171 5602 facie
2205 5545 2277 5599 ad
2303 5543 2511 5600 faciem
2546 5542 2793 5615 gloriam
2819 5544 3015 5601 videre
3044 5543 3141 5601 sui
3160 5538 3566 5614 Redemptoris
3582 5537 3682 5592 ho-
