4054 6158
448 327 598 392 1011

1366 323 1430 388 S.
1477 324 1841 388 ODILONIS
1887 321 2452 386 CLUNIACENSIS
2497 323 2828 386 ABBATIS
2857 321 2928 384 V.

3654 322 3778 387 I0l2

447 463 655 520 dierna
684 460 991 519 festivitate
1021 461 1092 516 de
1130 464 1318 516 morte
1360 459 1740 532 resurgentis.
1785 459 1903 514 Nos
1953 473 2088 530 ergo
2116 455 2170 524 Α
2203 456 2358 529 pulis
2389 453 3779 524 desedubitantibus,cicatricesvulnerumsuorum

448 555 834 609 confiteamur
862 550 1106 607 Domino
1154 549 1432 621 quoniam
1477 548 1667 604 bonus
1715 553 1825 615 est,
1860 552 2095 621 peccata

451 647 652 698 nostra
695 639 996 696 humiliter
1037 639 1386 706 accusando,
1419 638 1739 694 bonitatem
1790 637 1950 692 illius
1992 653 2096 693 su-

445 730 702 788 blimiter
726 729 1114 802 praedicando.
1141 727 1540 784 Conﬁteamur
1564 727 1842 800 quoniam
1875 724 2098 781 miseri-

442 835 574 876 cors
603 824 709 886 est,
745 817 1182 874 misericordias
1213 817 1342 888 ejus
1375 817 1500 871 sine
1533 817 1645 872 ﬁne
1683 816 1998 883 laudando,
2032 820 2097 870 ut

443 908 504 963 in
555 907 664 963 hoc
713 905 924 962 saeculo
969 923 1078 962 sua
1126 922 1234 960 nos
1288 905 1546 960 bonitate
1596 903 1907 970 custodiat,
1939 908 1996 960 et
2037 903 2095 958 in

443 1000 726 1052 aeternum
767 1012 876 1051 sua
906 993 1306 1050 misericordia
1335 992 1511 1048 simul
1543 998 1599 1048 et
1629 993 1937 1065 praesentia
1969 1009 2096 1065 per-

446 1083 560 1140 frui
593 1084 890 1151 concedat,
924 1087 980 1138 et
1010 1085 1244 1154 praestet
1275 1087 1360 1149 ut,
1394 1081 1546 1137 sicut
1583 1081 1640 1136 in
1691 1099 1884 1146 carne,
1919 1099 2096 1153 quam

447 1172 772 1245 assumpsit
814 1187 883 1228 ex
928 1171 1166 1244 Virgine
1213 1174 1420 1237 matre,
1453 1169 1667 1240 intuitu
1721 1169 1853 1225 ﬁdei
1903 1170 2096 1226 cerni-

450 1279 585 1317 mus
612 1264 1034 1334 resurgentem,
1066 1258 1149 1314 ita
1180 1259 1236 1312 in
1270 1257 1571 1314 divinitate
1601 1275 1779 1329 quam
1827 1258 2002 1314 habet
2031 1275 2100 1314 ex

449 1351 567 1407 Deo
596 1351 784 1417 Patre,
819 1349 964 1404 faeie
1006 1348 1077 1402 ad
1127 1347 1331 1402 faciem
1382 1347 1685 1406 videamus
1735 1352 2099 1419 regnantem,

451 1455 587 1495 cum
618 1439 822 1494 eodem
853 1438 968 1492 Deo
1001 1437 1166 1491 Patre
1197 1439 1252 1490 et
1281 1435 1766 1490 ronsubstantiali
1790 1435 1902 1492 sibi
1929 1441 1986 1493 et
2010 1453 2102 1492 co-

453 1531 665 1583 aeterno
697 1525 918 1599 Spiritu
951 1529 1174 1594 sancto,
1209 1541 1310 1596 per
1353 1524 1552 1580 omnia
1599 1525 1810 1581 saecula
1863 1525 2102 1582 saeculo-

456 1633 610 1671 rum.
637 1617 844 1672 Amen.

1061 1701 1304 1757 SERMO
1351 1701 1496 1756 VIII.

734 1808 804 1846 DE
839 1807 1186 1846 ASCENSIONE
1225 1807 1428 1846 DOMINI
1470 1808 1827 1846 SALVATORIS.

526 1883 842 1953 Postquam
857 1881 1140 1936 Dominus
1161 1883 1218 1935 et
1239 1879 1502 1936 Salvator
1523 1884 1722 1936 noster
1737 1886 2106 1937 sacrosancto

457 1988 574 2026 suae
607 1969 900 2043 passionis
930 1969 1252 2041 mortisque
1284 1969 1606 2041 triumpho,
1641 1969 1856 2024 abolito
1886 1971 2106 2041 peccati

457 2057 867 2131 chirographo,
917 2058 1166 2114 contrito
1217 2058 1422 2113 mortis
1472 2057 1693 2127 aculeo,
1739 2059 2106 2114 daemoniacae

458 2147 820 2204 crudelitatis
849 2146 1135 2202 destruxit
1159 2146 1880 2218 tyrannidem,humanum
1899 2165 2104 2220 genus,

461 2237 616 2308 quod
640 2236 947 2292 tenebatur
967 2239 1152 2291 morte
1176 2235 1662 2306 captivum,solus
1681 2236 1830 2291 inter
1846 2241 2108 2293 mortuos

461 2323 610 2380 liber
640 2327 826 2379 morte
865 2325 1111 2379 subacta
1139 2322 1393 2378 reddidit
1417 2323 1690 2378 liberum.
1723 2324 1947 2398 Corpus
1976 2343 2108 2381 vero

463 2413 621 2487 quod
654 2413 782 2468 sine
811 2413 1029 2485 peccati
1062 2411 1403 2468 discrimine
1449 2429 1518 2468 ex
1567 2412 1804 2484 Virgine
1855 2415 2110 2488 sumpsit

463 2503 739 2576 quodque
770 2518 874 2574 pro
906 2500 1076 2557 nobis
1104 2505 1422 2572 assumpta:
1450 2499 1974 2568 mortalitatis,non
2009 2521 2108 2560 ne-

462 2590 752 2657 cessitate,
787 2588 888 2645 sed
916 2591 1200 2660 potestate
1231 2587 1457 2661 legibus
1488 2589 1770 2657 subdidit,
1804 2591 1876 2646 ab
1906 2591 2109 2648 inferis

463 2677 713 2744 rediens,
763 2675 1160 2750 apostolorum
1209 2677 1619 2750 conspectibus
1670 2679 2110 2736 resurrectionis

459 2767 646 2842 gloria
677 2765 1062 2823 clariﬁcatum
1093 2769 1246 2834 et,ut
1267 2765 1347 2822 ita
1362 2766 1903 2834 dicam,redivivum
1921 2772 2110 2826 osten-

461 2857 566 2913 dit.
591 2855 821 2913 Mulieri
852 2871 1107 2928 namque
1138 2871 1202 2911 se
1231 2855 1602 2912 devotissime
1633 2857 1972 2928 requirenti,
1993 2876 2108 2913 non

461 2946 684 3018 absque
733 2943 1062 3000 admirabili
1097 2943 1318 3000 ratione
1367 2948 1424 3000 et
1470 2944 1804 3001 rationabili
1853 2946 2108 3002 admira-

409 3043 418 3050 '
457 3034 614 3092 tione
643 3033 900 3108 primum
933 3049 1210 3106 apparere
1241 3032 1517 3107 dignatus
1547 3039 1654 3090 est.
1689 3035 1935 3091 Decebat
1952 3035 2109 3092 enim

461 3128 528 3182 ut
553 3112 854 3196 sexus,qui
885 3121 1145 3196 primum
1177 3121 1737 3190 bominem,diabolo
1760 3141 1821 3180 se
1853 3123 2108 3192 fallente,

463 3212 666 3270 fefellit
694 3195 865 3284 eique
890 3195 1102 3267 mortis
1133 3211 1430 3284 suggessit
1462 3212 1786 3282 interitum,
1821 3213 1981 3285 prior
2006 3213 2109 3269 ho-
2141 3195 2184 3262 C

421 3355 431 3365 ,
463 3301 725 3357 minibus
753 3299 884 3354 vitae
916 3299 1279 3355 renuntiaret
1310 3299 1654 3355 remedium.
1689 3301 1757 3355 Et
1787 3306 1851 3355 ut
1897 3303 1970 3357 ab
2013 3319 2112 3358 ex-

463 3387 898 3446 cellentioribus
928 3392 1343 3460 argumentum
1389 3405 1713 3457 assumam,
1745 3406 2110 3462 consequens

467 3481 593 3534 erat
621 3481 686 3531 ut
723 3492 916 3541 sexus,
951 3475 1073 3547 qui,
1119 3476 1348 3532 Christo
1397 3482 1670 3533 nascente
1719 3479 1846 3534 sine
1890 3479 2110 3551 peccati

467 3565 831 3638 contagione,
866 3563 1022 3619 salvo
1056 3581 1172 3620 sum
1204 3564 1554 3641 virginitatis
1594 3571 1882 3637 perpetuae
1915 3568 2109 3640 signa-

353 3678 373 3688 -
467 3653 597 3710 culo
627 3653 849 3709 exstitit
869 3653 1488 3726 praevius,resurgente
1504 3652 1732 3710 Christo
1751 3654 2110 3726 justiﬁcatus

467 3760 502 3799 a
529 3741 783 3816 peccatis
833 3746 1124 3814 perpetuae
1156 3741 1366 3797 salutis
1397 3742 1557 3798 ﬁeret
1581 3743 1842 3799 nuntius.
1875 3746 2112 3816 Aposto-

463 3830 655 3888 lorum
688 3828 933 3904 principi
967 3830 1130 3885 Petro
1161 3829 1475 3886 Dominum
1509 3831 1850 3902 apparuisse
1883 3850 1993 3888 non
2023 3840 2112 3891 est

463 3920 732 3987 dubium,
766 3919 867 3975 sed
899 3917 1218 3992 apostolica
1249 3919 1524 3976 relatione
1554 3924 1612 3975 et
1648 3920 1979 3993 evangelica
2010 3923 2108 3977 de-

463 4008 779 4082 scriptione
809 4005 1066 4063 creditur
1092 4024 1222 4063 esse
1250 4007 1669 4064 certissimum.
1693 4008 1890 4065 Voluit
1919 4010 1970 4065 ei
2003 4011 2111 4066 Do-

463 4098 660 4154 minus
685 4113 799 4169 prae
832 4095 1055 4151 caneris
1086 4095 1368 4168 apostolis
1399 4097 1779 4167 singulariter
1807 4115 2105 4171 apparere,

460 4202 532 4240 ne
562 4187 896 4258 desperaret
921 4201 991 4240 ex
1023 4185 1555 4258 negatione.Noluit
1586 4186 1748 4242 illum
1782 4187 1884 4243 diu
1917 4204 2108 4244 rema-

460 4291 597 4330 nere
645 4278 1004 4346 suspectum,
1039 4291 1111 4329 ne
1139 4275 1475 4345 desperaret
1516 4293 1577 4331 se
1611 4293 1780 4347 posse
1813 4277 2110 4349 percipere

460 4362 764 4436 apostolici
795 4361 1072 4418 culminis
1103 4361 1489 4438 privilegium.
1526 4364 1742 4420 Idcirco
1791 4365 1958 4421 illum
1998 4367 2108 4424 Do-

461 4451 658 4507 minus
689 4452 896 4507 cadere
934 4451 1220 4523 permisit,
1257 4454 1410 4510 sicut
1453 4454 1693 4509 festivus
1738 4455 2111 4513 coneionator

2204 546 2816 618 ostendit.corpusque
2848 546 2918 601 de
2943 549 3127 600 morte
3159 549 3513 616 resumptum
3541 545 3781 618 palpabile

2205 635 2450 708 praebuit
2479 636 2632 692 etde
2663 635 2937 690 cordibus
2978 651 3177 690 eorum
3224 633 3480 689 maculas
3521 635 3783 693 dubietatis

2204 725 2461 781 extersit.
2505 725 2737 796 Septem
2791 741 3018 796 quoque
3066 722 3371 794 discipulis
3414 723 3469 778 in
3520 723 3783 795 piscatione

2207 813 2422 869 frustra
2465 813 2871 869 laborantibus
2921 811 3204 868 Dominus
3250 812 3788 896 apparere‘voluitmt

2206 903 2362 975 quod
2393 907 2519 958 erat
2551 903 2634 957 eis
2663 901 2920 967 difficile,
2945 903 3067 973 ipse
3098 919 3206 956 sua
3234 899 3508 972 corporali
3539 904 3790 974 praesentia

2206 998 2263 1048 et
2295 992 2596 1063 majestate
2627 991 2824 1046 divina
2855 991 2988 1046 fecit
3033 1007 3162 1046 esse
3208 989 3502 1062 possibile,
3533 991 3605 1045 ita
3644 996 3698 1046 ut
3735 993 3789 1046 ad

2207 1081 2336 1152 ejus
2368 1081 2910 1151 nutum,designato
2943 1096 3185 1134 numero
3216 1085 3485 1151 caperent
3501 1080 3789 1146 etmultitu-

2207 1171 2405 1226 dinem
2439 1168 2898 1241 piscium.Quem
2931 1184 3240 1222 numerum
3266 1166 3316 1222 si
3345 1166 3558 1223 videres
3573 1168 3792 1224 arithme-

2207 1259 2324 1314 tica
2354 1257 2576 1313 ratione
2605 1256 3168 1330 dispositum,scires
3199 1257 3258 1310 in
3275 1272 3340 1311 eo
3358 1272 3466 1311 non
3485 1256 3792 1312 mediocriter

2209 1347 2302 1402 ref
2301 1347 2510 1402 ulsisse
2528 1345 2901 1418 mysterium;
2927 1346 3080 1417 quod
3102 1345 3149 1401 si
3169 1346 3238 1400 ad
3263 1344 3493 1418 plenum
3512 1345 3643 1401 scire
3657 1351 3700 1400 te
3717 1347 3789 1401 de-

2210 1435 2404 1502 lectat,
2437 1437 2593 1508 apud
2620 1434 3026 1490 beatissimum
3055 1434 3450 1507 Augustinum
3463 1435 3598 1490 satis
3612 1433 3707 1489 late
3720 1453 3788 1508 pa-

2209 1530 2308 1581 tet.
2347 1525 2420 1580 Ut
2444 1523 2598 1580 enim
2629 1523 2950 1584 in-Christo
2981 1523 3228 1579 Domino
3277 1523 3486 1593 veritas
3530 1528 3793 1596 putesceret

2212 1613 2541 1670 resuscitati
2575 1611 2928 1686 corporis,ac
2955 1613 3080 1668 sine
3111 1612 3289 1668 dubio
3311 1612 3491 1686 gloria
3511 1616 3793 1685 peractam

2213 1701 2591 1759 surrectionis
2620 1701 2845 1757 accedit
2873 1701 2945 1757 ad
2976 1700 3279 1756 cumulum
3313 1718 3453 1756 verae
3481 1701 3601 1756 fidei
3629 1702 3792 1756 acsin-

2136 1827 2184 1892 B
2213 1791 2527 1848 cerissimae
2559 1789 2918 1846 crudelitatis
2936 1790 3278 1846 solemnitas
3296 1789 3634 1864 dignissimae
3653 1807 3795 1846 resur-

2215 1881 2508 1938 rectionis.
2571 1881 2786 1936 Assum
2843 1879 2998 1934 enim
3046 1879 3270 1952 piscem
3319 1885 3376 1935 et
3421 1880 3601 1934 favum
3646 1878 3792 1934 mellis

2215 1971 2490 2036 comedit,
2519 1970 2662 2025 utin
2697 1986 2830 2024 asso
2861 1967 3013 2041 pisce
3045 1969 3380 2024 ostenderet
3409 1986 3470 2024 se
3505 1984 3730 2040 passum,
3755 1973 3795 2022 et

2217 2060 2274 2114 in
2312 2061 2438 2114 favo
2473 2057 2663 2114 mellis
2693 2076 2726 2112 a
2755 2058 2868 2114 Deo
2900 2057 3066 2113 Patre
3094 2074 3230 2113 vera
3282 2057 3395 2113 fide
3424 2056 3792 2112 resuscitatum.

2215 2150 2334 2205 Nos
2377 2148 2556 2214 enim,
2611 2148 2819 2204 fratres
2864 2145 3217 2213 charissimi,
3271 2163 3375 2218 per
3411 2146 3794 2212 amaritudinem

2217 2237 2608 2294 acerbissimae
2643 2235 2951 2308 passionis,
2987 2235 3304 2291 Dominum
3337 2236 3530 2292 Jesum
3557 2235 3793 2290 Christum

2217 2326 2549 2399 pervenisse
2579 2324 2870 2380 credimus
2888 2325 2957 2380 ad
2976 2323 3224 2396 gloriam
3242 2322 3796 2380 resurrectionisﬂane

2217 2421 2418 2471 autem
2441 2413 2924 2471 resurrectionem
2937 2412 3578 2485 Dominicicorporis,ut
3591 2413 3792 2467 futuram

2219 2505 2279 2560 in
2317 2503 2484 2560 nobis
2513 2501 2837 2558 certissime
2864 2501 3220 2569 noverimus,
3257 2501 3380 2574 ipse
3408 2501 3465 2556 in
3487 2517 3693 2573 corpore
3717 2515 3794 2554 suo

2218 2593 2499 2666 dignatus
2527 2595 2616 2647 est
2644 2591 3066 2646 demonstrare.
3104 2591 3441 2647 Resurrexit
3477 2589 3724 2654 Christus,
3749 2594 3793 2642 ut

2220 2686 2687 2740 resurrecturum
2739 2697 2799 2736 se
2850 2697 2965 2735 non
3016 2679 3247 2736 dubitet
3291 2678 3652 2736 Christianus.
3690 2677 3794 2731 Pro-

2219 2789 2389 2828 cessu
2421 2787 2553 2826 vero
2585 2768 2886 2842 temporis,
2913 2772 3147 2841 peracto
3181 2768 3454 2842 mysterio
3495 2784 3601 2822 sua)
3643 2781 3794 2821 resur-

2220 2858 2988 2928 rectionis,DominusJesus
3009 2857 3279 2913 Christus
3302 2858 3373 2913 ad
3395 2853 3792 2915 cmlosascendit,

2220 2954 2286 3005 ut
2315 2966 2381 3005 eo
2411 2947 2782 3004 Christianus
2812 2946 3125 3002 ascendere
3157 2963 3220 3002 se
3251 2963 3422 3020 posse
3461 2943 3698 3008 confidat,
3721 2938 3793 2995 ubi

2221 3041 2397 3109 caput
2423 3053 2597 3092 suum
2629 3051 2691 3091 se
2723 3034 3089 3108 praecessisse
3119 3051 3238 3090 non
3264 3035 3504 3090 dubitat.

2293 3127 2480 3197 Hujus
2509 3125 2724 3180 etenim
2757 3123 3116 3180 ascensionis
3145 3123 3458 3180 Dominicae
3501 3119 3791 3176 nobilitatem

2220 3219 2279 3271 et
2308 3214 2577 3287 gloriam,
2608 3213 2834 3270 Veteris
2864 3213 3245 3268 Instrumenti
3293 3211 3471 3268 multo
3498 3215 3617 3266 ante
3643 3204 3789 3263 multi-

2222 3303 2450 3378 pliciter
2481 3303 2891 3375 praenuntiavit
2921 3301 3261 3370 auctoritas,
3288 3307 3345 3357 et
3372 3300 3493 3373 ipso
3513 3297 3792 3355 ascendente

2220 3392 2519 3449 exsultans
2542 3391 2806 3464 angelica
2825 3389 3142 3446 declaravit
3156 3381 3788 3457 sublimitas,evangelice

2221 3481 2397 3538 etiam
2431 3480 2844 3553 descriptionis
2873 3485 3048 3552 atque
3080 3479 3411 3552 apostolicae
3443 3469 3788 3551 praedicationis

2223 3587 2324 3644 per
2353 3574 2540 3626 totum
2584 3569 2782 3625 orbem
2817 3568 3070 3624 narravit
3123 3567 3272 3624 satis
3324 3571 3512 3640 aperte
3555 3563 3786 3635 majestas.

2220 3658 2551 3732 Apostolica
2575 3675 2708 3713 vero
2741 3656 3095 3730 praedicatio,
3116 3660 3180 3712 ut
3208 3657 3426 3712 dictum
3458 3660 3556 3720 est,
3579 3646 3790 3723 mysteria

2222 3747 2557 3820 supradicta
2584 3747 2958 3803 vehementer
2986 3751 3243 3812 enarrat,
3276 3763 3405 3801 cum
3439 3746 3621 3800 beatus
3639 3740 3788 3794 Petrus

2221 3835 2540 3909 apostolus,
2573 3835 2840 3891 omnium
2886 3837 2957 3890 de
3010 3835 3229 3908 quibus
3281 3833 3547 3906 loquitur,
3577 3829 3786 3884 idoneum

2219 3930 2426 3982 testem
2461 3942 2522 3981 se
2553 3942 2683 3981 esse
2713 3923 2989 3990 declarat,
3008 3928 3065 3979 et
3093 3922 3408 3996 apostolica
3436 3920 3669 3978 libertate
3685 3911 3787 3970 sub~

2222 4014 2487 4082 nixus,ut
2518 4014 2881 4086 propositum
2913 4011 3442 4078 est,liberalissimo
3455 4020 3687 4066 sermone
3699 4015 3788 4072 pro-

2223 4101 2684 4170 nuntiat,dicens
2709 4119 2721 4156 :
2747 4101 2973 4158 Obedire
3001 4109 3206 4172 oportet
3236 4103 3343 4158 Deo
3371 4100 3536 4168 inagis
3561 4107 3697 4168 quam
3716 4089 3785 4141 h0-

2219 4193 2484 4248 minibus.
2518 4190 2726 4246 Statim
2758 4189 3090 4246 subintulit.
3111 4190 3178 4244 Et
3209 4189 3305 4246 bis
3334 4205 3460 4244 cum
3489 4183 3784 4258 quibustunc

2221 4297 2314 4336 res
2361 4279 2490 4352 ipsa
2528 4279 2839 4352 gerebatur
2881 4279 3072 4334 dixit:
3109 4281 3250 4334 Deus
3293 4285 3506 4350 patrum
3548 4278 3783 4328 ποδινοηιηι

2217 4370 2504 4425 suscitavit
2531 4373 2739 4437 Jesum,
2771 4385 2930 4440 quem
2959 4384 3048 4423 vos
3089 4369 3443 4424 interemistis
3478 4357 3782 4432 suspendch

2220 4459 2281 4513 in
2312 4459 2483 4527 ligno.
2518 4462 2680 4513 Hunc
2708 4439 2865 4522 Delus,
2895 4457 3211 4528 Principem
3241 4474 3307 4511 ac
3331 4439 3782 4512 SalvatorcmM-W"

460 4538 985 4630 Gregorius_dixit,_
1003 4544 1068 4594 ut
1101 4558 1170 4630 ea
1199 4541 1404 4630 collato
1437 4542 1548 4597 sibi
1585 4560 1823 4600 munere
1861 4543 2111 4601 disceret
2137 4567 2186 4630 D
2219 4549 2354 4602 tavit
2380 4546 2604 4602 dextera
2633 4562 2752 4610 sua,
2787 4544 2856 4600 ad
2887 4544 3125 4600 dandam
3169 4543 3546 4616 paenitentiam
3587 4532 3716 4630 Israel
3745 4529 3782 4582 εἰ

460 4627 715 4700 qualiter
744 4626 876 4683 aliis
907 4626 1172 4684 misereri
1203 4629 1520 4685 debuisset.

529 4715 845 4790 Discipulis
869 4733 1002 4773 vero
1033 4717 1284 4788 duobus,
1313 4718 1833 4792 discipulabusque
1853 4723 2106 4789 duabus,

458 4805 586 4880 ipso
616 4806 710 4862 die
757 4823 874 4879 quo
905 4807 1163 4864 surrexit
1192 4824 1225 4862 a
1254 4807 1500 4863 mortuis
1550 4825 1828 4882 apparere
1875 4810 2058 4868 voluit
2091 4828 2103 4868 :

457 4895 822 4961 Istis,festive
854 4895 1380 4962 salutando,Avete,
1400 4894 1572 4963 dixit;
1597 4897 1712 4954 illis
1743 4915 1943 4955 secum
1973 4916 2105 4972 gra-

456 4983 774 5050 dientibus,
801 4989 860 5040 et
890 4986 962 5041 de
989 5003 1052 5041 se
1091 4984 1501 5041 dubitantibus
1545 4993 1914 5044 sacramenta
1959 4988 2105 5045 divi-

457 5088 666 5127 narum
697 5073 1136 5146 Scripturarum
1169 5073 1416 5145 aperuit,
1450 5079 1507 5129 et
1537 5074 1595 5130 in
1627 5076 1906 5132 fractione
1939 5077 2109 5150 panis

457 5174 520 5213 se
544 5174 672 5214 vere
703 5161 1090 5217 resurrexisse
1120 5162 1441 5233 perdocuit.
1475 5163 1692 5220 Deinde
1725 5164 1954 5236 quoties
1983 5170 2104 5222 tam

457 5247 926 5304 sacratissimum
957 5253 1016 5305 et
1058 5249 1613 5308 excellentissimum
1663 5253 1928 5326 exigebat
1972 5255 2106 5310 offi-

457 5333 636 5399 cium,
670 5336 1020 5408 generaliter
1059 5336 1360 5410 discipulis
1411 5341 1538 5396 suis
1587 5343 1857 5413 apparuit
1901 5343 2105 5415 eisque

456 5439 866 5496 pacem,quam
901 5442 1002 5495 per
1031 5426 1268 5497 angelos
1302 5427 1356 5480 in
1390 5431 1675 5485 mundum
1707 5432 1944 5487 veniens
1969 5449 2104 5488 ven-

455 5517 590 5566 tura
619 5511 900 5583 praedixit,
938 5529 1038 5583 per
1063 5515 1440 5588 semetipsum
1466 5519 1595 5590 jam
1636 5520 1866 5576 venisse
1917 5522 2106 5576 mani-

451 5600 701 5669 festavit,
736 5601 940 5660 dicens
976 5616 988 5655 :
1024 5608 1146 5660 Pas;
1173 5607 1338 5662 vobis.
1374 5607 1738 5672 Quibusdam
1771 5626 1903 5666 vero
1928 5610 2104 5666 disci-

2221 4636 2599 4691 remissionem
2623 4642 2983 4707 peccatorum.
3020 4637 3084 4690 Et
3112 4650 3210 4689 nos
3239 4650 3422 4690 sumus
3465 4635 3600 4685 testes
3639 4623 3781 4707 Ιιοηιω

2217 4723 2506 4779 verborum
2551 4731 2603 4779 et
2626 4706 2870 4795 Spiritus
2913 4726 3154 4788 sanctus,
3190 4739 3350 4794 quem
3393 4717 3530 4775 dedit
3569 4715 3681 4769 Deus
3712 4706 3778 4759 Ιιο·

2217 4813 2463 4868 minibus
2493 4812 2866 4868 obedientibus
2887 4813 3091 4867 sibi.Et
3121 4811 3180 4866 in
3212 4809 3456 4867 alioloco
3474 4806 3610 4861 idem
3634 4800 3781 4889 paslof

2217 4901 2506 4967 Ecclesiae,
2541 4901 2811 4958 Davidico
2863 4899 3078 4956 fruitus
3113 4900 3332 4967 [fretus]
3360 4890 3616 4954 vaticinia,
3644 4877 3774 4980 ρεῖίά

2218 4990 2418 5064 igitur,
2447 4989 2639 5063 inquit
2670 5007 2684 5045 :
2713 4991 2983 5062 Propheta
3011 5005 3137 5044 cum
3184 4997 3322 5045 esset
3347 4995 3397 5044 et
3419 4984 3564 5041 sciret
3588 4975 3773 5070 quiat}?

2218 5080 2513 5152 rejurando
2552 5082 2795 5153 jurasset
2848 5079 2939 5135 illi
3006 5082 3148 5134 Deus
3193 5078 3258 5134 de
3296 5080 3470 5150 [ru-ctu
3513 5064 3662 5125 tumhi
3688 5064 3772 5153 ϐβξδ

2215 5143 2401 5226 sedere
2447 5143 2613 5242 super
2660 5169 2838 5225 sedem
2885 5169 3022 5240 ejus,
3073 5143 3358 5240 provideris
3400 5165 3583 5218 temtas
3627 5158 3688 5244 est
3717 5143 3772 5244 fiﬁ

2215 5241 2611 5315 resurrectione
2643 5258 2874 5323 Christi,
2908 5258 3037 5328 quia
3067 5273 3241 5328 neque
3267 5253 3533 5310 derelictus
3547 5247 3613 5300 est
3639 5241 3684 5294 in
3706 5241 3769 5287 in-

2214 5348 2390 5418 Ῑσνηο»
2453 5365 2622 5420 neque
2677 5363 2804 5401 caro
2858 5347 2974 5417 ejus
3035 5345 3172 5400 vidit
3225 5341 3606 5412 corruptionem.
3649 5328 3769 5380 Hunc

2214 5437 2396 5490 Iesum
2426 5437 2708 5492 suscitavit
2760 5436 2916 5502 Deus,
2949 5435 3041 5488 cui
3085 5450 3268 5490 omnes
3311 5447 3400 5486 nos
3442 5430 3574 5482 testes
3591 5422 3765 5514 suam“:

2219 5528 2447 5579 Dextera.
2479 5527 2651 5595 igitur
2682 5526 2780 5580 Dei
2809 5525 3106 5590 multatus,
3139 5527 3192 5579 et
3238 5516 3560 5594 promissione
3583 5505 3764 5595 δΡξνίίυδ

2215 5614 2394 5668 sancti
2430 5589 2646 5685 accepta
2673 5631 2706 5668 a
2737 5616 2918 5683 Patre,
2952 5611 3144 5686 e/fudit
3191 5589 3285 5668 hoc
3325 5609 3508 5663 donum
3548 5589 3663 5670 quod
3699 5595 3762 5639 ι’οδ
