4054 6158
253 258 428 321 1013
1790 246 2234 313 SERMONES.
3560 265 3717 332 ,οη

252 394 464 449 videtis
494 400 545 448 et
572 391 914 449 auditis.Non
938 393 1083 449 enim
1108 388 1279 448 David
1316 383 1585 443 ascendit
1640 381 1716 435 in
1761 383 1940 439 caelos.
1975 383 2027 448 Α
2059 386 2312 443 Tenuisti
2339 404 2568 445 manum
2598 390 2879 449 dexteram
2925 410 3122 462 meam,
3145 399 3198 452 et
3230 397 3290 453 in
3318 397 3599 456 voluntate
3625 410 3722 458 tua

255 481 423 539 Dicit
455 487 649 537 autem
681 481 801 554 ipse
834 500 846 538 :
880 482 1296 538 DixitDominus
1328 474 1577 532 Domino
1616 485 1786 526 meo:
1812 473 1943 529 Sede
2048 474 2339 532 deduxisti
2390 495 2493 543 me,
2544 484 2750 537 etcum
2798 483 2981 553 gloria
3028 489 3372 558 assumpsisti
3414 506 3521 545 me.
3578 490 3722 547 Ecce

252 590 295 629 a
330 572 544 627 dextris
574 571 944 628 meis.Paulus
972 572 1213 643 denique
1242 565 1605 641 praedicator
1640 561 1939 634 egregius,

255 679 406 718 cum
441 662 553 716 hoc
585 665 794 715 nostra:
809 660 1011 715 salutis
1032 657 1367 731 mysterium
1388 647 1794 708 auditoribus
1814 651 1939 707 suis

255 750 688 807 commendare
719 748 904 816 vellet,
930 749 1133 804 atl‘ectu
1182 743 1431 818 optantis
1479 740 1547 793 et
1579 742 1731 793 voto
1762 757 1936 795 oran-

256 841 346 895 tis
382 838 847 911 prudentissima
875 843 931 905 et
976 836 1219 909 spiritali
1268 828 1805 890 circumlocutione
1833 848 1934 901 ag-

256 945 517 1002 gressus
568 932 657 983 est
707 942 828 993 eos,
876 926 1120 983 dicens:
1158 932 1295 981 Deus
1326 918 1546 978 Domini
1594 921 1784 975 nostri
1809 922 1937 976 Jesu

261 1019 504 1083 Christi,
541 1022 709 1071 Pater
758 1016 1061 1085 gloriteutet
1090 1017 1237 1070 vobis
1266 1014 1525 1086 spiritum
1553 1010 1855 1081 sapientia:
1883 1018 1936 1065 et

260 1107 627 1163 reuelationis
657 1107 715 1160 in
746 1106 1025 1173 agnitione
1056 1105 1191 1177 ejus,
1226 1104 1556 1159 illuminans
1599 1099 1782 1154 oculos
1810 1115 1933 1155 cor-

260 1198 358 1253 dis
388 1197 576 1262 vestri,
611 1202 675 1249 ut
700 1195 885 1249 sciatis
918 1208 1045 1265 quae
1080 1196 1153 1249 sit
1201 1209 1318 1265 spes
1366 1191 1666 1247 vocationis
1714 1188 1853 1260 ejus,
1880 1192 1937 1243 et

260 1302 401 1359 qua?
428 1285 643 1340 divitiae
670 1285 865 1354 gloria:
893 1282 1207 1338 hereditatis
1233 1283 1351 1352 ejus
1394 1282 1455 1335 in
1481 1281 1707 1344 sanctis,
1731 1285 1781 1334 et
1805 1293 1937 1349 quae

259 1379 342 1432 sit
370 1375 789 1447 supereminens
832 1372 1153 1442 magnitudo
1198 1374 1423 1427 virtutis
1447 1372 1561 1442 ejus
1594 1371 1650 1425 in
1681 1385 1800 1433 nos,
1834 1370 1937 1439 qui

259 1465 608 1522 credidimus
647 1462 948 1518 secundum
991 1463 1358 1533 operationem
1406 1460 1659 1531 potentia:
1710 1458 1935 1513 virtutis

259 1556 388 1627 ejus
419 1571 585 1626 quam
615 1556 871 1624 operatus
899 1555 978 1606 est
1028 1553 1085 1607 in
1117 1552 1356 1617 Christo,
1386 1551 1655 1605 suscitans
1706 1548 1868 1603 illum
1899 1565 1934 1602 a

261 1645 525 1710 mortuis,
559 1647 612 1697 et
643 1643 977 1697 constituens
1007 1640 1077 1695 ad
1108 1640 1387 1695 dexteram
1410 1655 1568 1694 suam
1599 1639 1659 1692 in
1695 1638 1932 1693 caelesti-

2048 563 2199 619 illud
2236 567 2467 623 Domini
2501 569 2815 627 Salvatoris
2846 571 2956 629 iter
2985 574 3344 644 astriferum,
3382 582 3627 635 sanctus
3660 581 3719 636 in

2049 654 2285 726 psalmo
2314 658 2505 712 vocari
2540 658 2719 715 voluit
2748 679 3008 717 cursum.
3043 664 3205 727 Quod
3250 665 3427 721 David
3471 684 3716 725 cursum

2045 745 2523 802 vocat.Salomon
2557 748 2615 802 in
2651 750 2905 805 Canticis
2940 751 3124 807 saltus
3146 753 3419 824 appellat.
3452 757 3587 813 Ecce
3616 761 3719 816 iste

2047 835 2202 889 venit
2232 836 2438 891 saliens
2472 838 2531 891 in
2563 841 2859 907 montibus,
2885 843 3203 897 transiliens
3248 844 3429 899 colles.
3463 846 3537 901 Et
3568 846 3710 915 ille:

2047 923 2089 976 A
2119 940 2334 979 summo
2364 926 2499 982 ctelo
2528 930 2766 995 egressio
2796 929 2992 1000 ejus,et
3023 947 3280 987 occursus
3307 934 3427 1004 ejus
3456 952 3624 1007 usque
3643 939 3716 993 ad

2045 1030 2328 1068 summum
2358 1015 2497 1085 ejus.
2532 1016 2695 1071 Hunc
2746 1017 2905 1072 enim
2938 1036 3113 1091 quem
3166 1020 3348 1091 David
3376 1028 3710 1082 currentem

2050 1102 2380 1174 przecinuit,
2405 1103 2681 1160 Salomon
2714 1106 3019 1163 salientem
3052 1109 3341 1180 praevidit.
3370 1111 3413 1166 Ο
3454 1114 3709 1184 pruden-

2049 1190 2268 1247 tissimi
2300 1197 2481 1259 vates,
2513 1210 2546 1248 o
2589 1198 2764 1249 tantae
2812 1196 2994 1268 prolis
3044 1197 3366 1255 felicissimi
3415 1206 3706 1272 parentes,

2048 1281 2223 1351 cujus
2239 1282 2538 1337 meruistis
2560 1284 2899 1356 prophetica
2911 1286 3352 1344 denuntiatione
3368 1289 3485 1345 fieri
3507 1308 3710 1363 paren-

2049 1374 2139 1425 tes
2170 1374 2227 1425 et
2258 1371 2473 1426 testes!
2509 1372 2589 1427 De
2620 1378 2816 1429 vestra
2849 1392 3107 1447 namque
3137 1378 3331 1433 radice
3362 1380 3544 1435 Isaias
3574 1398 3707 1452 pro-

2048 1459 2228 1530 pheta
2256 1460 2479 1532 virgam
2513 1478 2647 1516 cum
2681 1462 2820 1519 flore
2870 1481 3277 1536 processuram
3310 1468 3595 1539 praedixit.
3628 1474 3708 1523 De

2048 1565 2165 1620 quo
2197 1548 2321 1621 ipse
2352 1549 2497 1606 alias
2529 1550 2671 1605 dicit
2702 1569 2714 1606 :
2745 1554 2865 1608 Erit
2900 1556 2957 1609 in
2987 1557 3300 1610 novissimis
3330 1557 3522 1611 diebus
3556 1572 3707 1629 prae-

2040 1647 2271 1709 paratus
2297 1656 2452 1696 mons
2480 1640 2669 1695 domus
2701 1643 2924 1699 Domini
2955 1646 3012 1697 in
3045 1647 3307 1699 uerticem
3335 1648 3623 1712 montium,
3654 1654 3707 1701 et

265 1736 392 1799 bus,
425 1748 608 1823 supra
626 1746 843 1785 omnem
867 1732 1265 1802 principatum,
1288 1738 1340 1784 et
1366 1732 1699 1800 potestatem,
1736 1734 1785 1780 et
1816 1728 1930 1781 vir-
1964 1760 2012 1823 Β
2045 1729 2349 1784 elevabitur
2375 1746 2541 1800 super
2566 1732 2748 1785 colles.
2783 1733 2852 1787 Et
2887 1733 2941 1787 in
2977 1733 3088 1788 alio
3121 1733 3245 1789 loco
3277 1751 3289 1788 :
3324 1737 3445 1791 Erit
3480 1752 3706 1807 germen

262 1829 463 1891 tatem,
494 1830 545 1877 et
574 1820 1027 1885 dominationem,
1061 1827 1111 1873 et
1140 1835 1297 1873 omne
1327 1832 1522 1871 nomen
1559 1816 1699 1887 quod
1744 1816 1926 1870 nomi-

263 1920 439 1967 natur
468 1927 580 1965 non
625 1909 805 1963 solum
858 1909 915 1963 in
964 1910 1062 1962 hoc
1109 1909 1334 1972 saeculo,
1377 1905 1467 1960 sed
1515 1912 1566 1960 et
1612 1906 1671 1958 in
1711 1906 1925 1974 futuro.

266 2002 342 2055 Et
406 2017 419 2055 :
478 1999 693 2055 Omnia
732 1997 963 2067 subjecit
1011 1998 1109 2051 sub
1163 1996 1391 2067 pedibus
1446 1995 1583 2065 ejus,
1637 1997 1687 2048 et
1746 1994 1929 2063 ipsum

260 2089 421 2145 dedit
475 2094 639 2159 caput
684 2102 854 2156 supra
911 2103 1123 2141 omnem
1172 2085 1470 2140 Ecclesium
1516 2098 1639 2155 quae
1681 2089 1761 2137 est
1804 2099 1925 2137 ror-

254 2195 367 2250 pus
445 2178 640 2249 ipsius.
725 2175 792 2229 Et
860 2179 923 2228 ut
987 2174 1142 2229 idem
1210 2171 1523 2244 Apostolus
1593 2170 1663 2225 ad
1737 2170 1929 2224 Timo-

256 2267 464 2321 theum
524 2263 737 2321 scribit
799 2281 811 2318 ε
872 2262 1135 2317 Columna
1194 2270 1245 2317 et
1314 2262 1721 2332 ﬁrmamentum
1780 2261 1924 2314 veri-

258 2358 412 2412 tatis.
446 2355 517 2409 Et
547 2351 864 2408 manifeste
899 2369 910 2406 :
945 2356 1211 2420 Magnum
1240 2359 1315 2405 est
1349 2350 1568 2421 pietatis
1604 2364 1927 2403 sacramen-

261 2444 553 2516 tum,quod
576 2444 991 2512 manifestatum
1020 2451 1095 2497 est
1127 2443 1187 2495 in
1215 2455 1399 2504 earne,
1433 2438 1798 2509 justi/ictuum
1846 2442 1929 2492 est

264 2539 323 2590 in
356 2532 851 2607 spm'tu,apparuit
865 2528 1461 2601 angelis,pr.:edicatum
1481 2529 1633 2582 estin
1654 2526 1923 2595 gentibus.

260 2625 533 2683 creditum
556 2626 638 2678 est
670 2624 729 2677 in
765 2621 863 2675 hoc
891 2620 1111 2685 mundo,
1155 2625 1493 2688 assumptum
1519 2624 1595 2672 est
1626 2617 1680 2671 in
1725 2615 1923 2686 gloria,

266 2716 426 2771 sicut
449 2729 552 2785 per
565 2713 832 2767 Marcum
855 2713 911 2763 et
934 2709 1149 2764 Lucam
1171 2707 1487 2777 descriptio
1510 2704 1737 2760 intonat
1760 2721 1929 2759 evan-

265 2801 480 2876 gelica.
516 2801 704 2855 Lucas
736 2814 870 2853 vero
918 2812 1048 2850 cum
1084 2796 1154 2850 ad
1187 2792 1577 2864 Theophilum
1628 2789 1925 2855 scriberet,

270 2891 419 2948 dicit
439 2907 502 2945 se
532 2902 871 2943 sermonem
902 2885 1107 2940 fecisse
1125 2885 1189 2939 de
1202 2883 1591 2952 omnibusquw
1609 2880 1931 2951 ccepitlesus

269 2984 459 3052 facere
489 2987 540 3033 et
562 2977 772 3042 docere,
806 2990 975 3046 usque
1003 2976 1057 3029 in
1084 2974 1229 3029 diem
1256 2988 1361 3044 qua
1378 2972 1708 3042 pt’éL’Cipiens
1729 2977 1934 3039 aposto-

274 3071 345 3126 lis
376 3085 475 3139 per
503 3068 775 3139 Spiritum
802 3073 1053 3119 sanctum
1102 3079 1233 3135 quos
1276 3062 1455 3131 elegit,
1489 3067 1797 3130 assumptus
1828 3066 1931 3124 est,

2044 1817 2238 1872 domus
2268 1819 2487 1873 Domini
2517 1822 2577 1874 in.
2606 1822 3041 1890 magniﬁcentia,
3074 1830 3125 1878 et
3151 1825 3363 1893 fruetus
3410 1832 3576 1881 terrm
3602 1842 3705 1879 su-

2043 1907 2461 1972 blimis.Qucm,
2497 1909 2727 1975 fratres,
2762 1910 3090 1981 intelligere
3120 1912 3404 1968 debemus
3422 1929 3523 1984 per
3543 1930 3705 1967 mon-

2038 2000 2156 2051 tem
2188 2013 2365 2067 super
2393 1997 2664 2052 verticem
2695 1999 2987 2053 montium
3023 1999 3559 2072 przeparatummisi
3586 2018 3705 2055 me-

2038 2086 2319 2139 diatorem
2337 2086 2431 2141 Dei
2448 2090 2505 2141 et
2520 2086 3159 2151 hominum,hominem
3178 2089 3384 2145 Jesum
3398 2088 3701 2144 Christum

2038 2176 2304 2231 omnium
2319 2176 2626 2232 hominum
2642 2181 2915 2231 naturam
2928 2182 3308 2249 superantem
3322 2182 3380 2233 et
3393 2176 3704 2232 meritum?

2037 2266 2220 2329 Quem
2255 2283 2356 2337 per
2380 2282 2616 2336 germen
2636 2265 2864 2320 Domini
2884 2268 3267 2340 magniﬁcum
3283 2271 3337 2321 et
3353 2265 3700 2338 gloriosum,

2036 2357 2095 2408 et
2106 2354 2361 2408 fructum
2382 2358 2547 2407 terra:
2565 2353 3029 2419 sublimem,nisi
3043 2356 3320 2412 eumdem
3336 2355 3435 2409 Del
3449 2358 3505 2409 et
3518 2354 3702 2410 homi-

2037 2442 2132 2497 nis
2161 2442 2660 2509 ﬁliun1,hodierna
2692 2443 2787 2497 die
2817 2460 2998 2515 super
3027 2444 3205 2499 caelos
3227 2442 3506 2498 ccelorum
3534 2447 3593 2499 et
3615 2445 3702 2499 di-

2035 2530 2317 2602 gnitatem
2343 2531 2610 2585 omnium
2644 2531 2987 2603 angelorum
3022 2534 3079 2589 in
3114 2534 3353 2588 dextera
3374 2532 3471 2587 Dei
3507 2533 3699 2591 Patris

2037 2625 2412 2691 assumptum
2426 2620 3002 2690 ?Ergo,dilectissimi
3019 2619 3522 2687 fratres,omnium
3536 2621 3698 2677 vitio-

2037 2725 2169 2763 rum
2216 2708 2633 2781 phantasmata
2673 2708 2985 2779 fugientes,
3020 2713 3366 2765 cunetarum
3408 2707 3694 2769 virtutum

2039 2797 2390 2852 charismata
2407 2796 2735 2867 diligentes,
2772 2797 2990 2868 ipsum,
3018 2798 3087 2853 de
3101 2796 3551 2869 quoloquimur,
3572 2803 3694 2858 toto

2040 2887 2233 2941 cordis
2256 2886 2464 2940 affectu
2487 2902 2840 2956 quaeramus,
2876 2890 2994 2942 toto
3018 2885 3234 2942 mentis
3256 2885 3461 2942 ardore
3482 2888 3692 2963 diliga-

2041 2991 2196 3041 mus,
2226 2974 2501 3047 passibus
2534 2972 2866 3030 dilectionis
2898 2980 2956 3029 et
2987 2976 3119 3031 ﬁdei
3149 2983 3563 3046 sequamur,ut
3595 2998 3697 3051 per

2042 3064 2240 3135 ipsum
2259 3080 2392 3118 cum
2416 3061 2540 3134 ipso
2564 3062 2635 3116 ad
2660 3079 2793 3117 eum
2818 3064 3119 3135 possimus
3142 3062 3565 3138 pervenire,qui
3593 3086 3699 3141 per

272 3160 345 3214 Et
380 3158 613 3212 Marcus
645 3154 705 3209 in
748 3153 1029 3209 hodierna
1077 3152 1343 3218 lectione,
1396 3150 1675 3213 Dominus,
1718 3147 1930 3218 inquit,
1964 3129 2006 3195 (ἶ
2046 3153 2242 3223 ipsum
2261 3152 2841 3223 corruptamgeneris
2860 3129 3695 3214 humaninaturamvoluitre-

271 3251 453 3313 Iesus,
483 3253 771 3317 postquam
801 3243 1011 3297 locutus
1035 3250 1110 3298 est
1138 3240 1423 3310 discipulis
1460 3241 1594 3305 suis,
1628 3242 1934 3308 assumptus

274 3347 355 3394 est
389 3338 445 3391 in
478 3336 699 3397 osclum,
735 3340 787 3387 et
810 3332 952 3387 sedet
983 3350 1016 3385 a
1044 3332 1252 3387 dextris
1284 3331 1396 3384 Dei.

352 3423 658 3489 Quomodo
681 3420 767 3476 vel
791 3420 1042 3491 qualiter
1063 3417 1367 3491 praesentis
1388 3415 1780 3472 solemnitatis
1796 3431 1935 3487 gau-

280 3511 762 3581 dia,ascendente
788 3506 1325 3579 Domino,angelica
1338 3505 1651 3561 declaravit
1673 3504 1936 3559 sublimi-

278 3612 521 3666 tas,non
545 3602 738 3671 potest
759 3614 854 3653 ore
878 3598 1213 3663 dicere,non
1237 3596 1407 3651 corde
1420 3595 1722 3666 concipere
1739 3593 1938 3647 huma-

282 3711 362 3748 na
385 3688 811 3761 fragilitas.Sed
834 3690 1029 3742 tamen
1057 3686 1198 3741 illud
1226 3684 1703 3750 unum,utLucas
1718 3686 1935 3746 narrat,

283 3776 701 3836 testimonium
754 3775 1096 3831 admirabile
1140 3779 1314 3846 atque
1336 3773 1689 3844 jucundum,
1731 3771 1937 3826 ofﬁciis

285 3866 709 3926 ecclesiasticis
728 3865 869 3920 adeo
885 3865 1086 3920 festive
1108 3861 1637 3923 recitandum.huic
1658 3860 1943 3917 declama-

288 3955 571 4016 tiunculze
604 3955 853 4026 dignum
878 3953 1156 4008 duximus
1181 3951 1939 4021 inserendumﬂumquein-

290 4054 585 4105 tuerentur
612 4044 847 4116 apostoli
896 4044 1192 4098 Dominum
1241 4049 1456 4096 euntem
1486 4043 1545 4095 in
1575 4040 1794 4105 emtum,
1826 4056 1942 4094 erce

288 4138 400 4192 duo
429 4137 538 4190 viri
564 4135 857 4188 astiterunt
870 4137 1035 4202 furta
1058 4132 1179 4186 illos
1212 4132 1270 4185 in
1309 4131 1539 4187 vestibus
1577 4129 1738 4193 albis,
1770 4130 1866 4201 qui
1894 4135 1944 4182 et

289 4228 603 4283 dircrunt:
662 4223 789 4279 Viri
841 4221 1080 4287 Galiltci,
1117 4220 1247 4291 quid
1303 4220 1454 4274 statis
1510 4219 1826 4289 aspicientes
1884 4218 1944 4271 in

292 4315 501 4373 cwlum
516 4318 541 4368 ?
572 4318 621 4368 Η
629 4315 677 4367 ie
704 4317 863 4367 Jesus
885 4311 982 4381 qui
1001 4317 1307 4380 assumptus
1318 4313 1399 4363 est
1418 4325 1452 4362 a
1478 4308 1624 4362 vobis
1645 4309 1703 4362 in
1722 4307 1940 4371 artum,

293 4408 375 4461 sic
397 4404 572 4459 veniet
601 4398 1056 4474 quemadmodum
1086 4398 1303 4453 vidistis
1332 4413 1458 4452 enm
1487 4404 1704 4452 euntem
1738 4396 1792 4450 ὦ
1843 4410 1946 4451 cte-

2046 3246 2335 3313 pararc,et
2358 3245 2688 3312 reparatam
2706 3238 2764 3294 in
2790 3239 2939 3312 ipso,
2974 3241 3257 3298 hodierna
3291 3242 3603 3300 festivitate
3626 3249 3697 3302 ad

2046 3347 2108 3385 se
2134 3330 2411 3401 dignatus
2444 3334 2533 3381 est
2563 3330 2963 3393 revocarc.Qui
2987 3347 3123 3386 cum
3147 3348 3214 3386 eo
3246 3331 3383 3386 vivit
3412 3336 3469 3387 et
3494 3340 3701 3407 regnat

2046 3419 2105 3474 in
2140 3418 2361 3473 unitate
2390 3418 2644 3489 Spiritus
2667 3419 2855 3496 sancti
2911 3425 3057 3476 Deus
3104 3436 3209 3493 per
3249 3420 3448 3477 omnia
3487 3423 3700 3479 sescnla

2045 3507 2415 3564 saeculorum.
2449 3508 2653 3561 Amen.

2687 3595 2929 3652 SEllMO
2962 3597 3053 3653 IX.

2565 3700 2622 3738 IN
2656 3701 2746 3738 DIE
2777 3702 3159 3742 PENTECOSTES
3170 3729 3181 3741 .

2122 3772 2444 3829 Indicibilis
2475 3778 2531 3828 et
2564 3772 2853 3829 immensa
2877 3775 3180 3846 praesentis
3202 3776 3313 3831 diei
3342 3778 3621 3849 maiestas
3644 3784 3701 3835 et

2048 3862 2256 3934 gloria,
2287 3864 2461 3917 verbo
2492 3861 2836 3932 praesidente
2866 3868 2923 3917 et
2972 3863 3193 3936 linguis
3244 3866 3596 3938 faventibus,
3645 3870 3697 3924 vi

2052 3950 2296 4022 propria:
2318 3948 2621 4021 potestatis
2635 3948 2813 4020 exigit
2831 3954 2895 4004 ut
2916 3950 3180 4006 dicamus
3195 3970 3299 4023 pro
3319 3970 3490 4023 posse
3511 3973 3697 4027 quan-

2051 4045 2175 4096 tum
2213 4038 2410 4093 divina
2440 4038 2739 4093 miseratio
2774 4038 3028 4094 miseriis
3061 4038 3337 4096 humanis
3381 4044 3696 4101 consuluit.

2052 4128 2228 4183 Scitis
2246 4128 2524 4198 quoniam
2551 4128 3011 4199 unumquodpue
3030 4128 3328 4199 negotium
3360 4147 3492 4185 cum
3528 4132 3705 4189 fuerit

2055 4216 2127 4271 ad
2172 4219 2347 4270 linem
2392 4215 2735 4279 deductum,
2779 4221 3109 4271 exercentes
3159 4234 3221 4272 se
3267 4219 3701 4287 quodammodo

2055 4303 2351 4377 compellit
2378 4305 2436 4358 in
2469 4320 2596 4358 sese
2626 4302 2895 4374 colligere
2927 4304 3222 4376 simulque
3257 4308 3543 4363 revolvere
3560 4309 3700 4380 quid

2057 4393 2559 4464 maeroris,quidve
2592 4391 2799 4446 notitiae
2824 4392 2883 4447 in
2907 4391 3033 4465 ipso
3062 4393 3306 4449 actionis
3329 4394 3537 4452 itinere
3566 4414 3701 4452 con-

297 4496 436 4548 tum.
471 4484 1949 4557 AscendenteDominoangeliapparuisseleguntur
1978 4501 2026 4565 Ι)
2059 4484 2191 4555 tigit
2220 4482 2501 4537 evenisse.
2546 4482 2663 4535 Hoc
2713 4498 2845 4536 vero
2895 4482 3253 4553 permaxima
3293 4489 3357 4539 ut
3407 4486 3526 4552 fiat,
3578 4486 3707 4559 ipsa

298 4584 361 4637 in
392 4580 653 4636 vestibus
685 4576 1006 4648 albis,quia
1027 4576 1350 4630 humanum
1369 4573 1741 4645 genus,quod
1764 4573 1951 4627 fuerat

298 4671 599 4727 obtectum
634 4666 889 4723 tenebris
920 4665 1227 4720 mortifera:
1254 4662 1549 4728 cmcitatis,
1574 4679 1674 4734 per
1702 4661 1950 4735 gratiam

297 4758 515 4815 Christi
533 4753 1477 4827 meruitpercipereindumentum
1502 4752 1953 4822 azternzrjucun-

301 4848 591 4915 ditatis,et
620 4845 984 4901 consortium
1032 4841 1303 4914 angelicae
1353 4840 1677 4913 dignitatis.
1730 4842 1950 4895 Instru-

302 4936 489 4995 menti
524 4933 744 4991 Veteris
777 4931 1278 4997 auctoritatem,ut
1310 4928 1745 5002 proposuimus,
1768 4928 1951 4982 multo

302 5031 443 5084 ante
472 5022 875 5094 multipliciter
892 5019 1315 5092 przenuntiasse
1329 5016 1706 5073 manifestum
1722 5016 1954 5086 est,illis

300 5113 578 5172 videlicet
608 5111 707 5183 qui
742 5109 1101 5181 Scripturam
1118 5112 1377 5163 sanctam
1392 5111 1449 5162 et
1470 5106 1730 5162 studiose
1759 5104 1960 5177 legunt

305 5210 365 5260 et
400 5201 646 5257 fideliter
668 5196 1031 5270 intelligunt.
1075 5196 1221 5262 Quid
1267 5213 1369 5268 per
1418 5194 1610 5251 Enoch
1661 5193 1962 5265 Scriptura

308 5291 514 5346 divina
543 5289 758 5344 clamat
807 5285 1180 5351 translatum,
1218 5284 1357 5357 quid
1410 5300 1512 5355 per
1558 5281 1743 5337 Ellam
1796 5282 1963 5353 igneo

309 5398 487 5435 curru
504 5381 897 5434 transvectum
915 5374 1027 5430 nisi
1043 5374 1355 5429 Dominum
1369 5371 1666 5428 Christum
1684 5371 1966 5427 hodierna

310 5468 627 5526 festivitate
660 5466 717 5521 in
751 5466 984 5521 dextera
1015 5467 1264 5535 paterna:
1289 5461 1614 5533 majestatis
1642 5460 1967 5515 elcvatum?

312 5560 484 5617 Sicut
515 5557 640 5631 ipse
656 5574 758 5630 per
775 5554 1122 5627 Prophetam
1142 5552 1199 5609 in
1213 5551 1441 5625 psalmo
1462 5550 1603 5607 dicit
1624 5550 1693 5605 ad
1710 5550 1965 5606 Patrem:

2060 4574 2382 4642 eademque
2419 4589 2510 4625 res
2538 4588 2865 4642 congruum
2905 4571 3023 4627 fore
3064 4572 3391 4644 didjudicat
3417 4579 3707 4647 quatenus

2062 4660 2606 4733 ereptusliberatori
2629 4660 2847 4731 gratias
2878 4660 3172 4727 referat,et
3203 4662 3463 4730 largitori
3498 4663 3706 4720 laetitia:

2063 4750 2340 4807 omnibus
2358 4748 2503 4804 votis
2527 4749 2902 4813 adhaereat,et
2928 4765 3061 4805 cum
3096 4750 3382 4822 Propheta
3411 4751 3621 4808 clamet
3652 4759 3711 4809 et

2062 4840 2215 4896 dicat
2251 4857 2263 4894 :
2297 4840 2444 4894 Mihi
2471 4846 2659 4893 autem
2704 4839 2810 4893 Deo
2838 4838 3119 4895 adhaerere
3148 4841 3347 4895 bonum
3376 4845 3473 4909 est,
3510 4858 3711 4913 ponere

2064 4932 2124 4985 in
2153 4930 2380 4985 Domino
2410 4929 2517 4984 Deo
2564 4944 2711 4999 spem
2741 4944 2938 4982 meam.
2989 4927 3047 4981 Si
3078 4933 3287 4984 nostras
3338 4930 3713 4989 mortalitatis

2065 5019 2413 5084 defectus,et
2442 5016 2783 5088 quotidiana
2813 5016 3106 5082 delicta,et
3135 5017 3324 5073 dubiae
3358 5019 3485 5074 vita:
3514 5022 3713 5093 praeci-

2068 5106 2220 5177 pites
2250 5122 2481 5169 cursus,
2525 5103 2775 5160 sollicita
2822 5104 3286 5162 consideratione
3337 5107 3407 5162 ad
3460 5113 3713 5166 mentem

2072 5195 2346 5249 reducere
2378 5209 2840 5259 commonemur,
2875 5191 3059 5249 multo
3083 5195 3272 5268 magis
3293 5212 3467 5268 opera
3491 5197 3717 5255 miseri-

2074 5284 2282 5339 cordia-
2313 5300 2442 5354 qum
2472 5282 2623 5336 circa
2672 5287 2933 5337 nostram
2980 5281 3228 5339 salutem
3279 5284 3487 5341 salutis
3519 5292 3721 5344 auctor

2077 5370 2352 5436 exercuit,
2385 5387 2619 5425 summa
2648 5387 2781 5424 cum
2797 5371 3167 5427 veneratione
3183 5390 3288 5427 nos
3320 5373 3569 5430 recolere
3590 5392 3720 5430 con-

2077 5461 2251 5518 venit.

2149 5550 2465 5605 Videamus
2494 5547 2680 5604 saltus
2702 5566 2849 5622 quos
2872 5567 2974 5624 pro
2998 5551 3165 5608 nobis
3196 5552 3495 5608 incarnata
3511 5550 3717 5607 divini-
