  <div class='ocr_page' id='page_1' title='image "/cluster/home/n/w/nwhite01/storage/ocr_20150623/142/hvd.32044054760020/513.png"; bbox 0 0 4020 6180; ppageno 0'>
   <div class='ocr_carea' id='block_1_1' title="bbox 475 297 640 366">
    <p class='ocr_par' dir='ltr' id='par_1_1' title="bbox 475 297 640 366">
     <span class='ocr_line' id='line_1_1' title="bbox 475 297 640 366; baseline 0 -1"><span class='ocrx_word' id='word_1_1' title='bbox 475 297 640 366; x_wconf 63' lang='grc'>1015</span> 
     </span>
    </p>
   </div>
   <div class='ocr_carea' id='block_1_2' title="bbox 1402 285 2959 361">
    <p class='ocr_par' dir='ltr' id='par_1_2' title="bbox 1402 285 2959 361">
     <span class='ocr_line' id='line_1_2' title="bbox 1402 285 2959 361; baseline -0.006 0"><span class='ocrx_word' id='word_1_2' title='bbox 1402 297 1468 361; x_wconf 88' lang='lat' dir='ltr'>S.</span> <span class='ocrx_word' id='word_1_3' title='bbox 1500 293 1862 361; x_wconf 88' lang='lat' dir='ltr'>ODILONIS</span> <span class='ocrx_word' id='word_1_4' title='bbox 1904 285 2466 354; x_wconf 79' lang='lat' dir='ltr'>CLUNIAGENSIS</span> <span class='ocrx_word' id='word_1_5' title='bbox 2509 289 2840 352; x_wconf 77' lang='lat' dir='ltr'>ABBA&#39;I‘IS</span> <span class='ocrx_word' id='word_1_6' title='bbox 2883 290 2959 352; x_wconf 80' lang='grc' dir='ltr'><strong>ν.</strong></span> 
     </span>
    </p>
   </div>
   <div class='ocr_carea' id='block_1_3' title="bbox 3663 291 3781 361">
    <p class='ocr_par' dir='ltr' id='par_1_3' title="bbox 3663 291 3781 361">
     <span class='ocr_line' id='line_1_3' title="bbox 3663 291 3781 361; baseline 0.008 -1"><span class='ocrx_word' id='word_1_7' title='bbox 3663 291 3781 361; x_wconf 65' lang='lat' dir='ltr'>l0“</span> 
     </span>
    </p>
   </div>
   <div class='ocr_carea' id='block_1_4' title="bbox 479 423 3783 508">
    <p class='ocr_par' dir='ltr' id='par_1_4' title="bbox 479 423 3783 508">
     <span class='ocr_line' id='line_1_4' title="bbox 479 423 3783 508; baseline -0.003 -15"><span class='ocrx_word' id='word_1_8' title='bbox 479 439 572 494; x_wconf 88' lang='lat' dir='ltr'>tas</span> <span class='ocrx_word' id='word_1_9' title='bbox 602 435 783 503; x_wconf 89' lang='lat' dir='ltr'>dedit,</span> <span class='ocrx_word' id='word_1_10' title='bbox 814 433 1136 508; x_wconf 87' lang='lat' dir='ltr'>cogitemus</span> <span class='ocrx_word' id='word_1_11' title='bbox 1185 432 1325 506; x_wconf 87' lang='lat' dir='ltr'>quid</span> <span class='ocrx_word' id='word_1_12' title='bbox 1378 432 1534 488; x_wconf 87' lang='lat' dir='ltr'>Deus</span> <span class='ocrx_word' id='word_1_13' title='bbox 1563 431 1619 486; x_wconf 89' lang='lat' dir='ltr'>in</span> <span class='ocrx_word' id='word_1_14' title='bbox 1651 429 1888 485; x_wconf 84' lang='lat' dir='ltr'>homine</span> <span class='ocrx_word' id='word_1_15' title='bbox 1922 427 2124 501; x_wconf 80' lang='lat' dir='ltr'>gessit,</span> <span class='ocrx_word' id='word_1_16' title='bbox 2155 423 2212 489; x_wconf 81' lang='grc' dir='ltr'><strong>Α</strong></span> <span class='ocrx_word' id='word_1_17' title='bbox 2240 425 2504 482; x_wconf 81' lang='lat' dir='ltr'>victimas</span> <span class='ocrx_word' id='word_1_18' title='bbox 2528 425 2921 483; x_wconf 86' lang='lat' dir='ltr'>immolemus.</span> <span class='ocrx_word' id='word_1_19' title='bbox 2954 423 3286 482; x_wconf 88' lang='lat' dir='ltr'>Duodennis</span> <span class='ocrx_word' id='word_1_20' title='bbox 3328 425 3385 482; x_wconf 90' lang='lat' dir='ltr'>in</span> <span class='ocrx_word' id='word_1_21' title='bbox 3428 427 3618 502; x_wconf 85' lang='lat' dir='ltr'>templo</span> <span class='ocrx_word' id='word_1_22' title='bbox 3642 437 3783 490; x_wconf 74' lang='lat' dir='ltr'>matre</span> 
     </span>
    </p>
   </div>
   <div class='ocr_carea' id='block_1_5' title="bbox 483 518 2128 599">
    <p class='ocr_par' dir='ltr' id='par_1_5' title="bbox 483 518 2128 599">
     <span class='ocr_line' id='line_1_5' title="bbox 483 518 2128 599; baseline -0.007 -17"><span class='ocrx_word' id='word_1_23' title='bbox 483 525 626 599; x_wconf 91' lang='lat' dir='ltr'>quid</span> <span class='ocrx_word' id='word_1_24' title='bbox 657 525 831 581; x_wconf 89' lang='lat' dir='ltr'>homo</span> <span class='ocrx_word' id='word_1_25' title='bbox 861 541 894 580; x_wconf 89' lang='lat' dir='ltr'>a</span> <span class='ocrx_word' id='word_1_26' title='bbox 923 524 1038 580; x_wconf 90' lang='lat' dir='ltr'>Deo</span> <span class='ocrx_word' id='word_1_27' title='bbox 1072 526 1420 594; x_wconf 79' lang='lat' dir='ltr'>assumptus</span> <span class='ocrx_word' id='word_1_28' title='bbox 1469 518 1807 592; x_wconf 83' lang='lat' dir='ltr'>temporalis</span> <span class='ocrx_word' id='word_1_29' title='bbox 1838 533 2128 590; x_wconf 84' lang='lat' dir='ltr'>apparens</span> 
     </span>
    </p>
   </div>
   <div class='ocr_carea' id='block_1_6' title="bbox 482 605 2127 688">
    <p class='ocr_par' dir='ltr' id='par_1_6' title="bbox 482 605 2127 688">
     <span class='ocr_line' id='line_1_6' title="bbox 482 605 2127 688; baseline -0.007 -17"><span class='ocrx_word' id='word_1_30' title='bbox 482 613 860 688; x_wconf 79' lang='lat' dir='ltr'>corporaliter</span> <span class='ocrx_word' id='word_1_31' title='bbox 889 611 1146 686; x_wconf 90' lang='lat' dir='ltr'>pertulit.</span> <span class='ocrx_word' id='word_1_32' title='bbox 1183 611 1345 678; x_wconf 86' lang='lat' dir='ltr'>Quod</span> <span class='ocrx_word' id='word_1_33' title='bbox 1393 610 1550 666; x_wconf 90' lang='lat' dir='ltr'>enim</span> <span class='ocrx_word' id='word_1_34' title='bbox 1603 608 1801 665; x_wconf 88' lang='lat' dir='ltr'>omnia</span> <span class='ocrx_word' id='word_1_35' title='bbox 1839 605 2127 663; x_wconf 89' lang='lat' dir='ltr'>Dominici</span> 
     </span>
    </p>
   </div>
   <div class='ocr_carea' id='block_1_7' title="bbox 481 696 2128 774">
    <p class='ocr_par' dir='ltr' id='par_1_7' title="bbox 481 696 2128 774">
     <span class='ocr_line' id='line_1_7' title="bbox 481 696 2128 774; baseline -0.006 -15"><span class='ocrx_word' id='word_1_36' title='bbox 481 705 767 760; x_wconf 85' lang='lat' dir='ltr'>adventus</span> <span class='ocrx_word' id='word_1_37' title='bbox 787 701 1064 774; x_wconf 80' lang='lat' dir='ltr'>mysteria</span> <span class='ocrx_word' id='word_1_38' title='bbox 1089 701 1189 757; x_wconf 97' lang='lat' dir='ltr'>Dei</span> <span class='ocrx_word' id='word_1_39' title='bbox 1211 700 1402 756; x_wconf 84' lang='lat' dir='ltr'>Patris</span> <span class='ocrx_word' id='word_1_40' title='bbox 1423 699 1541 755; x_wconf 87' lang='lat' dir='ltr'>sint</span> <span class='ocrx_word' id='word_1_41' title='bbox 1557 696 1853 754; x_wconf 83' lang='lat' dir='ltr'>voluntate</span> <span class='ocrx_word' id='word_1_42' title='bbox 1874 699 2128 768; x_wconf 88' lang='lat' dir='ltr'>peracta,</span> 
     </span>
    </p>
   </div>
   <div class='ocr_carea' id='block_1_8' title="bbox 485 783 2130 863">
    <p class='ocr_par' dir='ltr' id='par_1_8' title="bbox 485 783 2130 863">
     <span class='ocr_line' id='line_1_8' title="bbox 485 783 2130 863; baseline -0.005 -16"><span class='ocrx_word' id='word_1_43' title='bbox 485 791 630 848; x_wconf 90' lang='lat' dir='ltr'>nulli</span> <span class='ocrx_word' id='word_1_44' title='bbox 661 791 909 846; x_wconf 89' lang='lat' dir='ltr'>dubium</span> <span class='ocrx_word' id='word_1_45' title='bbox 945 791 1086 863; x_wconf 90' lang='lat' dir='ltr'>quin</span> <span class='ocrx_word' id='word_1_46' title='bbox 1118 789 1456 845; x_wconf 90' lang='lat' dir='ltr'>ﬁrmissime</span> <span class='ocrx_word' id='word_1_47' title='bbox 1487 791 1680 843; x_wconf 82' lang='lat' dir='ltr'>teneat</span> <span class='ocrx_word' id='word_1_48' title='bbox 1697 786 1840 842; x_wconf 86' lang='lat' dir='ltr'>ﬁdes</span> <span class='ocrx_word' id='word_1_49' title='bbox 1859 783 2130 840; x_wconf 88' lang='lat' dir='ltr'>ecclesia-</span> 
     </span>
    </p>
   </div>
   <div class='ocr_carea' id='block_1_9' title="bbox 486 873 2132 951">
    <p class='ocr_par' dir='ltr' id='par_1_9' title="bbox 486 873 2132 951">
     <span class='ocr_line' id='line_1_9' title="bbox 486 873 2132 951; baseline -0.005 -15"><span class='ocrx_word' id='word_1_50' title='bbox 486 880 820 944; x_wconf 88' lang='lat' dir='ltr'>stica.Quod</span> <span class='ocrx_word' id='word_1_51' title='bbox 853 883 912 936; x_wconf 93' lang='lat' dir='ltr'>et</span> <span class='ocrx_word' id='word_1_52' title='bbox 940 878 1196 951; x_wconf 83' lang='lat' dir='ltr'>Spiritus</span> <span class='ocrx_word' id='word_1_53' title='bbox 1247 881 1485 933; x_wconf 89' lang='lat' dir='ltr'>sanctus</span> <span class='ocrx_word' id='word_1_54' title='bbox 1529 874 1683 931; x_wconf 82' lang='lat' dir='ltr'>Patri</span> <span class='ocrx_word' id='word_1_55' title='bbox 1723 878 1781 930; x_wconf 90' lang='lat' dir='ltr'>et</span> <span class='ocrx_word' id='word_1_56' title='bbox 1812 873 1955 929; x_wconf 87' lang='lat' dir='ltr'>Filio</span> <span class='ocrx_word' id='word_1_57' title='bbox 1987 889 2132 928; x_wconf 80' lang='lat' dir='ltr'>coae-</span> 
     </span>
    </p>
   </div>
   <div class='ocr_carea' id='block_1_10' title="bbox 487 961 2130 1041">
    <p class='ocr_par' dir='ltr' id='par_1_10' title="bbox 487 961 2130 1041">
     <span class='ocr_line' id='line_1_10' title="bbox 487 961 2130 1041; baseline -0.006 -16"><span class='ocrx_word' id='word_1_58' title='bbox 487 973 692 1026; x_wconf 88' lang='lat' dir='ltr'>ternus</span> <span class='ocrx_word' id='word_1_59' title='bbox 716 967 794 1024; x_wconf 85' lang='lat' dir='ltr'>sit</span> <span class='ocrx_word' id='word_1_60' title='bbox 821 970 1178 1041; x_wconf 89' lang='lat' dir='ltr'>cooperator,</span> <span class='ocrx_word' id='word_1_61' title='bbox 1212 970 1269 1022; x_wconf 90' lang='lat' dir='ltr'>et</span> <span class='ocrx_word' id='word_1_62' title='bbox 1312 970 1518 1021; x_wconf 85' lang='lat' dir='ltr'>auctor</span> <span class='ocrx_word' id='word_1_63' title='bbox 1559 964 1821 1035; x_wconf 75' lang='lat' dir='ltr'>ejusdem</span> <span class='ocrx_word' id='word_1_64' title='bbox 1856 961 1982 1017; x_wconf 89' lang='lat' dir='ltr'>Filii</span> <span class='ocrx_word' id='word_1_65' title='bbox 2034 961 2130 1016; x_wconf 90' lang='lat' dir='ltr'>Dei</span> 
     </span>
    </p>
   </div>
   <div class='ocr_carea' id='block_1_11' title="bbox 490 1051 2133 1131">
    <p class='ocr_par' dir='ltr' id='par_1_11' title="bbox 490 1051 2133 1131">
     <span class='ocr_line' id='line_1_11' title="bbox 490 1051 2133 1131; baseline -0.006 -17"><span class='ocrx_word' id='word_1_66' title='bbox 490 1061 808 1131; x_wconf 71' lang='lat' dir='ltr'>assumpta:</span> <span class='ocrx_word' id='word_1_67' title='bbox 838 1055 1246 1124; x_wconf 88' lang='lat' dir='ltr'>humanitatis,</span> <span class='ocrx_word' id='word_1_68' title='bbox 1277 1054 1425 1110; x_wconf 88' lang='lat' dir='ltr'>tanti</span> <span class='ocrx_word' id='word_1_69' title='bbox 1453 1052 1798 1109; x_wconf 87' lang='lat' dir='ltr'>sacramenti</span> <span class='ocrx_word' id='word_1_70' title='bbox 1831 1051 2133 1106; x_wconf 78' lang='lat' dir='ltr'>exordium</span> 
     </span>
    </p>
   </div>
   <div class='ocr_carea' id='block_1_12' title="bbox 491 1139 2134 1217">
    <p class='ocr_par' dir='ltr' id='par_1_12' title="bbox 491 1139 2134 1217">
     <span class='ocr_line' id='line_1_12' title="bbox 491 1139 2134 1217; baseline -0.005 -15"><span class='ocrx_word' id='word_1_71' title='bbox 491 1145 1000 1203; x_wconf 89' lang='lat' dir='ltr'>declarat.Christo</span> <span class='ocrx_word' id='word_1_72' title='bbox 1023 1161 1278 1217; x_wconf 83' lang='lat' dir='ltr'>namque</span> <span class='ocrx_word' id='word_1_73' title='bbox 1301 1142 1754 1198; x_wconf 84' lang='lat' dir='ltr'>misericorditer</span> <span class='ocrx_word' id='word_1_74' title='bbox 1773 1141 1842 1195; x_wconf 86' lang='lat' dir='ltr'>ad</span> <span class='ocrx_word' id='word_1_75' title='bbox 1867 1139 2134 1195; x_wconf 87' lang='lat' dir='ltr'>homines</span> 
     </span>
    </p>
   </div>
   <div class='ocr_carea' id='block_1_13' title="bbox 489 1227 2132 1308">
    <p class='ocr_par' dir='ltr' id='par_1_13' title="bbox 489 1227 2132 1308">
     <span class='ocr_line' id='line_1_13' title="bbox 489 1227 2132 1308; baseline -0.005 -18"><span class='ocrx_word' id='word_1_76' title='bbox 489 1236 778 1303; x_wconf 85' lang='lat' dir='ltr'>veniente,</span> <span class='ocrx_word' id='word_1_77' title='bbox 813 1234 1066 1308; x_wconf 89' lang='lat' dir='ltr'>Spiritus</span> <span class='ocrx_word' id='word_1_78' title='bbox 1098 1237 1337 1289; x_wconf 89' lang='lat' dir='ltr'>sanctus</span> <span class='ocrx_word' id='word_1_79' title='bbox 1373 1232 1429 1286; x_wconf 93' lang='lat' dir='ltr'>in</span> <span class='ocrx_word' id='word_1_80' title='bbox 1453 1229 1751 1302; x_wconf 73' lang='lat' dir='ltr'>Virginem</span> <span class='ocrx_word' id='word_1_81' title='bbox 1778 1227 2132 1301; x_wconf 87' lang='lat' dir='ltr'>supervenit.</span> 
     </span>
    </p>
   </div>
   <div class='ocr_carea' id='block_1_14' title="bbox 493 1314 2137 1391">
    <p class='ocr_par' dir='ltr' id='par_1_14' title="bbox 493 1314 2137 1391">
     <span class='ocr_line' id='line_1_14' title="bbox 493 1314 2137 1391; baseline -0.008 -10"><span class='ocrx_word' id='word_1_82' title='bbox 493 1323 724 1381; x_wconf 90' lang='lat' dir='ltr'>Christo</span> <span class='ocrx_word' id='word_1_83' title='bbox 757 1323 814 1379; x_wconf 92' lang='lat' dir='ltr'>in</span> <span class='ocrx_word' id='word_1_84' title='bbox 838 1323 1026 1380; x_wconf 88' lang='lat' dir='ltr'>Patris</span> <span class='ocrx_word' id='word_1_85' title='bbox 1057 1323 1293 1378; x_wconf 83' lang='lat' dir='ltr'>dextera</span> <span class='ocrx_word' id='word_1_86' title='bbox 1316 1318 1623 1391; x_wconf 89' lang='lat' dir='ltr'>magniﬁce</span> <span class='ocrx_word' id='word_1_87' title='bbox 1666 1316 1976 1379; x_wconf 88' lang='lat' dir='ltr'>residente,</span> <span class='ocrx_word' id='word_1_88' title='bbox 2009 1314 2137 1388; x_wconf 83' lang='lat' dir='ltr'>Spi-</span> 
     </span>
    </p>
   </div>
   <div class='ocr_carea' id='block_1_15' title="bbox 491 1403 2136 1484">
    <p class='ocr_par' dir='ltr' id='par_1_15' title="bbox 491 1403 2136 1484">
     <span class='ocr_line' id='line_1_15' title="bbox 491 1403 2136 1484; baseline -0.008 -14"><span class='ocrx_word' id='word_1_89' title='bbox 491 1413 643 1470; x_wconf 86' lang='lat' dir='ltr'>ritus</span> <span class='ocrx_word' id='word_1_90' title='bbox 674 1417 913 1470; x_wconf 88' lang='lat' dir='ltr'>sanetus</span> <span class='ocrx_word' id='word_1_91' title='bbox 943 1428 1121 1484; x_wconf 87' lang='lat' dir='ltr'>super</span> <span class='ocrx_word' id='word_1_92' title='bbox 1150 1407 1442 1482; x_wconf 85' lang='lat' dir='ltr'>apostolos</span> <span class='ocrx_word' id='word_1_93' title='bbox 1471 1405 1793 1474; x_wconf 87' lang='lat' dir='ltr'>descendit,</span> <span class='ocrx_word' id='word_1_94' title='bbox 1825 1405 1977 1461; x_wconf 90' lang='lat' dir='ltr'>sicut</span> <span class='ocrx_word' id='word_1_95' title='bbox 2007 1403 2136 1458; x_wconf 90' lang='lat' dir='ltr'>uni-</span> 
     </span>
    </p>
   </div>
   <div class='ocr_carea' id='block_1_16' title="bbox 493 1495 2140 1568">
    <p class='ocr_par' dir='ltr' id='par_1_16' title="bbox 493 1495 2140 1568">
     <span class='ocr_line' id='line_1_16' title="bbox 493 1495 2140 1568; baseline -0.006 -10"><span class='ocrx_word' id='word_1_96' title='bbox 493 1501 734 1559; x_wconf 85' lang='lat' dir='ltr'>versalis</span> <span class='ocrx_word' id='word_1_97' title='bbox 765 1499 1088 1557; x_wconf 89' lang='lat' dir='ltr'>Ecclesiain</span> <span class='ocrx_word' id='word_1_98' title='bbox 1104 1499 1306 1556; x_wconf 89' lang='lat' dir='ltr'>eodem</span> <span class='ocrx_word' id='word_1_99' title='bbox 1321 1495 1529 1568; x_wconf 86' lang='lat' dir='ltr'>spiritu</span> <span class='ocrx_word' id='word_1_100' title='bbox 1544 1498 1891 1568; x_wconf 89' lang='lat' dir='ltr'>congregata</span> <span class='ocrx_word' id='word_1_101' title='bbox 1906 1511 2140 1548; x_wconf 90' lang='lat' dir='ltr'>summa</span> 
     </span>
    </p>
   </div>
   <div class='ocr_carea' id='block_1_17' title="bbox 494 1582 2137 1646">
    <p class='ocr_par' dir='ltr' id='par_1_17' title="bbox 494 1582 2137 1646">
     <span class='ocr_line' id='line_1_17' title="bbox 494 1582 2137 1646; baseline -0.006 0"><span class='ocrx_word' id='word_1_102' title='bbox 494 1607 628 1646; x_wconf 91' lang='lat' dir='ltr'>cum</span> <span class='ocrx_word' id='word_1_103' title='bbox 670 1590 1040 1646; x_wconf 87' lang='lat' dir='ltr'>veneratione</span> <span class='ocrx_word' id='word_1_104' title='bbox 1088 1587 1260 1643; x_wconf 88' lang='lat' dir='ltr'>hodie</span> <span class='ocrx_word' id='word_1_105' title='bbox 1302 1585 1676 1641; x_wconf 88' lang='lat' dir='ltr'>devotissimc</span> <span class='ocrx_word' id='word_1_106' title='bbox 1723 1582 1940 1639; x_wconf 90' lang='lat' dir='ltr'>recolit.</span> <span class='ocrx_word' id='word_1_107' title='bbox 1991 1582 2137 1638; x_wconf 89' lang='lat' dir='ltr'>Cum</span> 
     </span>
    </p>
   </div>
   <div class='ocr_carea' id='block_1_18' title="bbox 493 1671 2140 1747">
    <p class='ocr_par' dir='ltr' id='par_1_18' title="bbox 493 1671 2140 1747">
     <span class='ocr_line' id='line_1_18' title="bbox 493 1671 2140 1747; baseline -0.005 -13"><span class='ocrx_word' id='word_1_108' title='bbox 493 1679 649 1734; x_wconf 90' lang='lat' dir='ltr'>enim</span> <span class='ocrx_word' id='word_1_109' title='bbox 681 1678 964 1734; x_wconf 88' lang='lat' dir='ltr'>Dominus</span> <span class='ocrx_word' id='word_1_110' title='bbox 994 1694 1060 1733; x_wconf 89' lang='lat' dir='ltr'>ae</span> <span class='ocrx_word' id='word_1_111' title='bbox 1110 1677 1460 1747; x_wconf 82' lang='lat' dir='ltr'>Redemptor</span> <span class='ocrx_word' id='word_1_112' title='bbox 1509 1676 1706 1728; x_wconf 90' lang='lat' dir='ltr'>noster</span> <span class='ocrx_word' id='word_1_113' title='bbox 1753 1671 1942 1727; x_wconf 88' lang='lat' dir='ltr'>crucis</span> <span class='ocrx_word' id='word_1_114' title='bbox 1987 1674 2140 1727; x_wconf 86' lang='lat' dir='ltr'>esset</span> 
     </span>
    </p>
   </div>
   <div class='ocr_carea' id='block_1_19' title="bbox 2238 515 3784 592">
    <p class='ocr_par' dir='ltr' id='par_1_19' title="bbox 2238 515 3784 592">
     <span class='ocr_line' id='line_1_19' title="bbox 2238 515 3784 592; baseline 0.004 -20"><span class='ocrx_word' id='word_1_115' title='bbox 2238 518 2478 592; x_wconf 81' lang='lat' dir='ltr'>Virgine</span> <span class='ocrx_word' id='word_1_116' title='bbox 2510 515 2804 572; x_wconf 89' lang='lat' dir='ltr'>nesciente</span> <span class='ocrx_word' id='word_1_117' title='bbox 2833 515 3136 582; x_wconf 88' lang='lat' dir='ltr'>remansit,</span> <span class='ocrx_word' id='word_1_118' title='bbox 3171 519 3298 588; x_wconf 89' lang='lat' dir='ltr'>post</span> <span class='ocrx_word' id='word_1_119' title='bbox 3323 515 3596 588; x_wconf 86' lang='lat' dir='ltr'>paululum</span> <span class='ocrx_word' id='word_1_120' title='bbox 3637 521 3784 579; x_wconf 70' lang='lat' dir='ltr'>studio</span> 
     </span>
    </p>
   </div>
   <div class='ocr_carea' id='block_1_20' title="bbox 2239 604 3787 676">
    <p class='ocr_par' dir='ltr' id='par_1_20' title="bbox 2239 604 3787 676">
     <span class='ocr_line' id='line_1_20' title="bbox 2239 604 3787 676; baseline 0.003 -14"><span class='ocrx_word' id='word_1_121' title='bbox 2239 607 2480 662; x_wconf 84' lang='lat' dir='ltr'>ferventi</span> <span class='ocrx_word' id='word_1_122' title='bbox 2511 621 2806 676; x_wconf 86' lang='lat' dir='ltr'>cursuque</span> <span class='ocrx_word' id='word_1_123' title='bbox 2850 604 3026 660; x_wconf 88' lang='lat' dir='ltr'>citato</span> <span class='ocrx_word' id='word_1_124' title='bbox 3075 604 3398 676; x_wconf 86' lang='lat' dir='ltr'>requiritur,</span> <span class='ocrx_word' id='word_1_125' title='bbox 3445 609 3511 673; x_wconf 89' lang='lat' dir='ltr'>et,</span> <span class='ocrx_word' id='word_1_126' title='bbox 3555 611 3612 662; x_wconf 91' lang='lat' dir='ltr'>ut</span> <span class='ocrx_word' id='word_1_127' title='bbox 3650 610 3787 667; x_wconf 77' lang='lat' dir='ltr'>Lucas</span> 
     </span>
    </p>
   </div>
   <div class='ocr_carea' id='block_1_21' title="bbox 2240 694 3786 767">
    <p class='ocr_par' dir='ltr' id='par_1_21' title="bbox 2240 694 3786 767">
     <span class='ocr_line' id='line_1_21' title="bbox 2240 694 3786 767; baseline 0.003 -16"><span class='ocrx_word' id='word_1_128' title='bbox 2240 698 2432 763; x_wconf 89' lang='lat' dir='ltr'>refert,</span> <span class='ocrx_word' id='word_1_129' title='bbox 2467 698 2525 752; x_wconf 84' lang='lat' dir='ltr'>in</span> <span class='ocrx_word' id='word_1_130' title='bbox 2576 695 2753 750; x_wconf 84' lang='lat' dir='ltr'>medio</span> <span class='ocrx_word' id='word_1_131' title='bbox 2793 695 3070 750; x_wconf 81' lang='lat' dir='ltr'>doctorum</span> <span class='ocrx_word' id='word_1_132' title='bbox 3115 694 3318 761; x_wconf 74' lang='lat' dir='ltr'>sedens,</span> <span class='ocrx_word' id='word_1_133' title='bbox 3365 712 3471 751; x_wconf 90' lang='lat' dir='ltr'>non</span> <span class='ocrx_word' id='word_1_134' title='bbox 3497 696 3786 767; x_wconf 81' lang='lat' dir='ltr'>docens,sed</span> 
     </span>
    </p>
   </div>
   <div class='ocr_carea' id='block_1_22' title="bbox 2239 783 3788 857">
    <p class='ocr_par' dir='ltr' id='par_1_22' title="bbox 2239 783 3788 857">
     <span class='ocr_line' id='line_1_22' title="bbox 2239 783 3788 857; baseline 0.001 -15"><span class='ocrx_word' id='word_1_135' title='bbox 2239 787 2470 843; x_wconf 83' lang='lat' dir='ltr'>discens</span> <span class='ocrx_word' id='word_1_136' title='bbox 2500 789 2556 840; x_wconf 90' lang='lat' dir='ltr'>et</span> <span class='ocrx_word' id='word_1_137' title='bbox 2603 783 2848 839; x_wconf 87' lang='lat' dir='ltr'>audiens</span> <span class='ocrx_word' id='word_1_138' title='bbox 2896 783 3206 838; x_wconf 84' lang='lat' dir='ltr'>invenitur.</span> <span class='ocrx_word' id='word_1_139' title='bbox 3257 787 3614 857; x_wconf 86' lang='lat' dir='ltr'>lnterrogante</span> <span class='ocrx_word' id='word_1_140' title='bbox 3645 793 3788 844; x_wconf 87' lang='lat' dir='ltr'>autem</span> 
     </span>
    </p>
   </div>
   <div class='ocr_carea' id='block_1_23' title="bbox 2241 871 3792 946">
    <p class='ocr_par' dir='ltr' id='par_1_23' title="bbox 2241 871 3792 946">
     <span class='ocr_line' id='line_1_23' title="bbox 2241 871 3792 946; baseline 0.001 -14"><span class='ocrx_word' id='word_1_141' title='bbox 2241 879 2448 939; x_wconf 90' lang='lat' dir='ltr'>matre,</span> <span class='ocrx_word' id='word_1_142' title='bbox 2482 891 2584 928; x_wconf 91' lang='lat' dir='ltr'>cur</span> <span class='ocrx_word' id='word_1_143' title='bbox 2611 890 2674 928; x_wconf 92' lang='lat' dir='ltr'>se</span> <span class='ocrx_word' id='word_1_144' title='bbox 2710 871 3018 946; x_wconf 85' lang='lat' dir='ltr'>ignorante</span> <span class='ocrx_word' id='word_1_145' title='bbox 3051 872 3350 938; x_wconf 83' lang='lat' dir='ltr'>remansit,</span> <span class='ocrx_word' id='word_1_146' title='bbox 3383 874 3437 928; x_wconf 92' lang='lat' dir='ltr'>in</span> <span class='ocrx_word' id='word_1_147' title='bbox 3479 875 3630 930; x_wconf 90' lang='lat' dir='ltr'>domo</span> <span class='ocrx_word' id='word_1_148' title='bbox 3659 877 3792 933; x_wconf 75' lang='lat' dir='ltr'>Patris</span> 
     </span>
    </p>
   </div>
   <div class='ocr_carea' id='block_1_24' title="bbox 2242 961 3794 1038">
    <p class='ocr_par' dir='ltr' id='par_1_24' title="bbox 2242 961 3794 1038">
     <span class='ocr_line' id='line_1_24' title="bbox 2242 961 3794 1038; baseline 0.001 -18"><span class='ocrx_word' id='word_1_149' title='bbox 2242 966 2331 1021; x_wconf 93' lang='lat' dir='ltr'>sui</span> <span class='ocrx_word' id='word_1_150' title='bbox 2365 981 2492 1019; x_wconf 90' lang='lat' dir='ltr'>esse</span> <span class='ocrx_word' id='word_1_151' title='bbox 2522 979 2583 1019; x_wconf 90' lang='lat' dir='ltr'>se</span> <span class='ocrx_word' id='word_1_152' title='bbox 2622 961 2943 1034; x_wconf 89' lang='lat' dir='ltr'>respondit.</span> <span class='ocrx_word' id='word_1_153' title='bbox 2993 962 3120 1017; x_wconf 65' lang='lat' dir='ltr'>Haec</span> <span class='ocrx_word' id='word_1_154' title='bbox 3165 962 3375 1018; x_wconf 84' lang='lat' dir='ltr'>etenim</span> <span class='ocrx_word' id='word_1_155' title='bbox 3422 963 3638 1035; x_wconf 85' lang='lat' dir='ltr'>puerilia</span> <span class='ocrx_word' id='word_1_156' title='bbox 3675 972 3794 1038; x_wconf 77' lang='lat' dir='ltr'>gesta</span> 
     </span>
    </p>
   </div>
   <div class='ocr_carea' id='block_1_25' title="bbox 2243 1050 3793 1110">
    <p class='ocr_par' dir='ltr' id='par_1_25' title="bbox 2243 1050 3793 1110">
     <span class='ocr_line' id='line_1_25' title="bbox 2243 1050 3793 1110; baseline 0 -1"><span class='ocrx_word' id='word_1_157' title='bbox 2243 1052 2539 1110; x_wconf 65' lang='lat' dir='ltr'>catholicas</span> <span class='ocrx_word' id='word_1_158' title='bbox 2571 1051 2704 1107; x_wconf 90' lang='lat' dir='ltr'>ﬁdei</span> <span class='ocrx_word' id='word_1_159' title='bbox 2735 1053 2875 1106; x_wconf 90' lang='lat' dir='ltr'>sunt</span> <span class='ocrx_word' id='word_1_160' title='bbox 2923 1050 3200 1107; x_wconf 87' lang='lat' dir='ltr'>ﬁrmitate</span> <span class='ocrx_word' id='word_1_161' title='bbox 3251 1051 3505 1107; x_wconf 83' lang='lat' dir='ltr'>subnixa.</span> <span class='ocrx_word' id='word_1_162' title='bbox 3549 1055 3668 1108; x_wconf 91' lang='lat' dir='ltr'>Cum</span> <span class='ocrx_word' id='word_1_163' title='bbox 3697 1071 3793 1109; x_wconf 83' lang='lat' dir='ltr'>vero</span> 
     </span>
    </p>
   </div>
   <div class='ocr_carea' id='block_1_26' title="bbox 2241 1139 3796 1212">
    <p class='ocr_par' dir='ltr' id='par_1_26' title="bbox 2241 1139 3796 1212">
     <span class='ocr_line' id='line_1_26' title="bbox 2241 1139 3796 1212; baseline -0.001 -12"><span class='ocrx_word' id='word_1_164' title='bbox 2241 1145 2413 1200; x_wconf 86' lang='lat' dir='ltr'>Jesus</span> <span class='ocrx_word' id='word_1_165' title='bbox 2436 1160 2468 1198; x_wconf 64' lang='grc' dir='ltr'>τι</span> <span class='ocrx_word' id='word_1_166' title='bbox 2490 1144 2674 1196; x_wconf 86' lang='lat' dir='ltr'>matre</span> <span class='ocrx_word' id='word_1_167' title='bbox 2703 1140 3044 1212; x_wconf 86' lang='lat' dir='ltr'>requiritur,</span> <span class='ocrx_word' id='word_1_168' title='bbox 3076 1139 3276 1210; x_wconf 89' lang='lat' dir='ltr'>procul</span> <span class='ocrx_word' id='word_1_169' title='bbox 3307 1140 3476 1196; x_wconf 92' lang='lat' dir='ltr'>dubio</span> <span class='ocrx_word' id='word_1_170' title='bbox 3501 1158 3648 1198; x_wconf 88' lang='lat' dir='ltr'>verus</span> <span class='ocrx_word' id='word_1_171' title='bbox 3670 1141 3796 1198; x_wconf 87' lang='lat' dir='ltr'>homo</span> 
     </span>
    </p>
   </div>
   <div class='ocr_carea' id='block_1_27' title="bbox 2245 1227 3796 1306">
    <p class='ocr_par' dir='ltr' id='par_1_27' title="bbox 2245 1227 3796 1306">
     <span class='ocr_line' id='line_1_27' title="bbox 2245 1227 3796 1306; baseline -0.003 -16"><span class='ocrx_word' id='word_1_172' title='bbox 2245 1230 2636 1306; x_wconf 84' lang='lat' dir='ltr'>cognoscitur.</span> <span class='ocrx_word' id='word_1_173' title='bbox 2669 1231 2822 1286; x_wconf 91' lang='lat' dir='ltr'>Dum</span> <span class='ocrx_word' id='word_1_174' title='bbox 2851 1246 2980 1286; x_wconf 89' lang='lat' dir='ltr'>esse</span> <span class='ocrx_word' id='word_1_175' title='bbox 3013 1246 3075 1285; x_wconf 90' lang='lat' dir='ltr'>se</span> <span class='ocrx_word' id='word_1_176' title='bbox 3104 1227 3162 1284; x_wconf 91' lang='lat' dir='ltr'>in</span> <span class='ocrx_word' id='word_1_177' title='bbox 3197 1229 3366 1284; x_wconf 93' lang='lat' dir='ltr'>domo</span> <span class='ocrx_word' id='word_1_178' title='bbox 3393 1229 3562 1286; x_wconf 85' lang='lat' dir='ltr'>Patris</span> <span class='ocrx_word' id='word_1_179' title='bbox 3597 1235 3796 1304; x_wconf 79' lang='lat' dir='ltr'>oportere</span> 
     </span>
    </p>
   </div>
   <div class='ocr_carea' id='block_1_28' title="bbox 2245 1317 3798 1388">
    <p class='ocr_par' dir='ltr' id='par_1_28' title="bbox 2245 1317 3798 1388">
     <span class='ocr_line' id='line_1_28' title="bbox 2245 1317 3798 1388; baseline -0.002 -10"><span class='ocrx_word' id='word_1_180' title='bbox 2245 1327 2552 1388; x_wconf 86' lang='lat' dir='ltr'>tcstatur,a</span> <span class='ocrx_word' id='word_1_181' title='bbox 2581 1317 2806 1374; x_wconf 89' lang='lat' dir='ltr'>cunctis</span> <span class='ocrx_word' id='word_1_182' title='bbox 2840 1317 3110 1374; x_wconf 86' lang='lat' dir='ltr'>ﬁdelibus</span> <span class='ocrx_word' id='word_1_183' title='bbox 3140 1335 3311 1374; x_wconf 84' lang='lat' dir='ltr'>verus</span> <span class='ocrx_word' id='word_1_184' title='bbox 3339 1318 3535 1374; x_wconf 90' lang='lat' dir='ltr'>unicus</span> <span class='ocrx_word' id='word_1_185' title='bbox 3562 1320 3641 1376; x_wconf 88' lang='lat' dir='ltr'>Dei</span> <span class='ocrx_word' id='word_1_186' title='bbox 3668 1319 3798 1375; x_wconf 85' lang='lat' dir='ltr'>Filius</span> 
     </span>
    </p>
   </div>
   <div class='ocr_carea' id='block_1_29' title="bbox 2247 1407 3798 1474">
    <p class='ocr_par' dir='ltr' id='par_1_29' title="bbox 2247 1407 3798 1474">
     <span class='ocr_line' id='line_1_29' title="bbox 2247 1407 3798 1474; baseline -0.004 -6"><span class='ocrx_word' id='word_1_187' title='bbox 2247 1411 2520 1468; x_wconf 89' lang='lat' dir='ltr'>creditur.</span> <span class='ocrx_word' id='word_1_188' title='bbox 2557 1410 2617 1464; x_wconf 87' lang='lat' dir='ltr'>In</span> <span class='ocrx_word' id='word_1_189' title='bbox 2657 1409 2850 1464; x_wconf 90' lang='lat' dir='ltr'>medio</span> <span class='ocrx_word' id='word_1_190' title='bbox 2880 1408 3186 1464; x_wconf 87' lang='lat' dir='ltr'>doctorum</span> <span class='ocrx_word' id='word_1_191' title='bbox 3226 1407 3450 1474; x_wconf 90' lang='lat' dir='ltr'>sedens,</span> <span class='ocrx_word' id='word_1_192' title='bbox 3476 1407 3684 1464; x_wconf 88' lang='lat' dir='ltr'>audiens</span> <span class='ocrx_word' id='word_1_193' title='bbox 3709 1408 3798 1463; x_wconf 87' lang='lat' dir='ltr'>illos</span> 
     </span>
    </p>
   </div>
   <div class='ocr_carea' id='block_1_30' title="bbox 2246 1495 3799 1572">
    <p class='ocr_par' dir='ltr' id='par_1_30' title="bbox 2246 1495 3799 1572">
     <span class='ocr_line' id='line_1_30' title="bbox 2246 1495 3799 1572; baseline -0.004 -14"><span class='ocrx_word' id='word_1_194' title='bbox 2246 1507 2304 1558; x_wconf 92' lang='lat' dir='ltr'>et</span> <span class='ocrx_word' id='word_1_195' title='bbox 2332 1501 2717 1572; x_wconf 87' lang='lat' dir='ltr'>interrogans,</span> <span class='ocrx_word' id='word_1_196' title='bbox 2752 1495 2947 1569; x_wconf 85' lang='lat' dir='ltr'>signat</span> <span class='ocrx_word' id='word_1_197' title='bbox 2971 1500 3036 1552; x_wconf 92' lang='lat' dir='ltr'>ut</span> <span class='ocrx_word' id='word_1_198' title='bbox 3066 1495 3264 1552; x_wconf 90' lang='lat' dir='ltr'>nullus</span> <span class='ocrx_word' id='word_1_199' title='bbox 3295 1495 3404 1552; x_wconf 88' lang='lat' dir='ltr'>nisi</span> <span class='ocrx_word' id='word_1_200' title='bbox 3433 1497 3655 1570; x_wconf 82' lang='lat' dir='ltr'>perfecta</span> <span class='ocrx_word' id='word_1_201' title='bbox 3683 1501 3799 1553; x_wconf 73' lang='lat' dir='ltr'>atate</span> 
     </span>
    </p>
   </div>
   <div class='ocr_carea' id='block_1_31' title="bbox 2248 1585 3632 1665">
    <p class='ocr_par' dir='ltr' id='par_1_31' title="bbox 2248 1585 3632 1665">
     <span class='ocr_line' id='line_1_31' title="bbox 2248 1585 3632 1665; baseline -0.004 -19"><span class='ocrx_word' id='word_1_202' title='bbox 2248 1587 2676 1665; x_wconf 60' lang='lat' dir='ltr'>praedicationis</span> <span class='ocrx_word' id='word_1_203' title='bbox 2707 1585 2964 1643; x_wconf 89' lang='lat' dir='ltr'>ofﬁcium</span> <span class='ocrx_word' id='word_1_204' title='bbox 2995 1601 3297 1642; x_wconf 87' lang='lat' dir='ltr'>assumere</span> <span class='ocrx_word' id='word_1_205' title='bbox 3327 1589 3632 1658; x_wconf 63' lang='lat' dir='ltr'>praesumat.</span> 
     </span>
    </p>
   </div>
   <div class='ocr_carea' id='block_1_32' title="bbox 2316 1673 3802 1748">
    <p class='ocr_par' dir='ltr' id='par_1_32' title="bbox 2316 1673 3802 1748">
     <span class='ocr_line' id='line_1_32' title="bbox 2316 1673 3802 1748; baseline -0.003 -14"><span class='ocrx_word' id='word_1_206' title='bbox 2316 1677 2628 1734; x_wconf 87' lang='lat' dir='ltr'>Sciendum</span> <span class='ocrx_word' id='word_1_207' title='bbox 2661 1679 2937 1748; x_wconf 68' lang='lat' dir='ltr'>praeterea</span> <span class='ocrx_word' id='word_1_208' title='bbox 2974 1674 3129 1746; x_wconf 90' lang='lat' dir='ltr'>quod</span> <span class='ocrx_word' id='word_1_209' title='bbox 3179 1675 3252 1730; x_wconf 88' lang='lat' dir='ltr'>de</span> <span class='ocrx_word' id='word_1_210' title='bbox 3295 1673 3528 1731; x_wconf 83' lang='lat' dir='ltr'>infantia</span> <span class='ocrx_word' id='word_1_211' title='bbox 3563 1674 3802 1730; x_wconf 82' lang='lat' dir='ltr'>Salvatoris</span> 
     </span>
    </p>
   </div>
   <div class='ocr_carea' id='block_1_33' title="bbox 492 1763 3802 1857">
    <p class='ocr_par' dir='ltr' id='par_1_33' title="bbox 492 1763 3802 1857">
     <span class='ocr_line' id='line_1_33' title="bbox 492 1763 3802 1857; baseline -0.006 -33"><span class='ocrx_word' id='word_1_212' title='bbox 492 1767 762 1824; x_wconf 86' lang='lat' dir='ltr'>addictus</span> <span class='ocrx_word' id='word_1_213' title='bbox 787 1765 1096 1857; x_wconf 85' lang='lat' dir='ltr'>supplicio,</span> <span class='ocrx_word' id='word_1_214' title='bbox 1129 1767 1365 1857; x_wconf 78' lang='lat' dir='ltr'>potatus</span> <span class='ocrx_word' id='word_1_215' title='bbox 1396 1766 1556 1857; x_wconf 77' lang='lat' dir='ltr'>aceto</span> <span class='ocrx_word' id='word_1_216' title='bbox 1585 1764 2138 1857; x_wconf 56' lang='lat' dir='ltr'>corzsuinrnatuntcst,</span> <span class='ocrx_word' id='word_1_217' title='bbox 2169 1793 2216 1857; x_wconf 83' lang='lat' dir='ltr'><strong>B</strong></span> <span class='ocrx_word' id='word_1_218' title='bbox 2249 1786 2362 1824; x_wconf 73' lang='lat' dir='ltr'>non</span> <span class='ocrx_word' id='word_1_219' title='bbox 2397 1767 2528 1840; x_wconf 78' lang='lat' dir='ltr'>plus</span> <span class='ocrx_word' id='word_1_220' title='bbox 2560 1763 2823 1820; x_wconf 66' lang='lat' dir='ltr'>Ecclesiae</span> <span class='ocrx_word' id='word_1_221' title='bbox 2855 1763 3041 1836; x_wconf 89' lang='lat' dir='ltr'>pietas</span> <span class='ocrx_word' id='word_1_222' title='bbox 3062 1765 3347 1836; x_wconf 87' lang='lat' dir='ltr'>approbat</span> <span class='ocrx_word' id='word_1_223' title='bbox 3371 1780 3536 1836; x_wconf 88' lang='lat' dir='ltr'>quam</span> <span class='ocrx_word' id='word_1_224' title='bbox 3557 1764 3685 1835; x_wconf 89' lang='lat' dir='ltr'>quod</span> <span class='ocrx_word' id='word_1_225' title='bbox 3701 1763 3802 1818; x_wconf 67' lang='lat' dir='ltr'>divi-</span> 
     </span>
    </p>
   </div>
   <div class='ocr_carea' id='block_1_34' title="bbox 493 1848 2140 1921">
    <p class='ocr_par' dir='ltr' id='par_1_34' title="bbox 493 1848 2140 1921">
     <span class='ocr_line' id='line_1_34' title="bbox 493 1848 2140 1921; baseline -0.005 -8"><span class='ocrx_word' id='word_1_226' title='bbox 493 1857 825 1920; x_wconf 86' lang='lat' dir='ltr'>dixit.Quod</span> <span class='ocrx_word' id='word_1_227' title='bbox 858 1856 1088 1911; x_wconf 92' lang='lat' dir='ltr'>duobus</span> <span class='ocrx_word' id='word_1_228' title='bbox 1120 1853 1310 1908; x_wconf 89' lang='lat' dir='ltr'>modis</span> <span class='ocrx_word' id='word_1_229' title='bbox 1343 1871 1377 1907; x_wconf 91' lang='lat' dir='ltr'>a</span> <span class='ocrx_word' id='word_1_230' title='bbox 1398 1851 1564 1907; x_wconf 88' lang='lat' dir='ltr'>nobis</span> <span class='ocrx_word' id='word_1_231' title='bbox 1589 1848 1833 1921; x_wconf 85' lang='lat' dir='ltr'>intelligi</span> <span class='ocrx_word' id='word_1_232' title='bbox 1863 1849 2140 1914; x_wconf 87' lang='lat' dir='ltr'>voluit,ac</span> 
     </span>
    </p>
   </div>
   <div class='ocr_carea' id='block_1_35' title="bbox 494 1939 2142 2011">
    <p class='ocr_par' dir='ltr' id='par_1_35' title="bbox 494 1939 2142 2011">
     <span class='ocr_line' id='line_1_35' title="bbox 494 1939 2142 2011; baseline -0.006 -9"><span class='ocrx_word' id='word_1_233' title='bbox 494 1947 542 2002; x_wconf 86' lang='lat' dir='ltr'>si</span> <span class='ocrx_word' id='word_1_234' title='bbox 575 1947 794 2001; x_wconf 88' lang='lat' dir='ltr'>diceret</span> <span class='ocrx_word' id='word_1_235' title='bbox 823 1961 836 2000; x_wconf 88' lang='lat'>:</span> <span class='ocrx_word' id='word_1_236' title='bbox 868 1946 1327 2002; x_wconf 74' lang='lat' dir='ltr'>Consummatum</span> <span class='ocrx_word' id='word_1_237' title='bbox 1354 1939 1722 2011; x_wconf 78' lang='lat' dir='ltr'>cst,videlicet</span> <span class='ocrx_word' id='word_1_238' title='bbox 1746 1939 1929 1994; x_wconf 83' lang='lat' dir='ltr'>Vetus</span> <span class='ocrx_word' id='word_1_239' title='bbox 1949 1939 2142 1993; x_wconf 90' lang='lat' dir='ltr'>Testa-</span> 
     </span>
    </p>
   </div>
   <div class='ocr_carea' id='block_1_36' title="bbox 496 2027 2139 2101">
    <p class='ocr_par' dir='ltr' id='par_1_36' title="bbox 496 2027 2139 2101">
     <span class='ocr_line' id='line_1_36' title="bbox 496 2027 2139 2101; baseline -0.005 -11"><span class='ocrx_word' id='word_1_240' title='bbox 496 2039 780 2101; x_wconf 89' lang='lat' dir='ltr'>mentum,</span> <span class='ocrx_word' id='word_1_241' title='bbox 812 2039 871 2090; x_wconf 92' lang='lat' dir='ltr'>et</span> <span class='ocrx_word' id='word_1_242' title='bbox 900 2033 1196 2089; x_wconf 87' lang='lat' dir='ltr'>initiatum</span> <span class='ocrx_word' id='word_1_243' title='bbox 1223 2033 1312 2086; x_wconf 88' lang='lat' dir='ltr'>est</span> <span class='ocrx_word' id='word_1_244' title='bbox 1340 2029 1586 2086; x_wconf 91' lang='lat' dir='ltr'>Novum.</span> <span class='ocrx_word' id='word_1_245' title='bbox 1607 2027 2139 2094; x_wconf 89' lang='lat' dir='ltr'>Sive,consumma-</span> 
     </span>
    </p>
   </div>
   <div class='ocr_carea' id='block_1_37' title="bbox 493 2116 2142 2192">
    <p class='ocr_par' dir='ltr' id='par_1_37' title="bbox 493 2116 2142 2192">
     <span class='ocr_line' id='line_1_37' title="bbox 493 2116 2142 2192; baseline -0.004 -14"><span class='ocrx_word' id='word_1_246' title='bbox 493 2127 620 2179; x_wconf 89' lang='lat' dir='ltr'>tum</span> <span class='ocrx_word' id='word_1_247' title='bbox 653 2127 742 2180; x_wconf 91' lang='lat' dir='ltr'>est</span> <span class='ocrx_word' id='word_1_248' title='bbox 770 2124 1055 2180; x_wconf 88' lang='lat' dir='ltr'>adventus</span> <span class='ocrx_word' id='word_1_249' title='bbox 1101 2120 1215 2176; x_wconf 91' lang='lat' dir='ltr'>mei</span> <span class='ocrx_word' id='word_1_250' title='bbox 1262 2119 1606 2192; x_wconf 80' lang='lat' dir='ltr'>mysterium</span> <span class='ocrx_word' id='word_1_251' title='bbox 1657 2134 1843 2188; x_wconf 90' lang='lat' dir='ltr'>usque</span> <span class='ocrx_word' id='word_1_252' title='bbox 1887 2117 1956 2170; x_wconf 92' lang='lat' dir='ltr'>ad</span> <span class='ocrx_word' id='word_1_253' title='bbox 1989 2116 2142 2172; x_wconf 88' lang='lat' dir='ltr'>hanc</span> 
     </span>
    </p>
   </div>
   <div class='ocr_carea' id='block_1_38' title="bbox 496 2203 2142 2284">
    <p class='ocr_par' dir='ltr' id='par_1_38' title="bbox 496 2203 2142 2284">
     <span class='ocr_line' id='line_1_38' title="bbox 496 2203 2142 2284; baseline -0.004 -18"><span class='ocrx_word' id='word_1_254' title='bbox 496 2229 674 2284; x_wconf 86' lang='lat' dir='ltr'>quam</span> <span class='ocrx_word' id='word_1_255' title='bbox 708 2228 812 2283; x_wconf 86' lang='lat' dir='ltr'>pro</span> <span class='ocrx_word' id='word_1_256' title='bbox 833 2211 998 2266; x_wconf 87' lang='lat' dir='ltr'>vobis</span> <span class='ocrx_word' id='word_1_257' title='bbox 1019 2209 1280 2266; x_wconf 85' lang='lat' dir='ltr'>sustineo</span> <span class='ocrx_word' id='word_1_258' title='bbox 1298 2207 1638 2263; x_wconf 89' lang='lat' dir='ltr'>mortem.ln</span> <span class='ocrx_word' id='word_1_259' title='bbox 1667 2203 1939 2278; x_wconf 85' lang='lat' dir='ltr'>passione</span> <span class='ocrx_word' id='word_1_260' title='bbox 1958 2203 2142 2276; x_wconf 90' lang='lat' dir='ltr'>siqui-</span> 
     </span>
    </p>
   </div>
   <div class='ocr_carea' id='block_1_39' title="bbox 496 2294 2144 2368">
    <p class='ocr_par' dir='ltr' id='par_1_39' title="bbox 496 2294 2144 2368">
     <span class='ocr_line' id='line_1_39' title="bbox 496 2294 2144 2368; baseline -0.004 -14"><span class='ocrx_word' id='word_1_261' title='bbox 496 2298 630 2354; x_wconf 89' lang='lat' dir='ltr'>dem</span> <span class='ocrx_word' id='word_1_262' title='bbox 663 2297 889 2353; x_wconf 89' lang='lat' dir='ltr'>Domini</span> <span class='ocrx_word' id='word_1_263' title='bbox 939 2295 1194 2368; x_wconf 88' lang='lat' dir='ltr'>plurima</span> <span class='ocrx_word' id='word_1_264' title='bbox 1231 2295 1463 2367; x_wconf 87' lang='lat' dir='ltr'>pietatis</span> <span class='ocrx_word' id='word_1_265' title='bbox 1515 2295 1644 2364; x_wconf 84' lang='lat' dir='ltr'>ejus</span> <span class='ocrx_word' id='word_1_266' title='bbox 1686 2309 1860 2365; x_wconf 91' lang='lat' dir='ltr'>opera</span> <span class='ocrx_word' id='word_1_267' title='bbox 1907 2294 2144 2348; x_wconf 80' lang='lat' dir='ltr'>fuerunt</span> 
     </span>
    </p>
   </div>
   <div class='ocr_carea' id='block_1_40' title="bbox 494 2382 2141 2455">
    <p class='ocr_par' dir='ltr' id='par_1_40' title="bbox 494 2382 2141 2455">
     <span class='ocr_line' id='line_1_40' title="bbox 494 2382 2141 2455; baseline -0.004 -13"><span class='ocrx_word' id='word_1_268' title='bbox 494 2390 922 2451; x_wconf 89' lang='lat' dir='ltr'>consummata,</span> <span class='ocrx_word' id='word_1_269' title='bbox 956 2383 1242 2441; x_wconf 89' lang='lat' dir='ltr'>nonnulla</span> <span class='ocrx_word' id='word_1_270' title='bbox 1270 2383 1646 2455; x_wconf 89' lang='lat' dir='ltr'>postmodum</span> <span class='ocrx_word' id='word_1_271' title='bbox 1667 2382 1842 2437; x_wconf 90' lang='lat' dir='ltr'>etiam</span> <span class='ocrx_word' id='word_1_272' title='bbox 1869 2397 2141 2436; x_wconf 90' lang='lat' dir='ltr'>consum-</span> 
     </span>
    </p>
   </div>
   <div class='ocr_carea' id='block_1_41' title="bbox 495 2469 2142 2545">
    <p class='ocr_par' dir='ltr' id='par_1_41' title="bbox 495 2469 2142 2545">
     <span class='ocr_line' id='line_1_41' title="bbox 495 2469 2142 2545; baseline -0.002 -15"><span class='ocrx_word' id='word_1_273' title='bbox 495 2474 731 2542; x_wconf 90' lang='lat' dir='ltr'>manda,</span> <span class='ocrx_word' id='word_1_274' title='bbox 795 2473 948 2530; x_wconf 91' lang='lat' dir='ltr'>sicut</span> <span class='ocrx_word' id='word_1_275' title='bbox 1011 2477 1143 2545; x_wconf 88' lang='lat' dir='ltr'>post</span> <span class='ocrx_word' id='word_1_276' title='bbox 1207 2471 1469 2527; x_wconf 90' lang='lat' dir='ltr'>triduum</span> <span class='ocrx_word' id='word_1_277' title='bbox 1543 2469 1819 2542; x_wconf 84' lang='lat' dir='ltr'>praeclara</span> <span class='ocrx_word' id='word_1_278' title='bbox 1880 2487 2142 2526; x_wconf 89' lang='lat' dir='ltr'>resurre-</span> 
     </span>
    </p>
   </div>
   <div class='ocr_carea' id='block_1_42' title="bbox 495 2558 2138 2636">
    <p class='ocr_par' dir='ltr' id='par_1_42' title="bbox 495 2558 2138 2636">
     <span class='ocr_line' id='line_1_42' title="bbox 495 2558 2138 2636; baseline -0.004 -16"><span class='ocrx_word' id='word_1_279' title='bbox 495 2563 608 2620; x_wconf 91' lang='lat' dir='ltr'>ctio</span> <span class='ocrx_word' id='word_1_280' title='bbox 637 2580 650 2619; x_wconf 90' lang='lat'><strong>:</strong></span> <span class='ocrx_word' id='word_1_281' title='bbox 681 2579 958 2636; x_wconf 87' lang='lat' dir='ltr'>processu</span> <span class='ocrx_word' id='word_1_282' title='bbox 997 2579 1132 2618; x_wconf 90' lang='lat' dir='ltr'>vero</span> <span class='ocrx_word' id='word_1_283' title='bbox 1177 2559 1458 2633; x_wconf 90' lang='lat' dir='ltr'>temporis</span> <span class='ocrx_word' id='word_1_284' title='bbox 1509 2558 1796 2615; x_wconf 88' lang='lat' dir='ltr'>mirabilis</span> <span class='ocrx_word' id='word_1_285' title='bbox 1839 2559 2138 2627; x_wconf 86' lang='lat' dir='ltr'>ascensio;</span> 
     </span>
    </p>
   </div>
   <div class='ocr_carea' id='block_1_43' title="bbox 497 2647 2143 2726">
    <p class='ocr_par' dir='ltr' id='par_1_43' title="bbox 497 2647 2143 2726">
     <span class='ocr_line' id='line_1_43' title="bbox 497 2647 2143 2726; baseline -0.004 -18"><span class='ocrx_word' id='word_1_286' title='bbox 497 2657 554 2708; x_wconf 91' lang='lat' dir='ltr'>et</span> <span class='ocrx_word' id='word_1_287' title='bbox 608 2651 668 2708; x_wconf 90' lang='lat' dir='ltr'>in</span> <span class='ocrx_word' id='word_1_288' title='bbox 729 2652 919 2726; x_wconf 87' lang='lat' dir='ltr'>igneis</span> <span class='ocrx_word' id='word_1_289' title='bbox 983 2649 1204 2724; x_wconf 89' lang='lat' dir='ltr'>linguis</span> <span class='ocrx_word' id='word_1_290' title='bbox 1272 2663 1448 2722; x_wconf 88' lang='lat' dir='ltr'>super</span> <span class='ocrx_word' id='word_1_291' title='bbox 1513 2647 1806 2720; x_wconf 89' lang='lat' dir='ltr'>apostolos</span> <span class='ocrx_word' id='word_1_292' title='bbox 1863 2647 2143 2704; x_wconf 90' lang='lat' dir='ltr'>hodierna</span> 
     </span>
    </p>
   </div>
   <div class='ocr_carea' id='block_1_44' title="bbox 496 2736 2144 2813">
    <p class='ocr_par' dir='ltr' id='par_1_44' title="bbox 496 2736 2144 2813">
     <span class='ocr_line' id='line_1_44' title="bbox 496 2736 2144 2813; baseline -0.002 -15"><span class='ocrx_word' id='word_1_293' title='bbox 496 2741 590 2798; x_wconf 89' lang='lat' dir='ltr'>die</span> <span class='ocrx_word' id='word_1_294' title='bbox 624 2744 742 2798; x_wconf 90' lang='lat' dir='ltr'>toto</span> <span class='ocrx_word' id='word_1_295' title='bbox 766 2741 987 2797; x_wconf 91' lang='lat' dir='ltr'>mundo</span> <span class='ocrx_word' id='word_1_296' title='bbox 1018 2738 1356 2813; x_wconf 89' lang='lat' dir='ltr'>spectabilis</span> <span class='ocrx_word' id='word_1_297' title='bbox 1380 2736 1661 2811; x_wconf 90' lang='lat' dir='ltr'>spiritalis</span> <span class='ocrx_word' id='word_1_298' title='bbox 1690 2736 1928 2794; x_wconf 86' lang='lat' dir='ltr'>infusio.</span> <span class='ocrx_word' id='word_1_299' title='bbox 1961 2737 2144 2794; x_wconf 90' lang='lat' dir='ltr'>Hodie</span> 
     </span>
    </p>
   </div>
   <div class='ocr_carea' id='block_1_45' title="bbox 498 2825 2142 2904">
    <p class='ocr_par' dir='ltr' id='par_1_45' title="bbox 498 2825 2142 2904">
     <span class='ocr_line' id='line_1_45' title="bbox 498 2825 2142 2904; baseline -0.003 -17"><span class='ocrx_word' id='word_1_300' title='bbox 498 2848 754 2904; x_wconf 88' lang='lat' dir='ltr'>namque</span> <span class='ocrx_word' id='word_1_301' title='bbox 795 2829 1049 2904; x_wconf 86' lang='lat' dir='ltr'>Spiritus</span> <span class='ocrx_word' id='word_1_302' title='bbox 1098 2829 1286 2885; x_wconf 89' lang='lat' dir='ltr'>sancti</span> <span class='ocrx_word' id='word_1_303' title='bbox 1337 2843 1514 2898; x_wconf 87' lang='lat' dir='ltr'>super</span> <span class='ocrx_word' id='word_1_304' title='bbox 1569 2825 1864 2899; x_wconf 88' lang='lat' dir='ltr'>apostolos</span> <span class='ocrx_word' id='word_1_305' title='bbox 1909 2827 2142 2884; x_wconf 80' lang='lat' dir='ltr'>venien-</span> 
     </span>
    </p>
   </div>
   <div class='ocr_carea' id='block_1_46' title="bbox 496 2915 2142 2989">
    <p class='ocr_par' dir='ltr' id='par_1_46' title="bbox 496 2915 2142 2989">
     <span class='ocr_line' id='line_1_46' title="bbox 496 2915 2142 2989; baseline -0.002 -13"><span class='ocrx_word' id='word_1_306' title='bbox 496 2919 594 2987; x_wconf 90' lang='lat' dir='ltr'>tis,</span> <span class='ocrx_word' id='word_1_307' title='bbox 642 2919 1124 2976; x_wconf 88' lang='lat' dir='ltr'>manifestissima</span> <span class='ocrx_word' id='word_1_308' title='bbox 1175 2917 1616 2983; x_wconf 86' lang='lat' dir='ltr'>contestatione,</span> <span class='ocrx_word' id='word_1_309' title='bbox 1663 2933 1764 2989; x_wconf 90' lang='lat' dir='ltr'>per</span> <span class='ocrx_word' id='word_1_310' title='bbox 1820 2915 2142 2972; x_wconf 88' lang='lat' dir='ltr'>divinitatis</span> 
     </span>
    </p>
   </div>
   <div class='ocr_carea' id='block_1_47' title="bbox 498 3005 2142 3087">
    <p class='ocr_par' dir='ltr' id='par_1_47' title="bbox 498 3005 2142 3087">
     <span class='ocr_line' id='line_1_47' title="bbox 498 3005 2142 3087; baseline -0.004 -21"><span class='ocrx_word' id='word_1_311' title='bbox 498 3011 845 3082; x_wconf 81' lang='lat' dir='ltr'>potestatem</span> <span class='ocrx_word' id='word_1_312' title='bbox 868 3007 1218 3082; x_wconf 91' lang='lat' dir='ltr'>completam</span> <span class='ocrx_word' id='word_1_313' title='bbox 1231 3022 1368 3087; x_wconf 84' lang='lat' dir='ltr'>esse</span> <span class='ocrx_word' id='word_1_314' title='bbox 1393 3005 1802 3079; x_wconf 86' lang='lat' dir='ltr'>cognoscimus</span> <span class='ocrx_word' id='word_1_315' title='bbox 1825 3010 2142 3078; x_wconf 67' lang='lat' dir='ltr'>assumpta:</span> 
     </span>
    </p>
   </div>
   <div class='ocr_carea' id='block_1_48' title="bbox 497 3093 2141 3168">
    <p class='ocr_par' dir='ltr' id='par_1_48' title="bbox 497 3093 2141 3168">
     <span class='ocr_line' id='line_1_48' title="bbox 497 3093 2141 3168; baseline -0.003 -14"><span class='ocrx_word' id='word_1_316' title='bbox 497 3095 884 3156; x_wconf 84' lang='lat' dir='ltr'>humanitatis</span> <span class='ocrx_word' id='word_1_317' title='bbox 926 3095 1140 3156; x_wconf 90' lang='lat' dir='ltr'>Christi</span> <span class='ocrx_word' id='word_1_318' title='bbox 1172 3095 1688 3168; x_wconf 88' lang='lat' dir='ltr'>dispensationem.</span> <span class='ocrx_word' id='word_1_319' title='bbox 1724 3093 1783 3149; x_wconf 89' lang='lat' dir='ltr'>Si</span> <span class='ocrx_word' id='word_1_320' title='bbox 1826 3094 2007 3161; x_wconf 91' lang='lat' dir='ltr'>enim,</span> <span class='ocrx_word' id='word_1_321' title='bbox 2054 3094 2141 3150; x_wconf 91' lang='lat' dir='ltr'>uti</span> 
     </span>
    </p>
   </div>
   <div class='ocr_carea' id='block_1_49' title="bbox 2251 1851 3802 1927">
    <p class='ocr_par' dir='ltr' id='par_1_49' title="bbox 2251 1851 3802 1927">
     <span class='ocr_line' id='line_1_49' title="bbox 2251 1851 3802 1927; baseline -0.005 -13"><span class='ocrx_word' id='word_1_322' title='bbox 2251 1875 2362 1914; x_wconf 84' lang='lat' dir='ltr'>nus</span> <span class='ocrx_word' id='word_1_323' title='bbox 2385 1871 2574 1912; x_wconf 87' lang='lat' dir='ltr'>sermo</span> <span class='ocrx_word' id='word_1_324' title='bbox 2597 1851 3340 1927; x_wconf 88' lang='lat' dir='ltr'>pronuntiat.lnﬁrmitates</span> <span class='ocrx_word' id='word_1_325' title='bbox 3361 1855 3542 1908; x_wconf 88' lang='lat' dir='ltr'>tamen</span> <span class='ocrx_word' id='word_1_326' title='bbox 3564 1855 3802 1924; x_wconf 63' lang='lat' dir='ltr'>assumpta</span> 
     </span>
    </p>
   </div>
   <div class='ocr_carea' id='block_1_50' title="bbox 2251 1939 3803 2012">
    <p class='ocr_par' dir='ltr' id='par_1_50' title="bbox 2251 1939 3803 2012">
     <span class='ocr_line' id='line_1_50' title="bbox 2251 1939 3803 2012; baseline -0.005 -10"><span class='ocrx_word' id='word_1_327' title='bbox 2251 1943 2643 2010; x_wconf 87' lang='lat' dir='ltr'>mortalitatis,</span> <span class='ocrx_word' id='word_1_328' title='bbox 2677 1941 2830 1998; x_wconf 90' lang='lat' dir='ltr'>sicut</span> <span class='ocrx_word' id='word_1_329' title='bbox 2861 1941 3007 1997; x_wconf 89' lang='lat' dir='ltr'>ﬁdes</span> <span class='ocrx_word' id='word_1_330' title='bbox 3034 1939 3299 1997; x_wconf 87' lang='lat' dir='ltr'>ﬁdelium</span> <span class='ocrx_word' id='word_1_331' title='bbox 3322 1941 3707 2012; x_wconf 82' lang='lat' dir='ltr'>credit,absque</span> <span class='ocrx_word' id='word_1_332' title='bbox 3723 1940 3803 1996; x_wconf 87' lang='lat' dir='ltr'>ullo</span> 
     </span>
    </p>
   </div>
   <div class='ocr_carea' id='block_1_51' title="bbox 2249 2028 3802 2106">
    <p class='ocr_par' dir='ltr' id='par_1_51' title="bbox 2249 2028 3802 2106">
     <span class='ocr_line' id='line_1_51' title="bbox 2249 2028 3802 2106; baseline -0.006 -15"><span class='ocrx_word' id='word_1_333' title='bbox 2249 2033 2516 2106; x_wconf 89' lang='lat' dir='ltr'>contagio</span> <span class='ocrx_word' id='word_1_334' title='bbox 2549 2031 2766 2104; x_wconf 88' lang='lat' dir='ltr'>peccati</span> <span class='ocrx_word' id='word_1_335' title='bbox 2801 2028 3185 2102; x_wconf 84' lang='lat' dir='ltr'>percucurrit,</span> <span class='ocrx_word' id='word_1_336' title='bbox 3219 2029 3321 2086; x_wconf 92' lang='lat' dir='ltr'>sed</span> <span class='ocrx_word' id='word_1_337' title='bbox 3363 2029 3508 2085; x_wconf 88' lang='lat' dir='ltr'>Deus</span> <span class='ocrx_word' id='word_1_338' title='bbox 3535 2029 3748 2085; x_wconf 80' lang='lat' dir='ltr'>occultus</span> <span class='ocrx_word' id='word_1_339' title='bbox 3765 2029 3802 2083; x_wconf 91' lang='lat' dir='ltr'>in</span> 
     </span>
    </p>
   </div>
   <div class='ocr_carea' id='block_1_52' title="bbox 2251 2117 3800 2191">
    <p class='ocr_par' dir='ltr' id='par_1_52' title="bbox 2251 2117 3800 2191">
     <span class='ocr_line' id='line_1_52' title="bbox 2251 2117 3800 2191; baseline -0.007 -11"><span class='ocrx_word' id='word_1_340' title='bbox 2251 2123 2488 2180; x_wconf 88' lang='lat' dir='ltr'>homine</span> <span class='ocrx_word' id='word_1_341' title='bbox 2519 2135 2750 2191; x_wconf 91' lang='lat' dir='ltr'>semper</span> <span class='ocrx_word' id='word_1_342' title='bbox 2789 2117 3172 2191; x_wconf 88' lang='lat' dir='ltr'>impassibilis</span> <span class='ocrx_word' id='word_1_343' title='bbox 3225 2117 3457 2183; x_wconf 90' lang='lat' dir='ltr'>mansit,</span> <span class='ocrx_word' id='word_1_344' title='bbox 3505 2122 3556 2188; x_wconf 76' lang='lat' dir='ltr'>et</span> <span class='ocrx_word' id='word_1_345' title='bbox 3597 2117 3705 2173; x_wconf 89' lang='lat' dir='ltr'>licet</span> <span class='ocrx_word' id='word_1_346' title='bbox 3737 2117 3800 2171; x_wconf 77' lang='lat' dir='ltr'>Dei</span> 
     </span>
    </p>
   </div>
   <div class='ocr_carea' id='block_1_53' title="bbox 2252 2205 3805 2279">
    <p class='ocr_par' dir='ltr' id='par_1_53' title="bbox 2252 2205 3805 2279">
     <span class='ocr_line' id='line_1_53' title="bbox 2252 2205 3805 2279; baseline -0.005 -11"><span class='ocrx_word' id='word_1_347' title='bbox 2252 2211 2436 2269; x_wconf 86' lang='lat' dir='ltr'>Filius</span> <span class='ocrx_word' id='word_1_348' title='bbox 2467 2207 2690 2265; x_wconf 89' lang='lat' dir='ltr'>nullam</span> <span class='ocrx_word' id='word_1_349' title='bbox 2721 2207 2963 2262; x_wconf 87' lang='lat' dir='ltr'>haberet</span> <span class='ocrx_word' id='word_1_350' title='bbox 2982 2206 3312 2262; x_wconf 90' lang='lat' dir='ltr'>mundandi</span> <span class='ocrx_word' id='word_1_351' title='bbox 3333 2205 3417 2261; x_wconf 90' lang='lat' dir='ltr'>vel</span> <span class='ocrx_word' id='word_1_352' title='bbox 3439 2205 3805 2279; x_wconf 82' lang='lat' dir='ltr'>puriﬁcandine—</span> 
     </span>
    </p>
   </div>
   <div class='ocr_carea' id='block_1_54' title="bbox 2250 2294 3804 2366">
    <p class='ocr_par' dir='ltr' id='par_1_54' title="bbox 2250 2294 3804 2366">
     <span class='ocr_line' id='line_1_54' title="bbox 2250 2294 3804 2366; baseline -0.006 -8"><span class='ocrx_word' id='word_1_353' title='bbox 2250 2298 2852 2362; x_wconf 89' lang='lat' dir='ltr'>cessitudinem,certo</span> <span class='ocrx_word' id='word_1_354' title='bbox 2885 2299 3077 2350; x_wconf 88' lang='lat' dir='ltr'>tamen</span> <span class='ocrx_word' id='word_1_355' title='bbox 3102 2294 3198 2352; x_wconf 91' lang='lat' dir='ltr'>die</span> <span class='ocrx_word' id='word_1_356' title='bbox 3219 2295 3582 2352; x_wconf 89' lang='lat' dir='ltr'>determinato</span> <span class='ocrx_word' id='word_1_357' title='bbox 3597 2299 3804 2366; x_wconf 85' lang='lat' dir='ltr'>tempore,</span> 
     </span>
    </p>
   </div>
   <div class='ocr_carea' id='block_1_55' title="bbox 2249 2382 3807 2462">
    <p class='ocr_par' dir='ltr' id='par_1_55' title="bbox 2249 2382 3807 2462">
     <span class='ocr_line' id='line_1_55' title="bbox 2249 2382 3807 2462; baseline -0.006 -16"><span class='ocrx_word' id='word_1_358' title='bbox 2249 2388 2552 2462; x_wconf 89' lang='lat' dir='ltr'>trigesimo</span> <span class='ocrx_word' id='word_1_359' title='bbox 2581 2385 2849 2441; x_wconf 89' lang='lat' dir='ltr'>videlicet</span> <span class='ocrx_word' id='word_1_360' title='bbox 2873 2384 3058 2440; x_wconf 64' lang='lat' dir='ltr'>aetatis</span> <span class='ocrx_word' id='word_1_361' title='bbox 3093 2401 3216 2440; x_wconf 69' lang='lat' dir='ltr'>suae</span> <span class='ocrx_word' id='word_1_362' title='bbox 3247 2383 3556 2450; x_wconf 85' lang='lat' dir='ltr'>anno,illud</span> <span class='ocrx_word' id='word_1_363' title='bbox 3584 2382 3807 2456; x_wconf 78' lang='lat' dir='ltr'>singulm</span> 
     </span>
    </p>
   </div>
   <div class='ocr_carea' id='block_1_56' title="bbox 2250 2472 3806 2549">
    <p class='ocr_par' dir='ltr' id='par_1_56' title="bbox 2250 2472 3806 2549">
     <span class='ocr_line' id='line_1_56' title="bbox 2250 2472 3806 2549; baseline -0.006 -15"><span class='ocrx_word' id='word_1_364' title='bbox 2250 2496 2316 2534; x_wconf 90' lang='lat' dir='ltr'>ac</span> <span class='ocrx_word' id='word_1_365' title='bbox 2347 2475 2724 2549; x_wconf 87' lang='lat' dir='ltr'>singulariter</span> <span class='ocrx_word' id='word_1_366' title='bbox 2753 2473 3008 2530; x_wconf 84' lang='lat' dir='ltr'>salutare</span> <span class='ocrx_word' id='word_1_367' title='bbox 3038 2473 3385 2546; x_wconf 77' lang='lat' dir='ltr'>mysterium</span> <span class='ocrx_word' id='word_1_368' title='bbox 3409 2472 3729 2546; x_wconf 83' lang='lat' dir='ltr'>baptismatis</span> <span class='ocrx_word' id='word_1_369' title='bbox 3744 2488 3806 2526; x_wconf 73' lang='grc' dir='ltr'>δυο</span> 
     </span>
    </p>
   </div>
   <div class='ocr_carea' id='block_1_57' title="bbox 2250 2561 3807 2640">
    <p class='ocr_par' dir='ltr' id='par_1_57' title="bbox 2250 2561 3807 2640">
     <span class='ocr_line' id='line_1_57' title="bbox 2250 2561 3807 2640; baseline -0.006 -16"><span class='ocrx_word' id='word_1_370' title='bbox 2250 2564 2614 2640; x_wconf 87' lang='lat' dir='ltr'>scepit,susci</span> <span class='ocrx_word' id='word_1_371' title='bbox 2625 2563 2834 2636; x_wconf 91' lang='lat' dir='ltr'>piendo</span> <span class='ocrx_word' id='word_1_372' title='bbox 2866 2562 3276 2629; x_wconf 87' lang='lat' dir='ltr'>sanctiﬁcavit,</span> <span class='ocrx_word' id='word_1_373' title='bbox 3309 2561 3686 2619; x_wconf 87' lang='lat' dir='ltr'>sanctiﬁcando</span> <span class='ocrx_word' id='word_1_374' title='bbox 3708 2577 3807 2615; x_wconf 86' lang='lat' dir='ltr'>cun-</span> 
     </span>
    </p>
   </div>
   <div class='ocr_carea' id='block_1_58' title="bbox 2250 2647 3807 2724">
    <p class='ocr_par' dir='ltr' id='par_1_58' title="bbox 2250 2647 3807 2724">
     <span class='ocr_line' id='line_1_58' title="bbox 2250 2647 3807 2724; baseline -0.006 -12"><span class='ocrx_word' id='word_1_375' title='bbox 2250 2656 2358 2712; x_wconf 91' lang='lat' dir='ltr'>ctis</span> <span class='ocrx_word' id='word_1_376' title='bbox 2390 2653 2660 2711; x_wconf 87' lang='lat' dir='ltr'>ﬁdelibus</span> <span class='ocrx_word' id='word_1_377' title='bbox 2711 2656 2776 2707; x_wconf 92' lang='lat' dir='ltr'>ut</span> <span class='ocrx_word' id='word_1_378' title='bbox 2823 2669 2926 2724; x_wconf 91' lang='lat' dir='ltr'>per</span> <span class='ocrx_word' id='word_1_379' title='bbox 2971 2650 3118 2708; x_wconf 90' lang='lat' dir='ltr'>illud</span> <span class='ocrx_word' id='word_1_380' title='bbox 3168 2651 3661 2717; x_wconf 87' lang='lat' dir='ltr'>sanctiﬁcarentur,</span> <span class='ocrx_word' id='word_1_381' title='bbox 3701 2647 3807 2704; x_wconf 73' lang='lat' dir='ltr'>acui</span> 
     </span>
    </p>
   </div>
   <div class='ocr_carea' id='block_1_59' title="bbox 2251 2736 3808 2812">
    <p class='ocr_par' dir='ltr' id='par_1_59' title="bbox 2251 2736 3808 2812">
     <span class='ocr_line' id='line_1_59' title="bbox 2251 2736 3808 2812; baseline -0.008 -10"><span class='ocrx_word' id='word_1_382' title='bbox 2251 2743 2482 2802; x_wconf 74' lang='lat' dir='ltr'>cmleste</span> <span class='ocrx_word' id='word_1_383' title='bbox 2511 2741 2851 2798; x_wconf 90' lang='lat' dir='ltr'>donativum</span> <span class='ocrx_word' id='word_1_384' title='bbox 2886 2740 3378 2798; x_wconf 85' lang='lat' dir='ltr'>contradidit.Sed</span> <span class='ocrx_word' id='word_1_385' title='bbox 3402 2743 3535 2796; x_wconf 82' lang='lat' dir='ltr'>dum</span> <span class='ocrx_word' id='word_1_386' title='bbox 3556 2736 3808 2812; x_wconf 76' lang='lat' dir='ltr'>baptizandi</span> 
     </span>
    </p>
   </div>
   <div class='ocr_carea' id='block_1_60' title="bbox 2250 2829 3809 2908">
    <p class='ocr_par' dir='ltr' id='par_1_60' title="bbox 2250 2829 3809 2908">
     <span class='ocr_line' id='line_1_60' title="bbox 2250 2829 3809 2908; baseline -0.007 -17"><span class='ocrx_word' id='word_1_387' title='bbox 2250 2832 2701 2908; x_wconf 84' lang='lat' dir='ltr'>possibilitatem</span> <span class='ocrx_word' id='word_1_388' title='bbox 2727 2829 3015 2886; x_wconf 88' lang='lat' dir='ltr'>ministris</span> <span class='ocrx_word' id='word_1_389' title='bbox 3046 2829 3320 2887; x_wconf 61' lang='lat' dir='ltr'>Ecclesiae</span> <span class='ocrx_word' id='word_1_390' title='bbox 3369 2829 3647 2893; x_wconf 87' lang='lat' dir='ltr'>concessit,</span> <span class='ocrx_word' id='word_1_391' title='bbox 3674 2831 3809 2898; x_wconf 86' lang='lat' dir='ltr'>potes-</span> 
     </span>
    </p>
   </div>
   <div class='ocr_carea' id='block_1_61' title="bbox 2249 2910 3810 2993">
    <p class='ocr_par' dir='ltr' id='par_1_61' title="bbox 2249 2910 3810 2993">
     <span class='ocr_line' id='line_1_61' title="bbox 2249 2910 3810 2993; baseline -0.008 -14"><span class='ocrx_word' id='word_1_392' title='bbox 2249 2927 2430 2979; x_wconf 89' lang='lat' dir='ltr'>tatem</span> <span class='ocrx_word' id='word_1_393' title='bbox 2462 2919 2795 2993; x_wconf 88' lang='lat' dir='ltr'>baptizandi</span> <span class='ocrx_word' id='word_1_394' title='bbox 2819 2919 2988 2991; x_wconf 89' lang='lat' dir='ltr'>quasi</span> <span class='ocrx_word' id='word_1_395' title='bbox 3012 2919 3316 2990; x_wconf 89' lang='lat' dir='ltr'>quoddam</span> <span class='ocrx_word' id='word_1_396' title='bbox 3335 2917 3550 2992; x_wconf 88' lang='lat' dir='ltr'>insigne</span> <span class='ocrx_word' id='word_1_397' title='bbox 3573 2916 3666 2972; x_wconf 89' lang='lat' dir='ltr'>sibi</span> <span class='ocrx_word' id='word_1_398' title='bbox 3681 2910 3810 2969; x_wconf 85' lang='lat' dir='ltr'>vindi-</span> 
     </span>
    </p>
   </div>
   <div class='ocr_carea' id='block_1_62' title="bbox 2251 3000 3810 3078">
    <p class='ocr_par' dir='ltr' id='par_1_62' title="bbox 2251 3000 3810 3078">
     <span class='ocr_line' id='line_1_62' title="bbox 2251 3000 3810 3078; baseline -0.008 -11"><span class='ocrx_word' id='word_1_399' title='bbox 2251 3029 2394 3068; x_wconf 89' lang='lat' dir='ltr'>cans</span> <span class='ocrx_word' id='word_1_400' title='bbox 2427 3007 2757 3078; x_wconf 87' lang='lat' dir='ltr'>reservavit,</span> <span class='ocrx_word' id='word_1_401' title='bbox 2793 3007 2948 3064; x_wconf 91' lang='lat' dir='ltr'>sicut</span> <span class='ocrx_word' id='word_1_402' title='bbox 2975 3007 3177 3063; x_wconf 88' lang='lat' dir='ltr'>divina</span> <span class='ocrx_word' id='word_1_403' title='bbox 3205 3025 3314 3064; x_wconf 82' lang='lat' dir='ltr'>vox</span> <span class='ocrx_word' id='word_1_404' title='bbox 3345 3009 3405 3063; x_wconf 89' lang='grc' dir='ltr'>Β.</span> <span class='ocrx_word' id='word_1_405' title='bbox 3435 3005 3623 3064; x_wconf 86' lang='lat' dir='ltr'>Joanni</span> <span class='ocrx_word' id='word_1_406' title='bbox 3649 3000 3810 3060; x_wconf 87' lang='lat' dir='ltr'>homini</span> 
     </span>
    </p>
   </div>
   <div class='ocr_carea' id='block_1_63' title="bbox 2251 3089 3809 3173">
    <p class='ocr_par' dir='ltr' id='par_1_63' title="bbox 2251 3089 3809 3173">
     <span class='ocr_line' id='line_1_63' title="bbox 2251 3089 3809 3173; baseline -0.009 -17"><span class='ocrx_word' id='word_1_407' title='bbox 2251 3098 2450 3173; x_wconf 88' lang='lat' dir='ltr'>magni</span> <span class='ocrx_word' id='word_1_408' title='bbox 2477 3097 2672 3154; x_wconf 88' lang='lat' dir='ltr'>meriti</span> <span class='ocrx_word' id='word_1_409' title='bbox 2705 3096 3014 3165; x_wconf 89' lang='lat' dir='ltr'>nuntiavit,</span> <span class='ocrx_word' id='word_1_410' title='bbox 3045 3098 3286 3169; x_wconf 90' lang='lat' dir='ltr'>quando</span> <span class='ocrx_word' id='word_1_411' title='bbox 3335 3097 3585 3153; x_wconf 88' lang='lat' dir='ltr'>Christus</span> <span class='ocrx_word' id='word_1_412' title='bbox 3609 3093 3667 3148; x_wconf 91' lang='lat' dir='ltr'>ad</span> <span class='ocrx_word' id='word_1_413' title='bbox 3693 3089 3809 3146; x_wconf 88' lang='lat' dir='ltr'>illum</span> 
     </span>
    </p>
   </div>
   <div class='ocr_carea' id='block_1_64' title="bbox 495 3161 3810 3262">
    <p class='ocr_par' dir='ltr' id='par_1_64' title="bbox 495 3161 3810 3262">
     <span class='ocr_line' id='line_1_64' title="bbox 495 3161 3810 3262; baseline -0.003 -18"><span class='ocrx_word' id='word_1_414' title='bbox 495 3187 717 3261; x_wconf 65' lang='lat' dir='ltr'>praefati</span> <span class='ocrx_word' id='word_1_415' title='bbox 744 3204 973 3255; x_wconf 90' lang='lat' dir='ltr'>sumus,</span> <span class='ocrx_word' id='word_1_416' title='bbox 1006 3161 1475 3258; x_wconf 66' lang='lat' dir='ltr'>uniuscujusque</span> <span class='ocrx_word' id='word_1_417' title='bbox 1515 3183 1729 3255; x_wconf 89' lang='lat' dir='ltr'>negotii</span> <span class='ocrx_word' id='word_1_418' title='bbox 1770 3199 2010 3239; x_wconf 88' lang='lat' dir='ltr'>causam</span> <span class='ocrx_word' id='word_1_419' title='bbox 2041 3200 2140 3239; x_wconf 86' lang='lat' dir='ltr'>ne-</span> <span class='ocrx_word' id='word_1_420' title='bbox 2172 3161 2215 3229; x_wconf 69' lang='grc' dir='ltr'>α</span> <span class='ocrx_word' id='word_1_421' title='bbox 2251 3161 2440 3262; x_wconf 62' lang='lat' dir='ltr'>gratia</span> <span class='ocrx_word' id='word_1_422' title='bbox 2469 3185 2801 3259; x_wconf 83' lang='lat' dir='ltr'>baptizandi</span> <span class='ocrx_word' id='word_1_423' title='bbox 2832 3161 3028 3241; x_wconf 79' lang='lat' dir='ltr'>venire</span> <span class='ocrx_word' id='word_1_424' title='bbox 3065 3161 3195 3241; x_wconf 69' lang='lat' dir='ltr'>hon</span> <span class='ocrx_word' id='word_1_425' title='bbox 3247 3185 3492 3241; x_wconf 78' lang='lat' dir='ltr'>distulit.</span> <span class='ocrx_word' id='word_1_426' title='bbox 3521 3183 3670 3255; x_wconf 76' lang='lat' dir='ltr'>Super</span> <span class='ocrx_word' id='word_1_427' title='bbox 3699 3194 3810 3251; x_wconf 78' lang='lat' dir='ltr'>quem</span> 
     </span>
    </p>
   </div>
   <div class='ocr_carea' id='block_1_65' title="bbox 493 3272 2141 3340">
    <p class='ocr_par' dir='ltr' id='par_1_65' title="bbox 493 3272 2141 3340">
     <span class='ocr_line' id='line_1_65' title="bbox 493 3272 2141 3340; baseline -0.002 -7"><span class='ocrx_word' id='word_1_428' title='bbox 493 3277 747 3334; x_wconf 88' lang='lat' dir='ltr'>cessario</span> <span class='ocrx_word' id='word_1_429' title='bbox 779 3277 852 3332; x_wconf 91' lang='lat' dir='ltr'>ad</span> <span class='ocrx_word' id='word_1_430' title='bbox 887 3279 1146 3332; x_wconf 89' lang='lat' dir='ltr'>mentem</span> <span class='ocrx_word' id='word_1_431' title='bbox 1192 3273 1550 3340; x_wconf 89' lang='lat' dir='ltr'>reducimus,</span> <span class='ocrx_word' id='word_1_432' title='bbox 1601 3272 1962 3328; x_wconf 87' lang='lat' dir='ltr'>conferentes</span> <span class='ocrx_word' id='word_1_433' title='bbox 2010 3272 2141 3329; x_wconf 74' lang='lat' dir='ltr'>lzeta</span> 
     </span>
    </p>
   </div>
   <div class='ocr_carea' id='block_1_66' title="bbox 493 3361 2138 3436">
    <p class='ocr_par' dir='ltr' id='par_1_66' title="bbox 493 3361 2138 3436">
     <span class='ocr_line' id='line_1_66' title="bbox 493 3361 2138 3436; baseline -0.002 -14"><span class='ocrx_word' id='word_1_434' title='bbox 493 3382 630 3422; x_wconf 91' lang='lat' dir='ltr'>eum</span> <span class='ocrx_word' id='word_1_435' title='bbox 656 3365 948 3436; x_wconf 85' lang='lat' dir='ltr'>tristibus,</span> <span class='ocrx_word' id='word_1_436' title='bbox 966 3362 1326 3420; x_wconf 79' lang='lat' dir='ltr'>exsultantes</span> <span class='ocrx_word' id='word_1_437' title='bbox 1348 3379 1454 3418; x_wconf 92' lang='lat' dir='ltr'>nos</span> <span class='ocrx_word' id='word_1_438' title='bbox 1475 3361 1845 3417; x_wconf 91' lang='lat' dir='ltr'>incommodo</span> <span class='ocrx_word' id='word_1_439' title='bbox 1865 3362 2138 3430; x_wconf 88' lang='lat' dir='ltr'>evasisse,</span> 
     </span>
    </p>
   </div>
   <div class='ocr_carea' id='block_1_67' title="bbox 491 3449 2141 3528">
    <p class='ocr_par' dir='ltr' id='par_1_67' title="bbox 491 3449 2141 3528">
     <span class='ocr_line' id='line_1_67' title="bbox 491 3449 2141 3528; baseline -0.003 -17"><span class='ocrx_word' id='word_1_440' title='bbox 491 3471 771 3528; x_wconf 89' lang='lat' dir='ltr'>prospera</span> <span class='ocrx_word' id='word_1_441' title='bbox 797 3453 1037 3525; x_wconf 89' lang='lat' dir='ltr'>adeptos</span> <span class='ocrx_word' id='word_1_442' title='bbox 1068 3451 1268 3518; x_wconf 81' lang='lat' dir='ltr'>fuisse,</span> <span class='ocrx_word' id='word_1_443' title='bbox 1303 3451 1443 3522; x_wconf 79' lang='lat' dir='ltr'>quid</span> <span class='ocrx_word' id='word_1_444' title='bbox 1495 3453 1614 3505; x_wconf 88' lang='lat' dir='ltr'>tam</span> <span class='ocrx_word' id='word_1_445' title='bbox 1646 3449 1806 3516; x_wconf 87' lang='lat' dir='ltr'>utile,</span> <span class='ocrx_word' id='word_1_446' title='bbox 1849 3450 1989 3522; x_wconf 91' lang='lat' dir='ltr'>quid</span> <span class='ocrx_word' id='word_1_447' title='bbox 2022 3455 2141 3506; x_wconf 89' lang='lat' dir='ltr'>tam</span> 
     </span>
    </p>
   </div>
   <div class='ocr_carea' id='block_1_68' title="bbox 493 3537 2143 3614">
    <p class='ocr_par' dir='ltr' id='par_1_68' title="bbox 493 3537 2143 3614">
     <span class='ocr_line' id='line_1_68' title="bbox 493 3537 2143 3614; baseline -0.002 -16"><span class='ocrx_word' id='word_1_448' title='bbox 493 3544 860 3614; x_wconf 80' lang='lat' dir='ltr'>consequens</span> <span class='ocrx_word' id='word_1_449' title='bbox 889 3556 1067 3612; x_wconf 91' lang='lat' dir='ltr'>quam</span> <span class='ocrx_word' id='word_1_450' title='bbox 1100 3539 1158 3593; x_wconf 90' lang='lat' dir='ltr'>in</span> <span class='ocrx_word' id='word_1_451' title='bbox 1185 3537 1293 3593; x_wconf 91' lang='lat' dir='ltr'>hac</span> <span class='ocrx_word' id='word_1_452' title='bbox 1323 3538 1436 3602; x_wconf 92' lang='lat' dir='ltr'>die,</span> <span class='ocrx_word' id='word_1_453' title='bbox 1455 3537 1514 3592; x_wconf 93' lang='lat' dir='ltr'>in</span> <span class='ocrx_word' id='word_1_454' title='bbox 1547 3555 1664 3610; x_wconf 90' lang='lat' dir='ltr'>qua</span> <span class='ocrx_word' id='word_1_455' title='bbox 1693 3537 1905 3594; x_wconf 90' lang='lat' dir='ltr'>Christi</span> <span class='ocrx_word' id='word_1_456' title='bbox 1941 3556 2143 3610; x_wconf 87' lang='lat' dir='ltr'>corpo-</span> 
     </span>
    </p>
   </div>
   <div class='ocr_carea' id='block_1_69' title="bbox 496 3625 2144 3700">
    <p class='ocr_par' dir='ltr' id='par_1_69' title="bbox 496 3625 2144 3700">
     <span class='ocr_line' id='line_1_69' title="bbox 496 3625 2144 3700; baseline -0.002 -15"><span class='ocrx_word' id='word_1_457' title='bbox 496 3629 642 3685; x_wconf 89' lang='lat' dir='ltr'>ralia</span> <span class='ocrx_word' id='word_1_458' title='bbox 672 3630 849 3686; x_wconf 91' lang='lat' dir='ltr'>ﬁnem</span> <span class='ocrx_word' id='word_1_459' title='bbox 885 3627 1234 3700; x_wconf 89' lang='lat' dir='ltr'>suscipiunt,</span> <span class='ocrx_word' id='word_1_460' title='bbox 1266 3631 1322 3682; x_wconf 91' lang='lat' dir='ltr'>et</span> <span class='ocrx_word' id='word_1_461' title='bbox 1351 3625 1410 3680; x_wconf 92' lang='lat' dir='ltr'>in</span> <span class='ocrx_word' id='word_1_462' title='bbox 1454 3643 1569 3698; x_wconf 91' lang='lat' dir='ltr'>qua</span> <span class='ocrx_word' id='word_1_463' title='bbox 1619 3625 1904 3698; x_wconf 88' lang='lat' dir='ltr'>spiritalia</span> <span class='ocrx_word' id='word_1_464' title='bbox 1955 3627 2144 3683; x_wconf 89' lang='lat' dir='ltr'>chari-</span> 
     </span>
    </p>
   </div>
   <div class='ocr_carea' id='block_1_70' title="bbox 497 3715 2143 3790">
    <p class='ocr_par' dir='ltr' id='par_1_70' title="bbox 497 3715 2143 3790">
     <span class='ocr_line' id='line_1_70' title="bbox 497 3715 2143 3790; baseline -0.002 -14"><span class='ocrx_word' id='word_1_465' title='bbox 497 3723 692 3776; x_wconf 87' lang='lat' dir='ltr'>smata</span> <span class='ocrx_word' id='word_1_466' title='bbox 720 3717 848 3775; x_wconf 92' lang='lat' dir='ltr'>luce</span> <span class='ocrx_word' id='word_1_467' title='bbox 877 3716 1038 3774; x_wconf 88' lang='lat' dir='ltr'>clara</span> <span class='ocrx_word' id='word_1_468' title='bbox 1086 3720 1412 3790; x_wconf 88' lang='lat' dir='ltr'>patescunt,</span> <span class='ocrx_word' id='word_1_469' title='bbox 1447 3715 1647 3772; x_wconf 91' lang='lat' dir='ltr'>omnia</span> <span class='ocrx_word' id='word_1_470' title='bbox 1693 3720 1846 3772; x_wconf 89' lang='lat' dir='ltr'>retro</span> <span class='ocrx_word' id='word_1_471' title='bbox 1891 3722 2143 3790; x_wconf 90' lang='lat' dir='ltr'>peracta,</span> 
     </span>
    </p>
   </div>
   <div class='ocr_carea' id='block_1_71' title="bbox 501 3804 2148 3880">
    <p class='ocr_par' dir='ltr' id='par_1_71' title="bbox 501 3804 2148 3880">
     <span class='ocr_line' id='line_1_71' title="bbox 501 3804 2148 3880; baseline -0.001 -16"><span class='ocrx_word' id='word_1_472' title='bbox 501 3805 942 3880; x_wconf 86' lang='lat' dir='ltr'>recapitulando</span> <span class='ocrx_word' id='word_1_473' title='bbox 974 3805 1409 3878; x_wconf 89' lang='lat' dir='ltr'>quodammodo</span> <span class='ocrx_word' id='word_1_474' title='bbox 1441 3804 1679 3860; x_wconf 80' lang='lat' dir='ltr'>recitare</span> <span class='ocrx_word' id='word_1_475' title='bbox 1717 3822 1821 3878; x_wconf 92' lang='lat' dir='ltr'>pro</span> <span class='ocrx_word' id='word_1_476' title='bbox 1865 3805 2148 3862; x_wconf 86' lang='lat' dir='ltr'>modulo?</span> 
     </span>
    </p>
   </div>
   <div class='ocr_carea' id='block_1_72' title="bbox 501 3890 2148 3967">
    <p class='ocr_par' dir='ltr' id='par_1_72' title="bbox 501 3890 2148 3967">
     <span class='ocr_line' id='line_1_72' title="bbox 501 3890 2148 3967; baseline -0.001 -15"><span class='ocrx_word' id='word_1_477' title='bbox 501 3895 626 3952; x_wconf 89' lang='lat' dir='ltr'>Non</span> <span class='ocrx_word' id='word_1_478' title='bbox 643 3895 800 3952; x_wconf 91' lang='lat' dir='ltr'>enim</span> <span class='ocrx_word' id='word_1_479' title='bbox 819 3910 926 3950; x_wconf 93' lang='lat' dir='ltr'>nos</span> <span class='ocrx_word' id='word_1_480' title='bbox 941 3898 1216 3967; x_wconf 89' lang='lat' dir='ltr'>putamus</span> <span class='ocrx_word' id='word_1_481' title='bbox 1233 3891 1318 3950; x_wconf 91' lang='lat' dir='ltr'>vel</span> <span class='ocrx_word' id='word_1_482' title='bbox 1337 3890 1590 3949; x_wconf 91' lang='lat' dir='ltr'>dicimus</span> <span class='ocrx_word' id='word_1_483' title='bbox 1610 3893 1848 3949; x_wconf 91' lang='lat' dir='ltr'>idoneos</span> <span class='ocrx_word' id='word_1_484' title='bbox 1870 3898 2045 3950; x_wconf 67' lang='lat' dir='ltr'>tanta:</span> <span class='ocrx_word' id='word_1_485' title='bbox 2067 3894 2148 3951; x_wconf 90' lang='lat' dir='ltr'>rei</span> 
     </span>
    </p>
   </div>
   <div class='ocr_carea' id='block_1_73' title="bbox 502 3982 2150 4056">
    <p class='ocr_par' dir='ltr' id='par_1_73' title="bbox 502 3982 2150 4056">
     <span class='ocr_line' id='line_1_73' title="bbox 502 3982 2150 4056; baseline -0.001 -15"><span class='ocrx_word' id='word_1_486' title='bbox 502 3985 804 4042; x_wconf 89' lang='lat' dir='ltr'>ministros</span> <span class='ocrx_word' id='word_1_487' title='bbox 823 3983 1298 4056; x_wconf 89' lang='lat' dir='ltr'>jactanter,sieut</span> <span class='ocrx_word' id='word_1_488' title='bbox 1327 3982 1574 4039; x_wconf 86' lang='lat' dir='ltr'>faciebat</span> <span class='ocrx_word' id='word_1_489' title='bbox 1603 3986 1809 4038; x_wconf 87' lang='lat' dir='ltr'>beatus</span> <span class='ocrx_word' id='word_1_490' title='bbox 1837 3983 2150 4056; x_wconf 89' lang='lat' dir='ltr'>Apostolus</span> 
     </span>
    </p>
   </div>
   <div class='ocr_carea' id='block_1_74' title="bbox 505 4072 2148 4147">
    <p class='ocr_par' dir='ltr' id='par_1_74' title="bbox 505 4072 2148 4147">
     <span class='ocr_line' id='line_1_74' title="bbox 505 4072 2148 4147; baseline -0.002 -14"><span class='ocrx_word' id='word_1_491' title='bbox 505 4074 808 4133; x_wconf 88' lang='lat' dir='ltr'>humiliter</span> <span class='ocrx_word' id='word_1_492' title='bbox 838 4091 902 4130; x_wconf 89' lang='lat' dir='ltr'>ac</span> <span class='ocrx_word' id='word_1_493' title='bbox 933 4073 1354 4147; x_wconf 88' lang='lat' dir='ltr'>sapienter,sed</span> <span class='ocrx_word' id='word_1_494' title='bbox 1382 4073 1452 4128; x_wconf 91' lang='lat' dir='ltr'>ad</span> <span class='ocrx_word' id='word_1_495' title='bbox 1477 4072 1943 4128; x_wconf 88' lang='lat' dir='ltr'>conﬁrmandam</span> <span class='ocrx_word' id='word_1_496' title='bbox 1974 4073 2148 4129; x_wconf 88' lang='lat' dir='ltr'>ﬁdem</span> 
     </span>
    </p>
   </div>
   <div class='ocr_carea' id='block_1_75' title="bbox 505 4160 2149 4222">
    <p class='ocr_par' dir='ltr' id='par_1_75' title="bbox 505 4160 2149 4222">
     <span class='ocr_line' id='line_1_75' title="bbox 505 4160 2149 4222; baseline -0.002 0"><span class='ocrx_word' id='word_1_497' title='bbox 505 4170 766 4222; x_wconf 89' lang='lat' dir='ltr'>nostram</span> <span class='ocrx_word' id='word_1_498' title='bbox 824 4168 881 4220; x_wconf 93' lang='lat' dir='ltr'>et</span> <span class='ocrx_word' id='word_1_499' title='bbox 927 4164 1000 4219; x_wconf 91' lang='lat' dir='ltr'>ad</span> <span class='ocrx_word' id='word_1_500' title='bbox 1058 4161 1426 4219; x_wconf 87' lang='lat' dir='ltr'>excitandam</span> <span class='ocrx_word' id='word_1_501' title='bbox 1483 4160 1847 4216; x_wconf 84' lang='lat' dir='ltr'>devotionem</span> <span class='ocrx_word' id='word_1_502' title='bbox 1896 4167 2149 4219; x_wconf 88' lang='lat' dir='ltr'>vestram</span> 
     </span>
    </p>
   </div>
   <div class='ocr_carea' id='block_1_76' title="bbox 502 4249 2153 4326">
    <p class='ocr_par' dir='ltr' id='par_1_76' title="bbox 502 4249 2153 4326">
     <span class='ocr_line' id='line_1_76' title="bbox 502 4249 2153 4326; baseline -0.001 -16"><span class='ocrx_word' id='word_1_503' title='bbox 502 4259 704 4310; x_wconf 90' lang='lat' dir='ltr'>nostra</span> <span class='ocrx_word' id='word_1_504' title='bbox 748 4253 1004 4326; x_wconf 88' lang='lat' dir='ltr'>parvitas</span> <span class='ocrx_word' id='word_1_505' title='bbox 1045 4252 1235 4308; x_wconf 89' lang='lat' dir='ltr'>dicere</span> <span class='ocrx_word' id='word_1_506' title='bbox 1282 4249 1510 4306; x_wconf 88' lang='lat' dir='ltr'>censuit</span> <span class='ocrx_word' id='word_1_507' title='bbox 1558 4249 1774 4322; x_wconf 89' lang='lat' dir='ltr'>quibus</span> <span class='ocrx_word' id='word_1_508' title='bbox 1825 4251 2036 4316; x_wconf 91' lang='lat' dir='ltr'>modis,</span> <span class='ocrx_word' id='word_1_509' title='bbox 2088 4256 2153 4308; x_wconf 94' lang='lat' dir='ltr'>ut</span> 
     </span>
    </p>
   </div>
   <div class='ocr_carea' id='block_1_77' title="bbox 500 4339 2152 4416">
    <p class='ocr_par' dir='ltr' id='par_1_77' title="bbox 500 4339 2152 4416">
     <span class='ocr_line' id='line_1_77' title="bbox 500 4339 2152 4416; baseline -0.001 -17"><span class='ocrx_word' id='word_1_510' title='bbox 500 4361 679 4416; x_wconf 87' lang='lat' dir='ltr'>supra</span> <span class='ocrx_word' id='word_1_511' title='bbox 705 4343 932 4399; x_wconf 91' lang='lat' dir='ltr'>dictum</span> <span class='ocrx_word' id='word_1_512' title='bbox 967 4345 1074 4410; x_wconf 89' lang='lat' dir='ltr'>est,</span> <span class='ocrx_word' id='word_1_513' title='bbox 1107 4340 1304 4396; x_wconf 89' lang='lat' dir='ltr'>divina</span> <span class='ocrx_word' id='word_1_514' title='bbox 1335 4339 1630 4396; x_wconf 89' lang='lat' dir='ltr'>miseratio</span> <span class='ocrx_word' id='word_1_515' title='bbox 1663 4339 1916 4396; x_wconf 89' lang='lat' dir='ltr'>miseriis</span> <span class='ocrx_word' id='word_1_516' title='bbox 1947 4341 2152 4398; x_wconf 88' lang='lat' dir='ltr'>huma-</span> 
     </span>
    </p>
   </div>
   <div class='ocr_carea' id='block_1_78' title="bbox 497 4431 934 4489">
    <p class='ocr_par' dir='ltr' id='par_1_78' title="bbox 497 4431 934 4489">
     <span class='ocr_line' id='line_1_78' title="bbox 497 4431 934 4489; baseline -0.002 -1"><span class='ocrx_word' id='word_1_517' title='bbox 497 4432 591 4489; x_wconf 89' lang='lat' dir='ltr'>nis</span> <span class='ocrx_word' id='word_1_518' title='bbox 621 4431 934 4489; x_wconf 90' lang='lat' dir='ltr'>consuluit.</span> 
     </span>
    </p>
   </div>
   <div class='ocr_carea' id='block_1_79' title="bbox 2249 3270 3811 3348">
    <p class='ocr_par' dir='ltr' id='par_1_79' title="bbox 2249 3270 3811 3348">
     <span class='ocr_line' id='line_1_79' title="bbox 2249 3270 3811 3348; baseline -0.01 -13"><span class='ocrx_word' id='word_1_519' title='bbox 2249 3277 2472 3342; x_wconf 84' lang='lat' dir='ltr'>videris,</span> <span class='ocrx_word' id='word_1_520' title='bbox 2507 3275 2717 3348; x_wconf 89' lang='lat' dir='ltr'>inquit,</span> <span class='ocrx_word' id='word_1_521' title='bbox 2761 3275 3031 3346; x_wconf 77' lang='lat' dir='ltr'>Spiritum</span> <span class='ocrx_word' id='word_1_522' title='bbox 3063 3273 3470 3330; x_wconf 70' lang='lat' dir='ltr'>descendentem</span> <span class='ocrx_word' id='word_1_523' title='bbox 3494 3281 3540 3328; x_wconf 80' lang='lat' dir='ltr'>et</span> <span class='ocrx_word' id='word_1_524' title='bbox 3578 3270 3811 3326; x_wconf 74' lang='lat' dir='ltr'>manentem</span> 
     </span>
    </p>
   </div>
   <div class='ocr_carea' id='block_1_80' title="bbox 2248 3357 3811 3440">
    <p class='ocr_par' dir='ltr' id='par_1_80' title="bbox 2248 3357 3811 3440">
     <span class='ocr_line' id='line_1_80' title="bbox 2248 3357 3811 3440; baseline -0.01 -18"><span class='ocrx_word' id='word_1_525' title='bbox 2248 3383 2411 3440; x_wconf 83' lang='lat' dir='ltr'>super</span> <span class='ocrx_word' id='word_1_526' title='bbox 2439 3381 2582 3431; x_wconf 84' lang='lat' dir='ltr'>cum,</span> <span class='ocrx_word' id='word_1_527' title='bbox 2617 3367 2728 3435; x_wconf 78' lang='lat' dir='ltr'>ipse</span> <span class='ocrx_word' id='word_1_528' title='bbox 2756 3371 2834 3419; x_wconf 75' lang='lat' dir='ltr'>est</span> <span class='ocrx_word' id='word_1_529' title='bbox 2862 3365 2962 3434; x_wconf 89' lang='lat' dir='ltr'>qui</span> <span class='ocrx_word' id='word_1_530' title='bbox 2989 3363 3252 3436; x_wconf 77' lang='lat' dir='ltr'>baptizat.</span> <span class='ocrx_word' id='word_1_531' title='bbox 3280 3367 3410 3436; x_wconf 88' lang='lat' dir='ltr'>Ipse</span> <span class='ocrx_word' id='word_1_532' title='bbox 3430 3361 3624 3418; x_wconf 88' lang='lat' dir='ltr'>etenim</span> <span class='ocrx_word' id='word_1_533' title='bbox 3647 3357 3811 3414; x_wconf 83' lang='lat' dir='ltr'>amicus</span> 
     </span>
    </p>
   </div>
   <div class='ocr_carea' id='block_1_81' title="bbox 2253 3446 3812 3528">
    <p class='ocr_par' dir='ltr' id='par_1_81' title="bbox 2253 3446 3812 3528">
     <span class='ocr_line' id='line_1_81' title="bbox 2253 3446 3812 3528; baseline -0.012 -16"><span class='ocrx_word' id='word_1_534' title='bbox 2253 3454 2460 3528; x_wconf 89' lang='lat' dir='ltr'>Sponsi</span> <span class='ocrx_word' id='word_1_535' title='bbox 2472 3495 2484 3519; x_wconf 91' lang='lat'>,</span> <span class='ocrx_word' id='word_1_536' title='bbox 2511 3451 2697 3508; x_wconf 88' lang='lat' dir='ltr'>ﬁdelis</span> <span class='ocrx_word' id='word_1_537' title='bbox 2713 3449 3072 3524; x_wconf 91' lang='lat' dir='ltr'>humilisque</span> <span class='ocrx_word' id='word_1_538' title='bbox 3087 3450 3683 3522; x_wconf 67' lang='lat' dir='ltr'>Prazcursor,quointer</span> <span class='ocrx_word' id='word_1_539' title='bbox 3694 3446 3812 3500; x_wconf 82' lang='lat' dir='ltr'>natos</span> 
     </span>
    </p>
   </div>
   <div class='ocr_carea' id='block_1_82' title="bbox 2254 3529 3811 3606">
    <p class='ocr_par' dir='ltr' id='par_1_82' title="bbox 2254 3529 3811 3606">
     <span class='ocr_line' id='line_1_82' title="bbox 2254 3529 3811 3606; baseline -0.008 -9"><span class='ocrx_word' id='word_1_540' title='bbox 2254 3540 2592 3606; x_wconf 88' lang='lat' dir='ltr'>mulierum,</span> <span class='ocrx_word' id='word_1_541' title='bbox 2626 3543 2774 3594; x_wconf 90' lang='lat' dir='ltr'>teste</span> <span class='ocrx_word' id='word_1_542' title='bbox 2803 3537 3078 3606; x_wconf 84' lang='lat' dir='ltr'>Veritate,</span> <span class='ocrx_word' id='word_1_543' title='bbox 3113 3556 3234 3596; x_wconf 90' lang='lat' dir='ltr'>non</span> <span class='ocrx_word' id='word_1_544' title='bbox 3275 3539 3516 3596; x_wconf 79' lang='lat' dir='ltr'>surrexit</span> <span class='ocrx_word' id='word_1_545' title='bbox 3544 3536 3720 3606; x_wconf 81' lang='lat' dir='ltr'>major;</span> <span class='ocrx_word' id='word_1_546' title='bbox 3743 3529 3811 3585; x_wconf 73' lang='lat' dir='ltr'>bu-</span> 
     </span>
    </p>
   </div>
   <div class='ocr_carea' id='block_1_83' title="bbox 2255 3627 3812 3704">
    <p class='ocr_par' dir='ltr' id='par_1_83' title="bbox 2255 3627 3812 3704">
     <span class='ocr_line' id='line_1_83' title="bbox 2255 3627 3812 3704; baseline -0.01 -18"><span class='ocrx_word' id='word_1_547' title='bbox 2255 3630 2483 3704; x_wconf 88' lang='lat' dir='ltr'>ptizans</span> <span class='ocrx_word' id='word_1_548' title='bbox 2514 3632 2571 3684; x_wconf 90' lang='lat' dir='ltr'>et</span> <span class='ocrx_word' id='word_1_549' title='bbox 2590 3627 2951 3699; x_wconf 87' lang='lat' dir='ltr'>baptismum</span> <span class='ocrx_word' id='word_1_550' title='bbox 2977 3627 3306 3700; x_wconf 75' lang='lat' dir='ltr'>praedicans</span> <span class='ocrx_word' id='word_1_551' title='bbox 3324 3629 3469 3684; x_wconf 84' lang='lat' dir='ltr'>sicut</span> <span class='ocrx_word' id='word_1_552' title='bbox 3481 3642 3625 3682; x_wconf 89' lang='lat' dir='ltr'>sacer</span> <span class='ocrx_word' id='word_1_553' title='bbox 3639 3633 3812 3690; x_wconf 80' lang='lat' dir='ltr'>evange-</span> 
     </span>
    </p>
   </div>
   <div class='ocr_carea' id='block_1_84' title="bbox 2255 3713 3813 3789">
    <p class='ocr_par' dir='ltr' id='par_1_84' title="bbox 2255 3713 3813 3789">
     <span class='ocr_line' id='line_1_84' title="bbox 2255 3713 3813 3789; baseline -0.007 -14"><span class='ocrx_word' id='word_1_554' title='bbox 2255 3720 2405 3775; x_wconf 86' lang='lat' dir='ltr'>licus</span> <span class='ocrx_word' id='word_1_555' title='bbox 2455 3734 2648 3773; x_wconf 91' lang='lat' dir='ltr'>sermo</span> <span class='ocrx_word' id='word_1_556' title='bbox 2687 3714 2984 3772; x_wconf 91' lang='lat' dir='ltr'>describit.</span> <span class='ocrx_word' id='word_1_557' title='bbox 3018 3716 3111 3772; x_wconf 88' lang='lat' dir='ltr'>Ait</span> <span class='ocrx_word' id='word_1_558' title='bbox 3159 3717 3360 3773; x_wconf 91' lang='lat' dir='ltr'>enim:</span> <span class='ocrx_word' id='word_1_559' title='bbox 3395 3717 3495 3789; x_wconf 81' lang='lat' dir='ltr'>Ego</span> <span class='ocrx_word' id='word_1_560' title='bbox 3537 3713 3716 3787; x_wconf 80' lang='lat' dir='ltr'>quidem</span> <span class='ocrx_word' id='word_1_561' title='bbox 3755 3720 3813 3761; x_wconf 67' lang='lat' dir='ltr'>vos</span> 
     </span>
    </p>
   </div>
   <div class='ocr_carea' id='block_1_85' title="bbox 2259 3797 3814 3880">
    <p class='ocr_par' dir='ltr' id='par_1_85' title="bbox 2259 3797 3814 3880">
     <span class='ocr_line' id='line_1_85' title="bbox 2259 3797 3814 3880; baseline -0.006 -16"><span class='ocrx_word' id='word_1_562' title='bbox 2259 3809 2476 3880; x_wconf 74' lang='lat' dir='ltr'>buptim</span> <span class='ocrx_word' id='word_1_563' title='bbox 2502 3807 2562 3860; x_wconf 86' lang='lat' dir='ltr'>in</span> <span class='ocrx_word' id='word_1_564' title='bbox 2591 3805 2858 3877; x_wconf 83' lang='lat' dir='ltr'>aqua:qui</span> <span class='ocrx_word' id='word_1_565' title='bbox 2883 3813 3066 3860; x_wconf 81' lang='lat' dir='ltr'>autem</span> <span class='ocrx_word' id='word_1_566' title='bbox 3091 3811 3217 3878; x_wconf 77' lang='lat' dir='ltr'>post</span> <span class='ocrx_word' id='word_1_567' title='bbox 3248 3823 3332 3863; x_wconf 81' lang='lat' dir='ltr'>me</span> <span class='ocrx_word' id='word_1_568' title='bbox 3374 3809 3614 3862; x_wconf 69' lang='lat' dir='ltr'>ventum</span> <span class='ocrx_word' id='word_1_569' title='bbox 3637 3807 3716 3866; x_wconf 72' lang='lat' dir='ltr'>est,</span> <span class='ocrx_word' id='word_1_570' title='bbox 3737 3797 3814 3867; x_wconf 68' lang='grc' dir='ltr'>ίμε</span> 
     </span>
    </p>
   </div>
   <div class='ocr_carea' id='block_1_86' title="bbox 2257 3893 3478 3968">
    <p class='ocr_par' dir='ltr' id='par_1_86' title="bbox 2257 3893 3478 3968">
     <span class='ocr_line' id='line_1_86' title="bbox 2257 3893 3478 3968; baseline -0.004 -14"><span class='ocrx_word' id='word_1_571' title='bbox 2257 3914 2345 3954; x_wconf 86' lang='lat' dir='ltr'>vos</span> <span class='ocrx_word' id='word_1_572' title='bbox 2377 3896 2678 3968; x_wconf 63' lang='lat' dir='ltr'>baptizabit</span> <span class='ocrx_word' id='word_1_573' title='bbox 2711 3896 2770 3950; x_wconf 85' lang='lat' dir='ltr'>in</span> <span class='ocrx_word' id='word_1_574' title='bbox 2797 3893 3016 3966; x_wconf 80' lang='lat' dir='ltr'>Spiritu</span> <span class='ocrx_word' id='word_1_575' title='bbox 3043 3903 3233 3953; x_wconf 81' lang='lat' dir='ltr'>sancto</span> <span class='ocrx_word' id='word_1_576' title='bbox 3263 3903 3316 3953; x_wconf 76' lang='lat' dir='ltr'>et</span> <span class='ocrx_word' id='word_1_577' title='bbox 3344 3895 3478 3967; x_wconf 77' lang='lat' dir='ltr'>igni.</span> 
     </span>
    </p>
   </div>
   <div class='ocr_carea' id='block_1_87' title="bbox 2329 3971 3815 4057">
    <p class='ocr_par' dir='ltr' id='par_1_87' title="bbox 2329 3971 3815 4057">
     <span class='ocr_line' id='line_1_87' title="bbox 2329 3971 3815 4057; baseline -0.007 -15"><span class='ocrx_word' id='word_1_578' title='bbox 2329 3984 2629 4052; x_wconf 90' lang='lat' dir='ltr'>Quomodo</span> <span class='ocrx_word' id='word_1_579' title='bbox 2658 3982 2719 4038; x_wconf 92' lang='lat' dir='ltr'>in</span> <span class='ocrx_word' id='word_1_580' title='bbox 2751 3983 2969 4055; x_wconf 89' lang='lat' dir='ltr'>Spiritu</span> <span class='ocrx_word' id='word_1_581' title='bbox 3009 3988 3215 4040; x_wconf 90' lang='lat' dir='ltr'>sancto</span> <span class='ocrx_word' id='word_1_582' title='bbox 3248 3991 3306 4040; x_wconf 89' lang='lat' dir='ltr'>et</span> <span class='ocrx_word' id='word_1_583' title='bbox 3356 3983 3470 4057; x_wconf 86' lang='lat' dir='ltr'>igni</span> <span class='ocrx_word' id='word_1_584' title='bbox 3500 3978 3727 4052; x_wconf 81' lang='lat' dir='ltr'>baptizat,</span> <span class='ocrx_word' id='word_1_585' title='bbox 3751 3971 3815 4025; x_wconf 49' lang='lat' dir='ltr'>he</span> 
     </span>
    </p>
   </div>
   <div class='ocr_carea' id='block_1_88' title="bbox 2259 4061 3811 4144">
    <p class='ocr_par' dir='ltr' id='par_1_88' title="bbox 2259 4061 3811 4144">
     <span class='ocr_line' id='line_1_88' title="bbox 2259 4061 3811 4144; baseline -0.01 -13"><span class='ocrx_word' id='word_1_586' title='bbox 2259 4077 2462 4131; x_wconf 90' lang='lat' dir='ltr'>dierna</span> <span class='ocrx_word' id='word_1_587' title='bbox 2494 4072 2778 4129; x_wconf 80' lang='lat' dir='ltr'>festivitas</span> <span class='ocrx_word' id='word_1_588' title='bbox 2805 4073 2950 4128; x_wconf 88' lang='lat' dir='ltr'>satis</span> <span class='ocrx_word' id='word_1_589' title='bbox 2962 4077 3158 4144; x_wconf 86' lang='lat' dir='ltr'>aperte</span> <span class='ocrx_word' id='word_1_590' title='bbox 3171 4089 3242 4130; x_wconf 90' lang='lat' dir='ltr'>ac</span> <span class='ocrx_word' id='word_1_591' title='bbox 3258 4061 3811 4140; x_wconf 73' lang='lat' dir='ltr'>solemniterapprobat-</span> 
     </span>
    </p>
   </div>
   <div class='ocr_carea' id='block_1_89' title="bbox 2259 4151 3809 4234">
    <p class='ocr_par' dir='ltr' id='par_1_89' title="bbox 2259 4151 3809 4234">
     <span class='ocr_line' id='line_1_89' title="bbox 2259 4151 3809 4234; baseline -0.014 -13"><span class='ocrx_word' id='word_1_592' title='bbox 2259 4165 2434 4221; x_wconf 89' lang='lat' dir='ltr'>Beato</span> <span class='ocrx_word' id='word_1_593' title='bbox 2489 4163 2641 4218; x_wconf 88' lang='lat' dir='ltr'>Luca</span> <span class='ocrx_word' id='word_1_594' title='bbox 2693 4161 3048 4234; x_wconf 86' lang='lat' dir='ltr'>evangelista</span> <span class='ocrx_word' id='word_1_595' title='bbox 3101 4161 3160 4217; x_wconf 91' lang='lat' dir='ltr'>in</span> <span class='ocrx_word' id='word_1_596' title='bbox 3219 4162 3456 4219; x_wconf 85' lang='lat' dir='ltr'>Actibus</span> <span class='ocrx_word' id='word_1_597' title='bbox 3505 4151 3809 4230; x_wconf 83' lang='lat' dir='ltr'>apostolorum</span> 
     </span>
    </p>
   </div>
   <div class='ocr_carea' id='block_1_90' title="bbox 2261 4236 3812 4325">
    <p class='ocr_par' dir='ltr' id='par_1_90' title="bbox 2261 4236 3812 4325">
     <span class='ocr_line' id='line_1_90' title="bbox 2261 4236 3812 4325; baseline -0.008 -15"><span class='ocrx_word' id='word_1_598' title='bbox 2261 4258 2554 4320; x_wconf 88' lang='lat' dir='ltr'>narrante,</span> <span class='ocrx_word' id='word_1_599' title='bbox 2588 4252 2997 4324; x_wconf 88' lang='lat' dir='ltr'>cognoscimus</span> <span class='ocrx_word' id='word_1_600' title='bbox 3042 4251 3180 4323; x_wconf 85' lang='lat' dir='ltr'>quia</span> <span class='ocrx_word' id='word_1_601' title='bbox 3230 4255 3588 4325; x_wconf 77' lang='lat' dir='ltr'>apparuerunt</span> <span class='ocrx_word' id='word_1_602' title='bbox 3624 4236 3812 4315; x_wconf 64' lang='grc' dir='ltr'>σρωεσιῢ</span> 
     </span>
    </p>
   </div>
   <div class='ocr_carea' id='block_1_91' title="bbox 2258 4327 3810 4415">
    <p class='ocr_par' dir='ltr' id='par_1_91' title="bbox 2258 4327 3810 4415">
     <span class='ocr_line' id='line_1_91' title="bbox 2258 4327 3810 4415; baseline -0.014 -16"><span class='ocrx_word' id='word_1_603' title='bbox 2258 4343 2563 4415; x_wconf 66' lang='lat' dir='ltr'>dispertita?</span> <span class='ocrx_word' id='word_1_604' title='bbox 2592 4341 2801 4411; x_wconf 71' lang='lat' dir='ltr'>lingua:</span> <span class='ocrx_word' id='word_1_605' title='bbox 2829 4348 3092 4412; x_wconf 77' lang='lat' dir='ltr'>tauquam</span> <span class='ocrx_word' id='word_1_606' title='bbox 3125 4342 3294 4412; x_wconf 74' lang='lat' dir='ltr'>ignis,</span> <span class='ocrx_word' id='word_1_607' title='bbox 3327 4339 3556 4410; x_wconf 70' lang='lat' dir='ltr'>seditque</span> <span class='ocrx_word' id='word_1_608' title='bbox 3579 4347 3714 4402; x_wconf 78' lang='lat' dir='ltr'>supra</span> <span class='ocrx_word' id='word_1_609' title='bbox 3733 4327 3810 4415; x_wconf 50' lang='lat' dir='ltr'>riu:</span> 
     </span>
    </p>
   </div>
   <div class='ocr_carea' id='block_1_92' title="bbox 2259 4407 3811 4505">
    <p class='ocr_par' dir='ltr' id='par_1_92' title="bbox 2259 4407 3811 4505">
     <span class='ocr_line' id='line_1_92' title="bbox 2259 4407 3811 4505; baseline -0.013 -17"><span class='ocrx_word' id='word_1_610' title='bbox 2259 4407 2414 4505; x_wconf 69' lang='lat' dir='ltr'>gaios</span> <span class='ocrx_word' id='word_1_611' title='bbox 2443 4445 2632 4487; x_wconf 82' lang='lat' dir='ltr'>eorum</span> <span class='ocrx_word' id='word_1_612' title='bbox 2676 4407 3204 4500; x_wconf 38' lang='lat' dir='ltr'>Spiritus-sanctus.</span> <span class='ocrx_word' id='word_1_613' title='bbox 3259 4407 3491 4494; x_wconf 70' lang='lat' dir='ltr'>Idcirco,</span> <span class='ocrx_word' id='word_1_614' title='bbox 3530 4407 3811 4505; x_wconf 63' lang='lat' dir='ltr'>dilectiisinii</span> 
     </span>
    </p>
   </div>
   <div class='ocr_carea' id='block_1_93' title="bbox 568 4499 3812 4598">
    <p class='ocr_par' dir='ltr' id='par_1_93' title="bbox 568 4499 3812 4598">
     <span class='ocr_line' id='line_1_93' title="bbox 568 4499 3812 4598; baseline -0.006 -21"><span class='ocrx_word' id='word_1_615' title='bbox 568 4521 753 4576; x_wconf 90' lang='lat' dir='ltr'>Natus</span> <span class='ocrx_word' id='word_1_616' title='bbox 783 4523 874 4576; x_wconf 89' lang='lat' dir='ltr'>est</span> <span class='ocrx_word' id='word_1_617' title='bbox 893 4519 1158 4576; x_wconf 89' lang='lat' dir='ltr'>Christus</span> <span class='ocrx_word' id='word_1_618' title='bbox 1190 4537 1258 4574; x_wconf 80' lang='lat' dir='ltr'>ex</span> <span class='ocrx_word' id='word_1_619' title='bbox 1289 4517 1628 4590; x_wconf 89' lang='lat' dir='ltr'>incorrupta</span> <span class='ocrx_word' id='word_1_620' title='bbox 1655 4518 1912 4590; x_wconf 89' lang='lat' dir='ltr'>Virgine,</span> <span class='ocrx_word' id='word_1_621' title='bbox 1946 4523 2011 4574; x_wconf 87' lang='lat' dir='ltr'>ut</span> <span class='ocrx_word' id='word_1_622' title='bbox 2041 4519 2144 4576; x_wconf 89' lang='lat' dir='ltr'>hu-</span> <span class='ocrx_word' id='word_1_623' title='bbox 2175 4533 2221 4598; x_wconf 72' lang='grc' dir='ltr'>Β</span> <span class='ocrx_word' id='word_1_624' title='bbox 2255 4499 2481 4584; x_wconf 81' lang='lat' dir='ltr'>fratres,</span> <span class='ocrx_word' id='word_1_625' title='bbox 2515 4519 2586 4574; x_wconf 89' lang='lat' dir='ltr'>de</span> <span class='ocrx_word' id='word_1_626' title='bbox 2615 4499 2982 4573; x_wconf 80' lang='lat' dir='ltr'>sacramento</span> <span class='ocrx_word' id='word_1_627' title='bbox 3009 4499 3661 4590; x_wconf 44' lang='lat' dir='ltr'>baptismatis,hodie-vel</span> <span class='ocrx_word' id='word_1_628' title='bbox 3683 4500 3812 4560; x_wconf 81' lang='lat' dir='ltr'>medi-</span> 
     </span>
    </p>
   </div>
   <div class='ocr_carea' id='block_1_94' title="bbox 497 4605 2149 4680">
    <p class='ocr_par' dir='ltr' id='par_1_94' title="bbox 497 4605 2149 4680">
     <span class='ocr_line' id='line_1_94' title="bbox 497 4605 2149 4680; baseline 0.001 -16"><span class='ocrx_word' id='word_1_629' title='bbox 497 4625 673 4664; x_wconf 86' lang='lat' dir='ltr'>mana</span> <span class='ocrx_word' id='word_1_630' title='bbox 691 4614 966 4680; x_wconf 89' lang='lat' dir='ltr'>corrupta</span> <span class='ocrx_word' id='word_1_631' title='bbox 994 4608 1266 4664; x_wconf 86' lang='lat' dir='ltr'>nativitas</span> <span class='ocrx_word' id='word_1_632' title='bbox 1291 4607 1348 4662; x_wconf 90' lang='lat' dir='ltr'>in</span> <span class='ocrx_word' id='word_1_633' title='bbox 1381 4605 1704 4678; x_wconf 88' lang='lat' dir='ltr'>spiritalem</span> <span class='ocrx_word' id='word_1_634' title='bbox 1729 4609 2149 4666; x_wconf 85' lang='lat' dir='ltr'>transferretur</span> 
     </span>
    </p>
   </div>
   <div class='ocr_carea' id='block_1_95' title="bbox 493 4689 2139 4773">
    <p class='ocr_par' dir='ltr' id='par_1_95' title="bbox 493 4689 2139 4773">
     <span class='ocr_line' id='line_1_95' title="bbox 493 4689 2139 4773; baseline -0.001 -18"><span class='ocrx_word' id='word_1_635' title='bbox 493 4689 1082 4773; x_wconf 43' lang='lat' dir='ltr'>originem.Legalem‘</span> <span class='ocrx_word' id='word_1_636' title='bbox 1101 4695 1590 4768; x_wconf 86' lang='lat' dir='ltr'>voluitsuscipere</span> <span class='ocrx_word' id='word_1_637' title='bbox 1614 4696 2139 4769; x_wconf 88' lang='lat' dir='ltr'>circumcisionem,</span> 
     </span>
    </p>
   </div>
   <div class='ocr_carea' id='block_1_96' title="bbox 491 4785 2144 4860">
    <p class='ocr_par' dir='ltr' id='par_1_96' title="bbox 491 4785 2144 4860">
     <span class='ocr_line' id='line_1_96' title="bbox 491 4785 2144 4860; baseline 0 -16"><span class='ocrx_word' id='word_1_638' title='bbox 491 4793 556 4844; x_wconf 91' lang='lat' dir='ltr'>ut</span> <span class='ocrx_word' id='word_1_639' title='bbox 584 4787 854 4860; x_wconf 89' lang='lat' dir='ltr'>ejusdem</span> <span class='ocrx_word' id='word_1_640' title='bbox 885 4785 1033 4860; x_wconf 89' lang='lat' dir='ltr'>legis</span> <span class='ocrx_word' id='word_1_641' title='bbox 1064 4803 1127 4842; x_wconf 93' lang='lat' dir='ltr'>se</span> <span class='ocrx_word' id='word_1_642' title='bbox 1154 4785 1584 4841; x_wconf 88' lang='lat' dir='ltr'>demonstraret</span> <span class='ocrx_word' id='word_1_643' title='bbox 1614 4789 1932 4852; x_wconf 90' lang='lat' dir='ltr'>auctorem,</span> <span class='ocrx_word' id='word_1_644' title='bbox 1951 4790 2007 4842; x_wconf 93' lang='lat' dir='ltr'>et</span> <span class='ocrx_word' id='word_1_645' title='bbox 2037 4803 2144 4844; x_wconf 89' lang='lat' dir='ltr'>nos</span> 
     </span>
    </p>
   </div>
   <div class='ocr_carea' id='block_1_97' title="bbox 487 4873 2144 4952">
    <p class='ocr_par' dir='ltr' id='par_1_97' title="bbox 487 4873 2144 4952">
     <span class='ocr_line' id='line_1_97' title="bbox 487 4873 2144 4952; baseline -0.002 -17"><span class='ocrx_word' id='word_1_646' title='bbox 487 4877 754 4952; x_wconf 76' lang='lat' dir='ltr'>exemplo</span> <span class='ocrx_word' id='word_1_647' title='bbox 771 4877 899 4949; x_wconf 89' lang='lat' dir='ltr'>ejus</span> <span class='ocrx_word' id='word_1_648' title='bbox 930 4873 1298 4948; x_wconf 89' lang='lat' dir='ltr'>spiritalibus</span> <span class='ocrx_word' id='word_1_649' title='bbox 1325 4873 1560 4946; x_wconf 90' lang='lat' dir='ltr'>gaudiis</span> <span class='ocrx_word' id='word_1_650' title='bbox 1577 4873 1929 4944; x_wconf 90' lang='lat' dir='ltr'>circumcisi,</span> <span class='ocrx_word' id='word_1_651' title='bbox 1964 4875 2022 4931; x_wconf 95' lang='lat' dir='ltr'>id</span> <span class='ocrx_word' id='word_1_652' title='bbox 2054 4880 2144 4932; x_wconf 88' lang='lat' dir='ltr'>est</span> 
     </span>
    </p>
   </div>
   <div class='ocr_carea' id='block_1_98' title="bbox 487 4962 2140 5038">
    <p class='ocr_par' dir='ltr' id='par_1_98' title="bbox 487 4962 2140 5038">
     <span class='ocr_line' id='line_1_98' title="bbox 487 4962 2140 5038; baseline -0.001 -17"><span class='ocrx_word' id='word_1_653' title='bbox 487 4965 822 5022; x_wconf 78' lang='lat' dir='ltr'>caalestibus</span> <span class='ocrx_word' id='word_1_654' title='bbox 853 4963 1180 5038; x_wconf 90' lang='lat' dir='ltr'>disciplinis</span> <span class='ocrx_word' id='word_1_655' title='bbox 1205 4962 1440 5027; x_wconf 90' lang='lat' dir='ltr'>eruditi,</span> <span class='ocrx_word' id='word_1_656' title='bbox 1475 4963 1548 5017; x_wconf 89' lang='lat' dir='ltr'>ad</span> <span class='ocrx_word' id='word_1_657' title='bbox 1577 4963 1857 5018; x_wconf 88' lang='lat' dir='ltr'>fabricam</span> <span class='ocrx_word' id='word_1_658' title='bbox 1887 4963 2140 5020; x_wconf 72' lang='lat' dir='ltr'>cmlestis</span> 
     </span>
    </p>
   </div>
   <div class='ocr_carea' id='block_1_99' title="bbox 487 5051 2134 5124">
    <p class='ocr_par' dir='ltr' id='par_1_99' title="bbox 487 5051 2134 5124">
     <span class='ocr_line' id='line_1_99' title="bbox 487 5051 2134 5124; baseline 0 -15"><span class='ocrx_word' id='word_1_659' title='bbox 487 5054 708 5110; x_wconf 63' lang='lat' dir='ltr'>aediﬁcii</span> <span class='ocrx_word' id='word_1_660' title='bbox 727 5055 1094 5111; x_wconf 87' lang='lat' dir='ltr'>inveniamur</span> <span class='ocrx_word' id='word_1_661' title='bbox 1113 5051 1550 5108; x_wconf 86' lang='lat' dir='ltr'>idonei.Deinde</span> <span class='ocrx_word' id='word_1_662' title='bbox 1573 5069 1606 5106; x_wconf 88' lang='lat' dir='ltr'>a</span> <span class='ocrx_word' id='word_1_663' title='bbox 1623 5052 1812 5124; x_wconf 83' lang='lat' dir='ltr'>magis</span> <span class='ocrx_word' id='word_1_664' title='bbox 1835 5052 2134 5121; x_wconf 84' lang='lat' dir='ltr'>adoratus,</span> 
     </span>
    </p>
   </div>
   <div class='ocr_carea' id='block_1_100' title="bbox 483 5139 2136 5215">
    <p class='ocr_par' dir='ltr' id='par_1_100' title="bbox 483 5139 2136 5215">
     <span class='ocr_line' id='line_1_100' title="bbox 483 5139 2136 5215; baseline 0.001 -19"><span class='ocrx_word' id='word_1_665' title='bbox 483 5144 604 5198; x_wconf 89' lang='lat' dir='ltr'>tres</span> <span class='ocrx_word' id='word_1_666' title='bbox 635 5142 1045 5215; x_wconf 87' lang='lat' dir='ltr'>signiﬁcativas</span> <span class='ocrx_word' id='word_1_667' title='bbox 1073 5141 1335 5214; x_wconf 87' lang='lat' dir='ltr'>suscepit</span> <span class='ocrx_word' id='word_1_668' title='bbox 1350 5139 1574 5214; x_wconf 91' lang='lat' dir='ltr'>species</span> <span class='ocrx_word' id='word_1_669' title='bbox 1598 5147 2004 5205; x_wconf 82' lang='lat' dir='ltr'>munerum,ut</span> <span class='ocrx_word' id='word_1_670' title='bbox 2033 5142 2136 5214; x_wconf 92' lang='lat' dir='ltr'>qui</span> 
     </span>
    </p>
   </div>
   <div class='ocr_carea' id='block_1_101' title="bbox 485 5229 2132 5302">
    <p class='ocr_par' dir='ltr' id='par_1_101' title="bbox 485 5229 2132 5302">
     <span class='ocr_line' id='line_1_101' title="bbox 485 5229 2132 5302; baseline 0.002 -18"><span class='ocrx_word' id='word_1_671' title='bbox 485 5233 610 5284; x_wconf 88' lang='lat' dir='ltr'>erat</span> <span class='ocrx_word' id='word_1_672' title='bbox 643 5248 744 5302; x_wconf 91' lang='lat' dir='ltr'>pro</span> <span class='ocrx_word' id='word_1_673' title='bbox 797 5232 966 5288; x_wconf 91' lang='lat' dir='ltr'>nobis</span> <span class='ocrx_word' id='word_1_674' title='bbox 999 5230 1263 5286; x_wconf 82' lang='lat' dir='ltr'>mortalis</span> <span class='ocrx_word' id='word_1_675' title='bbox 1315 5231 1576 5286; x_wconf 73' lang='lat' dir='ltr'>effectus.</span> <span class='ocrx_word' id='word_1_676' title='bbox 1621 5230 1736 5284; x_wconf 78' lang='lat' dir='ltr'>Rex</span> <span class='ocrx_word' id='word_1_677' title='bbox 1785 5229 2132 5287; x_wconf 63' lang='lat' dir='ltr'>saeculorum</span> 
     </span>
    </p>
   </div>
   <div class='ocr_carea' id='block_1_102' title="bbox 483 5317 2130 5392">
    <p class='ocr_par' dir='ltr' id='par_1_102' title="bbox 483 5317 2130 5392">
     <span class='ocr_line' id='line_1_102' title="bbox 483 5317 2130 5392; baseline 0.002 -20"><span class='ocrx_word' id='word_1_678' title='bbox 483 5317 815 5374; x_wconf 88' lang='lat' dir='ltr'>crederetur</span> <span class='ocrx_word' id='word_1_679' title='bbox 843 5324 900 5374; x_wconf 86' lang='lat' dir='ltr'>et</span> <span class='ocrx_word' id='word_1_680' title='bbox 930 5317 1434 5375; x_wconf 90' lang='lat' dir='ltr'>Dominus.Voluit</span> <span class='ocrx_word' id='word_1_681' title='bbox 1454 5318 1630 5374; x_wconf 84' lang='lat' dir='ltr'>etiam</span> <span class='ocrx_word' id='word_1_682' title='bbox 1663 5319 1719 5372; x_wconf 91' lang='lat' dir='ltr'>in</span> <span class='ocrx_word' id='word_1_683' title='bbox 1749 5319 1964 5391; x_wconf 88' lang='lat' dir='ltr'>templo</span> <span class='ocrx_word' id='word_1_684' title='bbox 1986 5337 2130 5392; x_wconf 67' lang='lat' dir='ltr'>pra:-</span> 
     </span>
    </p>
   </div>
   <div class='ocr_carea' id='block_1_103' title="bbox 482 5407 2124 5480">
    <p class='ocr_par' dir='ltr' id='par_1_103' title="bbox 482 5407 2124 5480">
     <span class='ocr_line' id='line_1_103' title="bbox 482 5407 2124 5480; baseline 0.001 -17"><span class='ocrx_word' id='word_1_685' title='bbox 482 5408 1016 5473; x_wconf 87' lang='lat' dir='ltr'>sentari,turturem</span> <span class='ocrx_word' id='word_1_686' title='bbox 1047 5412 1103 5462; x_wconf 90' lang='lat' dir='ltr'>et</span> <span class='ocrx_word' id='word_1_687' title='bbox 1131 5407 1462 5463; x_wconf 86' lang='lat' dir='ltr'>columbam</span> <span class='ocrx_word' id='word_1_688' title='bbox 1490 5425 1592 5480; x_wconf 90' lang='lat' dir='ltr'>pro</span> <span class='ocrx_word' id='word_1_689' title='bbox 1623 5425 1685 5464; x_wconf 88' lang='lat' dir='ltr'>se</span> <span class='ocrx_word' id='word_1_690' title='bbox 1713 5407 2124 5480; x_wconf 83' lang='lat' dir='ltr'>voluitoﬁ‘erri,</span> 
     </span>
    </p>
   </div>
   <div class='ocr_carea' id='block_1_104' title="bbox 478 5495 2122 5569">
    <p class='ocr_par' dir='ltr' id='par_1_104' title="bbox 478 5495 2122 5569">
     <span class='ocr_line' id='line_1_104' title="bbox 478 5495 2122 5569; baseline 0.001 -16"><span class='ocrx_word' id='word_1_691' title='bbox 478 5496 627 5553; x_wconf 90' lang='lat' dir='ltr'>dans</span> <span class='ocrx_word' id='word_1_692' title='bbox 659 5495 826 5552; x_wconf 83' lang='lat' dir='ltr'>nobis</span> <span class='ocrx_word' id='word_1_693' title='bbox 852 5496 1182 5569; x_wconf 84' lang='lat' dir='ltr'>exemplum</span> <span class='ocrx_word' id='word_1_694' title='bbox 1216 5499 1434 5562; x_wconf 91' lang='lat' dir='ltr'>ut,cum</span> <span class='ocrx_word' id='word_1_695' title='bbox 1470 5497 1542 5551; x_wconf 88' lang='lat' dir='ltr'>ad</span> <span class='ocrx_word' id='word_1_696' title='bbox 1569 5496 1749 5553; x_wconf 88' lang='lat' dir='ltr'>altare</span> <span class='ocrx_word' id='word_1_697' title='bbox 1766 5498 2122 5568; x_wconf 89' lang='lat' dir='ltr'>accedimus,</span> 
     </span>
    </p>
   </div>
   <div class='ocr_carea' id='block_1_105' title="bbox 2260 4601 3811 4680">
    <p class='ocr_par' dir='ltr' id='par_1_105' title="bbox 2260 4601 3811 4680">
     <span class='ocr_line' id='line_1_105' title="bbox 2260 4601 3811 4680; baseline -0.012 -13"><span class='ocrx_word' id='word_1_698' title='bbox 2260 4628 2392 4667; x_wconf 90' lang='lat' dir='ltr'>cum</span> <span class='ocrx_word' id='word_1_699' title='bbox 2425 4608 2616 4664; x_wconf 90' lang='lat' dir='ltr'>dicere</span> <span class='ocrx_word' id='word_1_700' title='bbox 2648 4605 2841 4675; x_wconf 89' lang='lat' dir='ltr'>libuit,</span> <span class='ocrx_word' id='word_1_701' title='bbox 2880 4607 3162 4680; x_wconf 90' lang='lat' dir='ltr'>quoniam</span> <span class='ocrx_word' id='word_1_702' title='bbox 3194 4607 3342 4662; x_wconf 89' lang='lat' dir='ltr'>illud</span> <span class='ocrx_word' id='word_1_703' title='bbox 3375 4607 3480 4662; x_wconf 90' lang='lat' dir='ltr'>isto</span> <span class='ocrx_word' id='word_1_704' title='bbox 3524 4601 3576 4656; x_wconf 91' lang='lat' dir='ltr'>in</span> <span class='ocrx_word' id='word_1_705' title='bbox 3620 4601 3811 4664; x_wconf 62' lang='lat' dir='ltr'>tempora</span> 
     </span>
    </p>
   </div>
   <div class='ocr_carea' id='block_1_106' title="bbox 2253 4691 3812 4770">
    <p class='ocr_par' dir='ltr' id='par_1_106' title="bbox 2253 4691 3812 4770">
     <span class='ocr_line' id='line_1_106' title="bbox 2253 4691 3812 4770; baseline -0.014 -14"><span class='ocrx_word' id='word_1_706' title='bbox 2253 4696 2585 4756; x_wconf 89' lang='lat' dir='ltr'>Christiana</span> <span class='ocrx_word' id='word_1_707' title='bbox 2607 4694 2810 4767; x_wconf 90' lang='lat' dir='ltr'>religio</span> <span class='ocrx_word' id='word_1_708' title='bbox 2841 4697 3032 4770; x_wconf 90' lang='lat' dir='ltr'>magis</span> <span class='ocrx_word' id='word_1_709' title='bbox 3060 4713 3128 4752; x_wconf 89' lang='lat' dir='ltr'>ac</span> <span class='ocrx_word' id='word_1_710' title='bbox 3160 4697 3356 4770; x_wconf 86' lang='lat' dir='ltr'>magis</span> <span class='ocrx_word' id='word_1_711' title='bbox 3372 4704 3622 4768; x_wconf 83' lang='lat' dir='ltr'>peragere</span> <span class='ocrx_word' id='word_1_712' title='bbox 3637 4691 3812 4770; x_wconf 61' lang='lat' dir='ltr'>censue</span> 
     </span>
    </p>
   </div>
   <div class='ocr_carea' id='block_1_107' title="bbox 2253 4766 3810 4857">
    <p class='ocr_par' dir='ltr' id='par_1_107' title="bbox 2253 4766 3810 4857">
     <span class='ocr_line' id='line_1_107' title="bbox 2253 4766 3810 4857; baseline -0.014 -15"><span class='ocrx_word' id='word_1_713' title='bbox 2253 4783 2696 4857; x_wconf 86' lang='lat' dir='ltr'>vit.Baptizatur</span> <span class='ocrx_word' id='word_1_714' title='bbox 2718 4766 3009 4852; x_wconf 65' lang='lat' dir='ltr'>Christus,</span> <span class='ocrx_word' id='word_1_715' title='bbox 3042 4790 3101 4841; x_wconf 87' lang='lat' dir='ltr'>et</span> <span class='ocrx_word' id='word_1_716' title='bbox 3133 4801 3252 4840; x_wconf 90' lang='lat' dir='ltr'>non</span> <span class='ocrx_word' id='word_1_717' title='bbox 3266 4766 3455 4840; x_wconf 32' lang='lat' dir='ltr'>imo—do</span> <span class='ocrx_word' id='word_1_718' title='bbox 3495 4779 3606 4852; x_wconf 83' lang='lat' dir='ltr'>jam</span> <span class='ocrx_word' id='word_1_719' title='bbox 3629 4766 3810 4857; x_wconf 49' lang='lat' dir='ltr'>patriar:</span> 
     </span>
    </p>
   </div>
   <div class='ocr_carea' id='block_1_108' title="bbox 2253 4850 3808 4946">
    <p class='ocr_par' dir='ltr' id='par_1_108' title="bbox 2253 4850 3808 4946">
     <span class='ocr_line' id='line_1_108' title="bbox 2253 4850 3808 4946; baseline -0.013 -15"><span class='ocrx_word' id='word_1_720' title='bbox 2253 4850 2496 4932; x_wconf 76' lang='lat' dir='ltr'>charum</span> <span class='ocrx_word' id='word_1_721' title='bbox 2528 4871 2832 4945; x_wconf 90' lang='lat' dir='ltr'>prodigiis,</span> <span class='ocrx_word' id='word_1_722' title='bbox 2861 4850 3001 4928; x_wconf 87' lang='lat' dir='ltr'>non</span> <span class='ocrx_word' id='word_1_723' title='bbox 3031 4872 3445 4946; x_wconf 86' lang='lat' dir='ltr'>prophetarum</span> <span class='ocrx_word' id='word_1_724' title='bbox 3489 4850 3715 4924; x_wconf 83' lang='lat' dir='ltr'>oraculis,</span> <span class='ocrx_word' id='word_1_725' title='bbox 3737 4850 3808 4908; x_wconf 71' lang='lat' dir='ltr'>sed</span> 
     </span>
    </p>
   </div>
   <div class='ocr_carea' id='block_1_109' title="bbox 2249 4945 3810 5034">
    <p class='ocr_par' dir='ltr' id='par_1_109' title="bbox 2249 4945 3810 5034">
     <span class='ocr_line' id='line_1_109' title="bbox 2249 4945 3810 5034; baseline -0.012 -15"><span class='ocrx_word' id='word_1_726' title='bbox 2249 4981 2388 5020; x_wconf 87' lang='lat' dir='ltr'>voce</span> <span class='ocrx_word' id='word_1_727' title='bbox 2445 4960 2630 5018; x_wconf 89' lang='lat' dir='ltr'>Patris</span> <span class='ocrx_word' id='word_1_728' title='bbox 2677 4961 2924 5018; x_wconf 79' lang='lat' dir='ltr'>dilectus</span> <span class='ocrx_word' id='word_1_729' title='bbox 2977 4945 3158 5018; x_wconf 83' lang='lat' dir='ltr'>Filius</span> <span class='ocrx_word' id='word_1_730' title='bbox 3205 4960 3587 5034; x_wconf 88' lang='lat' dir='ltr'>approbatur:</span> <span class='ocrx_word' id='word_1_731' title='bbox 3633 4947 3720 5005; x_wconf 80' lang='lat' dir='ltr'>Hic</span> <span class='ocrx_word' id='word_1_732' title='bbox 3755 4945 3810 4996; x_wconf 66' lang='grc' dir='ltr'>αι</span> 
     </span>
    </p>
   </div>
   <div class='ocr_carea' id='block_1_110' title="bbox 2247 5041 3807 5127">
    <p class='ocr_par' dir='ltr' id='par_1_110' title="bbox 2247 5041 3807 5127">
     <span class='ocr_line' id='line_1_110' title="bbox 2247 5041 3807 5127; baseline -0.006 -17"><span class='ocrx_word' id='word_1_733' title='bbox 2247 5055 2400 5127; x_wconf 80' lang='lat' dir='ltr'>ﬁlius</span> <span class='ocrx_word' id='word_1_734' title='bbox 2428 5068 2581 5106; x_wconf 70' lang='lat' dir='ltr'>meus</span> <span class='ocrx_word' id='word_1_735' title='bbox 2607 5050 2922 5119; x_wconf 82' lang='lat' dir='ltr'>dilectus,in</span> <span class='ocrx_word' id='word_1_736' title='bbox 2955 5068 3058 5125; x_wconf 87' lang='lat' dir='ltr'>quo</span> <span class='ocrx_word' id='word_1_737' title='bbox 3102 5052 3244 5107; x_wconf 85' lang='lat' dir='ltr'>mihi</span> <span class='ocrx_word' id='word_1_738' title='bbox 3287 5044 3606 5121; x_wconf 79' lang='lat' dir='ltr'>complacuit.</span> <span class='ocrx_word' id='word_1_739' title='bbox 3725 5041 3807 5101; x_wconf 78' lang='grc' dir='ltr'>(ιυο</span> 
     </span>
    </p>
   </div>
   <div class='ocr_carea' id='block_1_111' title="bbox 2250 5122 3803 5208">
    <p class='ocr_par' dir='ltr' id='par_1_111' title="bbox 2250 5122 3803 5208">
     <span class='ocr_line' id='line_1_111' title="bbox 2250 5122 3803 5208; baseline -0.009 -11"><span class='ocrx_word' id='word_1_740' title='bbox 2250 5122 2557 5198; x_wconf 73' lang='lat' dir='ltr'>Psalmista</span> <span class='ocrx_word' id='word_1_741' title='bbox 2589 5156 2603 5195; x_wconf 69' lang='grc' dir='ltr'>ξ</span> <span class='ocrx_word' id='word_1_742' title='bbox 2639 5141 2756 5196; x_wconf 75' lang='lat' dir='ltr'>Rex</span> <span class='ocrx_word' id='word_1_743' title='bbox 2781 5122 2988 5208; x_wconf 80' lang='lat' dir='ltr'>dilecti,</span> <span class='ocrx_word' id='word_1_744' title='bbox 3019 5141 3227 5197; x_wconf 80' lang='lat' dir='ltr'>dilecti.</span> <span class='ocrx_word' id='word_1_745' title='bbox 3261 5140 3332 5196; x_wconf 89' lang='lat' dir='ltr'>Et</span> <span class='ocrx_word' id='word_1_746' title='bbox 3378 5137 3445 5192; x_wconf 90' lang='lat' dir='ltr'>de</span> <span class='ocrx_word' id='word_1_747' title='bbox 3471 5147 3573 5206; x_wconf 91' lang='lat' dir='ltr'>quo</span> <span class='ocrx_word' id='word_1_748' title='bbox 3597 5122 3803 5208; x_wconf 54' lang='lat' dir='ltr'>Salomon</span> 
     </span>
    </p>
   </div>
   <div class='ocr_carea' id='block_1_112' title="bbox 2247 5205 3801 5295">
    <p class='ocr_par' dir='ltr' id='par_1_112' title="bbox 2247 5205 3801 5295">
     <span class='ocr_line' id='line_1_112' title="bbox 2247 5205 3801 5295; baseline -0.011 -11"><span class='ocrx_word' id='word_1_749' title='bbox 2247 5230 2306 5284; x_wconf 90' lang='lat' dir='ltr'>in</span> <span class='ocrx_word' id='word_1_750' title='bbox 2337 5227 2592 5285; x_wconf 88' lang='lat' dir='ltr'>Canticis</span> <span class='ocrx_word' id='word_1_751' title='bbox 2618 5244 2631 5285; x_wconf 92' lang='lat'><strong>:</strong></span> <span class='ocrx_word' id='word_1_752' title='bbox 2664 5228 2898 5285; x_wconf 80' lang='lat' dir='ltr'>Dilectus</span> <span class='ocrx_word' id='word_1_753' title='bbox 2927 5205 2998 5285; x_wconf 64' lang='lat' dir='ltr'>ea:</span> <span class='ocrx_word' id='word_1_754' title='bbox 3025 5229 3240 5286; x_wconf 78' lang='lat' dir='ltr'>dilecto.</span> <span class='ocrx_word' id='word_1_755' title='bbox 3277 5205 3500 5288; x_wconf 89' lang='lat' dir='ltr'>Deinde,</span> <span class='ocrx_word' id='word_1_756' title='bbox 3527 5215 3694 5274; x_wconf 85' lang='lat' dir='ltr'>sancto</span> <span class='ocrx_word' id='word_1_757' title='bbox 3725 5205 3801 5295; x_wconf 54' lang='lat' dir='ltr'>duj</span> 
     </span>
    </p>
   </div>
   <div class='ocr_carea' id='block_1_113' title="bbox 2241 5297 3800 5391">
    <p class='ocr_par' dir='ltr' id='par_1_113' title="bbox 2241 5297 3800 5391">
     <span class='ocr_line' id='line_1_113' title="bbox 2241 5297 3800 5391; baseline -0.012 -16"><span class='ocrx_word' id='word_1_758' title='bbox 2241 5325 2408 5375; x_wconf 88' lang='lat' dir='ltr'>ccnte</span> <span class='ocrx_word' id='word_1_759' title='bbox 2447 5317 2691 5390; x_wconf 90' lang='lat' dir='ltr'>Spiritu,</span> <span class='ocrx_word' id='word_1_760' title='bbox 2743 5317 3042 5374; x_wconf 89' lang='lat' dir='ltr'>desertum</span> <span class='ocrx_word' id='word_1_761' title='bbox 3097 5315 3280 5391; x_wconf 89' lang='lat' dir='ltr'>petiit,</span> <span class='ocrx_word' id='word_1_762' title='bbox 3331 5313 3576 5380; x_wconf 81' lang='lat' dir='ltr'>exempto</span> <span class='ocrx_word' id='word_1_763' title='bbox 3620 5297 3800 5391; x_wconf 43' lang='lat' dir='ltr'>[exacta]</span> 
     </span>
    </p>
   </div>
   <div class='ocr_carea' id='block_1_114' title="bbox 2240 5383 3800 5482">
    <p class='ocr_par' dir='ltr' id='par_1_114' title="bbox 2240 5383 3800 5482">
     <span class='ocr_line' id='line_1_114' title="bbox 2240 5383 3800 5482; baseline -0.019 -18"><span class='ocrx_word' id='word_1_764' title='bbox 2240 5383 2736 5480; x_wconf 68' lang='lat' dir='ltr'>quadragesima“</span> <span class='ocrx_word' id='word_1_765' title='bbox 2760 5383 3248 5480; x_wconf 46' lang='lat' dir='ltr'>jejunio,ut-pote</span> <span class='ocrx_word' id='word_1_766' title='bbox 3269 5418 3435 5460; x_wconf 86' lang='lat' dir='ltr'>verus</span> <span class='ocrx_word' id='word_1_767' title='bbox 3455 5399 3609 5482; x_wconf 84' lang='lat' dir='ltr'>homo</span> <span class='ocrx_word' id='word_1_768' title='bbox 3627 5383 3800 5482; x_wconf 47' lang='lat' dir='ltr'>esurii‘t,</span> 
     </span>
    </p>
   </div>
   <div class='ocr_carea' id='block_1_115' title="bbox 2236 5465 3800 5563">
    <p class='ocr_par' dir='ltr' id='par_1_115' title="bbox 2236 5465 3800 5563">
     <span class='ocr_line' id='line_1_115' title="bbox 2236 5465 3800 5563; baseline -0.021 -10"><span class='ocrx_word' id='word_1_769' title='bbox 2236 5465 2450 5553; x_wconf 85' lang='lat' dir='ltr'>diaboli</span> <span class='ocrx_word' id='word_1_770' title='bbox 2469 5465 2847 5551; x_wconf 39' lang='lat' dir='ltr'>\tentamen’ta</span> <span class='ocrx_word' id='word_1_771' title='bbox 2875 5465 3075 5552; x_wconf 80' lang='lat' dir='ltr'>divina</span> <span class='ocrx_word' id='word_1_772' title='bbox 3087 5465 3234 5551; x_wconf 76' lang='lat' dir='ltr'>virtu</span> <span class='ocrx_word' id='word_1_773' title='bbox 3245 5497 3301 5549; x_wconf 93' lang='lat' dir='ltr'>te</span> <span class='ocrx_word' id='word_1_774' title='bbox 3321 5481 3592 5563; x_wconf 85' lang='lat' dir='ltr'>superavit</span> <span class='ocrx_word' id='word_1_775' title='bbox 3609 5483 3622 5532; x_wconf 72' lang='grc' dir='ltr'><strong><em>ἑ</em></strong></span> <span class='ocrx_word' id='word_1_776' title='bbox 3645 5465 3800 5563; x_wconf 57' lang='lat' dir='ltr'>deinde</span> 
     </span>
    </p>
   </div>
   <div class='ocr_carea' id='block_1_116' title="bbox 477 5556 3800 5660">
    <p class='ocr_par' dir='ltr' id='par_1_116' title="bbox 477 5556 3800 5660">
     <span class='ocr_line' id='line_1_116' title="bbox 477 5556 3800 5660; baseline -0.003 -18"><span class='ocrx_word' id='word_1_777' title='bbox 477 5585 767 5642; x_wconf 87' lang='lat' dir='ltr'>castitatis</span> <span class='ocrx_word' id='word_1_778' title='bbox 791 5590 850 5642; x_wconf 91' lang='lat' dir='ltr'>et</span> <span class='ocrx_word' id='word_1_779' title='bbox 913 5583 1257 5643; x_wconf 73' lang='lat' dir='ltr'>innocentiae</span> <span class='ocrx_word' id='word_1_780' title='bbox 1323 5588 1777 5658; x_wconf 70' lang='lat' dir='ltr'>cmterarumque</span> <span class='ocrx_word' id='word_1_781' title='bbox 1840 5556 2123 5643; x_wconf 79' lang='lat' dir='ltr'>virtutum</span> <span class='ocrx_word' id='word_1_782' title='bbox 2234 5583 2518 5660; x_wconf 82' lang='lat' dir='ltr'>angelico,</span> <span class='ocrx_word' id='word_1_783' title='bbox 2552 5587 2624 5639; x_wconf 83' lang='lat' dir='ltr'>ut</span> <span class='ocrx_word' id='word_1_784' title='bbox 2657 5601 2830 5641; x_wconf 80' lang='lat' dir='ltr'>verus</span> <span class='ocrx_word' id='word_1_785' title='bbox 2859 5585 2962 5642; x_wconf 91' lang='lat' dir='ltr'>Dei</span> <span class='ocrx_word' id='word_1_786' title='bbox 2987 5584 3191 5655; x_wconf 88' lang='lat' dir='ltr'>Filius,</span> <span class='ocrx_word' id='word_1_787' title='bbox 3215 5597 3361 5642; x_wconf 86' lang='lat' dir='ltr'>usus</span> <span class='ocrx_word' id='word_1_788' title='bbox 3385 5556 3800 5634; x_wconf 50' lang='lat' dir='ltr'>ministerioyl’w&#39;</span> 
     </span>
    </p>
   </div>
  </div>
