4054 6158
569 294 726 361 1019

1489 287 1552 351 S.
1599 286 1964 351 ODILONIS
2009 286 2574 352 CLUNIAGENSIS
2616 289 2944 356 ABBA'I‘IS
2980 293 3054 356 V.

3747 303 3861 368 {020

569 437 729 490 stum
763 445 1063 488 sermones
1092 426 1220 498 ejus
1251 423 1557 495 servando,
1593 428 1656 479 ut
1685 421 1846 498 digni
1859 438 2210 492 mereamur,
2241 424 2300 490 Α
2328 423 2576 494 intonat,
2613 427 2686 482 ad
2717 427 3134 486 Prazcursorcm
3165 431 3290 502 ejus
3309 429 3524 490 eculeste
3543 435 3863 508 magisterium

567 521 692 579 ﬁeri
733 519 1060 585 dilectione,
1093 515 1341 572 adventu
1375 517 1432 569 et
1474 513 1732 586 hospitio
1781 513 1882 569 Dei
1927 513 2114 569 Patris
2157 519 2215 570 et

567 611 722 676 Filii,
744 613 802 665 et
831 601 1094 679 ejusdem
1147 603 1400 676 Spiritus
1450 602 1749 676 paracleti,
1781 602 1860 658 ita
1891 605 1952 658 ut
2001 603 2073 657 ad
2107 619 2213 659 nos

565 704 688 756 tota
719 698 973 754 Trinitas
1013 693 1226 762 veniat,
1249 697 1308 750 et
1352 691 1642 766 templum
1691 709 1798 747 nos
1847 691 2044 764 gloriae
2095 709 2212 748 suae

563 785 948 844 inhabitando
970 783 1232 858 perﬁciat
1258 787 1412 838 Deus
1435 781 1793 849 unus,vivus
1817 785 1874 836 et
1902 798 2094 847 verus,
2111 781 2210 853 qui

561 879 785 950 absque
813 874 978 933 initio
1001 880 1058 930 et
1083 873 1208 930 sine
1239 873 1353 928 ﬁne
1384 889 1488 945 per
1532 870 1763 926 inﬁnita
1788 869 2001 926 saecula
2033 889 2210 926 saecu-

559 969 751 1026 lorum
773 965 915 1021 vivit
940 969 997 1022 et
1026 967 1247 1036 regnat.
1280 965 1486 1018 Amen.

1201 1069 1445 1126 SERMO
1483 1069 1549 1124 Χ.

667 1181 737 1222 DE
767 1178 1103 1220 ADMIRABIIJ
1144 1174 1555 1216 PRiECURSORIS
1592 1173 1817 1212 CHRISTI
1867 1172 2105 1211 JOANNIS

1040 1248 1323 1288 ΒΑΡΤΙΒΤᾸΞ
1361 1245 1708 1285 ΝΛΤΙΥΙΤΑΤΕ.

629 1327 837 1382 Ortum
856 1321 1143 1380 Dominici
1175 1318 1556 1376 Przeeursoris
1589 1315 1972 1384 celebrantes,
2002 1316 2211 1373 fratres

557 1413 914 1474 charissimi,
937 1415 1152 1482 oportet
1195 1427 1296 1464 nos
1328 1406 1484 1464 ﬁdeli
1515 1406 1822 1462 devotione
1854 1406 2212 1478 perpendere

558 1509 811 1577 quantas
842 1503 1061 1572 olm-jus
1091 1497 1430 1554 .neitioriam
1461 1513 1596 1552 cum
1629 1495 1951 1566 gratiarum
1985 1492 2210 1550 actione

556 1593 760 1648 laudes
793 1592 909 1648 Deo
941 1591 1224 1646 debemus
1253 1585 1701 1660 persolvere.Ad
1726 1582 2088 1656 repellendas
2105 1583 2210 1655 igi-

556 1687 652 1738 tur
679 1685 736 1737 et
782 1678 1124 1752 etl'ugandas
1153 1673 1538 1732 densissimas
1572 1690 1637 1728 ac
1676 1677 1857 1728 tetras
1906 1672 2116 1728 mortis
2149 1676 2209 1728 et

2321 520 2380 572 et
2407 533 2618 572 sensus
2640 517 2959 574 catholicus
2977 520 3378 576 convenienter
3396 522 3687 594 pertinuere
3702 525 3866 582 denun-

2323 604 2450 660 tiat.
2484 603 2668 662 Multo
2695 605 2872 662 etiam
2903 607 3160 680 apertius
3189 607 3238 664 ei
3264 607 3506 681 Spiritus
3529 617 3733 668 sanctus
3758 615 3868 670 testi

2324 694 2587 750 monium
2619 693 2934 767 perhibuit,
2968 713 3084 768 quo
3113 695 3364 768 repletus
3385 698 3451 753 ad
3469 699 3740 755 adventum
3758 704 3869 773 geni-

2321 783 2487 838 tricis
2519 783 2751 839 Domini
2782 783 3018 840 clausus
3045 784 3237 840 adhuc
3267 787 3468 843 matris
3495 791 3719 856 utero,ut
3743 790 3870 846 Evan-

2321 873 2538 945 gelium
2564 872 2844 945 loquitur,
2877 891 2991 928 non
3024 879 3233 930 natura
3261 879 3574 947 praestante,
3610 877 3696 932 scd
3736 879 3870 950 gratia

2323 965 2619 1016 annuente
2650 961 2994 1018 mirabiliter
3021 962 3477 1036 exsultavit.lpse
3502 963 3643 1020 enim
3658 965 3870 1022 Dominus

2321 1049 2610 1118 Christus,
2644 1050 2736 1106 cui
2769 1049 3168 1107 testimonium
3220 1051 3314 1108 ille
3362 1051 3654 1124 perhibuit,
3683 1053 3866 1110 dicens:

2322 1140 2453 1194 Ecce
2491 1141 2672 1211 Agnus
2725 1141 2837 1206 Dei,
2897 1156 3014 1196 ecce
3059 1143 3158 1212 qui
3213 1141 3354 1196 tollit
3399 1145 3657 1212 peccatum
3701 1143 3872 1207 mundi;

2321 1233 2584 1300 tempore
2613 1245 2731 1284 suae
2759 1229 3212 1301 praedicationis,
3244 1230 3314 1286 de
3347 1229 3441 1284 illo
3472 1229 3644 1284 dixit:
3670 1235 3871 1286 Internu-

2320 1327 2400 1374 tos
2428 1319 2728 1374 mulierum
2757 1335 2867 1374 non
2895 1321 3138 1375 surrexit
3165 1321 3342 1391 major
3365 1321 3564 1375 Joamw
3605 1321 3818 1390 Baptista,
3838 1327 3875 1375 et

2321 1425 2499 1480 quem
2533 1407 2684 1464 inter
2715 1412 2883 1464 natos
2904 1407 3221 1463 mulierum
3269 1409 3548 1480 majorem
3588 1407 3743 1463 fuisse
3761 1409 3876 1474 dixit,

2320 1495 2574 1553 levitatis
2603 1495 2739 1552 vitio
2769 1501 2825 1552 et
2854 1497 3147 1569 voluptate
3177 1495 3510 1552 deliciarum
3552 1513 3722 1552 carere
3759 1497 3874 1552 inuo-

2321 1587 2453 1654 tuit,
2491 1586 2832 1658 prophetam
2859 1591 2916 1641 et
2943 1585 3257 1658 plusquam
3288 1585 3622 1659 prophetam
3657 1602 3764 1641 eum
3788 1601 3874 1640 esse

2318 1673 2592 1740 asseruit,
2626 1679 2684 1730 et
2699 1691 2872 1747 quem
2905 1673 3029 1746 ipse
3049 1675 3310 1747 potentia
3337 1691 3454 1730 suae
3484 1673 3766 1729 divinitatis
3787 1678 3872 1728 tau-

555 1767 1364 1846 ignorantizstenebras,quas
1387 1763 1758 1819 tenebrarum
1773 1761 2206 1817 auctormundo
2237 1796 2284 1860 Β
2315 1768 2510 1820 tarum
2542 1763 2822 1818 virtutum
2857 1768 2913 1818 ct
2940 1763 3263 1834 gratiarum
3295 1761 3602 1836 privilegiis
3642 1762 3872 1828 dedicavit,

553 1859 867 1925 infuderat,
883 1859 1189 1911 venturum
1216 1857 1340 1908 erat
1369 1851 1570 1908 lumen
1593 1849 1937 1906 illuminans
1968 1867 2205 1905 omnem

554 1949 868 2004 mundum.
885 1945 1102 2002 Idcirco
1125 1958 1489 2014 consequens
1511 1945 1633 1996 erat
1656 1944 1720 1996 ut
1741 1938 1886 1996 illud
1917 1937 2206 1994 inetl‘abile

551 2041 610 2095 et
637 2041 919 2093 zeternum
943 2032 1354 2105 temporalium
1377 2036 1432 2086 et
1447 2027 2208 2085 rationibiliumnumerosi-

552 2130 646 2183 tas
675 2124 1023 2198 praecederet
1049 2121 1441 2191 lucernarum.
1479 2119 1680 2174 Patres
1717 2117 1847 2173 dico
1909 2115 2206 2189 religionis

555 2213 833 2285 antiquae,
865 2227 1116 2284 quorum
1143 2209 1481 2275 virtutibus,
1510 2205 1791 2278 exemplis
1823 2212 1880 2262 et
1929 2206 2103 2262 dictis
2138 2206 2202 2260 ﬁ-

555 2300 712 2358 deles
743 2299 942 2374 populi
973 2297 1288 2354 illuminati
1319 2302 1377 2353 et
1406 2295 1580 2364 docti,
1615 2294 1885 2352 discussa
1915 2299 2204 2367 perpetua)

553 2389 831 2448 caecitatis
856 2387 1126 2460 caligine,
1150 2404 1286 2443 eum
1308 2385 1456 2442 illud
1489 2384 1911 2458 superveniret,
1932 2383 1980 2440 si
1999 2401 2116 2440 non
2135 2400 2205 2440 ex

553 2483 699 2546 toto,
728 2477 818 2534 vel
869 2493 938 2533 ex
967 2480 1129 2549 parte
1154 2478 1395 2548 possent
1441 2489 1774 2546 agnoscere.
1809 2474 2066 2528 Fuerunt
2096 2473 2204 2528 ita-

553 2586 688 2643 que,
723 2572 787 2624 ut
835 2565 1112 2636 diximus,
1145 2563 1416 2630 lucernae,
1444 2581 1559 2620 non
1599 2580 1633 2618 a
1685 2579 1768 2628 se,
1800 2578 1906 2618 nec
1945 2561 2202 2628 aliunde,

553 2659 655 2716 sed
688 2657 760 2714 ab
790 2655 890 2712 illo
934 2671 1210 2728 supremo
1253 2653 1478 2710 lumine
1531 2651 1923 2716 illuminante,
1952 2651 2204 2708 cultores

549 2746 818 2804 videlicet
846 2743 1168 2802 ccelestium
1201 2746 1645 2816 praeceptorum,
1680 2739 1776 2796 alii
1811 2745 1944 2796 ante
1991 2739 2202 2814 legem,

551 2837 652 2896 alii
684 2836 794 2894 sub
824 2834 972 2908 lege,
1006 2831 1104 2889 alii
1134 2849 1268 2889 vero
1282 2830 1596 2904 judicium,
1631 2846 1835 2902 regum
1867 2834 1924 2886 et
1953 2829 2205 2902 prophe-

551 2931 746 2984 tarum
778 2923 1160 2996 temporibus,
1194 2920 1509 2978 Dominicaa
1541 2919 1859 2976 nativitatis
1887 2917 2200 2992 passionis,

551 3011 998 3072 resurrectionis
1023 3016 1080 3069 et
1099 3009 1462 3069 ascensionis
1487 3007 1764 3083 mysteria
1783 3011 2201 3082 pra-conantes,

555 3105 694 3161 Post
741 3119 912 3175 quos,
960 3101 1190 3157 Domini
1249 3101 1598 3168 Praecursor,
1646 3097 1902 3153 Joannes
1960 3095 2198 3152 effulsit.

2318 1856 2383 1908 ut
2416 1851 2756 1908 mortalium
2786 1852 3049 1908 omnium
3081 1853 3296 1908 merita
3326 1852 3638 1917 excederet,
3663 1849 3873 1922 Augelum

2315 1960 2350 1997 a
2376 1942 2492 1998 Deo
2519 1945 2872 2008 vocatum,et
2901 1941 2972 1996 ad
3005 1942 3454 2014 praeparandum
3477 1941 3578 1996 iter
3602 1939 3876 1997 salutisautc

2315 2049 2379 2088 se
2411 2031 2662 2087 missum
2696 2029 2986 2103 prophetae
3028 2029 3327 2086 Malachiae
3379 2029 3602 2086 oraculo
3648 2029 3872 2091 referente,

2315 2120 2638 2193 perdocuit.
2668 2118 2726 2174 Si
2756 2117 2912 2174 enim
2955 2118 3200 2191 angelus
3249 2119 3461 2190 Graece,
3511 2117 3692 2174 Latine
3725 2117 3875 2172 dicitur

2315 2209 2584 2280 nuntius,
2619 2207 2824 2264 merito
2853 2207 2916 2275 B,
2948 2207 3205 2264 Joannes
3235 2207 3559 2280 appellatur
3583 2205 3872 2279 angelus,qui

2314 2299 2608 2356 nascendo
2639 2299 2710 2352 de
2739 2295 2921 2354 sterili
2952 2300 3158 2366 matre,
3194 2294 3874 2353 nuntiabatnasciturumdc

2312 2387 2553 2461 Virgine
2579 2385 3158 2458 matre,praedicando
3172 2385 3478 2442 nuntiabat
3491 2384 3874 2458 praedicaturum,

2313 2476 2686 2550 baptizando,
2710 2475 3168 2548 baptizaturum,
3186 2475 3460 2548 patiendo
3473 2472 3874 2548 passurum,ejus-

2313 2583 2425 2640 que
2457 2565 2729 2638 passione
2759 2581 2946 2638 genus
2975 2563 3307 2620 humanum
3361 2564 3776 2636 redempturum.
3804 2557 3876 2624 Qui

2312 2655 2452 2711 vivit
2481 2658 2540 2710 et
2571 2657 2773 2728 regnat
2803 2669 2936 2708 cum
2968 2653 3086 2708 Deo
3119 2653 3288 2709 Patre
3321 2657 3379 2709 et
3410 2651 3610 2726 spiritu
3630 2653 3878 2720 sanetoper

2312 2743 2512 2801 omnia
2541 2743 2755 2800 saecula
2785 2741 3154 2798 saeculorum.
3184 2745 3393 2798 Amen.

2941 2849 3186 2905 SERMO
3225 2849 3320 2905 XI.

2481 2941 2540 2979 IN
2579 2938 2788 2978 VIGILIA
2827 2937 3248 2977 APOSTOLORUM
3290 2937 3455 2976 PETRI
3495 2935 3560 2975 ΕΤ
3596 2934 3756 2974 PAULI.

2381 3013 2444 3068 ln
2477 3011 2709 3069 exordio
2733 3009 3065 3084 vigiliarum
3095 3009 3432 3083 apostolica:
3483 2999 3876 3064 solemnitatisil-

2309 3101 2434 3158 lum
2465 3117 2715 3174 puerum
2767 3099 3172 3168 citharoedum,
3224 3098 3410 3155 David
3459 3097 3582 3155 dico
3629 3111 3786 3168 regem
3809 3108 3875 3164 p0-

552 3191 654 3266 qui
677 3191 941 3248 omnium
975 3189 1440 3261 patriarcharum
1499 3187 1786 3260 praeconia
1815 3191 1874 3242 et
1927 3184 2200 3241 vaticinia
2229 3167 2273 3236 C
2310 3195 2531 3247 tentem
2584 3194 2643 3246 et,
2681 3188 3072 3246 fortissimum
3117 3187 3450 3244 Israeliticae
3498 3185 3670 3260 plebis
3694 3167 3876 3243 ducem,

551 3279 969 3354 prephetarum
998 3277 1128 3334 luce
1157 3277 1464 3350 perspicua
1501 3275 1743 3332 deduxit
1769 3275 1840 3332 ad
1874 3274 2196 3348 publicum.

552 3369 656 3427 Hic
706 3368 864 3425 enim
921 3366 1010 3423 vir
1075 3371 1312 3422 sanctus
1385 3382 1504 3420 non
1571 3363 1762 3420 solum
1822 3365 2046 3436 justus,
2097 3363 2199 3420 sed

551 3457 729 3515 etiam
777 3437 1243 3528 ex‘parentibus
1297 3452 1480 3524 justis
1547 3457 1802 3509 exortus.
1856 3453 2063 3508 Justus
2139 3453 2199 3506 in

552 3543 986 3620 praedicatione,
1023 3543 1226 3614 justus
1282 3541 1342 3596 in
1400 3539 1558 3596 omni
1616 3541 2074 3609 conversatione,
2101 3541 2199 3613 ju-

552 3639 680 3692 stus
717 3632 777 3688 in
837 3631 1130 3706 passione.
1159 3631 1340 3701 Cujus
1387 3629 1769 3697 nativitatem,
1791 3630 2086 3702 justitiam
2145 3634 2203 3686 et

551 3721 944 3790 sanctitatem,
1002 3723 1062 3777 et
1108 3737 1314 3776 omnes
1377 3717 1805 3776 sacratissimos
1877 3723 2044 3776 actus
2097 3721 2202 3778 Ga-

550 3811 702 3870 briel
763 3809 1054 3867 nuntiavit
1123 3807 1530 3882 archangelus,
1592 3807 1778 3881 stylus
1831 3809 1902 3864 ad
1961 3809 2200 3882 plenum

551 3899 862 3974 descripsit
893 3898 1284 3972 evangelicus.
1317 3895 1758 3970 Dignum-valde
1788 3901 1912 3953 erat
1942 3903 2005 3954 ut
2034 3915 2197 3971 puer,

547 3994 709 4048 tanta
794 3988 1074 4062 praeditus
1141 3987 1447 4060 dignitate,
1528 3985 1630 4042 tali
1709 3989 2015 4042 vocaretur
2095 4005 2200 4042 no-

551 4079 728 4136 mine.
746 4081 820 4134 Ut
839 4076 998 4134 enim
1016 4076 1310 4148 majorum
1326 4079 1660 4131 nostrorum
1683 4078 1934 4130 testatur
1949 4075 2199 4131 auctori-

551 4174 661 4234 tas,
721 4167 842 4224 sive
918 4164 1252 4238 prudentia,
1303 4163 1560 4220 Joannes
1631 4163 2047 4236 interpretatur
2101 4165 2204 4220 Dei

548 4259 752 4328 gratia,
785 4255 906 4314 sive
942 4256 1004 4311 in
1061 4269 1165 4325 quo
1203 4262 1278 4310 est
1324 4255 1526 4324 gratia.
1561 4253 1797 4316 Quanta:
1847 4251 2197 4320 sanctitatis,

550 4351 899 4420 quantaeque
929 4341 1181 4401 scelestis
1211 4340 1408 4416 gratiae
1438 4341 1672 4398 Domini
1695 4342 2022 4397 Praecursor
2051 4341 2200 4397 dita-

550 4439 649 4491 tus
671 4437 761 4492 est
790 4431 1343 4498 munere,humanze
1375 4430 1630 4487 scientia:
1654 4447 1844 4486 sermo
1877 4447 1991 4486 non
2011 4435 2203 4502 potest

2308 3279 2410 3352 qui
2438 3284 2604 3336 tanta
2634 3278 2735 3334 Dei
2765 3278 2954 3352 gratia
2980 3281 3038 3333 et
3067 3277 3435 3350 providentia
3483 3274 3728 3349 praeditus
3747 3274 3814 3326 est
3834 3271 3878 3322 ut

2308 3387 2377 3425 ex
2407 3371 2536 3441 ejus
2569 3367 2889 3442 propagine
2935 3365 3112 3440 Virgo
3165 3363 3504 3440 eligeretur,
3557 3381 3622 3420 ex
3669 3377 3766 3433 qua
3806 3356 3874 3412 Dei

2310 3457 2491 3514 Filius
2522 3473 2734 3529 corpus
2767 3459 2976 3511 nostra:
2994 3455 3420 3527 redemptionis
3437 3448 3875 3526 susciperet,istum

2309 3551 2542 3604 tantum
2574 3563 2641 3602 ac
2671 3544 2845 3600 talem
2878 3548 3208 3600 cantantem
3244 3543 3518 3611 audistis,
3542 3546 3722 3598 etcum
3747 3553 3798 3592 eo
3811 3533 3876 3587 lae-

2311 3635 2386 3692 tis
2415 3635 2657 3692 vocibus
2686 3638 2743 3691 et
2771 3632 2885 3707 piis
2914 3633 3224 3689 aﬁectibus
3253 3632 3544 3689 cantastis
3575 3649 3586 3686 :
3633 3628 3748 3688 Certi
3766 3637 3878 3682 enar-

2309 3732 2436 3780 rant
2461 3725 2696 3797 gloriam
2721 3723 2822 3780 Dei
2829 3730 2899 3790 ,et
2927 3738 3092 3794 opera
3114 3739 3390 3778 manuum
3409 3725 3464 3794 ej
3468 3737 3530 3777 us
3550 3716 3802 3776 annuntiat
3819 3711 3880 3780 ﬂr-

2307 3821 2667 3870 mamentum.
2723 3810 2908 3867 leos
2963 3809 3324 3878 audivimus,
3387 3809 3782 3866 ﬁrmamentum
3824 3798 3877 3854 vi-

2309 3902 2528 3959 dimus.
2561 3901 2744 3958 leos
2773 3899 3021 3974 gioriam
3063 3901 3163 3956 Dei
3214 3897 3577 3968 enarrantés,
3625 3900 3878 3953 firmamen-

2311 3996 2434 4047 tum
2467 3989 2850 4048 annuntians.
2883 3989 3223 4054 Quazramus
3252 3995 3315 4046 et
3351 3990 3644 4046 videamus
3682 3983 3763 4057 qui
3785 3979 3880 4036 sunt

2310 4080 2408 4136 isti
2439 4080 2653 4146 cmli,et
2683 4080 2974 4152 quomodo
3005 4083 3281 4135 enarrant
3315 4079 3560 4153 gloriam
3591 4075 3749 4140 Dei,et
3771 4064 3879 4142 quod

2308 4173 2399 4226 est
2429 4169 2950 4236 ﬁrmamentum,et
2976 4166 3230 4241 qualiter
3258 4185 3442 4242 opera
3488 4167 3581 4223 Dei
3628 4155 3877 4220 annuntiat.

2310 4259 2435 4314 Non
2469 4258 2628 4313 enim
2659 4257 3055 4313 introduceret
3084 4273 3276 4313 sermo
3313 4255 3674 4330 prapheticus
3701 4247 3879 4324 gloriam

2311 4347 2411 4404 Dei
2445 4351 2786 4404 enarrantes
2830 4345 3028 4414 coelos,
3076 4362 3180 4402 nec
3222 4362 3407 4418 opera
3471 4345 3566 4402 Dei
3603 4335 3880 4398 annuntians

2310 4437 2774 4504 ﬁrmamentum,
2828 4433 2940 4490 nisi
3021 4417 3410 4507 spiritualiter
3488 4432 3646 4490 vellet
3698 4417 3880 4490 intelligi

550 4521 846 4578 dicere.Et
872 4520 1014 4594 quia
1041 4519 1112 4576 de
1141 4536 1206 4576 eo
1237 4519 1506 4576 humanae
1520 4518 1774 4576 scientiae
1801 4535 1995 4576 sermo
2013 4519 2202 4575 dicere
2232 4543 2280 4608 Β
2309 4523 2606 4598 apostolos
2635 4528 2692 4580 et
2721 4521 3073 4596 apostoticos
3099 4522 3252 4579 viros
3308 4540 3490 4596 super
3515 4517 3878 4608 fundamentum

553 4628 666 4667 non
688 4609 858 4676 valet,
891 4609 1042 4682 quod
1078 4609 1148 4664 de
1179 4625 1244 4664 eo
1273 4613 1331 4665 et
1362 4609 1432 4664 ad
1468 4625 1602 4665 eum
1633 4609 1856 4664 dictum
1913 4613 2001 4664 est
2032 4607 2204 4665 silere

552 4717 665 4757 non
699 4698 890 4755 debet.
923 4696 1073 4762 Quid
1105 4702 1416 4769 prestatur
1453 4696 1679 4753 homini
1737 4701 1921 4763 tanto,
1955 4713 2088 4752 cum
2131 4697 2201 4752 de

549 4789 651 4846 illo
692 4785 962 4846 tantillus
1008 4785 1271 4860 loquitur
1316 4785 1535 4846 homo?
1565 4785 1713 4852 Quid
1758 4785 1912 4842 valet
1950 4786 2021 4841 ad
2080 4785 2201 4841 haec

547 4877 838 4954 exiguitas
867 4875 1149 4943 hominis,
1164 4875 1446 4949 quoniam
1467 4875 1538 4932 de
1560 4874 1658 4932 illo
1683 4892 1919 4932 summa
1939 4875 2202 4932 etineﬁ‘a-

553 4967 688 5026 bilis
710 4968 972 5042 loquitur
1002 4964 1302 5022 Trinitas?
1333 4964 1614 5038 Loquitur
1641 4965 1712 5020 de
1741 4981 1808 5020 eo
1843 4969 1992 5021 Deus
2034 4964 2202 5020 Pater

553 5057 615 5112 in
645 5043 895 5132 psalmo,
928 5055 1190 5128 loquitur
1219 5053 1376 5110 idem
1407 5053 1468 5110 in
1489 5053 1820 5126 Evangelio.
1849 5053 1913 5109 In
1947 5052 2196 5126 psalmo:

549 5145 756 5201 Paravi
785 5145 1069 5200 lucernam
1099 5144 1310 5200 Christo
1339 5159 1477 5198 meo.
1514 5147 1590 5198 De
1619 5159 1736 5215 quo
1767 5146 2009 5198 sanctus
2025 5159 2198 5198 evan-

552 5232 760 5306 gelista
791 5250 810 5286 :
841 5233 938 5288 Ille
963 5240 1082 5288 crat
1113 5233 1334 5289 lucerna
1375 5230 1572 5288 ardens
1600 5239 1650 5288 et
1679 5232 1882 5288 lucens.
1917 5231 1980 5288 In
2011 5233 2198 5288 Evan-

553 5321 723 5396 gelio.
779 5325 958 5394 Super
1013 5337 1170 5392 quem
1232 5321 1432 5378 videris
1487 5321 1760 5393 Spiritum
1798 5321 2201 5378 descendentem

552 5419 604 5468 et
643 5418 971 5476 manentem,
1026 5412 1138 5480 ipse
1173 5418 1252 5464 est
1297 5427 1390 5482 qui
1438 5411 1698 5482 baptism.
1751 5411 2025 5474 Quaedam
2067 5427 2200 5466 vero

553 5499 909 5570 testimonia,
947 5515 1072 5568 quae
1103 5496 1353 5571 Spiritus
1391 5503 1628 5555 sanctus
1663 5517 1765 5572 per
1794 5499 2004 5556 Isaiam
2028 5505 2084 5556 et
2110 5501 2201 5556 Je-

551 5587 794 5647 remiam
840 5587 899 5645 in
947 5585 1179 5644 Domini
1224 5585 1536 5644 Salvatoris
1585 5606 1834 5662 persona
1873 5588 2203 5662 specialiter

2315 4595 2372 4669 et
2400 4595 2838 4669 ﬁrmamentum
2887 4611 3024 4668 ﬁdei
3072 4595 3461 4668 immobiliter
3506 4607 3818 4667 constitutos.
3841 4595 3881 4652 Si

2309 4719 2445 4759 vero
2476 4701 2879 4774 propheticum
2911 4717 3237 4758 sermonem
3263 4703 3338 4757 ad
3370 4701 3618 4757 litteram
3635 4691 3881 4780 intelliget?

2309 4789 2605 4862 volumus,
2665 4789 2931 4847 dicamus
2988 4789 3127 4862 quia
3183 4793 3327 4844 tunc
3383 4789 3506 4845 coeli
3559 4783 3771 4861 gloriam
3813 4775 3881 4831 Dei

2310 4885 2587 4936 enarrant
2617 4880 2853 4952 quando
2883 4877 3066 4935 solem
3099 4883 3156 4934 et
3185 4877 3390 4934 lunam
3421 4884 3479 4935 et
3508 4874 3708 4938 stellas,
3721 4870 3768 4924 in
3791 4877 3880 4920 sese

2309 4968 2843 5042 οοωροεὶιεε,ωίιιο
2871 4967 3074 5024 ordine
3099 4967 3226 5024 suis
3257 4965 3614 5040 temporibus
3639 4967 3882 5032 represen-

2307 5062 2454 5125 tant,
2503 5061 2562 5114 et
2603 5059 3041 5114 ﬁrmamentum
3082 5073 3259 5129 opera
3304 5056 3406 5112 Dei
3453 5050 3748 5114 annuntiat,
3783 5054 3880 5097 cum

2309 5152 2468 5204 astra
2496 5145 2625 5202 cmli
2655 5147 2714 5202 in
2747 5163 2808 5202 se
2839 5151 2895 5202 et
2923 5144 3117 5202 lucere
3155 5149 3214 5202 et
3260 5143 3479 5200 moveri
3523 5130 3876 5217 praemonstrat.

2308 5236 2436 5292 Non
2465 5237 2623 5292 enim
2649 5238 3072 5308 consequenter
3100 5234 3206 5302 sic,
3240 5234 3340 5290 sed
3389 5231 3574 5304 magis
3624 5220 3879 5316 intelliget8

2309 5325 2648 5397 spiritaliter
2677 5306 2982 5382 debemus.
3019 5324 3291 5397 Figuram
3313 5339 3446 5380 vero
3489 5315 3660 5391 magis
3707 5306 3808 5368 eali
3831 5315 3877 5356 ac

2309 5417 2344 5470 ﬁ
2356 5420 2680 5471 rmamentu
2690 5431 2746 5470 m
2760 5413 3115 5488 spiritalium
3129 5413 3432 5468 doctorum
3446 5409 3676 5483 possunt
3688 5399 3877 5488 retium}3

2309 5519 2489 5576 quam
2520 5501 2766 5577 gloriam
2791 5487 2893 5558 Dei
2923 5507 2982 5558 et
3008 5519 3186 5574 opera
3217 5516 3493 5556 manuum
3516 5498 3638 5570 ejus
3656 5491 3718 5548 ad
3746 5487 3874 5577 liqui-

2310 5572 2452 5648 dum
2483 5572 2901 5649 demonstrare.
2935 5572 3088 5647 Sunt
3113 5590 3272 5648 enim
3300 5588 3420 5644 haec
3449 5585 3714 5643 elementa
3755 5572 3876 5630 mula
