4020 6180
189 292 338 357 1021

1672 291 2110 356 ΞΕΗΜΟΝΕΞ.

180 437 243 487 et
272 426 719 496 irrationabilia,
750 428 850 485 sed
903 426 1120 484 ccelesti
1174 429 1387 486 virtute
1426 435 1483 485 ct
1512 430 1708 485 divina
1739 447 1830 484 sa-
1864 430 1916 493 Α
1947 434 2073 483 erat
2115 447 2241 483 emn
2270 428 2386 484 illo
2413 447 2425 497 ;
2457 438 2511 485 et
2540 446 2651 485 non
2682 438 2760 486 est
2794 432 2856 485 in
2884 428 3015 487 alio
3046 427 3250 506 aliqua
3279 432 3461 503 salus,
3496 450 3598 490 nec

178 517 407 593 pientia
436 517 860 574 rationabiliter
888 522 943 573 ct
974 516 1267 590 sapienter
1288 518 1592 591 disposita.
1615 520 1679 574 Et
1701 517 1837 590 quia

171 610 304 681 jam
340 606 712 681 praznuntiati
746 605 956 679 psalmi
990 624 1201 665 sensus
1231 613 1427 663 noster
1456 609 1527 663 ad
1559 607 1833 677 litteram,

183 716 319 771 quze
352 696 581 764 occidit,
614 696 879 768 dignosci
928 713 1042 751 non
1088 696 1260 761 valet,
1294 714 1528 753 necesse
1576 702 1665 753 est
1707 697 1838 770 Spi-

179 787 359 853 ritus,
392 785 490 858 qui
523 785 795 853 viviﬁcat,
828 789 893 840 ut
923 784 1261 857 spiritaliter
1305 785 1708 860 intelligamus
1734 804 1838 843 nos

181 875 533 949 spiritaliter
556 875 776 931 doceat.
792 874 1167 948 Aper-tissime
1188 874 1344 931 enim
1368 880 1524 948 patet
1546 876 1838 948 spiritales

182 964 364 1020 cmlos
425 967 659 1019 sanctos
717 962 898 1019 fuisse
946 967 1003 1017 et
1049 980 1177 1019 esse
1236 963 1552 1036 apostolos.
1588 964 1647 1022 Si
1678 966 1836 1021 enim

179 1053 367 1111 cmlos
425 1052 677 1108 dicimus
735 1069 882 1124 quos
932 1054 1451 1125 praestantissimos
1500 1053 1743 1118 scimus,
1779 1055 1837 1110 in

176 1143 391 1199 ordine
422 1143 725 1198 doctorum
758 1158 860 1214 per
888 1141 1117 1197 diversa
1143 1146 1407 1215 tempora
1437 1148 1839 1217 contempora-

178 1231 335 1288 lium
368 1248 633 1295 suorum,
664 1230 919 1303 profecto
950 1229 1045 1286 isti
1077 1234 1215 1286 sunt
1245 1231 1369 1286 θα)Ιὶ
1402 1232 1703 1297 caelorum,
1738 1232 1837 1288 isti

178 1324 331 1376 sunt
362 1321 627 1375 doctores
656 1319 983 1385 doctorum,
1011 1319 1303 1393 principes
1334 1321 1703 1393 populorum,
1734 1320 1838 1377 ﬁlii

179 1408 821 1480 excussorum,qui,ob
852 1408 1124 1463 meritum
1159 1426 1383 1480 magna:
1415 1410 1546 1466 ﬁdei
1570 1411 1837 1477 Abrahae,

178 1497 432 1554 maximi
466 1497 830 1570 patriarchae,
864 1497 1048 1553 eﬁ‘ecti
1081 1502 1220 1553 sunt
1251 1497 1375 1567 ﬁlii,
1409 1500 1480 1554 de
1530 1500 1745 1572 quibus
1778 1500 1835 1556 in

177 1588 419 1661 psalmo
450 1585 702 1660 Spiritus
733 1591 974 1642 sanctus
1005 1586 1273 1643 Ecclesiae
1302 1586 1563 1660 loquitur
1591 1589 1791 1645 dicens
1821 1606 1833 1644 :

176 1684 305 1735 Pro
330 1677 608 1749 patribus
635 1677 754 1732 suis
784 1678 916 1733 nali
936 1683 1067 1732 sunt
1098 1679 1212 1733 tibi
1237 1676 1389 1750 ﬁlii;
1412 1679 1724 1734 constitues
1742 1696 1837 1735 eos

172 1766 663 1837 principessupcr
675 1782 896 1821 omnem
920 1771 1170 1821 terram.
1188 1765 1329 1821 Cum
1353 1766 1507 1822 enim
1531 1768 1763 1823 Petrum
1783 1773 1839 1824 et

177 1853 437 1911 Paulum
468 1852 640 1910 caelos
670 1854 942 1920 dicimus,
969 1872 1084 1909 non
1116 1855 1187 1910 ab
1215 1855 1314 1911 illo
1345 1855 1569 1912 excelso
1604 1857 1839 1913 nomine

179 1944 341 1999 alios
384 1942 679 2016 apostolos
726 1942 1112 1999 excludimus.
1140 1945 1356 2001 Omnes
1400 1963 1541 2018 ergo
1594 1947 1839 2018 apostoli

169 2035 319 2106 jure
340 2036 623 2088 vocantur
647 2032 794 2099 cmli,
813 2049 914 2104 per
934 2050 1081 2104 quos
1104 2034 1361 2088 mundus
1384 2035 1616 2106 agnovit
1633 2036 1843 2091 doctri-

181 2140 333 2178 nam
362 2138 507 2176 verze
540 2120 859 2194 ﬁdei.Ergo
888 2121 1119 2177 Petrum
1146 2127 1202 2177 et
1231 2123 1475 2178 Paulum
1508 2124 1684 2180 cmlos
1706 2125 1842 2181 dici-

181 2228 332 2267 mus
360 2215 417 2266 ct
466 2228 945 2282 unumquemque
998 2210 1229 2267 illorum
1281 2214 1717 2270 ﬁrmamentum
1758 2214 1841 2270 fa—

177 2304 406 2355 temur.

256 2386 526 2444 Primum
550 2387 850 2443 videamus
872 2405 987 2461 qua
1007 2389 1347 2445 auctoritate
1370 2389 1697 2446 divinarum
1724 2392 1839 2447 Lit-

178 2482 454 2534 terarum
500 2476 869 2551 appellantur
911 2477 1061 2544 cceli,
1091 2496 1209 2550 qua
1263 2480 1584 2536 assertione
1646 2482 1839 2554 Scrip-

176 2573 337 2623 turre
369 2567 807 2622 ﬁrmamentum
842 2567 1150 2635 dicantur;
1185 2566 1392 2623 deinde
1431 2571 1724 2640 quomodo
1755 2570 1840 2626 vel

174 2655 447 2729 qualiter
476 2655 721 2728 gloriam
755 2655 854 2711 Dei
887 2660 1177 2721 enarrent,
1214 2674 1392 2729 quam
1443 2658 1557 2714 alte
1608 2663 1666 2715 et
1710 2678 1842 2732 pro-

173 2746 370 2802 funde
415 2761 593 2817 opera
621 2744 720 2800 Dei
753 2744 1120 2800 annuntient.
1151 2745 1277 2800 Non
1335 2747 1493 2802 enim
1548 2748 1842 2805 immerito

178 2833 320 2890 coeli
352 2837 637 2889 vocantur
666 2832 1192 2906 apostoli,Domino
1214 2834 1440 2891 dicente
1463 2854 1566 2909 per
1588 2838 1793 2894 Isaiam
1826 2857 1838 2895 :

176 2922 415 2983 Caelum
446 2923 591 2979 mihi
613 2923 779 2978 sedes
807 2930 913 2987 est,
945 2927 1002 2978 et
1027 2923 1237 2979 iterum
1271 2924 1571 2997 Scriptura
1597 2945 1610 2982 :
1634 2929 1844 2985 Anima

171 3013 335 3086 fusti
360 3012 524 3067 sedes
552 3017 634 3066 est
653 3012 1058 3081 sapientia.Et
1083 3012 1130 3067 si
1164 3013 1361 3067 anima
1384 3014 1530 3085 justi
1559 3016 1725 3073 sedes
1755 3022 1844 3073 est

176 3100 515 3174 sapientiae,
549 3104 605 3156 et
633 3098 845 3155 ccelum
893 3100 1061 3155 sedes
1109 3099 1207 3155 Dei
1240 3105 1347 3166 est,
1381 3101 1577 3157 anima
1605 3104 1751 3159 Petri
1786 3110 1842 3161 et

176 3190 394 3247 anima
426 3188 588 3245 Pauli
620 3189 787 3245 sedes
818 3192 957 3244 sunt
982 3189 1103 3256 Dei,
1132 3193 1187 3245 et
1218 3191 1385 3245 sedes
1434 3197 1572 3246 sunt
1609 3193 1839 3266 sapien-
1871 3164 1913 3230 (Ξ

173 3281 301 3345 tim,
339 3279 495 3334 sicut
526 3278 650 3350 ipse
685 3277 895 3333 Paulus
926 3278 1136 3334 asserit
1166 3278 1480 3335 Dominum
1520 3281 1840 3352 Christum,

175 3368 287 3425 Dei
327 3368 626 3432 virtutem,
660 3367 877 3440 Deique
924 3367 1271 3440 sapientiam
1314 3385 1461 3437 esse,
1494 3374 1550 3425 et
1580 3370 1629 3425 si
1668 3390 1846 3445 super

176 3456 503 3525 humilem,
536 3461 594 3511 et
623 3457 885 3529 quietum
918 3460 973 3512 et
1004 3461 1348 3513 trementem
1381 3459 1556 3515 verba
1598 3478 1705 3516 sua
1733 3462 1843 3517 Do-

175 3547 394 3604 minus
416 3544 778 3618 requiescerc
799 3563 860 3601 se
880 3544 1186 3617 promittit,
1210 3546 1409 3618 procul
1432 3548 1611 3604 dubio
1634 3549 1691 3604 in
1714 3550 1843 3607 istis

175 3638 390 3693 sedem
426 3652 544 3690 suae
576 3633 895 3689 divinitatis
938 3634 1261 3702 constituit,
1296 3635 1353 3690 in
1387 3636 1602 3708 quibus
1631 3640 1842 3696 sedens

174 3732 232 3782 et
262 3723 554 3781 habitans
584 3723 871 3779 mundum
904 3723 1016 3779 sibi
1051 3723 1278 3790 sternit,
1311 3728 1367 3779 et
1397 3742 1499 3797 per
1527 3743 1625 3783 eos
1655 3728 1842 3785 ﬁdeli-

174 3816 294 3871 bus
323 3811 558 3886 populis
582 3811 691 3868 iter
710 3811 922 3868 salutis
942 3813 1014 3867 ad
1046 3814 1156 3885 [ac]
1186 3812 1338 3868 viam
1369 3831 1514 3869 vene
1540 3815 1840 3873 humilita-

174 3903 250 3959 tis
274 3902 563 3959 ostendit.
580 3901 993 3974 Cognovimus,
1009 3900 1309 3973 Scriptura
1324 3905 1838 3972 testante,Petrum

174 3998 231 4047 et.
278 3989 536 4046 Paulum
592 3989 883 4062 spiritales
940 4006 1069 4045 esse
1126 3989 1672 4059 caelos;videamus
1709 3994 1839 4051 illos

173 4082 536 4136 enarrantes
558 4078 658 4134 Dei
689 4077 958 4151 gloriam,
979 4095 1092 4133 non
1119 4078 1358 4144 nostris,
1382 4081 1480 4136 sed
1513 4098 1714 4138 eorum
1746 4084 1839 4156 ip-

172 4186 387 4226 sarum
422 4166 837 4224 sacratissimis
858 4166 1066 4222 verbis.
1083 4168 1285 4223 Nonne
1307 4171 1615 4226 enarrabat
1637 4172 1838 4229 Petrus

173 4242 435 4332 gloriam
460 4256 582 4322 Dei,
597 4256 829 4328 quando
852 4255 1079 4311 dicebat
1099 4273 1161 4312 se
1184 4257 1604 4329 speculatorem
1620 4261 1835 4317 factum

172 4365 316 4404 esse
355 4345 609 4402 caelestis
641 4362 707 4400 ac
738 4344 945 4399 divinze
977 4344 1424 4418 magnitudinis,
1458 4352 1514 4402 et
1544 4350 1837 4421 accepisse

176 4434 503 4492 Dominum
532 4434 734 4490 Jesum
767 4451 801 4489 a
831 4434 947 4489 Deo
995 4435 1160 4489 Patre
1192 4434 1472 4490 honorem
1502 4441 1558 4491 et
1588 4437 1833 4511 gloriam

1944 516 2118 573 aliud
2146 534 2350 573 nomen
2368 523 2449 574 est
2478 521 2580 574 sub
2608 520 2746 574 ρατιο
2776 518 2983 575 datum
3018 517 3367 585 hominibus,
3396 520 3455 576 in
3486 538 3597 594 quo

1943 612 2214 680 oporteat
2245 624 2347 662 nos
2375 606 2572 663 salvos
2599 608 2749 677 ﬁeri.
2770 607 2986 663 Paulus
3008 608 3185 663 etiam
3211 608 3597 667 nihilominus

1946 696 2154 751 cretum
2205 701 2306 751 aut
2359 698 2795 752 ﬁrmamentum
2858 696 3039 753 fuisse
3071 700 3285 754 etesse
3320 700 3600 772 creditur,

1946 801 2079 840 cum
2098 786 2170 840 ab
2198 802 2262 841 eo
2282 785 2504 840 dictum
2529 784 2708 842 fuisse
2727 785 2970 858 legitur:
2995 789 3041 845 Ο
3061 785 3322 843 altitudo
3348 788 3599 845 divitia-

1948 891 2077 929 rum
2098 876 2409 944 sapientia?
2435 884 2490 930 et
2510 875 2766 932 scientiae
2782 877 3095 949 Dei,guam
3121 877 3603 946 incomprehensi-

1947 964 2094 1020 bilia
2120 969 2251 1019 sunt
2262 964 2515 1035 judicia
2543 964 2689 1034 ejus,
2720 968 2777 1019 et
2825 964 3267 1035 investigabiles
3295 967 3404 1021 via
3434 971 3600 1039 ejus!

1946 1054 2252 1123 Quis-enim
2264 1054 2772 1126 cog-novitsensum
2790 1054 3044 1121 Domini,
3060 1057 3303 1127 autquis
3324 1057 3604 1112 consilio-

1947 1143 2072 1198 rius
2099 1146 2225 1214 ejus
2255 1141 2412 1216 fuit?
2437 1142 2725 1213 Quoniam
2756 1159 2827 1198 ex
2858 1144 3081 1213 ipso,et
3111 1160 3217 1211 per
3241 1146 3431 1213 ipsum
3455 1151 3509 1201 et
3541 1148 3603 1203 in

1950 1231 2430 1300 ipsosunlomnia
2445 1250 2464 1296 ,-
2481 1233 2601 1300 ipsi
2622 1237 2806 1287 honor
2818 1237 2874 1286 et
2896 1232 3089 1304 gloria
3109 1234 3172 1287 in
3190 1232 3403 1289 sa'cula
3427 1250 3603 1292 saecu-

1951 1317 2166 1375 lorum.
2195 1327 2394 1376 .Imen.
2423 1321 2491 1375 Et
2511 1321 2570 1375 in
2603 1319 2716 1375 alio
2739 1319 2863 1375 loco
2889 1337 2901 1376 :
2925 1324 3069 1391 Quis
3096 1339 3198 1378 nos
3229 1325 3536 1389 separabit
3565 1342 3604 1380 a

1946 1408 2248 1467 charitate
2263 1410 2485 1466 Christi
2506 1412 2528 1463 Ρ
2561 1408 2993 1475 I‘ribulatio,an
3007 1412 3600 1482 angustia,anperse-

1945 1500 2128 1567 cutio,
2150 1516 2226 1554 an
2256 1498 2467 1574 fames,
2483 1513 2563 1553 an
2592 1498 2848 1564 nuditas,
2872 1515 2952 1554 an
2980 1499 3332 1568 periculum,
3357 1518 3433 1556 an
3462 1501 3603 1575 gla-

1945 1587 2114 1643 dius?
2142 1591 2331 1645 Certus
2359 1605 2477 1644 sum
2508 1588 2657 1642 enim
2699 1588 2833 1659 quia
2870 1604 3045 1659 neque
3068 1604 3233 1655 mors,
3268 1604 3440 1660 neque
3468 1592 3599 1660 vita,

1945 1693 2143 1749 neque.
2174 1678 2377 1747 angeli,
2439 1692 2612 1749 neque
2681 1677 3053 1748 principatus,
3112 1694 3287 1749 neque
3352 1679 3603 1747 virtutes,

1947 1784 2117 1839 neque
2150 1768 2432 1830 instantia,
2465 1782 2638 1836 neque
2660 1765 2945 1836 fortitudo,
2970 1782 3142 1837 neque
3160 1768 3414 1838 altitudo,
3433 1786 3604 1841 neque

1946 1856 2302 1928 profundum,
2327 1872 2499 1928 neque
2526 1862 2777 1910 creatura
2806 1855 2923 1909 alia
2946 1856 3148 1926 poterit
3176 1873 3274 1912 nos
3302 1874 3605 1929 separarea

1948 1946 2216 2001 charitale
2273 1947 2394 2015 Dei,
2456 1960 2582 2016 quae
2646 1952 2722 1999 est
2786 1945 2845 1999 in.
2906 1945 3123 2001 Christo
3177 1950 3314 2002 Jesu
3372 1950 3602 2004 Domi-no

1949 2040 2154 2091 nostro.

2022 2123 2081 2178 Si
2114 2122 2245 2195 quis
2277 2121 2399 2176 vult
2429 2120 2576 2176 scire
2606 2138 2742 2176 vera
2771 2138 2899 2176 esse
2928 2138 3055 2193 quae
3103 2123 3352 2179 breviter
3381 2142 3597 2198 propo-

1952 2210 2204 2278 suimus,
2227 2210 2383 2283 legat
2412 2208 2733 2265 studiosius
2763 2211 2939 2264 Actus
2971 2209 3367 2281 apostolorum
3390 2217 3447 2268 et
3468 2213 3601 2285 Epi-

1951 2300 2133 2355 stolas
2172 2300 2502 2362 amborum,
2536 2303 2592 2352 et
2629 2315 2761 2352 cum
2808 2315 2907 2353 eos
2960 2297 3244 2354 invenerit
3303 2300 3600 2370 diffusius,

1951 2386 2805 2443 abundantiusetmanit‘estius
2828 2386 3072 2459 gloriam
3108 2388 3207 2443 Dei
3240 2395 3601 2459 enarrantes,

1950 2482 2006 2533 et
2037 2494 2211 2550 Opera
2244 2493 2527 2531 manuum
2559 2476 2687 2547 ejus
2716 2474 3155 2543 annuntiantes,
3189 2479 3387 2534 credat
3410 2480 3606 2536 certis-

1952 2565 2099 2621 sime
2130 2583 2229 2621 cos
2262 2566 2698 2620 ﬁrmamentum
2756 2564 2938 2620 fuisse
2998 2568 3054 2619 et
3108 2565 3305 2622 caelos.
3357 2567 3481 2622 Non
3517 2572 3607 2624 est

1955 2654 2167 2711 Paulus
2198 2654 2438 2709 inferior
2468 2652 2940 2724 Petro,quamvis
2971 2652 3067 2709 ille
3098 2653 3363 2710 Ecclesia:
3396 2656 3603 2711 funda-

1952 2750 2238 2800 mentum.
2270 2743 2416 2797 Nam
2466 2747 2521 2796 et
2563 2740 2657 2796 hic
2716 2740 2952 2813 sapiens
3009 2741 3381 2808 architectus,
3415 2742 3605 2801 sciens

1950 2832 2196 2906 vestigia
2208 2830 2569 2887 credentium
2594 2829 2838 2885 fundare
2859 2828 3341 2901 populorum,ncc
3365 2832 3602 2902 Paulus,

1952 2905 2217 2994 inquam,
2237 2920 2515 2992 indignus
2546 2917 2945 2990 apostolorum
2978 2918 3392 2990 collegio.Cum
3414 2920 3605 2993 primo

1953 3012 2171 3084 quippe
2204 3008 2369 3065 facile
2388 3008 2796 3073 conferendas,
2828 3012 2886 3062 et
2919 3006 3063 3062 nulli
3096 3009 3392 3064 secundus
3419 3028 3432 3078 ;
3468 3027 3604 3065 nam

1953 3100 2053 3173 qui
2080 3116 2142 3155 se
2165 3099 2451 3170 imparem
2486 3095 2689 3163 nescit,
2723 3095 2815 3151 Dei
2841 3095 3225 3167 praeveniente
3250 3096 3439 3168 gratia
3468 3098 3607 3153 fecit

1954 3187 2262 3261 aequalem.
2294 3186 2480 3241 Ambo
2506 3202 2541 3241 a
2568 3184 2795 3239 Christo
2826 3185 3032 3250 vocati,
3069 3185 3240 3240 ambo
3276 3185 3333 3240 in
3374 3186 3603 3244 Christo

1954 3278 2203 3334 ﬁdeliter
2254 3276 2600 3341 conversati,
2635 3275 2807 3330 ambo
2839 3292 2874 3330 a
2915 3275 3143 3331 Christo
3175 3274 3602 3347 gloriosissime

1953 3367 2235 3424 ceronati.
2267 3365 2426 3422 Alter
2481 3369 2722 3420 vocatus
2752 3365 2823 3420 de
2852 3363 3064 3433 littore,
3099 3363 3245 3420 alter
3274 3365 3606 3438 appellatus

1952 3458 2027 3513 ab
2058 3457 2286 3512 aethere.
2320 3453 2420 3510 llle
2449 3454 2521 3508 de
2562 3453 2906 3525 piscatione,
2937 3452 3047 3509 iste
3078 3454 3149 3508 de
3180 3455 3601 3526 persecutione,

1951 3550 2009 3601 et
2036 3546 2250 3601 idcirco
2282 3542 2497 3616 duplici
2526 3547 2666 3598 sunt
2695 3543 2855 3615 digni
2888 3543 3127 3609 honore,
3146 3541 3287 3614 quia
3317 3543 3493 3599 simul
3526 3544 3607 3600 la-

1951 3635 2301 3691 boraverunt
2331 3633 2389 3688 in
2421 3633 2594 3689 verbo
2625 3636 2677 3687 et
2712 3632 3137 3703 praedicatione.
3172 3636 3454 3688 Caeterum
3490 3633 3603 3690 fra-

1950 3729 2090 3795 tres,
2118 3722 2339 3779 domini
2373 3722 2632 3778 seniores
2681 3726 2739 3776 ct
2786 3724 2998 3793 patres,
3031 3738 3283 3793 quorum
3324 3723 3604 3794 praedica-

1951 3829 2085 3868 mus
2116 3812 2351 3867 initium
2393 3811 2499 3883 piae
2543 3808 2961 3874 conversionis,
2995 3813 3052 3864 et
3100 3810 3234 3865 ﬁdei
3282 3814 3340 3865 et
3386 3815 3604 3868 sancta:

1950 3900 2405 3958 conversationis
2466 3903 2824 3972 provectum,
2863 3914 3062 3955 eorum
3124 3898 3262 3954 libet
3309 3903 3366 3954 et
3412 3900 3604 3956 dicere

1949 3989 2353 4048 admirabilem
2393 3992 2449 4043 et
2492 3984 2916 4060 praedicabilem
2968 3985 3207 4063 exitum.
3240 3987 3470 4043 Scimus
3517 3993 3601 4044 et-

1948 4080 2104 4137 enim
2134 4080 2401 4143 Romam,
2433 4082 2499 4131 ut
2529 4077 2658 4149 ipsa
2709 4092 2842 4131 cum
2873 4080 2994 4131 toto
3024 4075 3161 4131 orbe
3204 4075 3317 4130 sibi
3366 4076 3602 4131 subdito

1947 4169 2231 4241 gloriatur
2257 4171 2312 4222 et
2342 4167 2636 4239 praedicat,
2652 4166 2861 4222 horum
2886 4164 3292 4236 praedicatione
3313 4164 3600 4232 edoctam,

1947 4258 2157 4313 borum
2209 4254 2493 4328 sanguine
2542 4258 2964 4320 consecratam,
3006 4252 3213 4309 horum
3270 4252 3497 4309 meritis
3544 4259 3603 4310 et

1945 4345 2255 4421 praesentia
2284 4345 2355 4399 de
2384 4343 2563 4400 variis
2593 4344 2889 4399 erroribus
2920 4342 2978 4397 in
3003 4341 3288 4398 unitatem
3317 4342 3449 4398 ﬁdei
3479 4360 3603 4416 per-

1945 4440 2254 4493 mutatam.
2290 4433 2423 4490 Fuit
2454 4433 2511 4487 in
2546 4432 2820 4488 conﬂictu
2853 4436 2909 4487 et
2937 4431 3347 4505 congressione
3378 4436 3603 4489 sancto-

169 4541 321 4581 voce
342 4523 662 4595 delapsaad
677 4539 811 4578 eum
830 4522 1833 4597 hujuscemodiamagniﬁcagloria:
1866 4536 1912 4601 1)
1945 4541 2075 4580 rum
2110 4524 2254 4578 ﬁdes
2286 4523 2475 4589 ﬁrma,
2508 4539 2642 4592 spes
2674 4524 2831 4575 certa
2859 4525 2915 4576 et
2953 4520 3434 4577 victoriosissima
3464 4521 3600 4577 cha-

173 4613 278 4668 Hic
288 4620 376 4667 est
392 4610 576 4667 Filius
591 4611 815 4667 meusdi
820 4609 1016 4677 lectus,
1033 4616 1095 4667 in
1106 4628 1215 4684 quo
1224 4612 1373 4667 mihi
1380 4613 1739 4685 complacui;
1759 4620 1832 4673 et:

176 4706 353 4758 Hunc
380 4717 574 4756 vocem
615 4717 715 4755 nos
766 4701 1103 4757 audivimus
1150 4701 1224 4756 de
1255 4704 1393 4759 cato
1413 4706 1676 4773 allatam,
1710 4723 1836 4761 cum

174 4806 434 4846 essemus
453 4806 582 4846 cum
601 4790 724 4859 ipso
750 4791 813 4844 in
835 4796 1023 4845 monte
1051 4797 1267 4845 sancto.
1283 4791 1487 4847 Nonne
1508 4793 1835 4850 ﬁrmamen-

175 4885 314 4937 tum
340 4885 464 4936 erat
494 4880 697 4935 Petrus
729 4896 861 4935 cum
895 4880 1121 4935 dicebat
1155 4896 1167 4935 ε
1201 4882 1455 4939 Obedire
1474 4889 1703 4954 oportet
1729 4886 1837 4939 Deo

176 4971 379 5045 magis
390 4987 563 5044 quam
581 4969 906 5026 hominibus
924 4969 1098 5026 ?Cum
1111 4970 1267 5025 enim
1281 4970 1421 5026 deos
1444 4970 1839 5044 alloqueretur

177 5064 349 5116 stans
379 5058 441 5115 in
472 5059 665 5115 medio
713 5058 898 5132 plebis
949 5059 1008 5113 in
1072 5058 1442 5114 ﬁrmamento
1498 5076 1641 5115 verte
1701 5060 1834 5117 ﬁdei

178 5149 331 5205 dixit
362 5167 377 5204 :
416 5150 556 5205 Viri
578 5150 829 5221 fratres,
861 5165 958 5205 vos
985 5149 1143 5205 scitis
1170 5149 1324 5221 quod
1350 5148 1578 5223 factum
1607 5159 1687 5205 est
1717 5167 1835 5206 ver-

179 5238 319 5294 bum
346 5254 458 5311 per
480 5240 818 5294 universam
848 5239 1133 5305 Judazam,
1150 5238 1435 5306 incipiens
1452 5240 1602 5293 enim
1621 5256 1657 5295 a
1676 5238 1837 5295 Gali-

180 5329 298 5385 lsea
342 5337 471 5400 post
533 5328 907 5400 baptismum,
947 5327 1100 5400 quod
1152 5327 1503 5397 przcdimrit
1556 5333 1834 5396 Joannes,

176 5421 373 5473 Jesum
391 5435 431 5473 a
447 5416 1068 5490 Nazarelli,quomodo
1095 5416 1264 5470 unxit
1281 5431 1411 5470 eum
1439 5420 1587 5470 Deus
1606 5417 1851 5489 Spiritu‘

178 5515 386 5562 sancto
422 5517 477 5562 et
508 5506 744 5562 virtute.
778 5506 890 5576 Qui
930 5503 1313 5577 pertransivit
1345 5505 1750 5575 benefaciendo
1780 5515 1832 5560 et

180 5596 456 5650 sanando
485 5611 678 5651 omnes
702 5610 1000 5668 oppressos
1028 5611 1070 5650 a
1096 5592 1350 5661 diabolo,
1384 5595 1657 5668 quoniam
1693 5596 1835 5651 Deus

1947 4614 2127 4679 ritas;
2163 4612 2271 4666 fuit
2302 4616 2502 4666 contra
2533 4626 2631 4665 eos
2675 4609 2859 4682 impia
2904 4609 3151 4665 Neronis
3177 4610 3513 4678 crudelitas,
3546 4615 3604 4667 et

1943 4701 2197 4757 Simonis
2228 4700 2381 4772 Magi
2414 4698 2836 4754 nefandissima
2867 4698 3094 4754 falsitas
3120 4716 3134 4766 ;
3166 4697 3379 4753 horum
3411 4697 3602 4754 insec-

1943 4791 2160 4847 tatione
2190 4790 2396 4845 Petrus
2428 4786 2585 4843 cruci
2634 4788 2865 4855 afﬁxus,
2900 4786 3114 4842 Paulus
3154 4785 3599 4861 capiteglexua,

1945 4879 2090 4936 alter
2119 4894 2331 4951 passus
2362 4894 2553 4942 cruce,
2578 4876 2726 4932 alter
2755 4881 3057 4932 truncatus
3088 4891 3245 4930 ense.
3280 4873 3441 4931 Idem
3473 4891 3601 4947 pas-

1945 4968 2129 5026 sionis
2159 4966 2343 5032 locus,
2376 4984 2482 5039 par
2509 4972 2567 5022 et
2600 4964 2913 5038 sepulturae
2944 4962 3192 5019 loculus.
3228 4960 3453 5031 Meritis
3482 4962 3600 5020 fue-

1946 5062 2082 5113 runt
2138 5055 2408 5128 aequales,
2453 5059 2509 5111 et
2559 5053 2828 5127 passione
2881 5069 3070 5125 pares,
3130 5051 3381 5113 cmlestis
3435 5053 3601 5126 regni

1943 5147 2223 5213 haeredes,
2271 5148 2326 5199 et
2373 5144 2589 5199 Christi
2638 5143 2986 5198 cohaeredes.
3022 5140 3129 5205 Qui
3176 5157 3324 5213 quos
3351 5143 3595 5209 vocavit,

1945 5241 2012 5291 ut
2035 5236 2180 5291 alter
2200 5235 2446 5289 istorum
2479 5233 2707 5296 asserit,
2743 5231 2875 5287 illos
2904 5234 2961 5285 et
2982 5230 3352 5301 justiﬁcavit,
3372 5236 3429 5287 et
3450 5248 3598 5303 quos

1936 5322 2304 5396 justiﬁcavit,
2323 5321 2451 5377 illos
2482 5326 2539 5377 et
2568 5319 2981 5393 magniﬁcavit,
3008 5323 3064 5374 et
3086 5337 3235 5391 quos
3267 5321 3602 5392 magniﬁca-

1942 5414 2042 5479 vit,
2065 5411 2194 5468 illos
2217 5415 2273 5467 et
2294 5409 2652 5483 gloriﬁcavit.
2678 5406 3237 5480 Quorumjustitiam
3264 5407 3594 5475 incitantes,

1943 5507 2001 5560 ct
2031 5500 2492 5573 magnitudinem
2522 5499 2816 5554 laudando
2848 5498 3315 5571 magniﬁcantes,
3336 5497 3405 5551 ad
3433 5495 3595 5553 illam

1944 5591 2189 5666 gloriam
2244 5605 2575 5645 mercamur
2621 5587 2969 5663 pertingere,
3006 5588 3075 5643 ad
3122 5602 3297 5659 quam
3328 5584 3461 5642 illos
3492 5585 3595 5640 ho-

3442 254 3610 362 mea
