4020 6180
531 247 700 330 1023.

1445 248 1510 312 8.
1557 246 1917 312 ODILONIS
1964 244 2522 312 CLUNIACENSIS
2568 248 2904 312 ABBATIS
2945 246 3020 310 ν.
3066 297 3078 302 ι

3669 253 3823 344 mu,

523 385 730 442 dierna
765 384 860 444 die
909 383 1294 459 praedicamus
1351 387 1408 442 et
1463 383 1757 442 credimus
1805 383 2159 458 pervenisse.
2191 383 2249 450 Α
2277 401 2381 457 per
2409 401 2473 441 os
2504 384 2762 458 Virginis
2785 383 3058 442 audiebat
3089 382 3256 440 verba
3280 381 3478 440 Domini
3495 391 3777 458 pertonantis,

525 474 731 532 Amen.

1147 564 1387 622 SERMO
1425 565 1545 621 XII.

731 672 800 710 DE
838 670 1234 710 ASSUMP’I‘IONE
1271 672 1362 710 DEI
1401 671 1716 712 GENITRICIS
1757 665 1971 710 MA'RIE.

595 742 860 816 Congrue
899 742 1043 800 satis
1075 747 1132 799 et
1151 743 1558 800 convenienter
1593 743 1821 799 videtur
1844 760 1878 799 a
1897 741 2170 799 Patribus

523 831 702 888 fuisse
723 832 1036 902 sancitum,
1062 837 1124 888 ut
1148 833 1203 888 in
1229 833 1514 890 memoria
1528 832 1757 890 Domini
1775 831 2081 890 Genitricis
2103 849 2170 888 ea

521 920 795 980 recitetur
822 921 1155 995 evangeliea
1181 921 1372 992 lectio,
1406 939 1534 993 quae
1585 926 1784 978 narrat
1837 921 1967 978 illas
2019 921 2169 978 duas

521 1014 717 1066 mente
747 1013 804 1066 et
835 1027 1008 1066 carne
1037 1026 1263 1067 sorores
1295 1011 1606 1067 Dominum
1636 1012 1838 1068 Jesum
1871 1011 2168 1084 excepisse

520 1097 906 1171 hospitio.Cui
927 1098 1084 1154 enim
1109 1097 1208 1154 illa
1227 1098 1474 1155 venienti
1495 1099 1551 1154 in
1573 1099 1860 1154 mundum
1877 1098 2166 1172 templum

520 1185 866 1261 praeparavit
916 1186 1129 1243 virtute
1187 1186 1406 1243 omlesti
1465 1193 1757 1244 sacratum
1789 1193 1846 1243 et
1876 1192 2166 1260 perpetuae

517 1275 1224 1349 virginitatidedicatum,
1247 1275 1384 1332 huic
1416 1277 1560 1344 istae,
1585 1281 1649 1333 ut
1677 1275 2055 1350 Evangelium
2077 1275 2165 1332 lo-

519 1363 738 1439 quitur,
761 1361 1100 1436 temporalis
1155 1365 1536 1422 habitationis
1569 1369 2041 1438 praeparaverunt
2063 1367 2162 1422 do-

519 1471 704 1522 mum,
728 1456 786 1510 et
803 1451 910 1524 pia:
937 1451 1318 1509 huuia..i;atis
1339 1470 1404 1508 ac
1427 1452 1835 1510 sincerissima:
1865 1453 2165 1509 charitatis

518 1541 890 1616 praebuerunt
919 1540 1286 1612 obsequium.
1313 1542 1529 1598 Harum
1559 1541 1717 1598 enim
1746 1542 1866 1599 vita
1911 1545 1968 1598 et
1998 1547 2162 1598 actus

517 1631 599 1687 ita
627 1630 864 1687 fuerunt
893 1629 1190 1686 mirabiles
1220 1635 1276 1688 et
1298 1629 1557 1686 ﬁdelium
1589 1631 1984 1688 recordatione
2016 1631 2161 1688 cele-

2281 477 2337 529 et
2367 475 2437 531 de
2460 479 2624 530 utero
2646 474 2852 530 matris
2873 472 3160 548 gestiebat
3179 473 3236 528 in
3252 489 3520 530 occursum
3537 475 3637 546 ejus
3653 495 3782 534 erum-

2281 579 2433 636 pere.
2459 564 2781 631 Quomodo,
2809 567 3098 636 quantum
3115 566 3172 619 et
3195 561 3421 634 qualiter
3437 562 3607 620 ofﬁciis
3623 570 3664 620 et
3678 567 3785 624 obse-

2279 652 2436 724 quiis
2463 651 2830 726 speculativze
2851 652 2978 708 vitae
2995 669 3130 707 cum
3153 650 3324 708 altera
3342 651 3501 706 Maria
3519 669 3568 708 se
3586 654 3784 720 subdidit,

2277 739 2563 798 Gabrielis
2592 740 2923 816 archangeli
2957 741 3293 814 proﬁteatur
3337 741 3564 802 assertio.
3585 745 3786 800 sermonis

2277 830 2592 904 evangelici
2622 836 3012 904 prosequatur
3041 829 3242 900 oratio,
3265 829 3392 902 quia
3415 831 3474 886 ad
3503 829 3600 885 hac
3623 848 3786 888 narran-

2277 921 2353 976 da
2382 924 2591 977 nostrae
2620 919 2924 992 parvitatis
2954 919 3148 975 deﬁcit
3178 935 3376 975 sermo.
3417 918 3579 974 Unum
3603 921 3782 993 profecto

2277 1009 2518 1078 scimus,
2541 1009 2681 1082 quia
2697 1009 2894 1065 omnis
2917 1010 3044 1082 ejus
3064 1008 3182 1064 vita
3201 1011 3257 1063 et
3276 1007 3412 1064 actio
3431 1007 3617 1062 intenta
3634 1024 3790 1081 semper

2275 1099 2387 1154 fuit
2411 1099 2468 1154 in
2499 1097 2766 1155 Domino.
2789 1099 2860 1154 Et
2879 1097 3034 1154 sicut
3054 1098 3126 1154 de
3142 1096 3318 1153 altera
3337 1095 3499 1152 Maria
3515 1096 3693 1152 dictum
3713 1103 3788 1152 est:

2275 1189 2386 1244 Ista
2405 1189 2666 1260 optimam
2686 1195 2899 1260 partem
2920 1185 3248 1260 elegit,quia
3266 1185 3442 1258 prima
3459 1184 3672 1240 omnium
3690 1186 3794 1241 femi-

2275 1294 2486 1334 narum
2509 1277 2625 1333 Deo
2645 1276 3041 1350 virginitatem
3085 1274 3324 1343 obtulit;
3357 1278 3408 1330 et
3434 1273 3613 1329 idcirco
3637 1289 3792 1345 promc-

2275 1367 2392 1422 ruit
2413 1370 2476 1421 ut
2501 1367 2596 1422 Dei
2628 1364 2807 1421 Filius
2829 1363 3033 1438 angelo
3067 1363 3364 1419 nuntiante
3393 1379 3454 1418 ex
3473 1378 3532 1418 ea
3549 1378 3711 1434 corpus
3729 1380 3794 1418 no.

2273 1459 2406 1511 atrae
2437 1453 2857 1526 redemptionis
2887 1453 3230 1525 susciperet.
3255 1451 3498 1508 Diximus
3517 1466 3622 1506 eam
3636 1467 3796 1524 semper

2272 1543 2559 1602 intentam
2579 1543 2760 1598 fuisse
2783 1540 3167 1614 speeulationi
3189 1539 3408 1606 divinae,
3429 1539 3517 1596 sed
3537 1541 3714 1611 oportet
3732 1555 3797 1594 nos

2269 1633 2380 1689 hoc
2410 1633 2606 1706 ipsum
2657 1625 2958 1687 catholicis
2989 1629 3181 1686 verbis
3211 1632 3475 1686 astruere.
3504 1627 3566 1684 Ut
3590 1627 3707 1682 enim
3727 1627 3796 1682 hu-

515 1721 670 1787 bres,
703 1723 768 1775 ut
799 1720 1050 1776 duarum
1080 1719 1330 1775 vitarum
1379 1720 1627 1792 ﬁguram
1661 1737 1758 1776 eas
1789 1719 2035 1777 retinere
2066 1739 2160 1778 as-
2191 1756 2240 1822 B
2273 1739 2446 1778 mano
2469 1739 2580 1778 usu
2599 1720 2822 1793 loquar,
2843 1719 2942 1776 ubi
2965 1723 3091 1775 erat
3111 1735 3345 1792 corpore
3363 1715 3798 1790 quandoaDomino

515 1812 712 1867 serant
741 1807 1066 1864 divinarum
1093 1807 1420 1865 litterarum
1453 1809 1724 1866 catholici
1747 1815 1804 1866 et
1836 1809 2162 1866 doctissimi
2191 1806 2240 1822 υ
2274 1812 2613 1868 mittebatur
2633 1809 2878 1882 angelus
2903 1808 2974 1864 ad
3007 1825 3136 1864 eam
3158 1808 3187 1864 ?
3220 1807 3412 1880 utique
3431 1807 3484 1862 in
3505 1806 3648 1862 domo
3666 1818 3800 1876 paren-

514 1901 876 1956 tractatores.
913 1897 1141 1956 Martha
1165 1897 1346 1972 igitur
1373 1917 1500 1972 qure
1531 1916 1730 1955 curam
1757 1900 1970 1955 domus
1999 1913 2160 1974 gere-

513 1988 634 2054 bat,
667 1991 724 2044 et
751 1983 913 2043 tanto
935 1987 1156 2060 talique
1177 1987 1392 2060 hospiti
1426 1989 1672 2061 ejusque
1701 1987 2160 2062 discipulis,quaa

515 2077 846 2134 necessaria
875 2080 1041 2133 erant
1069 2077 1381 2149 przebebat,
1415 2079 1614 2134 activae
1645 2077 1772 2134 vitae
1793 2078 2064 2152 figuram,
2097 2082 2162 2133 ut

513 2165 790 2232 diximus,
815 2165 1172 2237 praeferebat.
1197 2165 1306 2222 Per
1335 2167 1578 2222 Mariam
1611 2183 1764 2234 vero,
1798 2184 1924 2240 quae
1957 2169 2028 2224 ad
2061 2184 2158 2240 pe-

513 2251 618 2310 des
646 2252 889 2324 Domini.
910 2253 1141 2323 sedens,
1170 2253 1594 2311 instantissime
1615 2255 1904 2312 sermonis
1919 2257 2047 2328 ejus
2065 2273 2162 2312 au~

513 2341 712 2398 diebat
743 2339 1052 2414 colloquia,
1081 2341 1201 2397 vita
1250 2343 1552 2416 perspicue
1604 2346 2163 2417 praemonstrabatur

513 2429 985 2504 contemplativa.
1013 2431 1136 2498 Eia,
1167 2432 1372 2488 fratres
1402 2432 1756 2502 charissimi,
1789 2433 2089 2491 videamus
2110 2435 2159 2491 si

513 2520 754 2593 domina
784 2524 982 2576 nostra
1009 2519 1068 2576 in
1101 2521 1274 2578 domo
1313 2521 1542 2578 Domini
1575 2525 1631 2578 et
1659 2522 1758 2579 Dei
1790 2523 2070 2590 Genitrix,
2102 2527 2161 2580 et

513 2625 747 2682 semper
772 2607 934 2682 virgo
980 2607 1178 2674 Maria,
1209 2613 1517 2684 utramque
1559 2611 1736 2668 vitam
1795 2613 1866 2668 ad
1921 2612 2158 2686 plenum

513 2697 789 2768 exercuit,
825 2702 881 2755 et
909 2697 1156 2754 activam
1184 2692 1362 2756 vitam
1392 2699 1746 2758 laudabilem
1777 2717 1956 2774 quam
1987 2719 2160 2776 cpere

512 2787 742 2844 Martha
771 2776 1040 2856 excoluit,
1057 2791 1115 2844 et
1134 2789 1645 2862 contemplativam
1677 2790 1960 2864 optimam
1979 2809 2155 2865 quam

513 2875 695 2934 Maria
723 2876 1014 2934 audiendo
1045 2881 1102 2934 et
1131 2876 1396 2951 eligendo
1422 2878 1692 2936 obtinuit.
1713 2880 1864 2936 Sane
1893 2881 2047 2938 sicut
2076 2881 2159 2936 di-

511 2964 729 3024 lectum
757 2965 989 3022 Domini
1018 2965 1302 3024 Joannem
1337 2967 1674 3042 theologum
1705 2969 1776 3025 de
1803 2969 2080 3026 humanis
2101 2974 2159 3026 et

511 3053 912 3129 corporalibus
942 3056 1170 3112 actibus
1194 3055 1426 3113 Domini
1455 3057 1598 3114 Jesu
1627 3075 1812 3132 pauca
1843 3055 2084 3127 dixisse,
2101 3063 2157 3116 et

2271 1905 2420 1956 tum.
2453 1899 2562 1956 Ubi
2583 1903 2706 1956 erat
2725 1895 2932 1971 spiritu
2957 1896 2985 1952 ?
3026 1913 3178 1965 vere,
3213 1902 3276 1952 ut
3305 1895 3558 1963 diximus,
3586 1895 3632 1949 in
3656 1891 3726 1948 illo
3746 1891 3798 1947 di-

2269 1989 2416 2046 vina
2437 1987 2856 2062 speculationis
2885 1987 3124 2042 intuitu.
3158 1985 3304 2050 Quid
3335 1983 3560 2058 agebat?
3583 1981 3687 2050 Sine
3706 1998 3798 2053 pra-

2261 2079 2486 2150 judicio
2516 2077 2766 2150 alicujus
2797 2073 3379 2148 irreprehensibiliter
3414 2072 3608 2139 vivens,
3648 2074 3696 2125 ut
3728 2086 3801 2124 sua

2269 2164 2650 2241 professionis
2678 2163 2982 2239 proprium
3029 2167 3175 2233 erat,
3219 2163 3438 2231 orabat,
3467 2160 3672 2234 legebat.
3709 2159 3802 2221 Quo-

2269 2256 2442 2312 modo
2473 2254 2719 2312 orabat‘?
2749 2253 3053 2310 Canticum
3077 2252 3238 2325 quod
3261 2251 3461 2308 cecinit
3481 2247 3802 2322 tympanizans,

2267 2343 2588 2402 exclamat:
2638 2343 2968 2414 Magniﬁcat
3013 2357 3208 2398 anima
3252 2357 3369 2397 mea
3411 2339 3676 2396 Dominum.
3707 2332 3802 2399 Quid

2265 2432 2542 2508 legebat?
2575 2431 2838 2488 Forsitan
2870 2431 3256 2487 occurrebant
3283 2429 3334 2487 ei
3367 2427 3554 2486 divina:
3580 2423 3802 2497 Scriptura

2267 2521 2604 2580 testimonia
2633 2521 2706 2577 ad
2735 2519 2880 2576 illud
2903 2518 3202 2576 ineffabile
3221 2521 3618 2576 sacramentum
3639 2511 3800 2586 quodin

2267 2630 2336 2670 ea
2367 2611 2678 2687 gerebatur
2707 2609 2833 2666 sine
2874 2609 3052 2666 dubio
3083 2607 3447 2682 pertinentia.
3475 2607 3649 2664 Nonne
3670 2601 3714 2658 in
3750 2600 3804 2674 pi-

2265 2718 2446 2777 gnore
2463 2701 2619 2775 quod
2641 2700 2878 2774 gerebat
2899 2697 3042 2755 illud
3066 2697 3298 2772 impleri
3320 2713 3481 2770 posse
3501 2694 3719 2752 credebat
3731 2689 3807 2746 Mo-

2265 2791 2490 2848 saicum
2515 2807 2529 2845 :
2558 2790 2901 2862 Prophetam,
2956 2784 3172 2861 inquit,
3221 2785 3494 2844 suscitabit
3524 2783 3735 2840 Dominus
3766 2777 3807 2831 de

2261 2881 2532 2954 fratribus
2561 2879 2748 2936 vestris
2775 2885 3040 2952 tanquam
3068 2879 3339 2950 meipsum
3366 2875 3614 2933 audietis?
3635 2871 3691 2926 Et
3710 2865 3808 2923 mul-

2263 2973 2354 3026 tas
2376 2968 2522 3026 alias
2535 2969 2591 3024 in
2617 2971 2816 3041 aperto
2837 2967 3112 3024 cernebat
3131 2967 3538 3040 prophetarum
3553 2955 3807 3022 sententias,

2264 3059 2322 3114 in
2355 3059 2570 3132 quibus
2593 3057 2739 3114 tanti
2764 3055 3114 3114 sacramenti
3138 3073 3207 3112 ac
3228 3053 3480 3128 mysterii
3500 3049 3807 3132 praemonsth

511 3142 700 3200 multa
717 3144 788 3200 de
801 3143 1344 3202 naturadivinitatis
1356 3146 1405 3218 ej
1417 3130 2158 3221 us,potentiaet;majestate
2189 3131 2232 3200 C
2267 3130 2438 3209 batur
2457 3152 2513 3204 et
2539 3148 2610 3204 ad
2631 3137 2922 3218 liquidum
2941 3143 3572 3202 declarabaturveritas.
3593 3137 3747 3194 Nanne

511 3232 730 3290 dixisse
759 3237 816 3289 et
843 3233 1170 3307 scripsisse,
1202 3239 1350 3291 teste
1407 3235 1807 3294 sacratissima
1862 3237 2011 3294 serie
2063 3237 2156 3294 de-

509 3321 844 3395 scriptionis
863 3326 992 3395 ejus
1013 3315 1420 3396 cognoscimus
1437 3342 1449 3392 ;
1465 3325 1546 3380 ita
1562 3325 1786 3382 Domini
1803 3325 2156 3384 Genitricem

511 3428 628 3467 non
661 3411 804 3466 adeo
835 3410 1018 3467 fuisse
1049 3411 1344 3470 credimus
1375 3413 1658 3470 intentam
1692 3414 1886 3472 activa:
1916 3432 2154 3472 conver-

513 3497 744 3566 sationi,
777 3507 955 3570 quam
985 3516 1046 3556 se
1075 3503 1260 3556 totam
1295 3499 1544 3558 contulit
1587 3502 1794 3560 divinae
1839 3521 2155 3577 conspecu-

513 3585 735 3644 lationi.
770 3589 894 3644 Non
926 3589 1082 3644 enim
1137 3589 1206 3644 ad
1239 3589 1485 3645 activam
1517 3591 1671 3648 ultra
1701 3609 1879 3665 quam
1913 3598 2158 3650 matrem

505 3669 743 3734 Domini
773 3675 970 3733 decuit
997 3693 1059 3732 se
1089 3677 1393 3746 contraxit,
1427 3679 1527 3735 sed
1559 3683 1676 3736 toto
1707 3681 1920 3738 mentis
1950 3683 2158 3738 affectu

509 3770 568 3822 et
597 3763 904 3838 desiderio,
929 3765 1002 3822 ad
1033 3763 1210 3824 vitam
1232 3779 1295 3822 se
1325 3767 1835 3841 contemplativam
1864 3770 2078 3828 erexit:
2103 3775 2162 3828 et

514 3871 586 3910 ne
612 3870 682 3910 ex
728 3857 849 3911 toto
895 3859 1052 3912 esset
1089 3855 1214 3912 vitae
1247 3873 1444 3912 exsors
1475 3857 1693 3928 activae,
1728 3863 2040 3933 postquam
2071 3867 2160 3918 est

511 3941 695 4000 electa
722 3960 756 4000 a
799 3943 1064 4012 Domino,
1095 3944 1348 4002 salutata
1385 3946 1456 4004 ab
1487 3946 1717 4020 angelo,
1749 3949 2098 4006 obumbrata
2125 3969 2160 4007 a

510 4031 732 4106 Spiritu
763 4037 982 4103 sancto,
1014 4033 1324 4091 fecundata
1358 4036 1452 4092 Dei
1499 4037 1693 4105 verbo,
1727 4054 2048 4112 exsurgens
2089 4040 2160 4096 de

507 4121 656 4192 loco,
672 4139 777 4196 per
796 4122 904 4179 iter
925 4123 1156 4181 devium
1177 4129 1235 4182 et
1254 4125 1503 4198 abrupta
1521 4125 1811 4182 montium
1836 4127 2074 4185 veniens
2096 4133 2162 4186 ut

501 4211 763 4284 deferret
793 4212 1000 4270 amicis
1030 4212 1277 4271 actualis
1307 4215 1434 4271 vitae
1464 4215 1824 4272 laboriosum
1877 4218 2156 4286 ofﬁcium,

509 4300 798 4358 Zachariae
827 4300 977 4359 vatis
1009 4303 1337 4377 ingreditur
1382 4304 1625 4360 domum
1675 4305 1970 4363 Elisabeth
2001 4307 2157 4364 salu-

508 4392 662 4448 tans.
694 4389 975 4464 Cognovit
1003 4391 1062 4446 in
1097 4391 1310 4466 spiritu
1343 4391 1401 4448 in
1433 4392 1630 4449 sinum
1682 4395 1810 4466 ejus
1841 4395 2036 4452 nobile
2067 4397 2158 4470 pi-

2263 3237 2372 3293 hoc
2391 3236 2678 3311 pertinere
2699 3234 3002 3291 videbatur
3027 3232 3171 3290 illud
3193 3233 3374 3291 Jacob
3390 3227 3685 3306 patriarcha
3701 3219 3810 3311 testi-

2265 3310 2530 3383 monium
2560 3325 2844 3383 dicentis:
2877 3325 2995 3381 Non
3022 3326 3312 3396 auferetur
3349 3329 3597 3394 sceptrum
3632 3315 3684 3371 de
3701 3310 3810 3372 Iuda,

2263 3425 2315 3473 et
2343 3415 2458 3472 dux
2485 3416 2549 3472 de
2571 3417 2777 3487 femore
2807 3415 2941 3486 ejus,
2973 3413 3141 3470 donec
3171 3414 3358 3470 veniat
3379 3412 3472 3486 qui
3491 3403 3732 3465 mittemus
3746 3407 3811 3462 est,

2263 3513 2318 3564 et
2334 3507 2446 3579 ipse
2455 3506 2562 3562 erit
2573 3503 2898 3576 exspectatio
2908 3503 3178 3573 gentium.
3195 3501 3341 3568 Quid
3358 3494 3681 3556 manifestius
3690 3502 3812 3564 quam

2265 3595 2419 3668 quod
2443 3593 2540 3650 ille
2561 3585 2854 3648 fatebatur
2874 3583 3110 3648 Balaam
3129 3590 3445 3657 ariolus,ex
3463 3604 3519 3644 se
3537 3581 3814 3668 falsiloquuS,

2266 3666 2366 3742 Dei
2402 3687 2548 3740 nutu
2578 3681 2908 3738 veridicus:
2945 3681 3189 3749 Orietur,
3237 3679 3446 3752 inquit,
3497 3675 3636 3733 stella
3670 3686 3724 3726 es
3747 3666 3812 3761 ia:

2265 3761 2380 3842 cob,
2411 3782 2462 3830 et
2488 3779 2742 3843 exsurget
2771 3771 2928 3828 homo
2977 3769 3044 3826 de
3065 3771 3280 3826 Israel?
3327 3767 3547 3825 Sciebat
3592 3761 3716 3820 enim
3747 3755 3814 3810 Dei

2267 3861 2525 3920 Genitrix
2549 3861 2608 3915 in
2646 3876 2776 3916 arce
2807 3857 3013 3914 divinae
3039 3855 3542 3932 contemplationis
3573 3846 3811 3916 assumpta,
3916 3847 3917 3896 ἒ

2267 3950 2560 4010 Davidicis
2591 3949 2794 4006 edocta
2839 3947 3222 4020 testimoniis,
3277 3957 3655 4022 processurum
3693 3935 3744 3990 de
3775 3945 3814 3984 se
3916 3973 3917 3992 χ

2265 4041 2607 4107 Dominum,
2630 4042 2914 4110 tanquam
2939 4037 3010 4092 de
3034 4035 3299 4094 thalamo
3319 4053 3424 4093 suo
3445 4044 3687 4108 sponsum
3703 4035 3813 4080 eumo

2267 4134 2516 4204 demque
2537 4127 2963 4202 speciosum,ut
2977 4126 3127 4184 idem
3153 4127 3437 4200 propheta
3453 4115 3726 4204 praecinuit,
3740 4123 3816 4184 pre

2267 4220 2406 4277 filiis
2424 4203 2754 4276 hominum.
2775 4216 2900 4272 Non
2922 4215 3079 4272 enim
3103 4215 3414 4272 dubitabat
3431 4213 3500 4270 ad
3517 4227 3572 4266 se
3590 4203 3816 4282 pertinere.

2264 4307 2514 4384 Spiritus
2540 4305 2725 4364 sancti
2761 4304 3052 4362 illustrata
3083 4301 3334 4373 lumine,
3358 4302 3503 4376 quod
3534 4295 3818 4389 Isaiam

2267 4379 2504 4474 phetam
2547 4394 2836 4453 recolebat
2891 4393 3145 4450 dixisse:
3181 4397 3316 4450 Ecce
3377 4395 3523 4463 Virgo
3567 4379 3818 4474 concipiam

511 4493 664 4550 gnus
685 4478 1185 4569 depositum,etin
1203 4480 1296 4569 his
1313 4481 1540 4554 paucis,
1554 4486 1618 4538 ut
1638 4482 2158 4553 diximus,Martha2
2188 4503 2234 4569 Β
2261 4470 2442 4561 pariet
2469 4485 2692 4558 ﬁlium;
2724 4485 2817 4538 et:
2865 4481 3195 4552 Egredietur
3222 4484 3379 4553 virga
3419 4480 3480 4537 de
3517 4470 3820 4569 redimit”:

511 4564 822 4638 complevit
852 4571 1068 4624 actum.
1114 4569 1173 4624 Si
1207 4568 1436 4628 Martha
1469 4569 1620 4642 felix,
1653 4587 1778 4644 quae
1809 4572 2001 4630 activae
2033 4574 2159 4632 vita;

511 4653 853 4726 praeferebat
873 4653 1140 4729 ﬁguram,
1162 4663 1380 4730 quanto
1404 4657 1593 4732 magis
1609 4659 1734 4717 ista:
1750 4661 2156 4732 sanctissimae,

509 4743 580 4830 (Le
598 4742 814 4818 quibus
833 4742 992 4817 loqui
1001 4763 1419 4819 mur,personze
1439 4749 1790 4805 exstiterunt
1809 4749 2159 4824 felices,quae

509 4833 1192 4912 tantorum-gaudiorum
1219 4840 1278 4892 et
1322 4853 1633 4894 munerum
1666 4844 2008 4896 meruerunt
2034 4841 2160 4900 fieri

461 4983 472 4994 ο
511 4923 856 4996 compotes?
886 4923 1020 4988 Quae
1054 4926 1241 4999 major
1266 4929 1457 5000 potest
1505 4943 1634 4984 esse
1683 4927 1932 4986 felicitas
1982 4947 2159 5004 quam

511 5027 646 5066 cum
677 5011 736 5066 in
756 5016 953 5070 matre
983 5014 1215 5071 Domini
1245 5019 1321 5084 et,
1355 5020 1420 5070 ut
1465 5015 1548 5071 ita
1577 5015 1786 5086 dicam,
1820 5017 1876 5072 in
1909 5018 2044 5076 aula
2073 5039 2160 5078 re-

511 5097 650 5173 gali,
683 5098 742 5154 in
773 5100 898 5158 alvo
930 5103 1198 5176 virginali
1229 5104 1560 5162 fecunditas
1605 5109 1809 5178 regnat
1832 5111 1889 5162 et
1915 5106 2162 5182 virgini-

510 5189 604 5243 tas
618 5186 647 5241 ?
662 5205 841 5272 quam
865 5207 998 5247 cum
1023 5191 1335 5250 infecunda
1357 5197 1414 5250 et
1433 5198 1660 5251 vetusta
1679 5199 1920 5268 generat
1938 5199 1994 5253 et
2009 5198 2165 5272 parit

511 5271 810 5344 sterilitas,
843 5283 900 5334 et
930 5296 1060 5336 cum
1101 5286 1272 5338 zestas
1327 5283 1646 5339 senectutis
1693 5288 1752 5339 et
1793 5283 2162 5357 antiquitatis

514 5378 726 5422 nomen
757 5369 1077 5439 promeruit
1109 5388 1265 5430 nova:
1300 5371 1709 5444 paternitatis?
1733 5372 1798 5427 Et
1827 5377 1892 5428 ut
1933 5373 1994 5430 Β.
2030 5375 2160 5432 Hie-

513 5470 794 5526 ronymus
841 5455 1108 5528 jucundo
1155 5475 1424 5517 sermone
1469 5461 1864 5533 prosequitur,
1905 5461 2162 5523 Joannes

491 5541 690 5632 etiam
723 5544 795 5601 ad
825 5545 1129 5608 introitum
1181 5547 1374 5611 Mariae
1417 5549 1725 5612 exsultavit
1771 5554 1830 5608 et
1879 5549 2021 5608 lusit
2055 5570 2068 5608 :
2102 5559 2160 5612 et

2267 4547 2318 4632 et
2344 4576 2442 4647 ﬂos
2558 4547 2742 4629 radice
2766 4571 2881 4644 ejus
2908 4547 3177 4628 ascendet.
3227 4547 3376 4636 Quid
3425 4559 3693 4641 apertius?
3724 4547 3818 4647 quid
3916 4613 3917 4620 η

2261 4637 2634 4738 jucundius?
2663 4649 2724 4717 et.
2746 4637 3045 4733 Virginem
3075 4658 3426 4732 parituram,
3458 4637 3521 4714 vet
3563 4650 3741 4722 virgam
3775 4637 3820 4692 de

2269 4753 2462 4812 radice
2477 4751 2506 4808 J
2513 4767 2641 4808 esse
2655 4765 3063 4824 processuram
3079 4747 3482 4806 nobilissimus
3495 4739 3820 4818 prophetarum

2269 4841 2628 4918 pronuntiat.
3592 4917 3595 4918 ν
3719 4908 3746 4918 ⁸,

2341 4930 2566 4988 Placuit
2591 4928 2771 5002 igitur
2801 4927 3057 4985 inserere
3085 4927 3225 4984 huic
3257 4929 3463 4984 nostrae
3491 4913 3821 5002 declamatiun:

2271 4987 2413 5080 cuiae
2444 4987 2792 5077 sententiam
2825 5006 3038 5090 psalmi
3067 5012 3408 5091 octogesimi
3438 5008 3572 5071 sexti
3603 5014 3746 5091 quam

2271 5109 2616 5168 memoriam
2648 5089 2881 5164 Domini
2908 5089 3242 5174 Genitricis,
3273 5109 3332 5162 et
3351 5099 3663 5179 mysterium
3687 5089 3824 5177 Donu-

2269 5201 2414 5258 nicae
2445 5195 2864 5255 incarnationis
2895 5199 2951 5252 et
2972 5194 3315 5266 nativitatis,
3339 5195 3403 5250 B.
3432 5179 3825 5266 AmbrosiumIr

2269 5307 2372 5364 per
2404 5291 2614 5344 cuneta
2633 5283 2948 5342 laudabilis
2978 5287 3037 5340 et
3064 5301 3238 5341 verus
3270 5259 3517 5341 assertor
3541 5271 3654 5364 ﬁdei
3679 5259 3824 5364 08mg:

2267 5345 2411 5451 lices,
2445 5377 2588 5434 adeo
2619 5374 2824 5432 festive
2879 5371 3064 5430 voluit
3109 5389 3414 5447 exponere,
3443 5372 3496 5426 et
3546 5358 3740 5451 idcirco:
3766 5345 3826 5451 ,οξ

2268 5440 2412 5538 dixi,
2443 5462 2792 5525 sententiam
2827 5462 2975 5520 tanti
3012 5440 3308 5536 pontificis
3337 5440 3657 5543 paupercqu
3681 5440 3824 5543 cesti?

2267 5533 2427 5632 operi
2449 5571 2739 5631 apponere
2767 5552 2948 5624 volui,
2983 5533 3226 5626 utquod
3248 5533 3420 5626 digne
3443 5561 3546 5605 non
3567 5533 3825 5615 potuit?“
