4020 6180
210 363 365 423 1025

1671 365 2118 429 SERMONES.

3456 342 3616 441 ιοεὰ

207 497 370 570 sequi
434 496 711 571 ingenioli
765 498 947 555 nostri
996 504 1330 573 paupertas,
1366 498 1662 556 sententia:
1708 498 1849 556 tanti
1880 500 1935 568 Α
1966 517 2096 556 rum
2128 499 2379 557 veridica
2413 502 2769 561 testimonia.
2802 506 2870 562 Et
2920 510 2984 563 ut
3033 506 3092 563 in
3126 508 3316 565 tribus
3348 510 3614 581 personis

205 586 497 658 pontificis
548 588 814 645 nobilitet
859 594 918 646 et
964 591 1337 646 commendet
1384 589 1857 646 auctoritas.'Ait

201 675 361 731 enim
410 678 735 735 secundum
791 680 1097 752 antiquam
1139 678 1675 752 interpretationem
1725 679 1854 750 jam

201 765 397 823 dictus
424 766 800 823 doctissimus
830 769 1033 825 doctor
1062 786 1075 825 :
1109 774 1288 828 Mater
1312 771 1444 826 Sion
1478 768 1651 825 dicet:
1678 772 1854 826 Homo

196 862 250 909 et
276 855 434 912 homo
464 865 628 913 natus
667 867 745 914 est
778 860 833 914 in
864 876 948 930 ea,
980 863 1031 914 et
1062 861 1176 931 ipse
1202 852 1460 931 [mutavit
1488 875 1609 914 eam
1639 859 1850 915 Altissi-

195 960 342 999 mus.
378 944 623 1003 Matrem
657 950 853 1002 autem
881 949 1209 1003 secundum
1242 947 1607 1004 divinitatem
1638 948 1853 1004 habere

196 1050 314 1089 non
348 1035 559 1106 potuit,
584 1036 683 1107 qui
716 1041 918 1093 auctor
948 1042 1037 1093 est
1058 1038 1279 1094 Matris.
1304 1037 1403 1093 Ille
1421 1038 1608 1093 factus
1631 1041 1719 1094 est
1736 1054 1853 1093 non

196 1122 401 1179 divina
429 1125 823 1198 generatione,
859 1126 958 1182 sed
985 1126 1263 1183 humana.
1292 1126 1437 1191 Quia
1464 1126 1639 1183 homo
1666 1127 1851 1183 factus

196 1217 309 1281 est,
342 1213 499 1270 Deus
531 1217 706 1270 natus
737 1221 845 1272 est.
878 1215 970 1271 Sic
998 1222 1053 1272 et
1083 1216 1221 1272 alibi
1252 1216 1434 1273 habes
1468 1234 1480 1272 :
1515 1218 1663 1272 Puer
1692 1224 1852 1272 natus

194 1310 274 1357 est
297 1304 476 1370 nobis,
505 1305 679 1360 Filius
725 1304 886 1361 datus
931 1314 1009 1362 est
1050 1306 1230 1362 nobis.
1265 1306 1328 1361 In
1354 1309 1527 1362 Puero
1559 1306 1716 1362 enim
1748 1323 1849 1362 no-

195 1409 335 1447 men
358 1392 639 1463 aztatis,in
663 1395 808 1451 Filio
834 1393 1135 1467 plenitudo
1167 1399 1255 1451 est
1286 1395 1622 1452 divinitatis.
1644 1397 1851 1454 Factus

193 1498 264 1536 ex
298 1485 503 1549 matre,
539 1488 711 1540 natus
737 1501 805 1538 ex
833 1488 1013 1555 patre.
1050 1485 1208 1540 Idem
1260 1488 1453 1542 tamen
1502 1491 1559 1541 et
1590 1490 1766 1542 natus
1795 1491 1851 1541 et

193 1570 395 1637 datus,
430 1587 544 1626 non
576 1572 893 1640 diversum,
930 1574 1028 1629 sed
1065 1591 1249 1630 unum
1280 1580 1470 1647 putes.
1506 1575 1667 1631 Unus
1691 1576 1849 1631 enim

192 1658 297 1714 Dei
332 1659 509 1729 filius,
543 1666 601 1716 et
646 1666 819 1718 natus
866 1680 933 1718 ex
980 1668 1166 1735 patre,
1199 1668 1256 1719 et
1285 1668 1449 1721 ortus
1479 1682 1547 1719 ex
1589 1664 1847 1738 Virgine.

192 1748 447 1803 Distanti
480 1750 699 1817 ordine,
735 1751 837 1806 sed
870 1750 927 1806 in
961 1769 1077 1806 uno
1108 1751 1405 1808 concurrit
1436 1753 1849 1822 nomine,sicut

187 1841 244 1891 et
274 1855 534 1909 praesens
568 1838 735 1895 lectio
765 1840 931 1896 docet
963 1842 1104 1912 quia
1120 1850 1171 1896 et
1193 1841 1349 1898 homo
1380 1849 1540 1897 natus
1568 1850 1645 1897 est
1672 1844 1729 1897 in
1761 1859 1844 1911 ea,
1878 1848 1925 1944 ﬁ

186 1936 237 1983 et
256 1929 379 2000 ipse
388 1928 558 1999 funda
570 1931 775 1985 viteam
795 1931 1137 1986 Altissimus.
1153 1931 1338 1987 IIomo
1361 1931 1563 2003 utique
1586 1949 1844 2005 corpore,

186 2016 535 2073 Altissimus
567 2022 868 2090 potestate.
888 2019 1008 2074 Etsi
1037 2020 1191 2077 Deus
1222 2023 1279 2076 et
1308 2020 1482 2076 homo
1514 2020 1848 2078 diversitate

189 2111 441 2173 naturae,
474 2107 626 2161 idem
681 2112 875 2165 tamen
936 2125 1052 2164 non
1100 2108 1249 2165 alter
1272 2109 1332 2164 in
1366 2114 1632 2182 utroque.
1670 2109 1844 2166 Aliud

187 2210 332 2267 ergo
347 2194 598 2267 speciale
625 2201 840 2251 naturae
863 2196 1165 2266 sum,aliud
1181 2197 1485 2254 nobiscum
1510 2215 1843 2268 commune,

188 2284 302 2339 sed
330 2283 394 2339 in
425 2287 671 2357 utroque
715 2302 868 2342 unus
898 2290 956 2341 et
986 2286 1042 2341 in
1078 2291 1324 2359 utroque
1372 2287 1684 2359 perfectus.
1720 2289 1843 2344 Non

188 2373 379 2445 igitur
428 2372 759 2428 mirandum
820 2380 909 2431 est
968 2376 1104 2447 quia
1156 2382 1212 2431 et
1253 2376 1569 2432 Dominum
1601 2394 1758 2445 eum,
1791 2382 1847 2432 et

188 2461 499 2517 Christum
532 2462 664 2517 fecit
693 2463 866 2519 Deus.
884 2464 1040 2519 Fecit
1070 2481 1205 2537 ergo
1233 2465 1618 2521 Jesum.Eum
1645 2466 1847 2538 utique

190 2550 299 2621 qui
353 2567 424 2605 ex
482 2567 722 2623 corpore
781 2570 989 2610 nomen
1048 2552 1288 2625 accepit,
1323 2554 1454 2609 fecit
1506 2571 1640 2609 eum
1672 2571 1845 2626 aquo

182 2639 370 2694 etiam
399 2640 730 2711 patriarcha
752 2641 954 2696 scribit
987 2642 1161 2696 David
1189 2659 1201 2696 :
1227 2642 1395 2698 Mater
1412 2644 1543 2698 Sion
1573 2644 1712 2699 dicet
1744 2645 1844 2700 ho-

180 2746 300 2798 mo,
330 2736 384 2784 et
414 2730 569 2785 homo
597 2732 774 2801 factus
804 2738 881 2786 est
912 2732 969 2786 in
1000 2747 1065 2786 ea
1096 2750 1114 2785 :
1146 2730 1453 2787 dissimilis
1497 2733 1697 2805 utique
1729 2750 1844 2789 non

180 2817 517 2884 divinitate,
550 2819 652 2874 sed
684 2836 941 2891 corpore.
976 2820 1090 2874 Nec
1145 2820 1432 2876 discretus
1464 2839 1495 2875 a
1527 2822 1711 2888 Patre,
1743 2823 1843 2877 sed

177 2911 465 2979 exceptus
492 2907 549 2962 in
573 2924 833 2964 munere.
858 2908 1047 2979 Hujus
1067 2910 1284 2965 etenim
1310 2911 1573 2966 muneris
1593 2910 1845 2983 gratiam

179 2995 399 3069 angelo
423 2997 729 3052 nuntiante
748 2998 907 3071 virgo
931 2998 1115 3054 Maria
1133 2999 1442 3054 Dominum
1465 2999 1844 3072 concipiendo

184 3084 542 3158 promeruit,
574 3086 851 3159 pariendo
879 3087 1153 3155 obtinuit,
1178 3092 1234 3143 et
1259 3092 1390 3160 post
1420 3092 1653 3160 partum
1684 3087 1845 3161 virgo

184 3178 477 3248 perpetuo
491 3192 839 3247 permanens
858 3176 1254 3249 incorruptam
1270 3177 1547 3250 possedit.
1568 3177 1843 3249 Ejusdem

1963 606 2220 659 summa,
2254 590 2523 665 simplex,
2538 596 2755 651 aeterna
2784 599 2843 651 et
2872 596 3479 670 incomprehensibilis
3496 617 3615 657 cre-

1963 679 2157 750 datur,
2171 680 2516 737 confiteatur
2537 686 2595 738 et
2622 683 2895 741 adoretur
2923 686 3141 752 unitas,
3156 703 3391 743 summa
3411 688 3614 761 etiam,

1964 768 2233 843 simplex,
2266 774 2481 827 aeterna
2538 775 2596 827 et
2651 772 3262 847 incomprehensibilis
3316 778 3609 847 credatur,

1963 859 2309 914 confiteatur
2328 862 2383 915 et
2414 860 2688 917 adoretur
2708 862 2963 920 Trinitas
2992 880 3003 919 :
3030 862 3234 919 invitet
3256 882 3363 920 nos
3386 870 3614 923 sancta-

1963 963 2095 1001 rum
2110 946 2438 1004 divinarum
2454 949 2575 1005 Scri
2585 954 2892 1023 pturarum
2907 952 3212 1008 sinceritas
3226 956 3284 1009 et
3297 953 3612 1010 catholico-

1963 1053 2091 1090 rum
2124 1040 2386 1106 Patrum,
2419 1055 2620 1095 eorum
2643 1039 2911 1097 videlicet
2938 1041 3126 1097 fidelis
3159 1042 3477 1099 auctoritas
3507 1060 3614 1100 nos

1962 1123 2183 1193 doceat,
2210 1124 2266 1181 in
2291 1142 2541 1199 quorum
2575 1126 2873 1184 intellectu
2906 1134 2964 1185 et
2994 1128 3229 1203 scriptis
3262 1129 3393 1186 fidei
3425 1129 3613 1204 pietas

1961 1216 2019 1267 et
2048 1212 2260 1270 veritas
2294 1232 2409 1271 non
2440 1216 2983 1290 vacillat.Mysterio
3017 1218 3212 1292 itaque
3241 1219 3614 1293 baptismatis

1960 1308 2191 1375 peracto
2225 1320 2291 1360 ac
2322 1304 2629 1377 praesentia
2662 1306 2839 1362 totius
2896 1306 3201 1364 Trinitatis
3248 1312 3606 1376 consecrato,

1960 1391 2428 1449 Dominuchsus
2450 1411 2562 1449 non
2584 1393 2911 1462 alieno,sed
2939 1413 3045 1451 suo
3068 1396 3275 1469 spiritu
3305 1398 3361 1452 et
3379 1397 3615 1471 propria

1959 1480 2254 1538 voluntate
2285 1484 2582 1539 desertum
2616 1484 2799 1556 petiit,
2835 1485 2931 1540 ubi
2968 1485 3041 1540 ad
3072 1486 3417 1542 tentandum
3475 1504 3612 1544 eum

1961 1569 2256 1645 malignus
2286 1572 2528 1644 spiritus
2562 1573 2791 1629 invenit.
2829 1573 2937 1638 Qui
2968 1572 3155 1646 ipsius
3192 1575 3406 1631 virtute
3439 1592 3611 1648 supe-

1960 1664 2147 1730 ratus,
2181 1660 2405 1734 angelis
2438 1661 2911 1718 ministrantibus
2941 1663 3183 1719 recessit
3206 1664 3279 1719 ab
3311 1681 3379 1720 eo
3408 1663 3614 1720 confu-

1960 1765 2082 1804 sus.
2120 1750 2325 1806 Postea
2356 1767 2388 1805 a
2420 1749 2481 1805 B.
2513 1751 2739 1807 Joanne
2771 1751 3082 1817 invenitur,
3118 1757 3173 1809 et
3204 1751 3278 1809 ob
3310 1753 3609 1828 incompa-

1961 1837 2205 1894 rabilem
2219 1837 2615 1896 innocentiam
2632 1840 2702 1896 ab
2718 1857 2784 1896 eo
2804 1843 3004 1914 Agnus
3026 1840 3126 1897 Dei
3152 1842 3356 1898 mundi
3379 1840 3617 1915 peccata

1954 1925 2167 1983 tollens
2198 1926 2545 2000 appellatur.
2564 1929 2634 1984 Et
2656 1945 2727 1984 ne
2756 1929 2956 1986 lumen
2988 1930 3272 1987 divinitus
3302 1946 3614 1988 accensum

1956 2016 2067 2071 sub
2100 2016 2295 2071 modio
2321 2021 2579 2089 poneret,
2594 2018 2696 2074 sed
2730 2035 2833 2074 nec
2866 2019 3093 2075 diutius
3126 2017 3615 2089 celaretur,exivit

1956 2106 2025 2160 ad
2054 2105 2378 2178 publicum.
2404 2107 2471 2162 Et
2492 2106 2632 2179 quia
2647 2111 2834 2163 totum
2857 2107 3077 2164 invenit
3098 2108 3389 2164 mundum
3414 2125 3617 2180 pecca-

1955 2193 2030 2249 tis
2052 2194 2392 2262 obnoxium,
2416 2196 2691 2253 omnibus
2712 2197 3012 2252 medicinae
3031 2196 3237 2253 indixit
3256 2196 3603 2266 remedium,

1954 2287 2013 2339 et
2043 2283 2101 2338 in
2136 2301 2241 2340 suo
2273 2285 2520 2340 adventu
2552 2286 3023 2358 appropinquare
3054 2285 3199 2341 dixit
3229 2303 3472 2359 regnum
3500 2302 3612 2342 cce-

1958 2370 2168 2427 lorum.
2202 2373 2273 2427 Et
2303 2378 2367 2427 ut
2394 2372 2537 2428 illud
2573 2373 2734 2429 Isaia:
2762 2374 3101 2446 impleretur
3121 2374 3612 2432 vaticinium:P0-

1950 2461 2114 2531 palus
2143 2463 2240 2533 qui
2266 2461 2480 2517 sedebat
2509 2463 2569 2516 in
2610 2463 2868 2528 tenebris,
2904 2463 3039 2518 vidit
3096 2464 3271 2520 lucem
3325 2478 3606 2534 magnam.

1954 2549 2354 2606 Habitantibus
2385 2553 2442 2606 in
2476 2552 2699 2621 regione
2731 2552 2942 2609 umbra?
2998 2554 3192 2608 mortis
3252 2553 3352 2607 tua:
3394 2560 3510 2609 orta
3540 2560 3617 2609 est

1954 2640 2056 2694 eis.
2090 2638 2309 2694 Deinde
2340 2640 2466 2712 ipso
2515 2639 2840 2696 divinitatis
2891 2657 3009 2696 sua:
3044 2640 3265 2695 lumine
3295 2644 3614 2713 praeeunte,

1954 2743 2023 2781 ex
2053 2727 2299 2783 diversis
2333 2728 2513 2799 hujus
2542 2728 2671 2784 vita:
2716 2729 3258 2785 conversationibus
3290 2734 3347 2784 ct
3377 2729 3610 2798 officiis,

1955 2821 2020 2871 ut
2036 2815 2348 2890 Evangelia
2376 2816 2719 2889 loquuntur,
2744 2816 3065 2889 discipulos
3088 2815 3311 2873 vocavit
3331 2821 3387 2873 et
3409 2834 3476 2873 ex
3494 2817 3613 2875 illis

1955 2904 2262 2961 duodecim
2297 2904 2491 2978 elegit,
2510 2922 2659 2977 quos
2679 2911 2734 2961 et
2763 2906 3057 2978 apostolos
3078 2906 3322 2974 vocavit,
3348 2920 3450 2979 per
3462 2923 3611 2979 quos

1956 2993 2216 3049 humano
2248 2993 2445 3067 generi
2478 2992 2687 3049 salutis
2715 2994 2827 3049 iter
2856 2995 3130 3050 ostendit.
3150 2995 3411 3059 Quorum
3442 3011 3611 3053 sacro

1954 3081 2261 3137 conventui
2293 3086 2350 3136 et
2379 3081 2558 3136 nobili
2598 3081 2983 3137 contubernio
3015 3098 3248 3154 semper
3276 3081 3611 3139 adhaerebat

1956 3169 2334 3225 sanctissima
2363 3169 2563 3243 Virgo.
2597 3168 2742 3224 Cum
2774 3168 2892 3225 illis
2932 3186 3163 3242 semper
3187 3169 3493 3226 habitabat
3518 3187 3613 3226 se-

184 3247 398 3337 gmiia
428 3264 772 3320 muneribus
795 3265 1073 3330 conferta,
1097 3247 1162 3321 ἰιι
1186 3247 1386 3321 fas'est
1416 3247 1848 3332 credere,omne
1879 3247 1920 3314 (ἶ
1960 3274 2136 3331 seque
2153 3258 2475 3314 Dominicis
2493 3258 2902 3331 conspectibus
2923 3257 3255 3331 frequenter
3270 3260 3609 3332 praesentari

185 3355 434 3424 tempus
454 3352 767 3407 Dominics:
793 3353 1071 3420 infantiae,
1086 3354 1345 3426 pueritiae
1368 3358 1424 3409 et
1443 3354 1846 3411 adolescentia:

187 3458 328 3496 cum
354 3441 488 3513 ipso
510 3440 1179 3514 peregit,etobsequium
1198 3446 1472 3498 maternae
1496 3443 1844 3512 dulcedinis,

188 3537 254 3585 ut
266 3546 415 3585 vera
435 3535 781 3598 mater,vero
803 3529 1190 3587 humanitatis
1203 3548 1320 3587 suae
1336 3530 1454 3588 filio
1468 3532 1843 3588 ministravit.

185 3620 324 3685 Quae
349 3618 592 3674 fuerunt
613 3618 845 3674 illorum
865 3620 1017 3677 inter
1032 3636 1093 3677 se
1111 3620 1607 3693 colloquia,quam
1630 3620 1844 3693 dulcia,

186 3725 370 3779 qaam
405 3706 700 3772 amabilia,
718 3708 952 3780 quando
971 3709 1029 3765 in
1049 3714 1232 3765 matre
1257 3708 1515 3781 fulgebat
1542 3710 1846 3783 virginitas

182 3802 239 3852 et
262 3796 582 3852 laetabatur
611 3798 962 3854 fecunditas!
994 3799 1056 3853 In
1088 3798 1207 3854 filio
1236 3800 1551 3871 apparebat
1578 3800 1847 3856 humani-

182 3891 272 3941 tas
289 3891 355 3941 et
378 3884 596 3941 latebat
626 3886 922 3943 divinitas.
941 3890 1236 3953 Quantum
1254 3888 1339 3945 vel
1358 3888 1529 3960 quale
1560 3888 1703 3945 illud
1721 3895 1845 3946 erat

181 3975 471 4031 Deifieum
489 3991 554 4031 ac
567 3975 847 4048 virginale
863 3976 1221 4033 consortium
1234 3977 1262 4032 ?
1277 3994 1389 4034 non
1408 3978 1537 4034 dico
1551 3983 1838 4049 nostrum,

179 4066 281 4120 sed
300 4064 575 4120 omnium
599 4064 911 4120 hominum
935 4083 1177 4139 prorsus
1205 4066 1429 4122 excedit
1460 4066 1837 4125 intellectum.

179 4153 410 4208 Deinde
438 4153 593 4208 idem
628 4153 749 4226 ipse
779 4154 879 4226 qui
910 4160 1034 4210 erat
1066 4155 1403 4227 unigenitus
1435 4155 1693 4228 Virginis
1716 4174 1837 4212 ma-

180 4241 306 4311 tris,
334 4258 475 4296 cum
493 4241 677 4296 voluit
695 4259 974 4315 apparere
998 4245 1207 4300 unicus
1227 4242 1327 4299 Dci
1348 4244 1558 4313 Patris,
1581 4249 1840 4318 tempore

181 4329 274 4386 sui
306 4329 690 4402 baptismatis
721 4330 829 4387 hoc
854 4333 1048 4404 ipsum
1076 4332 1331 4389 ostendit
1360 4335 1639 4405 majestas
1656 4334 1842 4390 Trini-

181 4420 345 4476 tatis.
385 4418 528 4474 Cum
562 4420 732 4475 Pater
759 4421 998 4477 auditur
1029 4422 1085 4477 in
1119 4439 1276 4486 voce,
1312 4422 1495 4479 Filius
1519 4422 1751 4479 videtur
1779 4423 1839 4478 in

180 4507 718 4581 homine,Spiritus
750 4510 1027 4581 dignatus
1047 4516 1135 4566 est
1157 4512 1213 4566 in
1238 4511 1428 4584 specie
1456 4529 1733 4584 apparere
1751 4530 1841 4568 co-

1957 3348 2269 3421 gaudebat.
2302 3349 2442 3403 Eam
2474 3364 2607 3403 vero
2637 3348 2915 3420 Optimam
2956 3352 3181 3421 partem
3214 3365 3391 3421 quam
3446 3364 3612 3405 soror

1957 3436 2196 3493 Martha:
2227 3436 2411 3492 Maria
2442 3438 2501 3492 in
2518 3453 2620 3510 spe
2650 3441 2707 3492 et
2739 3437 2926 3510 figura
2953 3437 3329 3510 gerebat,Dei
3351 3437 3610 3493 Genitrix

1954 3523 2017 3581 in
2046 3542 2106 3583 re
2133 3542 2266 3583 vera
2307 3525 2645 3582 firmissime
2696 3525 3001 3596 retinebat,
3035 3530 3093 3582 et
3144 3543 3278 3582 cum
3325 3525 3608 3599 apostolis

1955 3615 2026 3671 de
2056 3615 2333 3672 humanis
2362 3614 2574 3671 Christi
2602 3615 2851 3682 actibus,
2883 3619 2949 3671 ut
2972 3614 3165 3672 verius
3198 3632 3262 3672 ac
3296 3614 3611 3689 specialius

1953 3705 2364 3778 cognoscebat,
2392 3704 2586 3762 verius
2621 3722 2686 3761 ac
2718 3703 3049 3778 specialiter
3077 3705 3429 3772 conferebat,
3454 3709 3517 3761 ut
3537 3705 3610 3761 ab

1953 3810 2023 3848 ea
2053 3795 2342 3849 discerent
2371 3794 2621 3867 qualiter
2648 3810 2928 3849 arcanum
2960 3793 3109 3849 tanti
3132 3793 3397 3867 mysterii
3416 3798 3474 3849 et
3499 3794 3610 3867 ipsi

1952 3884 2256 3939 crederent
2283 3887 2339 3938 et
2361 3882 2613 3938 lucidius
2634 3882 2766 3937 aliis
2789 3884 3223 3939 enarrarent.Et
3240 3900 3373 3938 cum
3399 3900 3607 3957 oppor-

1950 3975 2159 4027 tunum
2182 3974 2358 4039 fieret,
2375 3972 2503 4027 sine
2524 3971 2682 4027 omni
2708 3970 3092 4043 ambiguitate
3124 3972 3359 4044 scriptis
3385 3972 3607 4027 mundo

1952 4061 2435 4117 transmitterent.
2469 4064 2604 4132 Ipsa
2641 4076 2797 4127 vero,
2833 4064 2897 4115 ut
2953 4065 3193 4116 sanctus
3250 4059 3610 4133 evangelista

1948 4149 2206 4205 Joannes
2238 4149 2433 4215 refert,
2466 4147 2695 4204 Domini
2730 4146 3033 4203 miraculis
3065 4164 3489 4219 nonnunquam
3515 4146 3604 4202 in-

1948 4239 2166 4294 terfuit.
2200 4237 2260 4293 In
2292 4236 2385 4293 his
2408 4242 2465 4292 et
2494 4236 2552 4292 in
2586 4236 2808 4293 casteria
2837 4235 3157 4293 divinitatis
3180 4237 3310 4308 ejus
3328 4235 3605 4310 operibus

1948 4333 2006 4383 et
2034 4327 2351 4401 virtutibus
2383 4324 2536 4382 ultra
2565 4343 2743 4399 quam
2774 4326 2889 4383 dici
2918 4330 3109 4398 potest
3134 4322 3518 4399 gloriabatur.
3537 4324 3610 4381 Et

1949 4415 1998 4472 si
2029 4415 2212 4472 Maria
2240 4415 2537 4489 quondam
2569 4415 2878 4489 peccatrix,
2912 4415 3004 4471 cui
3047 4414 3319 4471 donando
3371 4416 3608 4488 peccata

1949 4510 2073 4561 erat
2100 4504 2407 4578 propitius,
2439 4505 2663 4560 intente
2692 4503 2968 4559 audiebat
2995 4504 3172 4560 verba
3201 4520 3269 4560 ex
3309 4520 3406 4560 ore
3449 4504 3601 4575 ejus,

178 4595 708 4653 lumbae.Estenim
730 4598 909 4671 hujus
931 4601 1359 4673 magnitudinis
1387 4602 1841 4675 t'estis,magnus
1871 4616 1918 4683 Ι)
1950 4600 2169 4667 quanto
2198 4594 2388 4668 magis
2414 4593 2556 4661 haec,
2591 4610 2719 4666 quae
2750 4598 2875 4650 erat
2905 4598 3097 4683 mente
3126 4598 3183 4649 et
3204 4610 3443 4683 corpore
3465 4610 3533 4683 sa
3547 4610 3608 4648 n-

179 4702 296 4757 pra:
329 4686 559 4743 caeteris
599 4686 775 4744 homo
824 4689 1058 4744 nomine
1104 4690 1360 4746 Joannes
1387 4708 1421 4745 a
1455 4695 1563 4747 Deo
1595 4691 1836 4747 missus.

178 4774 295 4830 Iste
327 4792 465 4830 vero
497 4781 697 4833 tantus
728 4776 1039 4851 homo,qui
1061 4778 1344 4835 hactenus
1372 4784 1496 4835 erat
1526 4780 1840 4835 Dominicis

178 4863 611 4923 incarnationis
642 4871 698 4923 et
728 4867 1049 4924 nativitatis
1096 4868 1294 4925 arcani
1329 4868 1678 4925 mirabiliter
1703 4885 1839 4925 con-

176 4954 368 5018 scius,
404 4952 594 5010 factus
619 4960 708 5011 est
736 4955 1007 5013 minister
1035 4956 1326 5013 mirabilis
1350 4957 1611 5030 mysterii
1638 4957 1837 5029 hujus.

252 5041 376 5098 Nos
406 5058 566 5117 ergo,
599 5044 833 5113 fratres,
866 5048 932 5101 ut
960 5046 1133 5102 corde
1165 5046 1476 5103 credamus
1507 5049 1564 5101 et
1591 5063 1688 5103 ore
1711 5063 1842 5102 con-

182 5129 462 5187 fiteamur
486 5138 606 5188 tres
637 5133 1102 5190 denominativas
1140 5138 1195 5191 et
1226 5134 1509 5192 discretas
1540 5151 1839 5208 personas,

180 5215 397 5285 Patris,
421 5222 480 5273 et
506 5218 658 5288 Filii,
680 5224 738 5276 et
762 5221 1015 5293 Spiritus
1043 5222 1254 5291 sancti,
1279 5221 1456 5279 unius
1476 5239 1605 5279 esse
1631 5222 1835 5278 divini-

179 5306 344 5371 tatis,
379 5306 642 5377 Deitatis,
666 5310 1107 5378 dominationis,
1122 5312 1409 5379 essentize,
1430 5311 1835 5385 simplicisque

180 5395 551 5462 substantiae,
577 5399 819 5471 aequalis
836 5400 1011 5456 etiam
1030 5400 1376 5472 majestatis,
1401 5401 1839 5468 virtutis,hono-

180 5482 286 5547 ris,
324 5487 651 5556 potestatis,
687 5489 1050 5558 aeternitatis,
1085 5490 1502 5547 immensitatis
1532 5494 1588 5545 et
1617 5490 1833 5563 glorise,

179 5573 536 5631 admoneant
568 5594 673 5633 nos
724 5581 782 5633 et
840 5581 1089 5635 doceant
1140 5579 1401 5636 veritatis
1458 5579 1838 5637 veracissima

178 5661 383 5732 verba,
405 5665 817 5739 prophetarum
826 5684 958 5744 que,
974 5668 1375 5745 apostolorum
1388 5673 1447 5729 et
1458 5669 1836 5743 evangelista-

1950 4690 2065 4751 cta,
2087 4683 2363 4739 audiebat
2393 4683 2698 4739 ardentius
2719 4683 2891 4752 cujus
2910 4681 3065 4738 idem
3091 4682 3216 4754 ipse
3238 4686 3297 4739 et
3316 4681 3606 4739 Dominus

1950 4777 2074 4829 erat
2106 4775 2163 4826 et
2186 4770 2683 4826 filius?Ca:terum
2708 4773 2772 4824 ut
2803 4769 3093 4825 Simeonis
3116 4769 3265 4841 justi
3298 4766 3608 4840 prophetia

1949 4860 2296 4933 imploretur
2314 4858 2591 4915 dicentis:
2607 4861 2673 4915 Et
2690 4867 2842 4914 tuam
2864 4859 3038 4931 ipsius
3055 4858 3301 4913 animam
3317 4860 3603 4929 pertrans-

1952 4951 2057 5006 ibit
2086 4949 2326 5019 gladius,
2352 4951 2613 5020 tempore
2644 4946 2956 5003 Dominicze
3006 4944 3300 5018 passionis
3350 4961 3485 5000 cum
3514 4944 3603 5000 di-

1950 5040 2097 5096 lecto
2130 5036 2418 5110 discipulo
2450 5037 2522 5093 de
2547 5054 2614 5093 ea
2645 5037 2872 5092 dictum
2918 5039 3007 5091 est
3040 5053 3053 5090 :
3084 5035 3213 5090 Ecce
3264 5043 3443 5090 mater
3486 5041 3600 5091 tua.

1951 5130 2115 5185 Circa
2163 5125 2528 5200 sepulturam
2586 5142 2723 5181 vero
2764 5123 3131 5181 Dominicam
3188 5120 3374 5179 multo
3415 5121 3605 5197 magis

1946 5234 2123 5290 quam
2156 5213 2433 5270 mulieres
2479 5211 2610 5268 illas
2652 5216 2891 5268 sanctas
2922 5210 3159 5283 quidem
3191 5210 3391 5266 dicunt
3424 5209 3604 5266 fuisse

1945 5304 2280 5372 sollicitam,
2315 5318 2565 5375 quorum
2623 5301 2980 5373 opinionem,
3016 5299 3076 5355 ni
3118 5298 3305 5368 fallor,
3340 5302 3603 5355 astruere

1946 5395 2177 5451 videtur
2206 5392 2397 5447 bonus
2426 5389 2525 5446 ille
2554 5388 2829 5446 Sedulius
2855 5392 3026 5462 poeta
3053 5387 3444 5462 evangelicus,
3473 5404 3602 5444 ora-

1946 5490 2037 5541 tor
2068 5480 2378 5548 facundus,
2414 5479 2663 5551 scriptor
2690 5476 3034 5534 catholicus.

2017 5572 2077 5628 Si
2109 5569 2262 5626 enim
2288 5568 2436 5623 scire
2455 5566 2729 5623 volumus
2751 5568 2893 5640 quid
2918 5566 3017 5622 Dei
3041 5567 3323 5635 Genitrix,
3348 5570 3479 5638 post
3512 5580 3601 5620 re-

1948 5660 2373 5720 surrectionem
2406 5656 2662 5729 Domini,
2698 5662 3012 5734 antequam
3043 5654 3167 5731 ipse
3197 5655 3369 5713 caelos
3397 5668 3599 5713 ascen-
