4020 6180
513 325 669 418 102Ἱ

1429 315 1496 377 S.
1545 313 1909 376 ODILONIS
1953 309 2517 408 DLUNIACENSIS
2560 307 2886 370 ABBATIS
2930 304 3004 368 V.

3675 304 3786 364 I028

511 421 693 523 deret,
725 455 951 530 agebat,
979 451 1106 508 sine
1151 449 1328 505 dubio
1379 447 1502 504 loca
1534 445 1846 502 Dominicze
1877 445 2158 510 Nativita-
2188 448 2244 512 Α
2277 444 2556 501 hodierna
2583 443 2712 514 ejus
2742 437 3174 512 Assumptionc,
3196 435 3384 492 divinae
3409 435 3534 509 legis
3560 437 3788 509 interpres,

511 548 609 612 tis,
627 543 938 620 passionis,
962 539 1272 614 sepultura:
1297 541 1354 594 et
1376 536 1818 593 resurrectionis
1833 536 2164 606 frequenter

513 629 821 700 eircuiens,
855 630 1103 686 invisere
1132 627 1425 699 cupiebat.
1455 627 1518 682 In
1550 624 1770 681 eisdem
1803 625 1980 680 etiam
2017 622 2161 690 locis

510 719 1100 797 lacrymasd‘undebat
1121 721 1178 773 et
1199 713 1558 772 sanctissimi
1578 713 1696 770 oris
1715 712 1804 768 sui
1825 711 2025 768 oscula
2041 711 2164 780 duil-

508 807 1150 881 cissimaimprimebat.
1167 805 1380 860 Deinde
1395 805 1466 858 ad
1493 807 1695 858 notum
1717 801 1830 858 sibi
1847 801 2160 874 refugium,

509 899 896 974 apostolicum
929 895 1196 952 videlicet
1225 891 1700 958 contubernium,
1733 894 1902 962 pasta
1945 889 2160 945 intuitu

506 989 943 1047 Dominicorum
977 985 1238 1041 locorum
1270 1000 1402 1037 cum
1438 981 1652 1054 gaudio
1683 979 2000 1036 remeabat.
2024 977 2158 1034 Cre-

505 1080 705 1136 dimus
732 1093 861 1134 eam
894 1073 1228 1130 interfuisse
1258 1070 1491 1144 gaudiis
1516 1068 1831 1125 Dominicze
1861 1066 2160 1124 Ascensio—

505 1168 696 1236 nis,in
717 1166 810 1223 die
829 1168 1032 1222 saneto
1065 1163 1434 1219 Pentecostes
1463 1175 1600 1214 eum
1631 1155 1848 1214 sanctis
1879 1154 2160 1228 apostolis

506 1256 835 1330 percepisse
865 1269 996 1309 eam
1023 1250 1274 1326 gratiam
1307 1247 1564 1320 Spiritus
1591 1245 1798 1312 sancti,
1817 1261 1995 1317 quam
2021 1259 2159 1299 con-

505 1349 622 1403 stat
659 1360 788 1401 esse
837 1341 1178 1416 plenissime
1225 1337 1440 1393 habere
1488 1335 1560 1390 ab
1610 1334 1738 1406 ipsa
1785 1331 2160 1405 conceptione

505 1432 738 1508 Christi.
773 1433 830 1488 Si
861 1431 991 1504 quis
1023 1445 1154 1482 vero
1181 1426 1374 1482 adhuc
1425 1423 1621 1480 studio
1670 1421 1906 1496 pietatis
1933 1420 2024 1476 vel
2053 1421 2158 1494 piae

504 1520 864 1578 curiositatis
889 1520 1094 1574 affectu
1129 1517 1409 1587 indagare
1441 1511 1688 1570 voluerit
1717 1510 1860 1584 quid
1893 1513 2024 1583 post
2052 1511 2156 1565 As-

505 1609 842 1666 censionem
894 1605 1124 1663 Domini
1175 1603 1376 1678 egerit,
1409 1619 1586 1675 quam
1647 1603 1846 1656 sancte
1895 1603 1953 1656 et
1999 1597 2159 1670 juste

505 1699 708 1755 vixerit
755 1701 812 1754 et
865 1713 999 1752 eum
1057 1693 1274 1768 quibus
1332 1690 1698 1756 habitaverit,
1737 1689 1846 1744 soli
1897 1689 2012 1744 Deo
2061 1703 2157 1742 co-

505 1788 736 1862 gnitum
783 1802 910 1843 esse
958 1783 1188 1840 videtur
1238 1787 1301 1837 et
1355 1779 1605 1836 Gabrieli
1661 1775 2030 1848 archangelo,
2064 1774 2155 1831 cui
2187 1820 2238 1888 B

503 1879 632 1949 ejus
665 1893 842 1932 causa
873 1879 992 1930 tota
1025 1872 1340 1928 commissa
1366 1885 1494 1924 esse
1528 1867 1873 1940 praedicatur
1902 1882 1936 1920 a
1967 1863 2159 1920 Domi-

503 1983 598 2033 no,
632 1970 689 2021 et
719 1964 944 2038 angelis
975 1961 1088 2018 sibi
1143 1957 1565 2016 collzetantibus
1622 1969 1942 2026 secumque
1980 1951 2159 2008 collo-

503 2056 842 2129 quentibus,
872 2051 1080 2108 Joanni
1110 2050 1286 2106 etiam
1339 2047 1546 2104 dilecto
1601 2045 1826 2102 Domini
1871 2041 2158 2114 discipulo

502 2145 599 2217 qui
635 2143 706 2200 ab
737 2143 865 2215 ipsa
897 2157 1076 2199 cruce.
1107 2137 1366 2210 suscepit
1415 2137 1470 2192 in
1523 2153 1632 2192 sua
1684 2131 2077 2190 sollicitudine
2104 2135 2161 2186 et

503 2249 664 2296 cura,
694 2229 963 2286 videlicet
1010 2234 1070 2282 ut
1107 2227 1284 2299 Virgo
1335 2223 1544 2297 virgini
1593 2222 1929 2289 deserviret,
1961 2224 2019 2276 et
2047 2220 2158 2276 Do-

505 2319 646 2376 mini
671 2317 838 2374 matri
867 2316 1206 2389 rependeret
1237 2313 1534 2369 servitutis
1555 2316 1611 2368 et
1631 2310 1959 2366 dilectionis
1988 2309 2158 2368 obsc-

505 2409 732 2482 quium,
765 2405 864 2478 qui
899 2421 1031 2460 eum
1072 2396 1442 2475 pre'czeteris
1471 2417 1580 2455 sua
1611 2398 1920 2463 dilectione
1948 2398 2161 2452 fecerat

505 2491 1135 2570 dignum.Beatissimo
1161 2489 1375 2546 etenim
1401 2488 1566 2543 Petro
1589 2485 1984 2559 apostolorum
2004 2485 2158 2558 prin-

504 2585 616 2658 cipi
665 2581 1005 2654 ceterisque
1047 2579 1328 2652 apostolis
1371 2594 1486 2633 non
1533 2574 1831 2648 incognita
1869 2574 1979 2630 fuit
2029 2575 2159 2646 ejus

504 2673 822 2747 purissima
860 2672 977 2726 vita
1013 2673 1070 2724 et
1101 2668 1249 2724 actio
1277 2685 1290 2736 ;
1323 2670 1526 2722 saneta
1557 2681 1788 2738 quoque
1816 2667 1873 2719 et
1903 2663 2156 2719 admira-

504 2763 638 2820 bilis
670 2765 728 2818 et
758 2757 1144 2834 przedicabilis
1177 2755 1558 2812 conversatio.
1594 2755 1817 2826 Quippe
1855 2753 1993 2826 quia
2023 2769 2156 2808 cum

504 2852 589 2908 eis
619 2866 852 2923 semper
875 2847 983 2903 fuit
1013 2847 1084 2902 ab
1119 2847 1380 2919 ipsorum
1413 2841 1810 2900 conversionis
1841 2839 2028 2908 initio,
2063 2859 2158 2898 us-

505 2958 620 3014 que
651 2940 720 2996 ad
753 2938 919 2994 illum
971 2935 1126 2992 diem
1178 2935 1237 2990 in
1288 2951 1404 3007 quo
1450 2930 1786 3006 unigenitus
1821 2931 1916 2988 Dei
1951 2929 2152 2998 Filius,

505 3031 680 3087 homo
711 3046 780 3085 ex
808 3045 877 3085 ea
915 3043 1052 3082 vera
1105 3025 1218 3080 fide
1275 3023 1531 3097 genitus,
1565 3039 1598 3077 a
1625 3021 1928 3076 laboribus
1975 3019 2156 3091 hujus

502 3120 630 3176 vitae
658 3117 844 3174 voluit
885 3117 1130 3188 eripere,
1159 3117 1216 3170 et
1267 3113 1339 3168 ad
1389 3111 1634 3185 gloriam
1691 3108 1804 3165 sibi
1849 3125 1883 3166 ε.
1925 3107 2154 3164 saeculis

2271 537 2511 590 sanctus
2539 530 2808 586 videlicet
2837 527 3223 600 Hieronymus
3247 530 3301 582 et
3327 525 3413 580 alii
3441 526 3658 580 doctores
3678 541 3790 599 egre-

2271 623 2350 698 gii
2379 623 2515 679 talia
2567 639 2633 678 ae
2691 621 2855 675 tanta
2903 620 3217 690 potuerunt
3253 620 3305 671 et
3333 613 3601 670 voluerunt
3643 613 3792 680 dicere,

2272 713 2490 785 quibus
2520 727 2626 766 nos
2658 726 2763 765 nec
2793 708 3078 764 audemus
3109 704 3342 777 aliquid,
3373 720 3468 759 nec
3493 703 3717 757 debemus
3731 703 3796 758 ad-

2267 802 2465 876 jicere.
2500 801 2569 856 Et
2594 799 2694 872 qui
2725 798 2796 853 ad
2829 797 3067 868 plenum
3105 793 3228 849 vult
3273 807 3583 866 cognoscere
3621 790 3796 864 gloriam

2271 888 2662 946 solemnitatis
2689 885 3007 953 hodiernae,
3039 881 3194 956 legat
3223 897 3525 938 sermonem
3565 895 3701 951 quem
3730 897 3795 933 su-

2271 980 2572 1052 pradictus
2603 979 2773 1034 Pater
2802 975 3187 1050 Hieronymus
3230 970 3422 1037 edidit,
3445 974 3496 1024 et
3520 969 3580 1024 ad
3607 972 3798 1024 sanctam

2270 1069 2532 1136 Paulam,
2565 1072 2624 1123 et
2655 1067 2726 1122 ad
2761 1063 3136 1120 Eustochium
3168 1059 3341 1116 ﬁliam
3371 1060 3488 1132 ejus
3511 1057 3799 1130 virginem,et

2271 1161 2342 1216 ad
2365 1164 2602 1214 caeteras
2629 1155 2884 1228 virgines
2915 1170 3029 1210 non
3059 1149 3249 1208 solum
3271 1145 3667 1222 prazsentes,scd
3681 1145 3799 1200 etiam

2270 1249 2341 1306 ad
2373 1249 2830 1320 superventuras
2880 1239 3232 1298 transmisit.
3265 1243 3325 1294 In
3375 1235 3559 1293 eodem
3593 1251 3698 1290 vero
3719 1250 3800 1288 scr-

2269 1354 2452 1394 mone
2475 1337 2724 1409 possunt
2771 1331 3072 1388 addiscere
3127 1326 3376 1400 virgines
3422 1323 3638 1390 feminae,
3661 1327 3704 1378 et
3723 1339 3801 1377 non

2267 1427 2460 1483 solum
2491 1423 2746 1498 virgines
2778 1421 3028 1488 feminae,
3044 1418 3144 1476 sed
3175 1416 3345 1474 etiam
3366 1412 3593 1488 virgines
3611 1410 3802 1476 masculi,

2268 1514 2562 1589 quomodo
2595 1513 2845 1568 debeant
2872 1509 3169 1583 virginum
3196 1503 3422 1578 virgini,
3451 1499 3744 1575 virginaliter
3763 1516 3804 1554 ac

2267 1603 2511 1660 viriliter
2556 1601 2826 1658 militare.
2857 1598 3056 1663 Hodie,
3090 1591 3539 1652 reverendissimi
3586 1589 3738 1644 Patres
3769 1594 3804 1642 et

2267 1691 2595 1750 charissimi
2647 1690 2876 1752 fratres,
2931 1685 3150 1742 domini
3203 1688 3260 1740 et
3301 1681 3559 1747 seniores,
3586 1681 3805 1733 matmstet

2267 1798 2496 1839 sorores
2529 1777 2940 1841 devotissimm,
2971 1775 3153 1830 beatae
3186 1771 3283 1828 Dei
3317 1767 3596 1827 Genitricis
3621 1771 3668 1822 et
3702 1780 3803 1820 sem-

2272 1887 2374 1944 per
2403 1867 2646 1942 virginis
2678 1864 2870 1920 Mariaa
2896 1861 3258 1918 celebremus
3289 1859 3507 1925 festum,
3537 1859 3592 1911 ut
3615 1871 3694 1927 per
3722 1853 3805 1922 ejus

2269 1957 2564 2032 singulare
2593 1954 2887 2020 meritum,
2911 1955 2966 2007 et
2981 1949 3274 2006 orationes
3293 1946 3538 2004 omnium
3559 1946 3804 2000 sanctorum

2268 2029 2724 2117 sanctarumque
2753 2040 3068 2115 virginum,
3099 2039 3264 2111 pium
3313 2049 3616 2092 mereamur
3658 2029 3805 2084 habere

2269 2143 2443 2212 atque
2473 2134 2791 2210 propitium
2823 2129 3082 2204 Virginis
3110 2127 3320 2196 filium,
3343 2130 3395 2182 et
3425 2122 3673 2212 virginum
3692 2135 3805 2212 spen-

2269 2245 2424 2295 sum,
2457 2225 2771 2282 Dominum
2806 2225 3072 2278 nostrum
3095 2218 3298 2275 Jesum
3326 2207 3705 2275 Christum.0ui
3722 2205 3807 2262 vivit

2266 2323 2325 2373 et
2363 2318 2567 2388 regnat
2615 2329 2750 2369 cum
2801 2315 2912 2366 Deo
2964 2309 3149 2374 Patre,
3187 2311 3244 2362 et
3290 2303 3503 2378 Spiritu
3547 2301 3724 2362 sancto,
3745 2311 3810 2366 per

2267 2406 2467 2462 omnia
2495 2401 2709 2460 saecula
2738 2398 3108 2456 saeculorum.
3140 2397 3346 2452 Amen.

2338 2494 2438 2550 Dei
2469 2509 2600 2549 vero
2633 2488 2913 2557 Genitrix,
2947 2503 3072 2559 quae
3130 2483 3307 2540 hodie
3355 2481 3423 2536 ad
3465 2477 3697 2534 ccelorum
3729 2470 3808 2544 glo-

2266 2584 2436 2652 riam,
2461 2597 2638 2654 super
2665 2579 2874 2634 choros
2905 2573 3251 2648 angelorum
3277 2575 3334 2627 et
3353 2584 3526 2641 usque
3553 2565 3614 2621 ad
3639 2575 3809 2618 summa:

2267 2651 2591 2730 divinitatis
2623 2665 2996 2742 praesentiam
3028 2664 3338 2734 assumpta
3364 2675 3485 2715 esse
3511 2651 3733 2718 creditur,
3751 2663 3811 2742 ie-

2267 2765 2506 2819 neratur
2533 2763 2590 2816 et
2618 2733 2848 2821 colitur,
2879 2753 3009 2827 ipsa
3045 2755 3156 2819 est,
3189 2733 3255 2806 ut
3305 2747 3528 2821 quidam
3569 2759 3627 2798 ex
3663 2733 3812 2827 nostrils

2267 2849 2478 2908 humili
2507 2845 2809 2904 devotione
2838 2823 3209 2914 alloquentes
3242 2835 3395 2894 soliti
3421 2837 3548 2891 sunt
3566 2823 3811 2886 dicerez’l'n

2266 2959 2329 2998 es
2359 2939 2514 2996 enim
2545 2935 2681 2992 aula
2711 2931 2942 3006 regalis,
2979 2931 3168 2986 forma
3216 2923 3470 3000 pudoris,
3499 2921 3550 2975 id
3594 2921 3667 2974 est
3701 2926 3809 2968 vere-

2266 3027 2510 3094 cundiae,
2547 3042 2674 3098 quae
2706 3037 2936 3095 semper
2979 3023 3067 3075 est
3113 3033 3314 3073 eomes
3346 3010 3619 3068 individua
3642 3006 3809 3098 integre

2264 3090 2616 3190 virginitatis
2644 3118 2702 3168 et
2732 3090 3020 3167 continua;
3047 3103 3355 3162 castitatis.
3387 3103 3468 3190 Tu
3499 3116 3554 3190 es
3579 3093 3702 3190 enim
3724 3090 3811 3190 past

505 3212 910 3282 praeparatam,
945 3179 1012 3260 ut
1044 3179 1303 3260 creditur
1330 3179 1784 3274 etvpraadicatur,
1809 3215 1986 3271 super
2015 3197 2149 3254 eho-
2183 3191 2225 3258 C
2266 3179 2452 3264 Deﬁm
2485 3217 2662 3259 causa
2691 3197 2984 3274 praecipua
3029 3194 3306 3249 humana:
3355 3185 3570 3245 salutis.
3596 3181 3665 3236 Tu
3689 3179 3814 3282 matfr

505 3317 601 3354 ros
631 3295 971 3371 angelorum
1000 3282 1278 3366 dignatus
1307 3295 1393 3346 est
1423 3289 1666 3346 elevare.

505 3455 508 3457 Α
576 3387 764 3458 Hujus
790 3383 906 3440 diei
940 3380 1203 3436 laetitiam
1225 3379 1398 3435 hodie
1419 3383 1576 3434 totus
1608 3377 1868 3433 mundus
1899 3375 2156 3432 concele-

504 3473 843 3541 brat,hodie
873 3486 1128 3542 namque
1158 3469 1231 3525 ob
1261 3465 1692 3524 venerationem
1723 3465 2159 3538 Assumptionis

507 3562 739 3620 Domini
774 3559 1088 3617 Genitricis
1119 3557 1306 3630 angeli
1347 3555 1637 3622 laetantur,
1669 3554 1922 3628 virgines
1961 3557 2158 3627 gratu-

504 3651 722 3720 lantur,
755 3647 1094 3722 patriarchze
1137 3653 1194 3702 et
1241 3645 1534 3718 prophetae
1589 3648 1703 3699 Deo
1751 3643 1966 3716 gratias
2017 3644 2160 3722 refe-

508 3743 666 3806 runt,
697 3737 836 3811 quia
864 3735 1148 3810 praesagia
1177 3741 1235 3791 et
1265 3733 1542 3788 vaticinia
1587 3749 1694 3788 sua
1750 3715 1852 3804 per
1895 3715 2158 3788 eamdem

508 3827 736 3884 Domini
773 3825 1122 3883 Genitricem
1155 3821 1444 3894 completa
1467 3837 1598 3878 esse
1630 3825 2164 3893 cognoscunt,apo-

509 3916 640 3972 stoli
673 3921 730 3972 et
749 3913 1114 3988 evangelistm
1141 3911 1487 3985 tripudiant,
1511 3927 1643 3966 cum
1677 3910 1736 3965 in
1768 3925 1940 3965 carne
1960 3907 2161 3964 Domi-

509 4023 650 4064 num
681 4005 930 4071 venisse,
955 4007 1010 4060 et
1032 4003 1103 4059 de
1124 4001 1362 4074 Virgine
1387 4003 1591 4056 natum
1624 4015 1759 4054 vera
1785 3998 1895 4054 fide
1928 3997 2162 4070 scriptis

509 4095 632 4152 suis
663 4093 1064 4168 pronuntiant.
1082 4090 1416 4146 Gloriantur
1443 4089 1619 4144 etiam
1651 4087 1824 4144 hodie
1855 4091 2158 4160 martyres,

510 4183 819 4242 Genitricis
841 4179 1074 4238 Domini
1098 4180 1189 4236 sui
1212 4177 1498 4235 solemnia
1514 4175 1705 4250 dignis
1724 4175 1997 4232 laudibus
2016 4174 2160 4232 cele-

511 4275 767 4330 brantes.
795 4271 1069 4328 'Gaudent
1099 4267 1318 4326 summi
1351 4266 1678 4340 pontifices,
1713 4265 2072 4322 confessores
2107 4268 2165 4320 et

511 4364 776 4419 doctores
801 4358 1096 4424 catholici,
1127 4359 1268 4414 dum
1301 4372 1404 4429 per
1431 4371 1632 4411 eorum
1656 4353 1984 4410 doctrinam
2017 4354 2162 4410 tide-

511 4450 596 4507 les
646 4451 744 4505 Dei
793 4449 1039 4504 credunt
1087 4449 1145 4502 et
1198 4443 1399 4500 colunt
1438 4443 1536 4499 Dei
1566 4441 1776 4498 Filium
1833 4441 2163 4514 suscepisse

513 4539 669 4612 quod
702 4555 817 4594 non
844 4542 988 4602 erat,
1013 4540 1069 4592 et
1090 4551 1203 4590 non
1237 4533 1507 4590 amisisse
1535 4532 1689 4604 quod
1722 4533 1882 4597 erat;
1911 4535 1968 4586 et
1991 4529 2160 4586 Geni-
2198 4558 2240 4622 D
2274 4553 2411 4594 cum
2443 4529 2819 4590 multitudine
2849 4525 3216 4599 angelorum,
3250 4531 3518 4578 occurren

515 4629 716 4684 tricem
763 4624 995 4682 Domini
1048 4623 1368 4696 praedicant
1417 4621 1702 4694 virginem
1760 4618 2076 4692 peperisse,
2109 4623 2166 4674 et

515 4720 648 4792 post
703 4719 938 4790 partum
993 4711 1277 4784 virginem
1335 4709 1642 4766 exstitisse.
1680 4708 1878 4764 Dicam
1942 4707 2164 4780 aliquid

513 4807 672 4880 plus,
705 4805 754 4862 si
785 4805 972 4860 audeo
999 4821 1012 4872 ;
1047 4801 1234 4856 dicam
1270 4799 1424 4856 fideli
1465 4797 1940 4871 praesumptione,
1973 4797 2164 4852 dicam

515 4897 613 4971 pia
643 4894 992 4952 temeritate.
1025 4889 1207 4946 Totus
1238 4889 1496 4944 mundus
1546 4885 1716 4942 hodie
1757 4884 2046 4958 condigna
2066 4885 2164 4956 ju-

516 4983 794 5042 bilatione
840 4982 1070 5039 laetatur
1106 4983 1164 5036 et
1191 4978 1427 5052 gaudet,
1454 4981 1710 5032 tartarus
1760 4975 2166 5030 tantummodo

517 5073 724 5141 ululat,
759 5071 953 5128 fremit
981 5075 1040 5128 et
1075 5068 1538 5133 submurmurat,
1573 5062 1850 5136 quoniam
1882 5063 2166 5136 gaudium

519 5165 577 5216 et
607 5159 805 5216 laetitia
833 5159 1014 5232 hujus
1038 5158 1173 5229 diei,
1198 5152 1469 5213 claustris
1494 5150 1880 5208 infernalibus
1900 5150 2166 5220 inclusis,

521 5247 756 5320 aliquod
789 5248 1114 5304 remedium
1137 5251 1194 5302 et
1219 5241 1584 5316 refrigerium
1619 5243 1872 5314 praestat.
1906 5239 2032 5295 Non
2067 5257 2168 5295 au-

522 5338 686 5408 dent,-
713 5340 778 5392 ut
805 5335 1032 5409 opinor,
1067 5333 1318 5390 ministri
1371 5330 1608 5389 tartarei
1669 5329 1837 5385 hodie
1883 5329 2171 5402 attingere

523 5443 664 5485 suos
693 5425 972 5498 captivos,
1005 5439 1152 5496 quos
1184 5422 1447 5478 recolunt
1476 5421 1810 5492 redemptos
1843 5415 2004 5473 illius
2035 5435 2173 5474 san-

523 5514 722 5591 guine,
757 5514 855 5587 qui
892 5530 994 5586 pro
1024 5511 1226 5568 mundi
1259 5509 1448 5565 salute
1478 5513 1568 5565 est
1597 5507 1876 5580 dignatus
1913 5507 2074 5562 nasci
2103 5509 2174 5564 de

521 5579 792 5683 virgine:
812 5579 1092 5683 De'cujus
1120 5598 1379 5680 Virginis
1407 5597 1633 5657 meritis
1664 5579 1720 5654 et
1747 5595 2176 5672 gloriosissima
2283 5601 2492 5662 salutis
2521 5595 2704 5659 edidit
2732 5594 2936 5654 Jesum
2967 5589 3260 5650 Christum
3291 5579 3450 5644 Domi

2267 3289 2606 3367 singularis,
2641 3265 2710 3344 tu
2737 3265 2898 3359 virgo
2927 3285 3226 3356 perennts.
3253 3279 3342 3334 Tu
3373 3279 3545 3332 mater
3573 3265 3813 3367 intactam

2265 3357 2428 3455 virgo
2461 3379 2729 3436 fecunda.
2763 3357 2853 3432 Tu
2902 3375 3089 3429 mater
3135 3369 3267 3426 sine
3315 3366 3456 3435 viro,
3485 3366 3540 3418 tu
3583 3357 3708 3455 virga
3732 3357 3815 3406 sine

2267 3441 2550 3543 exemplo.
2579 3469 2666 3524 Tu
2695 3478 2979 3539 puerpera
3009 3459 3136 3516 sine
3167 3463 3282 3513 tuas
3315 3446 3635 3526 integritatis
3659 3441 3818 3543 dispen'

2268 3528 2385 3616 dio.
2417 3528 2502 3613 'I‘u
2530 3560 2614 3612 tot
2643 3528 2860 3609 divinis
2889 3549 3238 3605 muneribus
3269 3544 3554 3608 functa,tu
3581 3528 3818 3623 tantisnttt-

2270 3648 2511 3704 neribus
2532 3641 2861 3701 coelestibus
2883 3641 3136 3710 compta.
3160 3637 3252 3692 Tu
3275 3639 3395 3689 tam
3417 3626 3676 3704 granditer
3689 3618 3816 3710 gratis

2273 3739 2366 3795 Dei
2401 3753 2463 3792 es
2491 3735 2722 3800 referta,
2757 3735 2821 3786 ut
2859 3745 2960 3802 per
3007 3707 3212 3782 florem
3273 3723 3360 3779 tui
3415 3711 3679 3802 virginalis
3699 3707 3813 3802 .ulert

2271 3824 2639 3896 omnipotens
2665 3823 2834 3876 Pater
2855 3817 3159 3889 superaret
3183 3812 3542 3868 tenebrarum
3562 3795 3815 3896 ριςίῐξείρςξπν

2273 3879 2481 3972 mortis
2538 3915 2860 3975 auctorem,
2891 3909 2950 3962 et
3005 3904 3304 3979 amoveret
3360 3915 3392 3954 a
3447 3887 3666 3969 paradisi
3709 3879 3816 3936 aditu

2273 4003 2534 4079 gladium
2569 4001 2908 4055 ﬂammeum
2941 3997 3115 4064 atque
3143 3987 3513 4079 versatilem}
3537 3984 3588 4036 et
3610 3981 3818 4079 peregi.

2271 4054 2906 4166 au—e—rn—t-uageneravit
2933 4054 3266 4153 virginitas,
3288 4072 3530 4166 caalestis
3571 4061 3698 4166 regni

2271 4150 2429 4238 libus
2460 4150 2714 4251 aperiret
2745 4176 2959 4246 portas,
2989 4150 3139 4242 quas
3171 4167 3458 4223 clauserat
3485 4155 3645 4215 hostis

2273 4238 2564 4326 calliditas
2579 4268 2634 4321 et
2651 4238 2908 4336 priorum
2927 4238 3237 4332 parentum
3255 4251 3679 4336 pressatum???“

2733 4317 2945 4422 itaque;
2961 4349 3183 4420 portas,
3209 4317 3275 4400 ut
3295 4339 3474 4397 credit
3500 4317 3818 4422 tidelium'tidii

2275 4447 2544 4512 ﬁrmitas,
2579 4438 2904 4512 assumpsit
2933 4442 2987 4492 te
3027 4435 3098 4491 ad
3148 4428 3483 4488 zetcrnilatis
3533 4409 3818 4512 sues-(illuni

3523 4529 3548 4568 s
3572 4504 3658 4563 tibi
3683 4502 3820 4556 festive

2275 4645 2344 4683 ex
2363 4631 2420 4681 te
2442 4623 2745 4679 incarnata
2781 4615 3089 4680 Divinitas,
3115 4611 3270 4668 sicut
3300 4607 3554 4664 universo
3579 4581 3818 4685 orlithfdle

2273 4677 2680 4786 gloriosa
2711 4677 3144 4776 Assumptionis
3193 4694 3557 4786 repraesentat
3579 4677 3819 4786 celebri-tnui.

2273 4805 2390 4861 Nos
2411 4771 2544 4857 vero
2569 4799 2640 4854 ad
2664 4796 2845 4868 hujus
2864 4789 3230 4866 paupercula:
3257 4771 3664 4842 declamationis
3680 4771 3822 4868 cumtr-

2275 4893 2422 4961 lum,
2455 4905 2569 4946 non
2601 4887 2912 4960 hymnum,
2943 4881 3046 4938 sed
3087 4879 3158 4935 ad
3208 4877 3394 4933 instar
3440 4851 3822 4961 hymuplzltmiﬁ'

2277 4947 2453 5038 nuem
2486 4947 2715 5036 satis'et
2748 4985 3064 5046 pauperem
3114 4962 3542 5039 composuimus
3569 4947 3820 5007 dictionem-

2378 5143 2386 5150 .
2887 5073 3130 5144 SERMO
3170 5071 3314 5128 XIII.

2491 5170 2562 5208 ne
2600 5140 2926 5208 nummus
2972 5161 3164 5201 usam:
3201 5156 3398 5198 manus
3431 5140 3708 5217 VIBGIle."

2351 5246 2532 5318 (Deest
2564 5239 2723 5311 init.)
2754 5239 3005 5310 partum.
3041 5231 3285 5289 Talibus
3316 5227 3464 5319 enim

2279 5288 2446 5408 gelu;
2481 5288 2786 5386 intentam:
3131 5325 3304 5392 atque
3363 5306 3643 5408 salutfvltv‘
3673 5288 3820 5408 vigil:

2279 5386 2441 5496 :irgo
2469 5417 2798 5476 verecunda
2828 5411 3098 5480 erubuit;
3146 5428 3179 5466 a
3231 5424 3344 5482 quo
3398 5392 3691 5459 confortatu.
3727 5386 3819 5496 ﬁt":

2283 5470 2624 5569 dieiliantur
2653 5503 2916 5570 credidit,
2951 5507 3002 5557 et
3034 5470 3318 5556 credendo
3365 5494 3624 5549 auctorem
3669 5470 3820 5570 “95:?

3454 5588 3579 5637 num
3603 5561 3818 5626 nostrum.
