4020 6180
190 317 351 377 1029

1660 315 2099 381 SERMONES.

3451 329 3476 387 l
3489 330 3607 389 030

190 466 368 523 quem
403 447 743 521 patriarchae
771 451 825 504 et
857 438 1149 522 propheta;
1198 449 1585 522 praeviderunt
1614 455 1668 506 et
1702 467 1842 524 prm-
1872 454 1928 519 Α
1959 451 2235 524 loquendi
2270 454 2516 526 parcior,
2535 454 2763 529 legendi
2797 457 3135 525 studiosior,
3160 475 3273 514 non
3308 459 3364 514 in
3388 459 3608 516 incerto

191 540 465 595 dixerunt
494 538 565 593 de
610 539 831 612 virgine
874 539 1258 595 nasciturum.
1288 540 1548 613 Apostoli
1578 540 1849 597 viderunt.
1956 541 2315 610 divitiarum,
2347 544 2552 615 sedda
2600 549 2764 616 parte
2792 546 3067 618 pauperis
3100 564 3261 619 spem
3296 566 3609 620 reponens,

192 634 253 685 et
283 628 744 702 prmdicaverunt
771 644 905 684 vera
934 628 1046 685 ﬁde
1083 629 1210 700 jam
1242 630 1313 685 de
1349 628 1589 703 Virgine
1619 635 1847 699 natum,

192 723 253 775 et
282 718 477 790 ipsum
510 718 726 772 factum
757 734 885 773 esse
915 718 1239 774 secundum
1268 717 1721 787 humanitatem,
1749 718 1851 791 qui

193 824 431 880 semper
450 810 573 863 erat
598 807 920 862 secundum
943 806 1325 863 divinitatem.
1352 808 1498 875 Quid
1520 808 1682 865 erat?
1703 808 1850 873 Quid

192 898 389 952 factus
414 895 552 952 est?
595 896 751 951 Deus
799 900 942 963 erat,
975 896 1150 977 homo
1202 897 1388 953 factus
1440 903 1550 954 est.
1584 898 1855 970 Suscepit

192 985 650 1053 humanitatem,
678 1002 791 1041 non
817 984 1014 1042 amisit
1034 986 1329 1042 deitatem.
1350 987 1563 1042 Factus
1588 986 1852 1058 humilis,

194 1075 422 1130 mansit
446 1072 738 1129 sublimis.
762 1073 944 1129 Natus
976 1080 1064 1130 est
1094 1074 1290 1142 homo,
1326 1091 1440 1131 non
1472 1076 1697 1132 destitit
1726 1092 1854 1132 esse

194 1164 376 1220 Deus.
406 1164 588 1219 Natus
611 1166 699 1218 est
722 1163 1021 1236 parvulus,
1045 1163 1234 1220 latens
1257 1182 1528 1238 magnus.
1546 1166 1652 1233 Qui
1675 1165 1855 1222 liben-

194 1260 289 1310 ter
332 1251 706 1325 amplectitur
748 1254 897 1308 Deus
943 1257 1168 1323 natum,
1202 1271 1317 1311 non
1362 1253 1560 1310 horret
1599 1254 1858 1327 Virginis

194 1347 461 1416 partum.
486 1341 633 1397 Dicit
653 1341 808 1397 Deus
836 1347 1063 1397 creator
1092 1342 1369 1412 hominis,
1395 1342 1553 1400 filius
1578 1343 1855 1400 hominis.

195 1433 352 1497 Quid
383 1436 472 1488 est
501 1432 656 1503 quod
688 1434 743 1486 te
775 1436 1070 1504 permovet
1113 1433 1173 1487 in
1206 1449 1335 1488 mea
1362 1432 1703 1489 nativitate’?
1732 1434 1857 1489 Non

194 1539 336 1579 sum
374 1518 637 1576 libidinis
666 1524 980 1593 conceptus
1009 1522 1347 1594 cupiditate,
1371 1537 1477 1594 ego
1509 1526 1756 1578 matrem
1789 1522 1861 1577 de

197 1628 322 1684 qua
353 1626 621 1666 nascerer
652 1608 778 1677 feci,
813 1625 917 1681 ego
962 1609 1113 1665 viam
1156 1626 1285 1665 meo
1318 1610 1507 1665 itineri
1540 1610 1859 1684 praeparavi

198 1705 381 1773 atque
432 1698 727 1755 mundavi.
763 1698 922 1753 Hanc
970 1715 1146 1770 quam
1199 1699 1477 1772 despicis,
1522 1699 1857 1767 Manichaee,

199 1795 397 1845 mater
426 1792 510 1844 est
543 1804 695 1853 mea,
728 1788 828 1842 sed
862 1804 1038 1842 manu
1072 1788 1351 1843 fabricata
1381 1793 1471 1844 est
1500 1806 1647 1844 mea.
1672 1790 1725 1843 Si
1761 1805 1861 1861 po-

196 1881 286 1935 tui
324 1877 620 1950 inquinari
678 1893 811 1931 cum
859 1892 987 1931 eam
1039 1878 1309 1946 facerem,
1340 1878 1501 1949 potui
1562 1878 1858 1951 inquinari

200 1985 340 2023 cum
374 1984 444 2023 ex
480 1983 548 2023 ea
578 1981 865 2021 nascerer.
895 1964 1058 2022 Sicut
1087 1966 1338 2023 transitu
1378 1983 1506 2023 meo
1552 1966 1711 2023 illius
1742 1984 1856 2022 non

200 2064 292 2115 est
325 2059 602 2130 corrupta
629 2054 955 2127 virginitas,
990 2055 1075 2111 sie
1115 2059 1171 2110 et
1200 2072 1329 2111 mea
1359 2061 1594 2119 nonest
1627 2057 1702 2112 ibi
1734 2073 1859 2111 ma-

200 2149 405 2205 culata
427 2147 724 2217 majestas.
741 2145 800 2201 Si
824 2144 964 2201 solis
995 2145 1195 2201 radius
1216 2145 1423 2203 cloacae
1454 2148 1656 2203 sordes
1677 2147 1858 2202 exsic-

199 2254 339 2294 care
365 2236 543 2304 novit,
568 2233 863 2307 inquinari
888 2252 1001 2289 non
1024 2235 1198 2303 novit,
1224 2239 1442 2308 quanto
1463 2236 1649 2309 magis
1672 2235 1863 2309 splen-

201 2326 486 2383 dorlucis
507 2328 751 2390 internae,
777 2323 835 2378 in
860 2340 976 2395 quo
1001 2324 1142 2378 nihil
1172 2324 1544 2396 inquinatum
1567 2325 1861 2381 occurrit?

200 2420 568 2487 Quocunque
600 2412 927 2479 radiaverit,
961 2414 1244 2469 mundare
1284 2419 1492 2486 potest,
1526 2414 1651 2488 ipse
1682 2414 1859 2488 pollui

202 2523 327 2561 non
360 2508 569 2578 potest.
595 2501 802 2570 Stulte,
829 2502 984 2557 unde
1009 2503 1210 2558 sordes
1242 2503 1298 2558 in
1322 2503 1579 2577 Virgine,
1615 2504 1710 2560 ubi
1746 2523 1860 2561 non

201 2600 298 2650 est.
330 2592 677 2649 concubitus
708 2607 838 2646 cum
873 2589 1108 2646 homine
1139 2592 1345 2664 patre?
1376 2592 1537 2648 Unde
1568 2594 1771 2650 sordes
1802 2594 1861 2650 in

199 2701 340 2740 eam
369 2700 496 2755 qua:
523 2697 627 2736 nec
660 2679 1058 2752 concupiendo
1084 2681 1505 2753 [concipiendo]
1534 2682 1861 2755 libidinem,

199 2789 316 2829 nec
349 2770 626 2843 pariendo
657 2773 748 2824 est
776 2784 1052 2841 perpessa
1070 2769 1368 2825 dolorem?
1391 2770 1552 2827 Unde
1580 2773 1779 2828 sordes
1804 2773 1862 2828 in

198 2862 387 2916 domo
418 2859 489 2914 ad
522 2874 698 2930 quam
749 2856 948 2912 nullus
997 2856 1210 2929 hospes
1261 2858 1543 2915 accessit?
1591 2860 1760 2917 Solus
1792 2862 1864 2917 ad

200 2966 346 3005 earn
378 2947 664 3003 Dominus
686 2950 742 3001 et
769 2945 1082 3001 fabricator
1102 2947 1285 3027 venit;
1308 2953 1527 3003 vestem
1549 2965 1724 3021 quam
1750 2966 1863 3005 non

202 3038 473 3095 habebat
502 3034 712 3100 induit,
740 3051 986 3106 eamque
1017 3034 1168 3091 sicut
1199 3035 1415 3091 invenit
1445 3036 1705 3093 clausam
1740 3037 1867 3095 reli-

201 3128 364 3201 quit.
401 3126 561 3181 Sicut
591 3124 686 3180 ille
718 3129 892 3181 natus
920 3128 1007 3179 est
1038 3124 1197 3181 solus
1228 3126 1379 3181 inter
1408 3130 1668 3182 mortuos
1702 3127 1864 3194 liber,

1957 632 2184 687 intenta
2214 631 2392 706 Operi,
2416 634 2744 690 verecunda
2764 636 3039 701 sermoni,
3065 635 3371 692 arbitrium
3394 638 3610 694 mentis

1960 737 2075 776 non
2106 720 2435 789 hominum,
2469 722 2571 778 sed
2620 727 2801 779 Deum
2842 729 3145 798 quaereret.
3173 724 3328 780 Nulli
3376 724 3607 792 laedere,

1961 811 2108 865 bene
2157 809 2299 865 velle
2352 810 2647 881 omnibus,
2698 829 3006 886 assurgere
3064 814 3385 886 mejoribus
3445 820 3609 883 natu,

1960 898 2284 971 mqualibus
2301 916 2417 955 non
2438 899 2716 967 invidere,
2731 902 2929 972 fugere
2942 902 3310 971 jactantiam,
3327 904 3612 961 rationem

1962 987 2150 1059 sequi,
2178 1004 2377 1044 amare
2406 988 2702 1044 virtutem.
2732 988 2975 1052 Quando
3005 990 3119 1047 ista
3150 991 3236 1047 vel
3267 991 3431 1047 vultu
3463 992 3615 1049 laesit

1962 1079 2272 1149 parentes?
2301 1078 2535 1149 quando
2578 1077 2858 1133 dissensit
2887 1096 2921 1134 a
2963 1080 3351 1153 propinquis?
3379 1082 3614 1153 quando

1964 1165 2248 1221 fastidivit
2277 1165 2553 1238 inopem?
2594 1183 2695 1223 eos
2739 1167 2892 1224 solos
2922 1168 3095 1225 solita
3123 1176 3308 1227 coetus
3353 1173 3615 1228 virorum

1967 1255 2397 1327 invisere,quos
2428 1254 2829 1311 misericordia
2870 1274 2984 1314 non
3017 1259 3402 1328 erubesceret,
3427 1277 3617 1334 neque

1967 1342 2287 1416 prieteriret
2316 1343 2679 1398 verecundia.
2704 1343 2858 1400 Nihil
2889 1351 3117 1403 torvum
3147 1348 3205 1403 in
3238 1348 3445 1415 oculis,
3472 1349 3619 1405 nihil

1966 1432 2027 1486 in
2058 1432 2248 1487 verbis
2278 1448 2508 1504 procax,
2544 1431 2686 1487 nihil
2728 1433 2786 1487 in
2827 1438 2957 1490 actu
2989 1435 3466 1507 inverecundum,
3500 1457 3617 1496 non

1968 1526 2136 1593 gestu
2170 1520 2422 1588 fractior,
2459 1537 2573 1576 non
2606 1520 2838 1578 incessu
2870 1523 3136 1595 solutior,
3169 1542 3284 1582 non
3316 1543 3423 1583 vox
3452 1536 3616 1600 pelu-

1970 1609 2192 1677 laetior,
2226 1614 2290 1665 ut
2321 1610 2449 1682 ipsa
2478 1611 2735 1683 corporis
2777 1612 2999 1684 species
3033 1614 3413 1672 simulacrum
3447 1616 3623 1673 tuerit

1971 1699 2207 1762 mentis,
2255 1698 2442 1771 ﬁgura
2487 1700 2814 1771 probitatis.
2858 1701 3018 1758 Bona
3060 1703 3274 1776 quippe
3317 1706 3530 1761 domus
3561 1706 3620 1761 in

1974 1788 2099 1860 ipso
2128 1788 2415 1843 vestibulo
2462 1789 2633 1844 debet
2661 1792 2920 1863 agnosci,
2953 1808 3018 1846 ac
3067 1794 3256 1866 primo
3304 1796 3624 1866 praetendat

1973 1879 2263 1950 ingressu,
2300 1875 2445 1932 nihil
2497 1877 2658 1934 intus
2704 1877 2883 1936 latere
2929 1882 3326 1949 tenebrarum,
3360 1888 3424 1937 ut
3454 1900 3623 1939 mens

1968 1970 2166 2022 nostra
2198 1965 2382 2021 nullis
2415 1966 2707 2039 repagulis
2737 1967 3139 2040 corporalibus
3170 1969 3471 2044 impedita,
3501 1977 3625 2028 tan-

1968 2072 2145 2128 quam
2175 2054 2425 2111 lucernae
2473 2054 2571 2110 lux
2601 2054 2761 2112 intus
2801 2057 2991 2129 posita
3040 2058 3181 2114 foris
3227 2058 3435 2117 luceat.
3472 2061 3622 2128 Quid

1969 2162 2105 2217 ergo
2145 2161 2450 2217 exsequar,
2485 2144 2750 2201 ciborum
2808 2146 3254 2219 parcimoniam,
3294 2150 3623 2207 officiorum

1971 2232 2443 2300 redundantiam,
2474 2232 2719 2288 alterum
2753 2232 2908 2289 ultra
2940 2240 3208 2292 naturam
3239 2238 3627 2310 superfuisse,

1972 2321 2220 2376 alterum
2251 2338 2398 2393 pene
2423 2321 2532 2394 ipsi
2568 2327 2786 2377 naturaz
2815 2323 3089 2380 defuisse.
3116 2324 3236 2381 Illic
3263 2326 3424 2383 nulla
3456 2328 3629 2383 inter-

1973 2411 2154 2466 missa
2176 2410 2356 2465 fuisse
2380 2416 2663 2483 tempora,
2688 2410 2780 2467 hic
2803 2414 3244 2486 congeminatos
3259 2416 3625 2488 jejuniorum

1972 2499 2188 2566 dies,et
2217 2498 2265 2554 si
2298 2500 2532 2571 quando
2572 2500 2867 2556 reﬁciendi
2911 2503 3291 2560 successisset
3334 2504 3625 2574 voluntas,

1973 2589 2139 2642 cibus
2171 2587 2517 2660 plerumque
2550 2588 2812 2658 habitus,
2836 2590 2935 2661 qui
2964 2595 3210 2648 mortem
3243 2599 3484 2660 arceret,
3512 2612 3627 2651 non

1973 2676 2213 2732 delicias
2247 2677 2625 2745 ministraret,
2661 2678 2915 2733 dormire
2962 2696 3076 2734 non
3119 2680 3284 2752 prius
3315 2683 3626 2753 cupiditas,

1974 2784 2150 2839 quam
2179 2766 2497 2821 necessitas
2530 2766 2661 2821 fuit.
2682 2767 2751 2820 Et
2782 2771 2975 2822 tamen
3004 2785 3138 2823 cum
3162 2769 3486 2840 quiesceret
3510 2788 3632 2827 cor-

1975 2871 2107 2925 pus,
2127 2853 2393 2927 vigilaret
2417 2853 2653 2908 animus
2677 2872 2689 2909 :
2716 2871 2841 2925 quae
2865 2855 3198 2927 frequenter
3217 2856 3506 2915 insomnis
3529 2866 3632 2917 aut

1975 2944 2121 2998 lecta
2152 2942 2379 3014 repetit,
2413 2946 2515 2997 aut
2560 2959 2767 2997 somno
2800 2943 3125 3017 interrupta
3173 2947 3495 3019 continuat,
3528 2955 3630 3005 aut

1976 3031 2260 3104 disposita
2305 3032 2469 3102 gerit,
2505 3035 2606 3086 aut
2664 3032 2918 3104 gerenda
2974 3033 3341 3104 pronuntiat,
3398 3039 3631 3114 prodire

1977 3122 2151 3176 domo
2186 3120 2399 3185 nescia,
2426 3120 2536 3175 nisi
2571 3136 2704 3175 cum
2736 3120 2806 3175 ad
2839 3120 3144 3178 ecclesiam
3179 3126 3527 3181 conveniret.
3561 3128 3633 3182 Et

204 3194 287 3274 sic
331 3215 507 3273 istius
537 3231 606 3270 ex
632 3231 749 3286 qua
781 3219 953 3269 natus
984 3219 1073 3269 est
1102 3214 1306 3269 matris
1336 3216 1526 3287 pudor
1556 3215 1718 3272 solus
1752 3234 1871 3289 per-
1902 3194 1944 3261 (ἶ
1979 3210 2087 3266 hoc
2119 3211 2313 3282 ipsum
2345 3226 2480 3265 cum
2512 3209 2856 3281 parentibus
2905 3215 3005 3265 aut
3054 3212 3400 3285 propinquis
3431 3215 3631 3271 dome-

208 3305 443 3363 mansit
471 3305 713 3376 integer.
736 3304 853 3358 Eva
884 3302 1224 3359 inobediens
1249 3304 1461 3359 meruit
1482 3322 1735 3377 poenam,
1760 3306 1875 3362 Ma-

212 3397 297 3453 ria
324 3395 613 3452 obediens
665 3396 976 3465 consecuta
1021 3398 1110 3448 est
1164 3392 1434 3466 gratiam.
1469 3393 1571 3450 111a
1625 3400 1873 3467 gustans

211 3484 585 3559 prohibitum
620 3481 927 3537 maledicta
958 3481 1085 3537 fuit.
1116 3481 1245 3537 Haec
1276 3483 1519 3539 credens
1548 3483 1754 3556 angelo
1785 3487 1874 3540 est

207 3573 548 3631 benedicta.
581 3571 686 3627 Illa
738 3569 906 3627 nobis
950 3575 1196 3627 mortem
1241 3571 1506 3638 contulit,
1524 3571 1647 3627 haec
1692 3573 1870 3629 vitam

211 3664 390 3722 nobis
414 3662 657 3735 peperit.
673 3660 818 3725 Quid
842 3660 992 3732 agis,
1015 3659 1370 3715 Manichaee?
1390 3659 1603 3715 Christi
1625 3665 1869 3717 matrem

209 3751 524 3827 opprimis,
549 3767 665 3806 non
699 3749 998 3805 Christum
1032 3749 1317 3804 defendis.
1352 3750 1565 3805 'l‘aceat
1613 3750 1871 3807 immun-

213 3845 433 3899 da......
459 3839 599 3912 quia
621 3839 691 3894 de
724 3838 1117 3893 mundissima
1142 3837 1373 3910 Virgine
1395 3842 1568 3894 natus
1590 3845 1678 3895 est
1708 3857 1873 3895 mun-

210 3929 539 3989 di......Cui
595 3933 684 3984 est
721 3944 854 3983 cum
905 3927 1019 3983 Deo
1071 3927 1236 3983 Patre
1288 3931 1343 3983 et
1394 3928 1611 4000 Spiritu
1670 3934 1870 3987 sancto

210 4020 460 4094 aqualis
507 4018 829 4073 honor......
885 4033 987 4072 nec
1030 4016 1305 4072 differens
1351 4015 1555 4089 gloria,
1589 4023 1873 4075 coaterna

212 4112 521 4183 majestas.
549 4107 662 4163 Per
690 4104 919 4161 infinita
948 4104 1161 4160 saecula
1191 4104 1558 4161 saeculorum.
1589 4109 1797 4163 Amen.

831 4212 1073 4267 SERMO
1113 4211 1253 4267 XIV.

512 4320 645 4358 ΠῈΜ
679 4319 748 4357 DE
779 4318 1105 4357 NA’I‘IVITATE
1135 4318 1329 4356 ΒΕΛΤᾸΞ
1358 4319 1573 4357 ΜΑῐὶῐίΕ.

212 4394 408 4468 [Apud
437 4393 705 4458 Martem,
746 4393 894 4468 Thes:
936 4390 1131 4468 ᾼνζθειι.
1169 4389 1392 4468 ῃθρι,
1425 4408 1492 4446 ex
1528 4407 1638 4447 ms.
1673 4392 1869 4448 codice

815 4460 1265 4531 Silviniacensi.]

1981 3299 2125 3355 stico
2146 3315 2390 3371 operosa
2409 3304 2652 3367 secreto,
2674 3298 2889 3355 forensi
2910 3300 3125 3373 stipata
3146 3302 3452 3375 comitatu,
3473 3303 3634 3361 nullo

1982 3387 2220 3443 meliore
2248 3391 2445 3443 tamen
2478 3388 2716 3443 custode
2763 3405 2939 3461 quam
2989 3390 3202 3463 seipsa,
3237 3408 3364 3464 quis
3400 3394 3634 3450 incessu

1982 3478 2309 3550 aﬂ‘ectuque
2337 3476 2706 3547 venerabilis,
2742 3494 2858 3534 non
2903 3482 3023 3535 tam
3054 3479 3364 3554 vestigium
3415 3483 3634 3556 pedum

1982 3566 2228 3635 tolleret,
2254 3584 2433 3639 quam
2465 3567 2714 3641 gradum
2744 3568 2980 3626 virtutis
3010 3568 3319 3638 attolleret,
3352 3576 3408 3627 et
3438 3578 3635 3628 tamen

1980 3656 2125 3713 alios
2154 3657 2366 3713 habeat
2393 3658 2555 3730 virgo
2586 3659 2983 3715 membrorum
3040 3662 3315 3717 custodes
3365 3680 3634 3729 suorum,

1980 3763 2211 3802 morum
2245 3753 2440 3803 autem
2472 3765 2715 3804 suorum
2748 3766 2810 3805 se
2840 3749 3053 3805 habeat
3082 3752 3389 3807 custodem
3421 3752 3633 3824 ipsam.

1982 3836 2182 3892 Plures
2213 3842 2385 3892 erunt
2414 3837 2483 3891 de
2514 3836 2728 3909 quibus
2750 3838 3022 3903 discat,si
3051 3838 3180 3911 ipsa
3203 3856 3263 3895 se
3284 3841 3488 3897 doceat
3509 3859 3636 3913 quae

1980 3925 2215 3981 virtutis
2244 3925 2557 3998 magistras
2604 3925 2797 3993 habet,
2828 3926 2968 3998 quia
2993 3928 3279 4000 quidquid
3313 3931 3513 4001 egerit,
3547 3930 3635 3985 di-

1980 4014 2228 4086 sciplina
2252 4020 2358 4071 est.
2383 4014 2478 4069 Sic
2504 4014 2687 4069 Maria
2716 4014 3057 4071 intendebat
3088 4018 3570 4090 omnibus,quasi
3601 4035 3637 4073 a

1980 4102 2251 4174 pluribus
2295 4108 2651 4159 moneretur.
2685 4104 2780 4162 Sic
2830 4103 3029 4159 omnia
3075 4104 3355 4177 implebat
3401 4106 3635 4163 virtutis

1980 4192 2189 4259 ofﬁcia,
2225 4196 2288 4246 ut
2337 4209 2451 4246 non
2503 4196 2621 4247 tam
2654 4192 2903 4249 disceret
2936 4210 3113 4265 quam
3145 4194 3400 4250 doceret.
3434 4194 3634 4250 Talem

1980 4280 2129 4336 hanc
2151 4279 2509 4354 evangelista
2531 4282 2897 4348 monstravit,
2919 4282 3094 4338 talem
3122 4280 3367 4355 angelus
3398 4284 3632 4356 reperit,

1978 4368 2155 4425 talem
2180 4370 2434 4442 Spiritus
2456 4374 2695 4427 sanctus
2716 4370 2909 4443 elegit.
2930 4370 3078 4435 Quid
3104 4370 3259 4427 enim
3292 4371 3350 4426 in
3383 4371 3634 4445 singulis

1979 4457 2210 4514 morer?
2233 4462 2296 4513 ut
2316 4475 2445 4514 eam
2478 4463 2748 4530 parentes
2779 4459 3111 4526 dilexerint,
3136 4460 3391 4517 extranei
3424 4461 3635 4534 praedi-

282 4556 374 4610 Sit
425 4552 605 4625 igitur
651 4551 821 4608 nobis
869 4556 1151 4624 tanquam
1183 4549 1242 4606 in
1277 4550 1529 4623 imagine
1580 4552 1871 4624 descripta
1901 4568 1948 4632 D
1984 4547 2331 4619 carint,quzn
2364 4548 2542 4619 digna
2570 4546 2681 4603 fuit
2710 4565 2778 4604 ex
2808 4564 2924 4620 qua
2959 4549 3055 4604 Dei
3087 4548 3247 4606 Flius
3275 4555 3631 4607 nasceretur.

210 4642 542 4716 virginitas,
569 4641 687 4696 vita
716 4640 932 4709 Mariae,
957 4656 987 4695 e
1020 4657 1137 4712 qua
1164 4638 1325 4695 velut
1356 4640 1593 4712 speculo
1625 4640 1872 4714 refulget

214 4731 440 4802 species
483 4728 767 4786 castitatis
814 4733 869 4783 et
911 4729 1097 4784 forma
1135 4728 1389 4784 virtutis.
1426 4728 1569 4784 Hinc
1618 4729 1868 4785 sumatis

214 4817 344 4875 licet
368 4816 638 4891 exempla
656 4817 1012 4886 vivendi,ubi
1036 4822 1316 4888 tanquam
1339 4815 1398 4872 in
1416 4817 1729 4890 exemplari
1753 4835 1871 4873 ma-

213 4907 453 4980 gisteria
501 4924 774 4980 expressa
824 4905 1153 4978 probitatis,
1179 4904 1321 4977 quid
1376 4906 1680 4979 corrigere,
1724 4907 1866 4977 quid

218 4998 493 5070 effugere,
508 4997 663 5068 quod
684 5001 878 5051 tenere
896 4995 1159 5051 debeatis
1180 4995 1517 5050 ostendunt.
1537 4994 1768 5051 Primus
1786 4995 1869 5050 di-

219 5086 418 5141 scendi
435 5085 610 5141 ardor
633 5083 907 5141 nobilitas
923 5086 1013 5139 est
1038 5081 1473 5155 magistri.Quid
1493 5082 1746 5139 nobilius
1768 5083 1867 5139 Dei

220 5171 444 5227 matre?
469 5171 619 5235 Quid
649 5170 1015 5244 splendidius
1046 5187 1115 5225 ea
1146 5186 1322 5242 quam
1356 5168 1631 5242 splendor
1651 5170 1867 5244 elegit?

218 5259 364 5322 Quid
381 5259 604 5316 castius
626 5277 693 5316 ea
712 5277 837 5333 quae
861 5276 1074 5332 corpus
1096 5259 1222 5315 sine
1244 5258 1504 5331 corporis
1526 5259 1868 5332 contagione

219 5348 549 5419 generavit?
583 5349 727 5407 Nam
762 5350 833 5405 de
860 5348 1080 5405 caeteris
1113 5349 1242 5420 ejus
1272 5347 1585 5404 virtutibus
1610 5349 1751 5421 quid
1782 5348 1865 5405 lo-

220 5437 592 5513 quar?Virgo
612 5443 736 5495 erat
758 5455 870 5495 non
890 5438 1081 5495 solum
1106 5444 1365 5510 corpore,
1382 5438 1480 5493 sed
1505 5438 1679 5493 etiam
1707 5455 1867 5495 men-

223 5530 428 5598 te,.;um
454 5528 611 5582 nullo
633 5527 749 5582 doli
773 5528 1018 5594 ambitu,
1043 5527 1335 5583 sincerum
1360 5525 1712 5583 adulteraret
1737 5528 1868 5583 aﬂ‘e-

224 5617 403 5671 ctum.
427 5616 607 5673 Corde
626 5615 889 5688 humilis,
912 5616 1104 5675 verbis
1125 5615 1339 5693 gravis,
1365 5614 1560 5676 animo
1580 5616 1862 5692 prudens,

1983 4639 2107 4692 Haac
2128 4637 2201 4692 ad
2226 4637 2385 4710 ipsos
2412 4636 2713 4710 ingressus
2753 4638 2942 4711 angeli
2987 4638 3221 4695 inventa
3241 4641 3415 4696 domo
3445 4639 3504 4695 in
3536 4657 3633 4713 pe-

1979 4725 2303 4781 netralibus
2335 4725 2459 4781 sine
2491 4725 2809 4794 comite,ne
2832 4726 2965 4798 quis
2987 4727 3371 4784 intentionem
3395 4729 3634 4783 abrum-

1980 4818 2139 4888 peret
2160 4831 2347 4887 neque
2374 4815 2753 4887 obstreperet.
2780 4816 2978 4888 Neque
3009 4816 3165 4872 enim
3196 4817 3441 4871 comites
3473 4817 3636 4872 femi-

1981 4920 2087 4958 nas
2120 4903 2507 4967 desiderabat,
2550 4920 2675 4974 qua:
2725 4904 2909 4959 bonas
2957 4903 3198 4959 comites
3251 4904 3634 4977 cogitationes

1977 4990 2408 5064 habebat,quin
2432 4992 2607 5048 etiam
2641 4992 2751 5048 sibi
2785 4992 2983 5048 minus
3018 4991 3144 5049 sola
3174 4992 3480 5050 videbatur
3498 5011 3632 5051 cum

1977 5081 2101 5138 sola
2130 5087 2303 5137 esset.
2336 5080 2479 5135 Nam
2519 5081 3018 5153 quemadmodum
3051 5080 3195 5151 sola,
3229 5082 3321 5137 cui
3370 5086 3456 5138 tot
3498 5082 3634 5139 libri

1978 5169 2289 5226 adessent?
2312 5175 2397 5226 tot
2427 5169 2786 5243 archangeli,
2808 5174 2893 5225 tot
2934 5170 3269 5243 prophetae?
3289 5170 3550 5244 Denique
3577 5177 3635 5228 et

1977 5258 2206 5315 Gabriel
2230 5276 2357 5315 eam
2381 5258 2479 5313 ubi
2506 5259 2752 5314 revisere
2776 5257 2998 5314 solebat
3024 5258 3263 5328 invenit,
3279 5263 3336 5316 et
3358 5260 3631 5334 angelum
3672 5252 3689 5270 ⁸

1977 5348 2161 5404 Maria
2179 5347 2349 5419 quasi
2374 5346 2560 5402 virum
2584 5346 2775 5419 specie
2803 5351 2964 5403 mota
2984 5347 3489 5422 trepidavit,quasi
3515 5366 3630 5405 non

1978 5435 2341 5508 incognitum
2372 5434 2571 5489 audito
2603 5434 2839 5490 nomine
2869 5436 3234 5510 recognovit;
3263 5436 3346 5494 ita
3374 5439 3628 5511 peregri-

1977 5530 2112 5582 nata
2142 5529 2229 5580 est
2261 5524 2320 5579 in
2352 5524 2627 5596 viro,qua2
2660 5541 2772 5579 non
2805 5531 2894 5580 est
2925 5527 3293 5601 peregrinata
3315 5529 3373 5582 in
3398 5526 3627 5599 angelo,

1975 5620 2040 5672 ut
2070 5629 2354 5689 agnoscas
2410 5628 2581 5670 aures
2640 5612 2969 5689 religiosas,
3003 5614 3201 5674 oculos
3244 5614 3629 5678 verecundos.
