4054 6158
484 293 630 356 1031

1399 291 1468 357 8.
1511 287 1874 353 ODILONIS
1920 284 2482 352 CLUNIAGENSIS
2529 283 2854 348 ABBATIS
2901 284 2979 350 ν.

3690 291 3812 356 1038

487 400 750 498 Denique
779 424 1036 482 salutata
1087 402 1380 480 obmutuit
1409 428 1462 480 et
1494 423 1785 498 appellata
1812 421 2132 496 respondit.
2161 421 2215 489 Α
2248 419 2580 492 patiebatur
2610 417 2944 492 unigenitus
2999 415 3180 474 Filius
3235 418 3361 488 ejus
3414 419 3682 488 Dominus,
3709 429 3810 482 ante

481 517 592 570 Sed
613 531 740 588 quae
767 513 954 587 primo
971 514 1307 569 turbaverat
1330 513 1626 580 affectum,
1638 517 1848 594 postea
1866 510 2137 585 promisit

481 604 1004 676 obsequim.Quam
1027 619 1160 658 vero
1187 601 1460 676 religiosa
1482 602 1539 658 in
1564 602 1924 676 propinquas
1948 601 2137 656 fuerat

479 691 777 763 Scriptura
818 689 1013 746 divina
1051 690 1364 762 signiﬁcat.
1397 691 1546 746 Nam
1578 695 1635 746 et
1674 687 1952 745 humilior
1981 687 2136 742 facta

477 778 700 848 est,ubi
734 795 768 834 a
792 778 908 835 Deo
939 795 1003 835 se
1027 767 1296 850 cognovit
1320 778 1588 845 electam,
1612 782 1670 834 et
1707 777 1906 833 statim
1933 776 2004 832 ad
2037 792 2134 831 co-

477 872 717 942 gnatam
750 885 916 923 suam
949 868 1022 924 ad
1051 873 1329 924 montana
1361 867 1661 940 processit.
1683 867 1808 922 Non
1843 865 2044 936 utique
2069 866 2133 918 ut

477 956 740 1030 exemplo
761 958 1021 1012 crederet
1043 973 1170 1029 qua:
1184 957 1310 1028 jam
1334 957 1660 1012 crediderat
1674 953 1927 1011 oraculo.
1958 955 2133 1008 Beata

476 1045 654 1114 enim,
716 1045 930 1117 inquit,
961 1062 1088 1118 quae
1141 1045 1458 1115 credidisti,
1491 1049 1550 1101 et
1578 1044 1768 1100 tribus
1827 1041 2130 1098 mensibus

479 1151 612 1191 cum
643 1152 711 1190 ea
729 1133 1143 1191 mansit.Tanti
1167 1138 1362 1190 autem
1386 1132 1688 1190 intervallo
1711 1131 1991 1204 temporis
2011 1147 2128 1186 non

479 1225 624 1280 ﬁdes
643 1224 943 1297 quaeritur,
967 1225 1067 1280 sed
1100 1223 1286 1296 pietas
1312 1223 1635 1280 exhibetur.
1657 1223 1724 1277 Et
1753 1221 1860 1277 hoc
1893 1225 2129 1292 postea-

477 1330 650 1386 quam
685 1313 745 1368 in
777 1319 942 1370 utero
974 1313 1234 1386 parentis
1260 1311 1536 1367 exsiliens
1567 1327 1712 1384 puer
1740 1315 1989 1366 matrem
2021 1309 2129 1364 Do-

478 1400 810 1458 mini........
846 1401 1053 1458 Caetera
1079 1401 1288 1456 desunt.

1103 1505 1344 1562 SERMO
1384 1505 1501 1560 XV.

1021 1595 1092 1634 DE
1129 1593 1338 1636 SANCTA
1376 1593 1581 1632 CRUCE.

549 1667 740 1740 [Apud
773 1667 1020 1724 Marten.
1049 1668 1148 1722 ubi
1174 1683 1361 1738 supra,
1395 1682 1464 1721 ex
1496 1682 1606 1721 ms.
1641 1663 2052 1732 Cluniacensi.]

2245 525 2474 563 crucem
2509 507 2721 572 stabat,
2753 511 2808 562 et
2851 506 2964 580 piis
2991 505 3196 574 oculis,
3230 512 3295 562 ut
3333 507 3520 573 doctor
3552 509 3811 572 catholicus

2244 597 2449 652 scribit
2479 583 2846 664 Ambrosius,
2868 597 3240 669 exspectabat
3268 614 3381 652 non
3423 598 3656 670 pignoris
3691 618 3812 658 mor-

2242 690 2382 754 tem,
2407 687 2508 742 sed
2544 685 2746 740 mundi
2781 684 3051 752 salutem,
3081 702 3259 758 quam
3289 685 3460 741 etiam
3482 685 3568 742 ille
3585 687 3659 742 vir
3675 689 3814 746 Sedu-

2242 773 2356 830 lius
2387 777 2558 847 poeta
2581 773 2952 848 evangelicus
2976 775 3183 830 asserit
3203 775 3356 830 circa
3381 775 3592 830 Domini
3617 777 3817 849 sepulta.

2239 881 2364 919 ram
2397 862 2530 936 plus
2561 864 2782 919 caeteris
2808 861 3156 918 mulieribus
3186 863 3370 919 fuisse
3400 863 3712 921 sollicitam:
3733 867 3814 924 lie-

2237 953 2372 1009 lena
2399 969 2532 1008 vero
2564 955 2800 1008 econtra
2831 953 3099 1025 princeps
3144 936 3392 1008 Romani
3435 952 3643 1025 imperii
3669 957 3728 1010 ad
3750 957 3816 1012 in-

2238 1041 2526 1115 quirenda
2555 1046 2611 1097 et
2638 1041 2982 1114 reperienda
3021 1041 3255 1096 Domini
3305 1033 3552 1114 corporis
3595 1043 3825 1117 supplicia

2237 1135 2294 1186 et
2325 1136 2535 1187 nostrze
2568 1129 2775 1185 salutis
2801 1129 3075 1202 insignia,
3100 1129 3346 1186 solerter
3375 1135 3431 1186 et
3460 1129 3822 1189 studiosissime

2237 1219 2566 1287 insistebat,
2582 1224 2639 1275 et
2658 1219 2750 1291 pio
2769 1218 2975 1274 affectu
2999 1221 3056 1274 et
3073 1218 3302 1274 sincero
3326 1220 3525 1274 effectu
3541 1219 3673 1276 votis
3685 1222 3823 1276 omni.

2236 1309 2348 1364 bus
2377 1308 2700 1375 laborabat,
2723 1312 2788 1362 ut
2808 1307 3066 1363 invenire
3094 1312 3294 1380 posset
3316 1309 3468 1380 quod
3490 1309 3765 1380 quaerebat;
3781 1317 3822 1368 et

2237 1398 2541 1454 inventum
2573 1397 2642 1452 ad
2673 1396 2954 1452 honorem
2980 1401 3036 1451 et
3065 1394 3314 1469 gloriam
3345 1396 3568 1452 Domini
3593 1397 3821 1454 honorare

2238 1487 2545 1560 gestiebat.
2561 1487 2642 1541 Ad
2659 1487 2812 1558 quod
2829 1484 3128 1558 negotium
3148 1487 3542 1558 peragendum
3560 1487 3822 1558 adjutorem

2241 1576 2494 1632 habebat
2515 1574 2992 1632 strenuissimum
3017 1573 3202 1629 ﬁlium
3226 1591 3426 1642 suum,
3450 1574 3670 1630 Romani
3690 1575 3823 1648 impe-

2239 1667 2306 1720 rii
2332 1663 2655 1738 principem
2677 1663 3146 1730 Constantinum,
3162 1664 3265 1736 qui
3285 1664 3510 1736 primus
3530 1661 3825 1720 interseculi

549 1757 684 1813 Post
730 1756 896 1812 illum
936 1755 1317 1829 singularem,
1350 1760 1408 1812 et
1460 1753 1888 1820 admirabilem,
1921 1757 1978 1809 et
2007 1757 2126 1808 toto
2160 1793 2208 1860 Β
2239 1753 2536 1828 principes
2561 1770 2696 1809 cum
2718 1751 2960 1810 consilio
2993 1756 3046 1807 et
3076 1753 3276 1808 studio
3313 1753 3516 1808 matris
3545 1753 3824 1825 supradicta

477 1847 700 1902 mundo
716 1845 1230 1919 prredicabilem,et
1247 1843 1564 1900 salutarem
1584 1841 1896 1899 Dominicae
1915 1842 2133 1915 passio-

475 1935 568 1992 nis
598 1935 992 2007 triumphum,
1021 1939 1078 1989 et
1106 1935 1371 2005 ejusdem
1397 1933 1626 1990 Domini
1663 1931 1841 1988 nostri
1877 1947 2134 1988 resurre-

475 2025 686 2080 ctionis
718 2023 987 2097 gloriam,
1021 2029 1077 2080 et
1107 2028 1479 2080 sacrosancta
1511 2024 1658 2078 festa
1690 2019 2008 2093 paschalia,
2041 2018 2127 2074 di-

473 2112 758 2185 gnissime
788 2113 931 2168 satis
979 2117 1034 2167 et
1077 2111 1484 2168 convenienter
1532 2109 1632 2166 illa
1681 2110 1810 2166 dies
1857 2107 2131 2164 recolitur

475 2201 872 2264 celeberrima,
889 2201 945 2256 in
970 2217 1087 2272 qua
1112 2200 1420 2256 Dominicaa
1439 2199 1731 2272 passionis
1754 2200 1825 2253 ad
1849 2198 2128 2254 honorem

475 2293 530 2344 et
551 2289 736 2361 gloria
756 2289 1013 2344 nominis
1037 2289 1134 2344 Dei
1159 2289 1338 2344 estad
1361 2288 1611 2344 salutem
1633 2287 1865 2360 generis
1885 2286 2128 2342 humani

476 2377 850 2450 reperiuntur
876 2377 1162 2449 insignia;
1197 2393 1338 2432 crux
1365 2375 1653 2442 videlicet,
1677 2374 1738 2430 in
1769 2393 1888 2448 qua
1917 2379 2128 2431 nostra:

475 2465 686 2522 salutis
730 2470 932 2520 auctor
981 2465 1275 2538 pependit,
1305 2470 1362 2520 et
1401 2465 1544 2521 clavi
1576 2464 1794 2536 quibus
1836 2464 2127 2520 conﬁxum

473 2559 561 2610 est
581 2552 726 2609 illud
754 2553 1221 2610 sacratissimum
1257 2570 1492 2626 corpus,
1507 2553 1662 2626 quod
1693 2570 1762 2609 ex
1783 2553 2131 2610 intemerata

471 2642 710 2716 Virgine
731 2659 1033 2699 assumere
1053 2642 1333 2715 dignatus
1348 2647 1439 2697 est
1460 2642 1560 2698 Dei
1579 2641 1759 2698 Filius
1780 2647 1911 2698 ante
1931 2643 2131 2698 omnia

475 2735 739 2802 tempora
762 2729 1067 2786 saecularia
1095 2731 1167 2786 ab
1212 2730 1340 2803 ipso
1386 2730 1500 2786 Deo
1548 2729 1714 2786 Patre
1759 2729 2132 2787 ineil'abiliter

473 2820 728 2894 genitus.
749 2819 951 2876 Merito
973 2818 1154 2892 igitur
1171 2819 1548 2876 celeberrime
1581 2818 1781 2876 recolit
1817 2819 1998 2876 totius
2028 2821 2130 2876 Ec-

475 2907 664 2965 clesiae
685 2909 874 2964 ﬁdelis
896 2907 1120 2964 familia
1140 2924 1242 2980 per
1263 2908 1493 2964 diversa
1516 2925 1804 2964 annorum
1827 2909 2016 2982 spatia
2035 2925 2129 2965 sa-

473 2997 682 3056 lutaris
710 2996 957 3070 patibuli
988 2997 1380 3054 inventionem
1431 3001 1490 3053 et
1537 2997 1968 3065 exultationem,
1992 2998 2132 3072 quia

474 3105 578 3161 per
598 3104 830 3144 crucem
853 3086 1057 3143 didicit
1073 3088 1434 3144 destructum
1457 3087 1663 3143 mortis
1686 3087 2132 3160 imperium,per

473 3193 706 3232 crucem
720 3193 781 3233 se
798 3175 996 3232 recolit
1009 3176 1262 3232 evasisse
1277 3181 1566 3248 perpetuis
1580 3177 1786 3233 mortis
1801 3175 2126 3247 interitum,
2158 3162 2202 3229 C

476 3271 534 3322 et
553 3282 658 3337 per
676 3275 906 3322 oracem
927 3281 989 3320 se
1008 3265 1225 3336 gaudet
1241 3264 1533 3320 invenisse
1549 3269 1774 3320 aeterna
1795 3266 1923 3320 vitae
1943 3264 2132 3321 subsi-

475 3355 661 3410 dium.
685 3355 828 3410 Cum
862 3353 1021 3408 enim
1052 3353 1366 3409 Dominica:
1398 3357 1455 3408 et
1474 3353 1966 3410 victoriosissimze
1995 3371 2128 3410 cru-

475 3444 560 3498 cis
583 3443 911 3498 celebratur
931 3441 1206 3510 inventio,
1233 3441 1714 3498 manifestissime
1737 3443 1966 3498 Domini
1998 3459 2130 3499 cru-

475 3530 627 3586 ciﬁxi
659 3529 933 3585 recolitur
961 3531 1344 3597 resurrectio;
1381 3533 1592 3584 etcum
1627 3532 1896 3600 ejusdem
1941 3532 2132 3588 crucis

477 3617 750 3675 exultatio
779 3617 1008 3685 colitur,
1041 3618 1100 3672 in
1145 3634 1213 3672 ea
1262 3617 1576 3674 crucifixus
1626 3619 1914 3676 Dominus
1960 3620 2132 3677 Jesus

477 3707 749 3764 Christus
779 3707 850 3761 ad
883 3706 1058 3763 caelos
1097 3705 1430 3762 ascendisse
1470 3706 1854 3780 dignoscitur.
1885 3710 1971 3764 Ad
2003 3726 2136 3765 con-

477 3797 770 3854 ﬁrmanda
801 3795 980 3867 hujus
1001 3795 1080 3851 rei
1106 3795 1419 3868 magnalia,
1444 3796 1711 3868 quaedam
1733 3797 1791 3851 in
1815 3797 2134 3870 Scripturis

477 3886 640 3958 paria
663 3884 1045 3941 inveniuntur
1069 3885 1377 3957 praeconia,
1402 3889 1467 3940 ut
1487 3901 1621 3940 cum
1644 3879 1861 3942 similia
1874 3887 2136 3960 jungun-

473 3980 572 4032 tur
598 3974 916 4044 similibus,
947 3974 1007 4030 in
1039 3974 1132 4029 his
1165 3991 1293 4048 quas
1333 3974 1612 4031 dicuntur
1654 3975 1727 4029 de
1771 3975 1887 4030 Deo
1939 3975 2140 4034 nullus

474 4065 804 4122 inveniatur
821 4062 1398 4120 incredulus.Mulier
1415 4063 1752 4136 serpentino
1766 4065 1972 4121 delusa
1984 4082 2140 4122 men-

475 4154 642 4212 dacio
698 4157 946 4210 mortem
1007 4153 1345 4226 propinavit
1392 4152 1536 4219 viro,
1571 4153 1690 4208 imo
1747 4153 1922 4209 etiam
1979 4155 2138 4210 omni

473 4243 673 4318 generi
705 4243 970 4299 humano
1008 4259 1020 4297 :
1055 4241 1371 4298 mulierum
1404 4247 1742 4299 sanctarum
1773 4241 2014 4299 humilis
2045 4244 2142 4300 de-

469 4333 648 4402 votio,
675 4331 941 4405 angelico
971 4335 1272 4388 asserente
1311 4347 1582 4387 sermone
1615 4330 1908 4399 veridicio,
1942 4331 2140 4388 Domi~

485 4439 629 4478 num
661 4421 1052 4476 resurrexisse
1082 4419 1401 4493 apostolico
1427 4420 1717 4476 nuntiavit
1744 4420 2006 4494 collegio.
2030 4424 2142 4477 Au-

2239 1849 2296 1900 et
2327 1843 2742 1916 saepedicendae
2777 1841 3005 1898 Helena:
3044 1840 3378 1897 libertatem
3427 1846 3484 1897 et
3527 1840 3824 1914 privilegium

2240 1933 2514 1987 Romana:
2546 1931 2838 1988 concessit
2885 1929 3174 1986 Ecclesiae.
3210 1930 3354 1986 Inde
3385 1931 3551 2004 coepit
3594 1927 3825 2003 pradicari

2239 2019 2494 2094 publice,
2525 2021 2772 2076 Domino
2815 2025 3132 2087 annuente,
3167 2022 3225 2075 et
3252 2018 3582 2092 supradicto
3627 2019 3826 2092 principe

2239 2109 2509 2178 faciente,
2535 2107 2697 2165 nullo
2729 2108 3183 2178 contradicente,
3206 2107 3398 2164 honor
3427 2112 3482 2163 et
3515 2108 3680 2162 virtus
3705 2106 3826 2162 Chri-

2239 2201 2336 2268 sti,
2370 2199 2516 2255 ﬁdes
2555 2201 2614 2254 et
2659 2198 2901 2254 victoria
2959 2197 3190 2253 Domini
3250 2196 3512 2253 cruciﬁxi
3556 2211 3646 2270 per
3687 2194 3825 2268 spatia

2238 2293 2454 2345 cuncta
2485 2287 2690 2343 mundi
2723 2303 3028 2360 quousque
3059 2287 3342 2342 tendebat
3371 2291 3618 2360 potestas
3637 2284 3825 2341 Romani

2239 2377 2493 2450 imperii,
2521 2382 2580 2432 et
2611 2393 2727 2432 non
2760 2375 2949 2432 dicam
2981 2392 3172 2448 usque
3218 2377 3294 2432 ad
3342 2377 3614 2432 terminos
3641 2372 3825 2430 Romani

2239 2465 2492 2538 imperii,
2526 2465 2625 2521 sed
2679 2480 2987 2537 quousque
3017 2465 3372 2536 przedicalur
3403 2466 3662 2537 majestas
3695 2461 3824 2518 divini

2239 2559 2298 2610 et
2336 2555 2623 2610 incarnati
2652 2553 2846 2621 Verbi,
2872 2559 2930 2608 et
2987 2553 3310 2610 auctoritas
3369 2553 3566 2608 mundi
3614 2550 3824 2608 salutaris

2240 2645 2426 2700 sancti
2458 2641 2774 2716 Evangelii,
2806 2659 2934 2714 qua:
2965 2642 3098 2698 viva
3146 2646 3205 2698 et
3257 2643 3444 2700 libera
3487 2657 3613 2698 voce
3655 2640 3826 2695 intonat

2238 2733 2521 2790 honorem
2545 2737 2602 2788 et
2631 2731 2878 2804 gloriam
2901 2731 3091 2788 crucis
3114 2735 3171 2786 et
3195 2736 3368 2788 actus
3397 2737 3452 2788 et
3483 2728 3736 2787 mirabilia
3752 2727 3827 2783 Do-

2240 2821 2386 2878 mini
2418 2821 2698 2878 cruciﬁxi.
2721 2819 2868 2884 Quid
2915 2837 3022 2877 nos
3053 2820 3276 2889 miseri,
3302 2821 3377 2877 ad
3424 2819 3641 2876 laudem
3682 2815 3826 2872 crucis

2239 2911 2432 2966 dicere
2463 2914 2782 2977 tentamus,
2805 2914 2862 2965 et
2894 2909 3035 2982 quid
3068 2909 3293 2966 indocti
3326 2910 3431 2965 fari
3463 2906 3822 2982 praesumimus,

2239 3000 2340 3072 qui
2372 3003 2532 3055 tanta
2556 3016 2622 3054 ac
2642 2997 2785 3054 talia
2813 3015 2846 3054 a
2876 2999 3199 3071 majoribus
3228 3003 3292 3054 et
3323 2997 3646 3055 melioribus
3664 2992 3824 3051 nostris

2240 3089 2500 3162 quotidie
2530 3089 2686 3144 dicta
2715 3089 3148 3160 cognoscimus,
3171 3091 3237 3143 ut
3270 3093 3330 3144 et
3362 3093 3559 3144 notum
3583 3091 3633 3142 et
3655 3079 3823 3156 angelis

2239 3183 2298 3234 et
2325 3177 2688 3244 hominibus,
2711 3180 2769 3232 et
2797 3177 3064 3232 omnium
3088 3176 3357 3233 ﬁdelium
3382 3175 3692 3232 ﬁrmissime
3710 3169 3823 3228 credi

2240 3266 2597 3340 praedicabat
2615 3271 2672 3322 et
2698 3264 2830 3322 novi
2853 3265 3042 3321 ﬁdelis
3063 3264 3423 3337 prudentia?
3451 3264 3544 3320 Dei
3572 3261 3725 3318 Filius
3749 3257 3824 3311 mi-

2240 3354 2612 3412 sericorditer
2641 3354 2941 3410 hominem
2978 3370 3046 3409 ex
3076 3353 3320 3426 Virgine
3347 3353 3612 3426 dignatus
3637 3351 3709 3406 est
3731 3361 3825 3402 sus-

2241 3445 2451 3517 cipere,
2477 3443 2652 3500 homo
2685 3442 3260 3516 faetus,hominibus
3291 3441 3478 3499 voluit
3513 3453 3762 3513 apparere,
3785 3436 3824 3488 et

2242 3550 2345 3607 per
2372 3534 2568 3606 ipsum
2601 3532 2900 3588 hominem
2935 3548 3110 3604 quem
3155 3531 3440 3604 suscepit,
3471 3545 3640 3603 genus
3665 3525 3822 3581 huma-

2243 3642 2384 3680 num
2417 3642 2451 3679 a
2481 3629 2770 3696 perpetuae
2810 3621 3013 3678 mortis
3042 3622 3285 3678 interitu
3319 3623 3502 3678 voluit
3543 3620 3764 3680 liberare,
3786 3614 3824 3667 et

2244 3714 2316 3769 de
2346 3711 2603 3770 tenebris
2633 3713 2704 3768 ad
2735 3712 2947 3780 lucem,
2967 3711 3038 3766 de
3070 3714 3258 3767 morte
3289 3713 3364 3767 ad
3396 3713 3568 3767 vitam
3597 3705 3824 3763 reducere.

2243 3806 2297 3859 et
2331 3802 2501 3858 scivit
2531 3800 2685 3856 sicut
2727 3801 2925 3857 omnia
2953 3800 3086 3867 scit,
3118 3799 3258 3872 quia
3305 3816 3422 3855 non
3468 3802 3646 3872 posset
3669 3786 3822 3859 corrigi

2246 3890 2506 3964 priorum
2538 3895 2847 3961 parentum
2887 3888 3291 3961 praesumptio,
3327 3888 3442 3944 nisi
3473 3882 3822 3942 humanitatem

2246 3984 2506 4036 nostram
2539 3977 2862 4050 susciperet
2881 3975 3078 4032 divina
3107 3977 3402 4049 dignatio;
3436 3975 3533 4032 sed
3555 3985 3747 4042 semper
3765 3980 3826 4020 re-

2247 4073 2455 4143 gnaret
2483 4067 2540 4123 in
2573 4067 2814 4132 mundo,
2847 4071 2913 4121 ut
2960 4065 3240 4134 diximus,
3276 4067 3536 4138 priorum
3587 4058 3828 4143 parentum

2249 4140 2504 4231 superba
2531 4155 2851 4222 temeritas,
2872 4171 2978 4212 nec
3000 4154 3092 4210 eul
3100 4172 3178 4229 pa
3195 4154 3518 4211 solveretur
3537 4167 3650 4224 qua
3669 4140 3832 4231 mundo

2249 4229 2506 4304 creverat
2532 4263 2634 4319 per
2663 4243 2932 4300 illicitum
2962 4242 3107 4317 ligni
3129 4248 3396 4318 gustum,
3422 4242 3530 4298 nisi
3551 4229 3831 4319 Christusin

2249 4335 2410 4410 ligno
2441 4316 2631 4392 crucis
2662 4335 2924 4408 pendens
2953 4316 3241 4406 sanguine
3267 4349 3378 4390 suo
3397 4330 3604 4388 deleret
3629 4316 3830 4381 mortalis

2250 4423 2709 4498 prmscriptionis
2753 4421 3232 4496 chirographum.
3266 4423 3513 4478 Necesse
3557 4421 3651 4488 est,
3677 4413 3832 4468 fratres

476 4509 653 4567 distis
702 4509 999 4598 hominem
1035 4507 1467 4598 inobedientem
1513 4525 1617 4582 per
1658 4508 1801 4582 ligni
1832 4513 2072 4582 gustum
2107 4528 2142 4567 a
2171 4535 2220 4598 Β
2250 4513 2604 4584 charissimi,
2619 4518 2684 4568 ut
2705 4512 2802 4584 qui
2827 4529 2889 4568 se
2907 4512 3124 4585 gaudet
3147 4511 3515 4588 redemptum
3535 4501 3718 4598 Christi
3737 4511 3831 4592 sal}-

473 4598 750 4674 paradiso
778 4596 1123 4671 expulsum;
1164 4597 1412 4654 audistis
1446 4595 1734 4652 latronem
1767 4598 2138 4655 conﬁtentem
2171 4595 2205 4598 ⁷
2247 4603 2426 4677 guine
2457 4602 2732 4676 pretioso,
2759 4601 2992 4656 studeat
3022 4617 3084 4657 se
3113 4601 3350 4657 munire
3371 4595 3663 4656 Dominicis
3689 4598 3830 4644 cruels

473 4706 578 4762 per
600 4685 886 4742 humilem
906 4687 1336 4742 confessionem
1358 4687 1416 4742 in
1439 4685 1780 4759 paradisum
1801 4687 2130 4745 inductum.

473 4777 716 4834 Lasciva
737 4776 955 4832 femina
977 4775 1288 4830 divortium
1317 4772 1468 4831 male
1490 4775 1790 4832 suadendo
1815 4775 2135 4833 insinuavit

471 4869 624 4924 viam
657 4867 728 4923 ad
761 4865 999 4934 inferos,
1033 4864 1260 4937 integra
1294 4864 1456 4938 virgo
1503 4865 1613 4920 iter
1661 4869 1881 4921 rectum
1922 4865 2134 4922 direxit

472 4958 543 5013 ad
577 4973 840 5028 superos.
865 4954 1075 5012 Mulier
1103 4957 1384 5026 corrupta
1412 4971 1530 5009 suae
1553 4955 1858 5027 propagini
1883 4959 2129 5010 mortem

473 5044 694 5111 intulit,
716 5045 877 5117 virgo
903 5044 1250 5101 intemerata
1284 5043 1548 5099 humano
1571 5043 1766 5116 generi
1789 5044 1966 5099 vitam
2006 5061 2130 5116 per-

475 5137 710 5204 petuam
731 5133 996 5189 contulit.
1018 5133 1201 5190 Maria
1220 5132 1586 5207 Magdalena,
1605 5133 1905 5204 quondam
1936 5149 2130 5206 pecca-

414 5233 432 5252 '
476 5219 606 5288 trix,
648 5221 718 5278 de
761 5221 1026 5293 ejusdem
1085 5223 1511 5280 resurrectione
1558 5221 1840 5295 gaudium
1899 5223 2126 5293 attulit;

475 5308 692 5366 Helena
722 5309 1065 5382 imperatrix
1097 5311 1168 5366 de
1199 5311 1529 5367 inventione
1561 5309 1752 5366 crucis
1798 5315 1855 5366 et
1901 5315 2130 5366 czstero-

477 5415 608 5455 rum
641 5397 966 5472 insignium
993 5399 1304 5456 Dominicaa
1331 5398 1622 5473 passionis
1652 5399 1932 5472 gaudium
1956 5402 2014 5454 et
2041 5398 2128 5454 lae-

475 5489 660 5545 titiam
693 5487 948 5544 ostendit
988 5488 1372 5558 praesentibus
1419 5493 1477 5545 et
1523 5487 1961 5561 superventuris
1991 5488 2131 5544 ﬁde-

378 5643 393 5650 ,
471 5579 616 5656 lium
645 5575 900 5657 populis.
933 5575 1120 5634 Maria
1145 5576 1396 5654 genitrix
1442 5576 1696 5648 Domini,
1720 5581 1980 5655 tempore
2008 5597 2126 5656 quo

2242 4689 2567 4762 signaculo,
2587 4695 2644 4744 et
2670 4694 2735 4744 ut
2763 4688 2826 4744 B.
2849 4687 3241 4761 Hieronymus
3272 4689 3541 4762 imperat,
3558 4683 3621 4740 ad
3648 4686 3827 4762 omnem

2240 4761 2459 4847 actum,
2475 4777 2548 4834 ad
2570 4793 2805 4834 omnem
2835 4776 3133 4833 incessum
3157 4761 3550 4834 contraiomne
3567 4761 3825 4845 periculum

2242 4884 2454 4925 manus
2485 4865 2688 4940 pingat
2716 4871 2970 4936 crucem,
2993 4865 3146 4923 sicut
3175 4882 3384 4922 omnes
3414 4863 3622 4921 faciunt
3646 4853 3828 4947 ᾳυξρςι·

2240 4957 2431 5014 crucis
2465 4955 2808 5026 mysterium
2839 4971 2902 5011 se
2948 4959 3064 5011 Deo
3117 4954 3370 5012 ﬁdeliter
3413 4951 3678 5009 dedicant.
3702 4941 3757 4996 Et
3781 4941 3821 4989 in

2239 5045 2353 5103 alio
2383 5045 2508 5101 loco
2535 5044 2688 5100 idem
2713 5047 2908 5100 orator
2937 5043 3403 5101 facundissimus
3425 5041 3482 5098 in
3503 5035 3708 5096 laudem
3733 5040 3826 5082 cru-

2237 5134 2322 5191 cis
2353 5132 2679 5191 luculenter
2708 5137 2940 5204 perorat
2967 5131 3180 5190 vexilla
3211 5133 3490 5196 militum,
3513 5131 3564 5184 et
3589 5126 3823 5208 purpuras

2237 5241 2466 5298 regum,
2493 5227 2552 5278 et
2587 5221 2923 5278 diademata
2950 5221 3245 5278 Caesarum
3294 5215 3558 5294 supplicii
3602 5208 3821 5298 salutaris

2237 5296 2464 5386 pictura
2494 5311 2861 5368 condecorat.
2885 5309 3093 5367 Omnis
3121 5311 3224 5384 qui
3254 5327 3316 5368 se
3341 5327 3376 5365 a
3403 5315 3643 5378 tempore
3666 5296 3818 5387 Ποῐῐξξο

2237 5379 2379 5459 nicas
2411 5399 2704 5473 passionis
2734 5398 2854 5472 pati
2887 5398 2972 5455 vel
3005 5379 3157 5457 mori
3184 5417 3286 5473 pro
3315 5397 3534 5454 Christo
3561 5379 3814 5473 disposuit.

2237 5509 2340 5564 per
2369 5471 2558 5546 crucis
2589 5471 2943 5562 supplicium
2971 5490 3041 5546 ad
3076 5471 3367 5546 Christum
3398 5477 3668 5559 pervenire
3693 5471 3815 5567 οΡξδξ

2235 5563 2336 5641 vit.
2363 5582 2568 5642 Petrus
2595 5593 2699 5658 per
2719 5579 2912 5638 crucis
2943 5579 3290 5658 martyrium
3319 5574 3544 5656 optabat
3569 5563 3813 5646 perveni?tl
