4020 6180
156 315 295 376 1033

1619 308 2059 372 SERMONES.

3386 313 3546 378 1034

155 448 215 511 ad
243 441 785 504 Christudecirco
813 441 1081 501 Christus
1114 442 1199 500 illi
1230 442 1494 517 praedixit
1537 441 1787 516 qualiter
1814 443 1867 513 Α
1898 446 1955 500 et
1982 442 2184 516 quanti
2215 446 2272 500 et
2302 442 2506 518 quales
2535 444 2619 503 illi
2649 445 2888 507 fuerunt
2916 444 3014 520 qui
3064 446 3136 509 de
3189 449 3315 507 tam
3342 448 3552 523 grandi

151 537 211 595 ad
240 548 481 610 regnum
514 533 813 607 pervenire
842 533 1048 590 debuit
1078 551 1091 591 :
1123 531 1259 590 Cum
1285 549 1426 591 esses
1446 533 1645 605 junior
1671 533 1789 588 cin-

148 629 291 700 gebas
320 633 389 692 te,
408 615 693 696 inquinet
721 623 1046 679 ambulabas
1076 622 1175 678 ubi
1202 622 1444 691 volebas;
1466 637 1591 677 cum
1611 629 1793 678 autem

148 713 660 783 senueris,extendes
687 730 886 769 manus
916 713 1126 769 tuas.ln
1146 711 1482 769 extensione
1503 727 1789 767 manuum

146 804 481 879 signiﬁcavit
511 819 648 859 eum
680 803 1053 875 adepturum,
1086 806 1152 859 ut
1177 801 1565 867 desiderabat,
1598 800 1789 856 crucis

148 892 750 968 patibulum.Andreas
785 891 1032 948 ﬁdeliter
1061 889 1397 964 praedicavit
1426 889 1619 945 crucis
1664 906 1789 962 my-

146 984 460 1054 sterium,et
481 998 584 1056 per
600 981 791 1037 crucis
821 980 1177 1054 supplicium
1203 979 1465 1052 pervenit
1486 979 1558 1034 ad
1584 979 1790 1034 trium-

145 1074 336 1148 phum.
368 1071 583 1129 Paulus
611 1088 749 1128 vero
781 1071 831 1127 si
878 1088 992 1127 non
1038 1074 1126 1127 est
1173 1070 1486 1125 cruciﬁxus
1527 1084 1787 1140 corpore,

144 1180 363 1222 crucem
414 1161 646 1218 Domini
705 1160 938 1234 gemino
990 1160 1220 1229 affectu,
1270 1163 1337 1215 ut
1381 1159 1589 1215 beatus
1637 1175 1791 1232 papa

144 1251 444 1326 Gregorius
475 1251 663 1318 docet,
697 1249 868 1306 corde
893 1250 1160 1324 gestabat
1186 1253 1242 1305 et
1272 1264 1534 1321 corpore,
1566 1248 1667 1320 qui
1699 1247 1789 1303 di-

143 1341 489 1399 cebat:Absit
517 1340 660 1396 mihi
686 1340 922 1411 gloriari
948 1341 1061 1395 nisi
1088 1341 1150 1394 in
1178 1354 1335 1395 cruce
1362 1338 1585 1394 Domini
1618 1338 1791 1394 nostri

138 1434 247 1490 Iesu
273 1430 513 1499 Christi;
542 1429 645 1502 qui
677 1428 853 1485 etiam
886 1446 949 1486 se
976 1427 1106 1485 ideo
1133 1427 1427 1500 gaudebat
1456 1426 1788 1499 pervenisse

140 1521 203 1579 ad
232 1519 490 1583 scientiae
521 1522 579 1576 et
608 1517 906 1590 sapientia:
936 1517 1406 1584 cumulum,cum
1429 1515 1790 1588 gloriabatur

140 1609 271 1668 nihil
306 1625 373 1665 se
404 1607 551 1665 scire
577 1606 691 1663 nisi
722 1607 926 1664 Jesum
957 1606 1256 1662 Christum
1286 1608 1344 1662 et
1374 1604 1532 1660 hunc
1562 1603 1791 1659 cruciﬁ-

138 1717 281 1756 xum.
318 1696 617 1770 Quidquid
648 1696 807 1753 enim
858 1713 961 1769 pro
1002 1695 1231 1752 Christo
1281 1694 1415 1767 quis
1462 1694 1685 1767 patitur
1713 1692 1787 1748 ad

137 1787 460 1861 exemplum
508 1785 829 1844 Dominicae
882 1784 1197 1857 passionis,
1230 1800 1410 1841 causa
1460 1780 1700 1838 honoris
1729 1783 1789 1836 et

137 1878 325 1953 gloriae
355 1876 558 1935 eadem
594 1875 788 1949 passio
814 1874 1111 1931 cruciatus
1144 1878 1405 1930 vocatur.
1441 1871 1546 1928 Illa
1576 1869 1789 1927 mulier

138 1973 200 2025 de
213 1967 365 2024 libro
387 1966 654 2039 Regnoru
665 1980 879 2037 m,quae
901 1962 1284 2036 prophetante
1295 1961 1421 2017 Elia
1436 1961 1509 2017 ad
1524 1958 1785 2034 speciem

139 2056 314 2114 crucis
350 2055 466 2111 duo
496 2052 724 2110 studuit
753 2051 917 2126 ligna
945 2049 1314 2125 colligere,ut
1342 2050 1675 2106 divinarum
1695 2048 1786 2105 lit-

138 2150 388 2203 terarum
418 2146 763 2200 tractatores
791 2140 996 2197 volunt
1030 2140 1277 2213 ﬁguram
1327 2139 1667 2213 praeferedat
1685 2139 1787 2195 Ec-

136 2234 328 2293 clesia.
353 2233 478 2288 Duo
509 2231 666 2288 enim
696 2230 858 2303 ligna
886 2247 922 2286 a
951 2228 1195 2285 muliere
1210 2230 1336 2300 jam
1367 2229 1524 2284 dicta
1545 2227 1787 2285 collecta

135 2326 198 2380 ad
228 2325 481 2397 ﬁguram
509 2320 702 2390 crucis
727 2336 762 2375 a
789 2319 1083 2387 Patribus,
1113 2322 1181 2375 ut
1211 2316 1486 2384 diximus,
1504 2320 1641 2373 sunt
1664 2316 1782 2388 spi-

135 2413 417 2471 ritualiter
430 2409 830 2467 intellecta.Ad
848 2408 1027 2479 hujus
1044 2407 1224 2480 igitur
1241 2407 1430 2463 crucis
1450 2422 1785 2463 sacrosanc-

133 2508 188 2559 ta
201 2500 484 2575 mysteria
496 2496 885 2571 spiritualiter
901 2495 1420 2569 intelligendaillos
1440 2494 1779 2567 alloquitur,

132 2596 185 2647 et
201 2590 552 2663 alloquendo
568 2589 846 2644 admonet
864 2585 1026 2644 Pauli
1049 2585 1451 2659 optabilis,illa
1471 2583 1779 2652 sententia,

128 2679 336 2751 quibus
373 2678 563 2735 inerat
592 2682 651 2733 et
680 2677 837 2734 inest
867 2693 1031 2733 amor
1059 2680 1117 2731 et
1146 2675 1408 2731 studium
1431 2678 1488 2731 et
1512 2673 1700 2730 honor
1726 2677 1785 2729 et

128 2768 298 2841 gloria
324 2768 447 2827 sub
477 2767 607 2840 ejus
638 2766 957 2823 consistere
987 2764 1379 2837 disciplina,et
1405 2764 1533 2835 ejus
1561 2761 1782 2820 deside-

129 2864 249 2916 rant
268 2857 576 2932 percipere
606 2853 998 2913 saluberrima
1030 2854 1255 2909 monita
1301 2872 1321 2910 :
1366 2855 1465 2909 Det
1486 2852 1658 2919 vobis,
1692 2850 1781 2906 in-

1902 550 1963 589 re
1983 532 2283 607 granditer
2303 533 2495 591 dicere
2515 526 2867 609 potuerunt?
2894 539 2982 594 Ad
3005 539 3331 599 enarranda
3349 554 3553 599 eorum

1901 623 2111 679 merita
2140 627 2196 679 et
2227 624 2423 680 studia
2453 642 2567 681 non
2591 626 2811 682 sufﬁcit
2830 629 3041 683 nostra;
3066 626 3368 699 parvitatis
3395 627 3560 701 igna-

1897 712 2013 781 via,
2045 729 2235 785 neque
2264 730 2468 770 eorum
2515 715 2995 773 numerositatem
3027 716 3315 773 nobilium
3343 717 3555 775 dictio-

1900 818 2065 871 num,
2088 801 2421 875 ignorantia
2448 804 2786 875 obsistente,
2820 805 3075 862 tenuitas
3104 809 3313 862 nostrae
3336 822 3557 863 memo-

1899 889 1996 945 riae
2026 890 2178 946 valet
2208 892 2385 950 etiam
2436 910 2563 966 quae
2594 893 2799 950 dicunt
2827 894 2901 955 ad
2929 894 3170 967 plenum
3216 910 3551 968 agnoscere.

1899 978 2114 1036 Omnes
2131 980 2308 1036 etiam
2337 980 2606 1038 catholici
2623 983 2887 1039 doctores
2906 982 3175 1040 Ecclesia
3196 983 3555 1041 studuerunt

1898 1068 1970 1125 de
2000 1069 2275 1141 mysterio
2295 1070 2487 1127 crucis
2517 1074 2573 1126 et
2601 1071 2893 1143 passionis
2925 1071 3236 1129 Dominicis
3259 1077 3551 1145 quantum

1897 1173 2137 1214 necesse
2168 1162 2309 1215 tunc
2340 1159 2453 1215 fuit
2480 1158 2723 1229 edicere,
2749 1160 2849 1217 alii
2879 1160 3186 1229 occultius,
3216 1160 3318 1217 alii
3363 1163 3553 1220 mani-

1898 1245 2125 1313 festius,
2156 1246 2253 1302 alii
2283 1247 2575 1304 diffusius.
2610 1248 2768 1305 Inter
2812 1266 2959 1322 quos
3006 1250 3264 1308 Joannes
3305 1251 3550 1326 Chryso-

1898 1335 2366 1393 stomuslocutus
2378 1336 2697 1394 estmultos
2708 1337 3550 1399 ceterisabundantiusMulto

1896 1428 2031 1498 post
2060 1424 2225 1481 illum
2258 1429 2519 1499 tempore
2548 1425 2730 1482 eluxit
2759 1426 2998 1499 quidam
3042 1429 3387 1498 monachus,
3417 1433 3552 1503 post

1897 1514 2252 1571 monachum
2283 1515 2637 1588 Moguntinae
2668 1514 2919 1574 civitatis
2949 1516 3280 1591 episcopus,
3312 1519 3552 1577 nomine

1897 1603 2195 1671 Rabanus,
2241 1603 2503 1660 saeculari
2558 1604 2803 1662 scientia
2846 1605 3069 1662 affatim
3116 1607 3403 1677 eruditus,
3435 1609 3552 1671 ﬁde

1897 1691 2485 1765 catholicus,speciali
2518 1692 2763 1751 scientia
2783 1695 2855 1751 ad
2877 1697 3117 1768 plenum
3143 1696 3552 1767 eruditusﬁde

1897 1780 2241 1849 catholicus,
2272 1782 2511 1855 speciali
2542 1782 2787 1840 scientia
2816 1785 2889 1841 ad
2918 1783 3159 1858 plenum
3179 1786 3552 1850 edoctumﬂie

1899 1868 2014 1926 tale
2044 1870 2115 1926 de
2143 1869 2315 1927 laude
2345 1871 2533 1928 crucis
2558 1872 2786 1929 orditus
2833 1876 2922 1930 est
2966 1891 3116 1947 opus
3158 1879 3219 1932 et
3260 1875 3465 1945 texuit,
3492 1880 3555 1937 'et

1892 1959 2140 2015 texendo
2198 1959 2460 2032 perfecit,
2526 1977 2642 2034 quo
2705 1961 3018 2035 pretiosius
3077 1964 3151 2020 ad
3206 1964 3547 2035 videndum,

1894 2046 2209 2104 amabilius
2239 2049 2312 2104 ad
2343 2048 2917 2123 legendum,dulcius
2946 2052 3020 2108 ad
3039 2051 3548 2125 retinendarum“

1892 2135 2243 2193 laboriosius
2254 2137 2327 2194 ad
2345 2138 2720 2196 scribendum
2734 2143 2927 2212 potest
2941 2140 3188 2199 inveniri
3198 2143 3545 2217 neepoterit.

1891 2224 2501 2285 PlacuitbeatissimiJ
2506 2227 2715 2284 cannis
2725 2234 3112 2302 cognomento
3124 2229 3545 2305 Chrysostomi,

1892 2313 2061 2386 regiae
2100 2312 2351 2371 civitatis
2397 2315 2753 2374 nobilissimi
2803 2317 3146 2391 patriarchae
3193 2320 3548 2383 sententiam

1890 2402 1962 2457 de
1992 2401 2165 2458 laudo
2190 2402 2383 2460 crucis
2430 2402 2568 2459 huic
2616 2404 2834 2478 exigua:
2882 2405 3421 2467 declamatiunculza
3451 2409 3541 2473 inq

1891 2494 2116 2564 tegram
2145 2490 2421 2561 inserere,
2455 2508 2522 2549 eo
2550 2497 2750 2550 tenore
2779 2498 2845 2551 ut
2875 2496 3031 2568 quod
3062 2500 3265 2555 nostra
3290 2514 3410 2556 non
3439 2515 3543 2572 pce

1890 2580 2004 2636 tuit
2032 2580 2207 2653 digne
2234 2596 2507 2638 enarrare
2535 2582 2988 2655 rusticitas,ejus
3007 2584 3277 2643 nobilitat
3297 2586 3545 2661 simplex

1890 2675 1946 2726 et
1975 2670 2248 2727 sublimis
2278 2672 2868 2746 auctoritas.Scripsit
2896 2673 3054 2730 enim
3085 2673 3402 2747 aliquando
3414 2677 3544 2749 jam

1889 2759 2081 2815 dictus
2110 2761 2197 2815 vir
2242 2761 2591 2817 sententiam
2640 2762 2711 2818 de
2758 2778 2930 2819 cruce
2976 2761 3300 2832 Dominica,
3334 2764 3395 2820 in
3426 2781 3547 2837 qua

1890 2848 2182 2906 allocutus
2212 2853 2301 2905 est
2326 2850 2643 2921 quemdam
2674 2867 2851 2907 suum
2881 2850 3141 2910 amicum
3172 2852 3373 2911 dicens
3392 2852 3548 2917 inter

128 2946 262 3018 quit,
299 2947 576 3003 Dominus
616 2946 758 3000 Deus
803 2942 1101 2999 secundum
1145 2943 1368 2998 divitias
1414 2941 1611 3012 gloriae
1639 2953 1779 3007 sua,
1880 2941 2098 2993 caetera
2131 2953 2144 2992 :
2180 2960 2208 2987 α
2241 2937 2311 2993 Et
2339 2938 2387 2994 si
2420 2955 2596 2995 nosse
2643 2939 2964 3009 desideras,
3013 2940 3381 3011 charissime,
3427 2943 3545 3001 vir-

127 3036 310 3097 virtute
354 3034 706 3093 corroborari
745 3048 847 3104 per
891 3032 1149 3103 spiritum
1195 3031 1311 3102 ejus
1365 3032 1425 3085 in
1469 3030 1784 3089 interiorem

126 3124 708 3191 hominem,Christum
735 3122 989 3178 habitare
1008 3136 1114 3193 per
1139 3119 1302 3191 ﬁdem
1330 3120 1389 3174 in
1419 3117 1672 3175 cordibus
1692 3132 1780 3184 ve:

1889 3029 2079 3082 tutem
2111 3027 2386 3096 crucis,et
2414 3031 2730 3099 quanta,ut
2755 3045 3021 3102 possum,
3052 3030 3126 3089 ad
3155 3031 3285 3103 ejus
3308 3031 3544 3095 laudem

1891 3114 2105 3183 dicere,
2137 3115 2272 3171 audi
2308 3133 2321 3171 :
2355 3132 2498 3173 crux
2543 3121 2634 3173 est
2675 3133 2812 3191 spes
2857 3118 3345 3192 Christianorum,
3402 3135 3546 3185 cru;

124 3215 238 3269 stris
270 3231 283 3269 :
317 3187 683 3269 in'charitate
710 3210 950 3266 radicati
977 3187 1028 3265 et
1053 3187 1359 3280 fundati,ut
1382 3208 1601 3280 possitis
1628 3223 1770 3263 com-
1804 3187 1849 3257 α
1887 3204 2235 3261 resurrectio
2266 3209 2654 3277 mortuorum,
2705 3224 2847 3266 crux
2898 3225 3182 3266 caecorum
3232 3210 3369 3281 dux,
3400 3225 3545 3273 crux
3640 3216 3645 3220 ’

120 3303 450 3374 prehendere
494 3317 618 3357 cum
668 3300 922 3356 omnibus
969 3299 1174 3354 sanctis
1213 3312 1340 3369 quis
1397 3299 1467 3353 sit
1525 3296 1775 3365 latitudo,

124 3392 419 3464 longitudo,
463 3389 773 3446 sublimitas
823 3391 876 3444 et
916 3387 1258 3460 profundum
1286 3386 1501 3459 (Ephes.
1548 3403 1632 3451 III,
1668 3385 1778 3457 16),

127 3482 452 3538 secundum
484 3477 747 3551 Apostoli
770 3478 993 3533 dictum
1016 3476 1089 3534 ad
1115 3475 1305 3533 crucis
1331 3476 1642 3532 Dominicze
1666 3491 1783 3531 cre-

123 3569 304 3627 dimus
334 3568 639 3644 pertinere
669 3565 1041 3641 mysterium.
1079 3564 1474 3621 Latitudinem
1517 3564 1709 3620 crucis
1749 3580 1785 3618 a

125 3660 459 3716 summitate
517 3656 696 3713 unius
752 3672 940 3728 usque
973 3655 1045 3711 ad
1085 3654 1486 3711 summitatem
1561 3652 1785 3720 brachii

127 3746 377 3815 alterius,
413 3750 488 3803 ut
517 3745 801 3815 reor,sine
832 3742 1093 3818 periculo
1140 3742 1425 3816 simplicis
1454 3741 1783 3816 intelligen-

124 3835 205 3890 tize
249 3833 588 3906 intelligere
630 3846 971 3906 possumus.
999 3829 1391 3886 Altitudinem
1447 3844 1704 3903 namque
1752 3844 1787 3885 a

127 3926 305 3981 crucis
333 3922 642 3997 crepidine
672 3937 862 3993 usque
892 3921 963 3976 ad
996 3919 1223 3993 lignum
1247 3918 1306 3976 in
1328 3924 1659 3977 transverso
1688 3936 1790 3992 po-

126 4013 294 4070 situm
325 4013 596 4070 dicimus
625 4011 953 4068 secundum
983 4010 1276 4082 majorum
1299 4008 1598 4065 seniorum
1616 4008 1788 4065 ﬁdele

124 4100 745 4160 documentum.Profu
756 4098 951 4156 nditas
977 4115 1113 4155 vero
1139 4102 1229 4155 est
1258 4097 1470 4154 ultima
1499 4115 1633 4171 pars
1656 4114 1785 4153 cru-

121 4190 216 4260 cis,
246 4210 379 4266 quae
411 4191 481 4247 in
510 4189 683 4247 terris
712 4190 903 4246 deﬁxa
936 4205 1051 4245 non
1078 4192 1271 4262 potest
1294 4188 1476 4244 videri
1507 4187 1636 4243 luce
1666 4203 1787 4243 cor.

117 4295 298 4349 porca.
352 4278 801 4338 Sublimitatem
856 4276 1154 4334 credimus
1204 4293 1333 4334 esse
1381 4275 1785 4333 excellentiam

112 4382 347 4427 summae
380 4373 445 4426 et
475 4366 824 4440 principalis
854 4364 1114 4434 virtutis,
1152 4382 1278 4439 quae
1303 4368 1393 4421 est
1421 4365 1566 4421 ﬁdes
1588 4364 1646 4419 in
1667 4364 1785 4421 Deo

121 4460 173 4510 et
194 4456 264 4512 de
295 4457 444 4524 Deo,
478 4454 605 4511 sine
654 4454 823 4526 cujus
862 4453 1197 4511 sinceritate
1227 4458 1286 4509 et
1316 4453 1644 4526 integritate
1673 4453 1784 4509 im-

1889 3295 2329 3368 desperatorum
2376 3294 2490 3365 via,
2521 3312 2663 3353 crux
2708 3295 3053 3355 claudorum
3101 3298 3369 3371 baculus,
3402 3317 3546 3357 crux

1889 3383 2208 3440 destructio
2238 3385 2647 3458 superborum,
2672 3403 2814 3443 crux
2842 3387 3164 3445 consolatio
3191 3384 3545 3464 pauperum,

1891 3490 2034 3529 crux
2054 3473 2363 3530 refrenatio
2386 3473 2805 3545 divitum,crux
2834 3477 2987 3534 male
3008 3477 3329 3547 viventium
3349 3496 3542 3553 pinna,

1893 3578 2035 3617 crux
2064 3562 2345 3620 adversus
2377 3564 2672 3621 daemones
2702 3564 3062 3640 triumphus,
3109 3583 3252 3625 crux
3299 3568 3545 3626 devictio

1893 3650 2277 3718 diaboli,crux
2296 3651 2757 3711 adolescentium
2775 3656 3300 3731 paedagogus,crux
3318 3662 3550 3715 susten-

1891 3741 2038 3801 tatio
2062 3740 2327 3813 inopum,
2361 3758 2502 3801 crux
2527 3758 2661 3816 spes
2704 3744 3167 3819 desperatorum,
3201 3763 3345 3803 crux
3393 3746 3551 3804 navi-

1894 3828 2161 3903 gantium
2205 3829 2582 3903 gubernator,
2622 3848 2764 3888 crux
2811 3833 3272 3906 periclitantium
3317 3839 3547 3909 portus,

1894 3934 2036 3974 crux
2063 3918 2439 3977 obsessorum
2471 3936 2698 3988 murus,
2726 3937 2870 3977 crux
2915 3926 3082 3994 pater
3124 3922 3545 3997 orphanorum,

1895 4023 2037 4063 crux
2049 4007 2322 4063 defensor
2333 4007 2665 4078 viduarum,
2681 4025 2823 4065 crux
2835 4010 3136 4081 justorum
3150 4012 3544 4082 consiliarius,

1895 4112 2037 4151 crux
2112 4095 2529 4152 tribulatorum
2605 4097 2858 4169 requies,
2945 4115 3087 4155 crux
3116 4128 3129 4133 -
3167 4099 3546 4173 parvulorum

1872 4188 2114 4253 .custos,
2159 4201 2297 4243 crux
2350 4185 2610 4241 virorum
2667 4189 2865 4260 caput,
2924 4205 3067 4244 crux
3121 4204 3332 4244 senum
3385 4189 3543 4258 finis,

1895 4290 2037 4330 crux
2100 4272 2300 4329 lumen
2368 4272 2429 4329 in
2499 4274 2756 4331 tenebris
2827 4277 3181 4347 sedentium,
3251 4294 3394 4335 crux
3456 4294 3549 4335 re-

1896 4380 2036 4437 gum
2068 4362 2524 4437 magniﬁcentia,
2557 4381 2699 4420 crux
2747 4368 2980 4422 scutum
3002 4368 3372 4439 perpetuum,
3406 4384 3549 4424 crux

1895 4453 2329 4510 insensatorum
2388 4453 2695 4526 sapientia,
2728 4471 2869 4511 crux
2924 4454 3165 4513 libertas
3222 4472 3545 4527 servorum,

114 4544 372 4614 possible
428 4547 525 4601 est
572 4542 624 4597 ei
678 4541 926 4615 placere.
960 4540 1145 4598 Aliter
1192 4541 1252 4597 in
1300 4540 1608 4598 latitudine
1637 4541 1788 4596 bona
1817 4562 1866 4629 D
1896 4559 2038 4597 crux
2062 4542 2483 4614 imperatorum
2515 4542 3058 4618 philosophia,crux
3086 4543 3178 4601 lex
3203 4545 3547 4620 impiorum,

124 4648 294 4704 opera
344 4631 682 4699 charitatis,
740 4631 802 4686 in
874 4629 1240 4705 longitudine
1297 4629 1787 4703 perseverantiam

126 4737 305 4795 usque
334 4723 398 4778 in
434 4720 705 4791 finem,in
738 4718 1050 4776 altitudine
1079 4736 1245 4792 spem
1277 4718 1600 4777 caelestium
1639 4736 1789 4791 prae-

127 4808 476 4877 miorum,in
507 4808 797 4881 profundo
827 4806 1236 4867 inscrutabilia
1255 4807 1482 4880 judicia
1513 4807 1612 4863 Dei
1653 4824 1789 4880 pos-

121 4912 331 4954 sumus
354 4895 783 4971 intelligere,ut
806 4901 1047 4954 Patrum
1068 4896 1243 4953 refert
1269 4896 1457 4954 ﬁdelis
1478 4901 1535 4953 et
1556 4896 1792 4969 amplis-

129 4986 268 5042 sime
288 4988 543 5061 opinata
558 4985 1119 5067 relatio.Imperante
1137 4986 1353 5042 Helena
1370 4989 1636 5061 Augusta
1655 5003 1789 5040 cum

133 5073 579 5148 Augustissimo
632 5074 760 5146 ejus
807 5072 929 5130 ﬁlio
976 5073 1530 5142 Constantino,crux
1558 5073 1792 5129 inventa

127 5165 482 5233 praedicatur
507 5167 566 5221 et
593 5162 871 5233 creditur,
902 5167 961 5220 et
1001 5167 1280 5241 regnante
1328 5162 1562 5220 Eraeleo
1610 5162 1790 5218 victo-

124 5249 462 5309 riosissimo
487 5268 621 5328 rege
638 5257 696 5310 et
712 5251 1216 5309 Christianissimo
1232 5251 1495 5328 principe
1524 5253 1789 5324 ejusdem

120 5336 442 5396 Dominicae
475 5342 755 5398 adoretur
773 5345 835 5398 et
849 5339 1059 5400 colitur
1078 5340 1455 5415 triumphalis
1469 5345 1526 5398 et
1545 5340 1790 5398 celebris

122 5427 426 5486 exultatio.
460 5429 575 5487 Nos
606 5431 749 5505 quid
784 5418 993 5487 sumus
1023 5430 1124 5503 qui
1158 5429 1382 5504 aliquid
1434 5431 1506 5487 ad
1555 5431 1790 5487 laudem

122 5518 309 5574 crucis
358 5518 628 5590 imperiti
677 5520 944 5592 scientia,
976 5519 1195 5576 indocti
1243 5520 1554 5594 sapientia,
1588 5518 1794 5592 lingua

120 5602 516 5676 balbutiente,
544 5609 633 5669 vel
666 5625 875 5688 parum
926 5608 1343 5685 praesumimus
1386 5608 1617 5669 dicere?
1645 5609 1795 5678 Quot

454 5734 724 5804 Punct.
770 5737 1004 5802 CXLII.

1898 4648 2039 4687 crux
2095 4631 2517 4705 prophetarum
2576 4632 2948 4705 praeconatio,
2983 4652 3126 4692 crux
3183 4636 3550 4693 adnuntiatio

1899 4717 2321 4792 apostolorum,
2353 4737 2494 4776 crux
2519 4726 2844 4796 martyrum
2874 4721 3323 4796 gloriatio,crux
3347 4741 3550 4780 mona-

1898 4808 2142 4864 chorum
2174 4809 2549 4879 abstinentia,
2583 4828 2727 4867 crux
2774 4811 3068 4885 virginum
3118 4812 3378 4882 castitas,
3410 4829 3553 4869 crux

1897 4897 2178 4969 gaudium
2210 4898 2749 4966 sacerdotum,crux
2776 4900 3042 4958 Ecclesiae
3074 4900 3549 4971 fundamentum,

1899 5002 2040 5041 crux
2060 4986 2218 5041 orbis
2240 4991 2403 5043 terrae
2426 4988 2655 5044 cautela
2671 5006 2813 5045 crux
2827 4990 3180 5063 templorum
3207 4989 3550 5059 destructio,

1900 5092 2040 5131 crux
2065 5074 2357 5131 idolorum
2380 5076 2808 5149 repulsio,crux
2828 5078 3173 5136 scandalum
3189 5079 3550 5149 Judzeorum,

1899 5181 2043 5220 crux
2071 5164 2320 5237 perditio
2352 5164 2692 5238 impiorum,
2725 5184 2869 5225 crux
2908 5166 3297 5226 invalidorum
3340 5169 3551 5240 virtus,

1899 5270 2042 5310 crux
2069 5254 2480 5326 aegrotantium
2512 5256 2799 5328 medicus,
2825 5274 2969 5314 crux
2995 5257 3336 5316 emundatio
3362 5258 3554 5333 lepro-

1898 5359 2269 5410 sorum,crux
2286 5343 2742 5417 paralyticorum
2757 5346 3157 5420 requies,crux
3166 5347 3555 5406 esurientium

1899 5432 2240 5505 panis,crux
2252 5432 2579 5496 sitientium
2597 5433 2897 5504 fons,crux
2908 5435 3201 5494 nudorum
3213 5437 3556 5511 protectio.»

1898 5522 1986 5579 Sit
2012 5521 2182 5580 nobis
2223 5521 2338 5591 via,
2371 5522 2509 5591 vita,
2562 5522 2724 5582 salus
2777 5523 3047 5585 Christus
3092 5526 3426 5599 cruciﬁxus,
3453 5526 3559 5601 qui

1902 5628 2009 5673 nos
2039 5627 2273 5689 semper
2300 5611 2504 5689 salvet,
2532 5613 2633 5691 qui
2664 5613 2877 5675 saecula
2904 5616 3117 5677 cuncta
3143 5606 3449 5692 gubernet.
3472 5614 3561 5677 Sit

3158 5742 3237 5809 33
