  <div class='ocr_page' id='page_1' title='image "/cluster/home/n/w/nwhite01/storage/ocr_20150623/142/hvd.32044054760020/523.png"; bbox 0 0 4054 6158; ppageno 0'>
   <div class='ocr_carea' id='block_1_1' title="bbox 526 267 685 333">
    <p class='ocr_par' dir='ltr' id='par_1_1' title="bbox 526 267 685 333">
     <span class='ocr_line' id='line_1_1' title="bbox 526 267 685 333; baseline 0 -2"><span class='ocrx_word' id='word_1_1' title='bbox 526 267 685 333; x_wconf 70' lang='grc'><strong>1035</strong></span> 
     </span>
    </p>
   </div>
   <div class='ocr_carea' id='block_1_2' title="bbox 1446 272 3015 343">
    <p class='ocr_par' dir='ltr' id='par_1_2' title="bbox 1446 272 3015 343">
     <span class='ocr_line' id='line_1_2' title="bbox 1446 272 3015 343; baseline 0.002 -8"><span class='ocrx_word' id='word_1_2' title='bbox 1446 275 1508 335; x_wconf 92' lang='lat' dir='ltr'><strong>S.</strong></span> <span class='ocrx_word' id='word_1_3' title='bbox 1558 273 1922 343; x_wconf 77' lang='lat' dir='ltr'><strong>ODILONIS</strong></span> <span class='ocrx_word' id='word_1_4' title='bbox 1966 272 2529 340; x_wconf 78' lang='lat' dir='ltr'><strong>CLUNIACENSIS</strong></span> <span class='ocrx_word' id='word_1_5' title='bbox 2575 276 2900 340; x_wconf 87' lang='lat' dir='ltr'><strong>ABBATIS</strong></span> <span class='ocrx_word' id='word_1_6' title='bbox 2943 277 3015 338; x_wconf 85' lang='lat' dir='ltr'><strong>V.</strong></span> 
     </span>
    </p>
   </div>
   <div class='ocr_carea' id='block_1_3' title="bbox 3713 281 3824 346">
    <p class='ocr_par' dir='ltr' id='par_1_3' title="bbox 3713 281 3824 346">
     <span class='ocr_line' id='line_1_3' title="bbox 3713 281 3824 346; baseline 0.018 -2"><span class='ocrx_word' id='word_1_7' title='bbox 3713 281 3824 346; x_wconf 69' lang='lat'><strong>1036</strong></span> 
     </span>
    </p>
   </div>
   <div class='ocr_carea' id='block_1_4' title="bbox 527 402 3824 484">
    <p class='ocr_par' dir='ltr' id='par_1_4' title="bbox 527 402 3824 484">
     <span class='ocr_line' id='line_1_4' title="bbox 527 402 3824 484; baseline 0.004 -25"><span class='ocrx_word' id='word_1_8' title='bbox 527 418 670 460; x_wconf 86' lang='lat' dir='ltr'><strong>crux</strong></span> <span class='ocrx_word' id='word_1_9' title='bbox 698 407 1032 462; x_wconf 88' lang='lat' dir='ltr'><strong>nostrorum</strong></span> <span class='ocrx_word' id='word_1_10' title='bbox 1061 402 1327 462; x_wconf 90' lang='lat' dir='ltr'><strong>omnium</strong></span> <span class='ocrx_word' id='word_1_11' title='bbox 1355 405 1543 465; x_wconf 74' lang='lat' dir='ltr'><strong>virtus</strong></span> <span class='ocrx_word' id='word_1_12' title='bbox 1572 411 1630 464; x_wconf 90' lang='lat' dir='ltr'><strong>et</strong></span> <span class='ocrx_word' id='word_1_13' title='bbox 1658 407 1971 482; x_wconf 85' lang='lat' dir='ltr'><strong>refugium,</strong></span> <span class='ocrx_word' id='word_1_14' title='bbox 2017 407 2182 465; x_wconf 82' lang='lat' dir='ltr'><strong>auxi-</strong></span> <span class='ocrx_word' id='word_1_15' title='bbox 2209 409 2265 476; x_wconf 83' lang='grc' dir='ltr'><strong>Α</strong></span> <span class='ocrx_word' id='word_1_16' title='bbox 2294 407 2472 480; x_wconf 90' lang='lat' dir='ltr'><strong>cium,</strong></span> <span class='ocrx_word' id='word_1_17' title='bbox 2506 408 2608 482; x_wconf 85' lang='lat' dir='ltr'><strong>qui</strong></span> <span class='ocrx_word' id='word_1_18' title='bbox 2634 425 2770 466; x_wconf 90' lang='lat' dir='ltr'><strong>cum</strong></span> <span class='ocrx_word' id='word_1_19' title='bbox 2800 409 2967 466; x_wconf 81' lang='lat' dir='ltr'><strong>Patre</strong></span> <span class='ocrx_word' id='word_1_20' title='bbox 2997 413 3052 466; x_wconf 93' lang='lat' dir='ltr'><strong>et</strong></span> <span class='ocrx_word' id='word_1_21' title='bbox 3081 409 3294 484; x_wconf 84' lang='lat' dir='ltr'><strong>Spiritu</strong></span> <span class='ocrx_word' id='word_1_22' title='bbox 3322 416 3507 469; x_wconf 88' lang='lat' dir='ltr'><strong>sancto</strong></span> <span class='ocrx_word' id='word_1_23' title='bbox 3531 413 3650 470; x_wconf 87' lang='lat' dir='ltr'><strong>vivit</strong></span> <span class='ocrx_word' id='word_1_24' title='bbox 3686 419 3730 471; x_wconf 87' lang='lat' dir='ltr'><strong>et</strong></span> <span class='ocrx_word' id='word_1_25' title='bbox 3764 433 3824 473; x_wconf 82' lang='lat' dir='ltr'><strong>re-</strong></span> 
     </span>
    </p>
   </div>
   <div class='ocr_carea' id='block_1_5' title="bbox 515 491 2183 595">
    <p class='ocr_par' dir='ltr' id='par_1_5' title="bbox 515 491 2183 595">
     <span class='ocr_line' id='line_1_5' title="bbox 515 491 2183 595; baseline 0.003 -47"><span class='ocrx_word' id='word_1_26' title='bbox 515 491 708 552; x_wconf 75' lang='lat' dir='ltr'><strong>-liante</strong></span> <span class='ocrx_word' id='word_1_27' title='bbox 731 511 798 551; x_wconf 92' lang='lat' dir='ltr'><strong>eo</strong></span> <span class='ocrx_word' id='word_1_28' title='bbox 821 493 922 569; x_wconf 90' lang='lat' dir='ltr'><strong>qui</strong></span> <span class='ocrx_word' id='word_1_29' title='bbox 937 512 1041 568; x_wconf 91' lang='lat' dir='ltr'><strong>pro</strong></span> <span class='ocrx_word' id='word_1_30' title='bbox 1066 495 1256 595; x_wconf 50' lang='lat' dir='ltr'><strong>salute</strong></span> <span class='ocrx_word' id='word_1_31' title='bbox 1275 495 1584 554; x_wconf 88' lang='lat' dir='ltr'><strong>hominum</strong></span> <span class='ocrx_word' id='word_1_32' title='bbox 1600 497 1737 554; x_wconf 90' lang='lat' dir='ltr'><strong>tulit</strong></span> <span class='ocrx_word' id='word_1_33' title='bbox 1753 499 1944 555; x_wconf 91' lang='lat' dir='ltr'><strong>crucis</strong></span> <span class='ocrx_word' id='word_1_34' title='bbox 1964 497 2183 572; x_wconf 89' lang='lat' dir='ltr'><strong>suppli-</strong></span> 
     </span>
    </p>
   </div>
   <div class='ocr_carea' id='block_1_6' title="bbox 2291 497 3615 572">
    <p class='ocr_par' dir='ltr' id='par_1_6' title="bbox 2291 497 3615 572">
     <span class='ocr_line' id='line_1_6' title="bbox 2291 497 3615 572; baseline 0.003 -18"><span class='ocrx_word' id='word_1_35' title='bbox 2291 503 2434 572; x_wconf 91' lang='lat' dir='ltr'><strong>gnat</strong></span> <span class='ocrx_word' id='word_1_36' title='bbox 2461 515 2566 572; x_wconf 91' lang='lat' dir='ltr'><strong>per</strong></span> <span class='ocrx_word' id='word_1_37' title='bbox 2592 497 2791 555; x_wconf 84' lang='lat' dir='ltr'><strong>omnia</strong></span> <span class='ocrx_word' id='word_1_38' title='bbox 2815 498 3029 556; x_wconf 67' lang='lat' dir='ltr'><strong>saecula</strong></span> <span class='ocrx_word' id='word_1_39' title='bbox 3058 497 3412 556; x_wconf 70' lang='lat' dir='ltr'><strong>saeculorum.</strong></span> <span class='ocrx_word' id='word_1_40' title='bbox 3434 503 3615 558; x_wconf 85' lang='lat' dir='ltr'><strong>Amen.</strong></span> 
     </span>
    </p>
   </div>
   <div class='ocr_carea' id='block_1_7' title="bbox 1161 715 3302 914">
    <p class='ocr_par' dir='ltr' id='par_1_7' title="bbox 1161 715 3302 914">
     <span class='ocr_line' id='line_1_7' title="bbox 1161 715 3302 914; baseline 0 -2"><span class='ocrx_word' id='word_1_41' title='bbox 1161 786 1661 913; x_wconf 84' lang='lat' dir='ltr'><strong>SANCTI</strong></span> <span class='ocrx_word' id='word_1_42' title='bbox 1753 786 2362 914; x_wconf 88' lang='lat' dir='ltr'><strong>ODILONIS</strong></span> <span class='ocrx_word' id='word_1_43' title='bbox 2459 715 3302 914; x_wconf 79' lang='lat' dir='ltr'><strong>CREDULITAS</strong></span> 
     </span>
    </p>
   </div>
   <div class='ocr_carea' id='block_1_8' title="bbox 1705 1011 2764 1084">
    <p class='ocr_par' dir='ltr' id='par_1_8' title="bbox 1705 1011 2764 1084">
     <span class='ocr_line' id='line_1_8' title="bbox 1705 1011 2764 1084; baseline 0 -18"><span class='ocrx_word' id='word_1_44' title='bbox 1705 1011 2064 1084; x_wconf 79' lang='lat' dir='ltr'><strong>(Bibliotheca</strong></span> <span class='ocrx_word' id='word_1_45' title='bbox 2096 1011 2488 1078; x_wconf 77' lang='lat' dir='ltr'><strong>Cluniacensis,</strong></span> <span class='ocrx_word' id='word_1_46' title='bbox 2523 1027 2582 1084; x_wconf 92' lang='lat' dir='ltr'><strong>p.</strong></span> <span class='ocrx_word' id='word_1_47' title='bbox 2615 1011 2764 1084; x_wconf 84' lang='lat'><strong>369.)</strong></span> 
     </span>
    </p>
   </div>
   <div class='ocr_carea' id='block_1_9' title="bbox 592 1284 2170 1358">
    <p class='ocr_par' dir='ltr' id='par_1_9' title="bbox 592 1284 2170 1358">
     <span class='ocr_line' id='line_1_9' title="bbox 592 1284 2170 1358; baseline 0 -16"><span class='ocrx_word' id='word_1_48' title='bbox 592 1287 884 1342; x_wconf 68' lang='lat' dir='ltr'><strong>Eternam</strong></span> <span class='ocrx_word' id='word_1_49' title='bbox 911 1284 1074 1342; x_wconf 87' lang='lat' dir='ltr'><strong>illam</strong></span> <span class='ocrx_word' id='word_1_50' title='bbox 1089 1289 1146 1342; x_wconf 92' lang='lat' dir='ltr'><strong>et</strong></span> <span class='ocrx_word' id='word_1_51' title='bbox 1165 1285 1736 1358; x_wconf 86' lang='lat' dir='ltr'><strong>incircumscriptam</strong></span> <span class='ocrx_word' id='word_1_52' title='bbox 1769 1303 2014 1343; x_wconf 62' lang='lat' dir='ltr'><strong>summie</strong></span> <span class='ocrx_word' id='word_1_53' title='bbox 2037 1285 2170 1342; x_wconf 87' lang='lat' dir='ltr'><strong>divi.</strong></span> 
     </span>
    </p>
   </div>
   <div class='ocr_carea' id='block_1_10' title="bbox 523 1373 2174 1448">
    <p class='ocr_par' dir='ltr' id='par_1_10' title="bbox 523 1373 2174 1448">
     <span class='ocr_line' id='line_1_10' title="bbox 523 1373 2174 1448; baseline -0.001 -19"><span class='ocrx_word' id='word_1_54' title='bbox 523 1373 726 1430; x_wconf 81' lang='lat' dir='ltr'><strong>uitatis</strong></span> <span class='ocrx_word' id='word_1_55' title='bbox 757 1375 1063 1444; x_wconf 90' lang='lat' dir='ltr'><strong>unitatem,</strong></span> <span class='ocrx_word' id='word_1_56' title='bbox 1097 1375 1251 1431; x_wconf 82' lang='lat' dir='ltr'><strong>sicut</strong></span> <span class='ocrx_word' id='word_1_57' title='bbox 1279 1375 1466 1431; x_wconf 84' lang='lat' dir='ltr'><strong>sancti</strong></span> <span class='ocrx_word' id='word_1_58' title='bbox 1497 1375 1688 1448; x_wconf 81' lang='lat' dir='ltr'><strong>angeli</strong></span> <span class='ocrx_word' id='word_1_59' title='bbox 1739 1381 1795 1431; x_wconf 90' lang='lat' dir='ltr'><strong>et</strong></span> <span class='ocrx_word' id='word_1_60' title='bbox 1842 1375 2174 1446; x_wconf 76' lang='lat' dir='ltr'><strong>archangeli</strong></span> 
     </span>
    </p>
   </div>
   <div class='ocr_carea' id='block_1_11' title="bbox 523 1460 2178 1536">
    <p class='ocr_par' dir='ltr' id='par_1_11' title="bbox 523 1460 2178 1536">
     <span class='ocr_line' id='line_1_11' title="bbox 523 1460 2178 1536; baseline 0.001 -20"><span class='ocrx_word' id='word_1_61' title='bbox 523 1476 847 1536; x_wconf 88' lang='lat' dir='ltr'><strong>omnesque</strong></span> <span class='ocrx_word' id='word_1_62' title='bbox 862 1463 1049 1518; x_wconf 83' lang='lat' dir='ltr'><strong>sancti</strong></span> <span class='ocrx_word' id='word_1_63' title='bbox 1071 1462 1317 1518; x_wconf 88' lang='lat' dir='ltr'><strong>adorant</strong></span> <span class='ocrx_word' id='word_1_64' title='bbox 1337 1462 1396 1517; x_wconf 90' lang='lat' dir='ltr'><strong>in</strong></span> <span class='ocrx_word' id='word_1_65' title='bbox 1417 1461 1599 1530; x_wconf 80' lang='lat' dir='ltr'><strong>coelis,</strong></span> <span class='ocrx_word' id='word_1_66' title='bbox 1623 1461 1821 1530; x_wconf 89' lang='lat' dir='ltr'><strong>adoro,</strong></span> <span class='ocrx_word' id='word_1_67' title='bbox 1841 1461 2038 1529; x_wconf 88' lang='lat' dir='ltr'><strong>laudo,</strong></span> <span class='ocrx_word' id='word_1_68' title='bbox 2053 1460 2178 1533; x_wconf 91' lang='lat' dir='ltr'><strong>glo-</strong></span> 
     </span>
    </p>
   </div>
   <div class='ocr_carea' id='block_1_12' title="bbox 525 1549 2182 1620">
    <p class='ocr_par' dir='ltr' id='par_1_12' title="bbox 525 1549 2182 1620">
     <span class='ocr_line' id='line_1_12' title="bbox 525 1549 2182 1620; baseline 0.001 -16"><span class='ocrx_word' id='word_1_69' title='bbox 525 1549 688 1606; x_wconf 82' lang='lat' dir='ltr'><strong>riﬁco</strong></span> <span class='ocrx_word' id='word_1_70' title='bbox 717 1555 775 1607; x_wconf 90' lang='lat' dir='ltr'><strong>et</strong></span> <span class='ocrx_word' id='word_1_71' title='bbox 803 1551 1100 1612; x_wconf 86' lang='lat' dir='ltr'><strong>benedico.</strong></span> <span class='ocrx_word' id='word_1_72' title='bbox 1135 1550 1319 1608; x_wconf 82' lang='lat' dir='ltr'>Credo</span> <span class='ocrx_word' id='word_1_73' title='bbox 1349 1554 1406 1607; x_wconf 92' lang='lat' dir='ltr'><strong>et</strong></span> <span class='ocrx_word' id='word_1_74' title='bbox 1433 1551 1714 1606; x_wconf 91' lang='lat' dir='ltr'><strong>conﬁteor</strong></span> <span class='ocrx_word' id='word_1_75' title='bbox 1745 1551 2063 1620; x_wconf 91' lang='lat' dir='ltr'><strong>Patrem,et</strong></span> <span class='ocrx_word' id='word_1_76' title='bbox 2094 1551 2182 1606; x_wconf 88' lang='lat' dir='ltr'><strong>Fi-</strong></span> 
     </span>
    </p>
   </div>
   <div class='ocr_carea' id='block_1_13' title="bbox 522 1637 2177 1712">
    <p class='ocr_par' dir='ltr' id='par_1_13' title="bbox 522 1637 2177 1712">
     <span class='ocr_line' id='line_1_13' title="bbox 522 1637 2177 1712; baseline 0.001 -17"><span class='ocrx_word' id='word_1_77' title='bbox 522 1637 754 1706; x_wconf 85' lang='lat' dir='ltr'><strong>lium,et</strong></span> <span class='ocrx_word' id='word_1_78' title='bbox 779 1638 1064 1712; x_wconf 85' lang='lat' dir='ltr'><strong>Spiritum</strong></span> <span class='ocrx_word' id='word_1_79' title='bbox 1087 1644 1380 1709; x_wconf 90' lang='lat' dir='ltr'><strong>sanctum,</strong></span> <span class='ocrx_word' id='word_1_80' title='bbox 1409 1639 1632 1694; x_wconf 89' lang='lat' dir='ltr'><strong>trinum</strong></span> <span class='ocrx_word' id='word_1_81' title='bbox 1670 1641 1958 1712; x_wconf 84' lang='lat' dir='ltr'><strong>personis,</strong></span> <span class='ocrx_word' id='word_1_82' title='bbox 1993 1657 2177 1696; x_wconf 93' lang='lat' dir='ltr'><strong>unum</strong></span> 
     </span>
    </p>
   </div>
   <div class='ocr_carea' id='block_1_14' title="bbox 522 1726 2181 1802">
    <p class='ocr_par' dir='ltr' id='par_1_14' title="bbox 522 1726 2181 1802">
     <span class='ocr_line' id='line_1_14' title="bbox 522 1726 2181 1802; baseline 0.002 -19"><span class='ocrx_word' id='word_1_83' title='bbox 522 1726 584 1784; x_wconf 92' lang='lat' dir='ltr'><strong>in</strong></span> <span class='ocrx_word' id='word_1_84' title='bbox 615 1727 839 1786; x_wconf 87' lang='lat' dir='ltr'><strong>Deitate</strong></span> <span class='ocrx_word' id='word_1_85' title='bbox 867 1733 927 1786; x_wconf 90' lang='lat' dir='ltr'><strong>et</strong></span> <span class='ocrx_word' id='word_1_86' title='bbox 956 1729 1308 1797; x_wconf 79' lang='lat' dir='ltr'><strong>substantia,</strong></span> <span class='ocrx_word' id='word_1_87' title='bbox 1337 1732 1513 1802; x_wconf 85' lang='lat' dir='ltr'><strong>atque</strong></span> <span class='ocrx_word' id='word_1_88' title='bbox 1535 1729 1687 1786; x_wconf 90' lang='lat' dir='ltr'><strong>sicut</strong></span> <span class='ocrx_word' id='word_1_89' title='bbox 1715 1730 1902 1786; x_wconf 83' lang='lat' dir='ltr'><strong>sancti</strong></span> <span class='ocrx_word' id='word_1_90' title='bbox 1935 1730 2181 1802; x_wconf 87' lang='lat' dir='ltr'><strong>patriar-</strong></span> 
     </span>
    </p>
   </div>
   <div class='ocr_carea' id='block_1_15' title="bbox 523 1815 2180 1892">
    <p class='ocr_par' dir='ltr' id='par_1_15' title="bbox 523 1815 2180 1892">
     <span class='ocr_line' id='line_1_15' title="bbox 523 1815 2180 1892; baseline 0.001 -18"><span class='ocrx_word' id='word_1_91' title='bbox 523 1815 644 1874; x_wconf 71' lang='lat' dir='ltr'><strong>chaa</strong></span> <span class='ocrx_word' id='word_1_92' title='bbox 693 1821 752 1874; x_wconf 85' lang='lat' dir='ltr'><strong>et</strong></span> <span class='ocrx_word' id='word_1_93' title='bbox 797 1817 1092 1891; x_wconf 62' lang='lat' dir='ltr'><strong>propheta;</strong></span> <span class='ocrx_word' id='word_1_94' title='bbox 1123 1817 1536 1891; x_wconf 66' lang='lat' dir='ltr'><strong>praedixerunt,</strong></span> <span class='ocrx_word' id='word_1_95' title='bbox 1568 1817 1812 1892; x_wconf 85' lang='lat' dir='ltr'><strong>angelus</strong></span> <span class='ocrx_word' id='word_1_96' title='bbox 1842 1817 2076 1875; x_wconf 87' lang='lat' dir='ltr'><strong>Gabriel</strong></span> <span class='ocrx_word' id='word_1_97' title='bbox 2108 1819 2180 1875; x_wconf 91' lang='lat' dir='ltr'><strong>de</strong></span> 
     </span>
    </p>
   </div>
   <div class='ocr_carea' id='block_1_16' title="bbox 2287 1281 3836 1358">
    <p class='ocr_par' dir='ltr' id='par_1_16' title="bbox 2287 1281 3836 1358">
     <span class='ocr_line' id='line_1_16' title="bbox 2287 1281 3836 1358; baseline -0.003 -17"><span class='ocrx_word' id='word_1_98' title='bbox 2287 1301 2564 1342; x_wconf 88' lang='lat' dir='ltr'><strong>concessa</strong></span> <span class='ocrx_word' id='word_1_99' title='bbox 2623 1284 2924 1352; x_wconf 87' lang='lat' dir='ltr'><strong>beneﬁcia,</strong></span> <span class='ocrx_word' id='word_1_100' title='bbox 2983 1289 3041 1341; x_wconf 91' lang='lat' dir='ltr'><strong>et</strong></span> <span class='ocrx_word' id='word_1_101' title='bbox 3095 1283 3552 1358; x_wconf 67' lang='lat' dir='ltr'><strong>praedicationem</strong></span> <span class='ocrx_word' id='word_1_102' title='bbox 3600 1281 3836 1356; x_wconf 84' lang='lat' dir='ltr'><strong>Evangelii,</strong></span> 
     </span>
    </p>
   </div>
   <div class='ocr_carea' id='block_1_17' title="bbox 2287 1371 3840 1446">
    <p class='ocr_par' dir='ltr' id='par_1_17' title="bbox 2287 1371 3840 1446">
     <span class='ocr_line' id='line_1_17' title="bbox 2287 1371 3840 1446; baseline -0.003 -17"><span class='ocrx_word' id='word_1_103' title='bbox 2287 1377 2506 1430; x_wconf 87' lang='lat' dir='ltr'><strong>statuto</strong></span> <span class='ocrx_word' id='word_1_104' title='bbox 2537 1377 2596 1429; x_wconf 90' lang='lat' dir='ltr'><strong>et</strong></span> <span class='ocrx_word' id='word_1_105' title='bbox 2628 1373 3012 1446; x_wconf 80' lang='lat' dir='ltr'><strong>praeordinato</strong></span> <span class='ocrx_word' id='word_1_106' title='bbox 3045 1377 3301 1446; x_wconf 88' lang='lat' dir='ltr'><strong>tempore</strong></span> <span class='ocrx_word' id='word_1_107' title='bbox 3330 1391 3364 1430; x_wconf 88' lang='lat' dir='ltr'><strong>a</strong></span> <span class='ocrx_word' id='word_1_108' title='bbox 3390 1371 3649 1444; x_wconf 86' lang='lat' dir='ltr'><strong>discipulo</strong></span> <span class='ocrx_word' id='word_1_109' title='bbox 3675 1371 3840 1444; x_wconf 86' lang='lat' dir='ltr'><strong>proprio</strong></span> 
     </span>
    </p>
   </div>
   <div class='ocr_carea' id='block_1_18' title="bbox 2286 1459 3839 1535">
    <p class='ocr_par' dir='ltr' id='par_1_18' title="bbox 2286 1459 3839 1535">
     <span class='ocr_line' id='line_1_18' title="bbox 2286 1459 3839 1535; baseline -0.003 -18"><span class='ocrx_word' id='word_1_110' title='bbox 2286 1462 2592 1530; x_wconf 87' lang='lat' dir='ltr'><strong>traditum,</strong></span> <span class='ocrx_word' id='word_1_111' title='bbox 2671 1480 2705 1518; x_wconf 90' lang='lat' dir='ltr'><strong>a</strong></span> <span class='ocrx_word' id='word_1_112' title='bbox 2779 1461 3000 1518; x_wconf 69' lang='lat' dir='ltr'><strong>Judaeis</strong></span> <span class='ocrx_word' id='word_1_113' title='bbox 3078 1462 3576 1535; x_wconf 89' lang='lat' dir='ltr'><strong>comprehensum,</strong></span> <span class='ocrx_word' id='word_1_114' title='bbox 3643 1459 3839 1532; x_wconf 83' lang='lat' dir='ltr'><strong>ligatum,</strong></span> 
     </span>
    </p>
   </div>
   <div class='ocr_carea' id='block_1_19' title="bbox 2289 1548 3842 1624">
    <p class='ocr_par' dir='ltr' id='par_1_19' title="bbox 2289 1548 3842 1624">
     <span class='ocr_line' id='line_1_19' title="bbox 2289 1548 3842 1624; baseline -0.005 -17"><span class='ocrx_word' id='word_1_115' title='bbox 2289 1551 2668 1624; x_wconf 83' lang='lat' dir='ltr'><strong>ﬂagellatum,</strong></span> <span class='ocrx_word' id='word_1_116' title='bbox 2720 1551 3174 1624; x_wconf 87' lang='lat' dir='ltr'><strong>colaphizatum,</strong></span> <span class='ocrx_word' id='word_1_117' title='bbox 3225 1551 3415 1624; x_wconf 85' lang='lat' dir='ltr'><strong>sputis</strong></span> <span class='ocrx_word' id='word_1_118' title='bbox 3463 1549 3669 1615; x_wconf 86' lang='lat' dir='ltr'><strong>illitum,</strong></span> <span class='ocrx_word' id='word_1_119' title='bbox 3713 1548 3842 1620; x_wconf 82' lang='lat' dir='ltr'><strong>spinis</strong></span> 
     </span>
    </p>
   </div>
   <div class='ocr_carea' id='block_1_20' title="bbox 2288 1638 3841 1712">
    <p class='ocr_par' dir='ltr' id='par_1_20' title="bbox 2288 1638 3841 1712">
     <span class='ocr_line' id='line_1_20' title="bbox 2288 1638 3841 1712; baseline -0.003 -18"><span class='ocrx_word' id='word_1_120' title='bbox 2288 1644 2654 1707; x_wconf 89' lang='lat' dir='ltr'><strong>coronatum,</strong></span> <span class='ocrx_word' id='word_1_121' title='bbox 2689 1644 2850 1696; x_wconf 88' lang='lat' dir='ltr'><strong>aceto</strong></span> <span class='ocrx_word' id='word_1_122' title='bbox 2901 1645 3184 1712; x_wconf 89' lang='lat' dir='ltr'><strong>potatum,</strong></span> <span class='ocrx_word' id='word_1_123' title='bbox 3238 1638 3586 1706; x_wconf 82' lang='lat' dir='ltr'><strong>cruciﬁxum,</strong></span> <span class='ocrx_word' id='word_1_124' title='bbox 3625 1642 3841 1692; x_wconf 84' lang='lat' dir='ltr'><strong>mortuum</strong></span> 
     </span>
    </p>
   </div>
   <div class='ocr_carea' id='block_1_21' title="bbox 2287 1723 3842 1802">
    <p class='ocr_par' dir='ltr' id='par_1_21' title="bbox 2287 1723 3842 1802">
     <span class='ocr_line' id='line_1_21' title="bbox 2287 1723 3842 1802; baseline -0.005 -17"><span class='ocrx_word' id='word_1_125' title='bbox 2287 1733 2347 1785; x_wconf 90' lang='lat' dir='ltr'><strong>et</strong></span> <span class='ocrx_word' id='word_1_126' title='bbox 2376 1727 2704 1802; x_wconf 90' lang='lat' dir='ltr'><strong>sepultum;</strong></span> <span class='ocrx_word' id='word_1_127' title='bbox 2737 1729 2911 1784; x_wconf 89' lang='lat' dir='ltr'><strong>tertia</strong></span> <span class='ocrx_word' id='word_1_128' title='bbox 2933 1728 3048 1795; x_wconf 90' lang='lat' dir='ltr'><strong>die,</strong></span> <span class='ocrx_word' id='word_1_129' title='bbox 3079 1729 3306 1784; x_wconf 88' lang='lat' dir='ltr'><strong>devicto</strong></span> <span class='ocrx_word' id='word_1_130' title='bbox 3354 1725 3572 1784; x_wconf 86' lang='lat' dir='ltr'><strong>diabolo</strong></span> <span class='ocrx_word' id='word_1_131' title='bbox 3596 1730 3647 1782; x_wconf 88' lang='lat' dir='ltr'><strong>et</strong></span> <span class='ocrx_word' id='word_1_132' title='bbox 3668 1723 3842 1797; x_wconf 79' lang='lat' dir='ltr'><strong>spoliato</strong></span> 
     </span>
    </p>
   </div>
   <div class='ocr_carea' id='block_1_22' title="bbox 2288 1813 3842 1891">
    <p class='ocr_par' dir='ltr' id='par_1_22' title="bbox 2288 1813 3842 1891">
     <span class='ocr_line' id='line_1_22' title="bbox 2288 1813 3842 1891; baseline -0.003 -19"><span class='ocrx_word' id='word_1_133' title='bbox 2288 1818 2539 1885; x_wconf 78' lang='lat' dir='ltr'><strong>inferno,</strong></span> <span class='ocrx_word' id='word_1_134' title='bbox 2572 1835 2607 1874; x_wconf 89' lang='lat' dir='ltr'><strong>a</strong></span> <span class='ocrx_word' id='word_1_135' title='bbox 2645 1817 2896 1874; x_wconf 88' lang='lat' dir='ltr'><strong>mortuis</strong></span> <span class='ocrx_word' id='word_1_136' title='bbox 2946 1817 3182 1891; x_wconf 89' lang='lat' dir='ltr'><strong>propria</strong></span> <span class='ocrx_word' id='word_1_137' title='bbox 3228 1817 3443 1873; x_wconf 80' lang='lat' dir='ltr'><strong>virtute</strong></span> <span class='ocrx_word' id='word_1_138' title='bbox 3490 1813 3842 1878; x_wconf 86' lang='lat' dir='ltr'><strong>resuscitatum;</strong></span> 
     </span>
    </p>
   </div>
   <div class='ocr_carea' id='block_1_23' title="bbox 520 1898 3845 1994">
    <p class='ocr_par' dir='ltr' id='par_1_23' title="bbox 520 1898 3845 1994">
     <span class='ocr_line' id='line_1_23' title="bbox 520 1898 3845 1994; baseline -0.002 -31"><span class='ocrx_word' id='word_1_139' title='bbox 520 1905 682 1963; x_wconf 77' lang='lat' dir='ltr'><strong>ocelis</strong></span> <span class='ocrx_word' id='word_1_140' title='bbox 713 1907 785 1964; x_wconf 92' lang='lat' dir='ltr'><strong>ad</strong></span> <span class='ocrx_word' id='word_1_141' title='bbox 817 1907 1118 1982; x_wconf 83' lang='lat' dir='ltr'><strong>Virginem</strong></span> <span class='ocrx_word' id='word_1_142' title='bbox 1150 1908 1372 1965; x_wconf 90' lang='lat' dir='ltr'><strong>missus</strong></span> <span class='ocrx_word' id='word_1_143' title='bbox 1395 1908 1907 1974; x_wconf 88' lang='lat' dir='ltr'><strong>enarravit,sancti</strong></span> <span class='ocrx_word' id='word_1_144' title='bbox 1931 1907 2180 1980; x_wconf 85' lang='lat' dir='ltr'><strong>apostoli</strong></span> <span class='ocrx_word' id='word_1_145' title='bbox 2208 1929 2257 1994; x_wconf 82' lang='grc' dir='ltr'><strong>Β</strong></span> <span class='ocrx_word' id='word_1_146' title='bbox 2288 1924 2394 1980; x_wconf 89' lang='lat' dir='ltr'><strong>per</strong></span> <span class='ocrx_word' id='word_1_147' title='bbox 2424 1907 2817 1980; x_wconf 83' lang='lat' dir='ltr'><strong>quadraginta</strong></span> <span class='ocrx_word' id='word_1_148' title='bbox 2841 1907 2967 1964; x_wconf 91' lang='lat' dir='ltr'><strong>dies</strong></span> <span class='ocrx_word' id='word_1_149' title='bbox 3001 1907 3286 1980; x_wconf 90' lang='lat' dir='ltr'><strong>apostolis</strong></span> <span class='ocrx_word' id='word_1_150' title='bbox 3315 1907 3375 1962; x_wconf 90' lang='lat' dir='ltr'><strong>in</strong></span> <span class='ocrx_word' id='word_1_151' title='bbox 3406 1898 3845 1994; x_wconf 66' lang='lat' dir='ltr'><strong>carnecjuacruci-</strong></span> 
     </span>
    </p>
   </div>
   <div class='ocr_carea' id='block_1_24' title="bbox 523 1995 2177 2070">
    <p class='ocr_par' dir='ltr' id='par_1_24' title="bbox 523 1995 2177 2070">
     <span class='ocr_line' id='line_1_24' title="bbox 523 1995 2177 2070; baseline 0 -18"><span class='ocrx_word' id='word_1_152' title='bbox 523 1995 1034 2067; x_wconf 88' lang='lat' dir='ltr'><strong>denuntiaverunt,</strong></span> <span class='ocrx_word' id='word_1_153' title='bbox 1067 1997 1436 2070; x_wconf 71' lang='lat' dir='ltr'><strong>evangelista:</strong></span> <span class='ocrx_word' id='word_1_154' title='bbox 1466 1995 2177 2070; x_wconf 82' lang='lat' dir='ltr'><strong>evangelizaverunt,mar-</strong></span> 
     </span>
    </p>
   </div>
   <div class='ocr_carea' id='block_1_25' title="bbox 520 2085 2177 2158">
    <p class='ocr_par' dir='ltr' id='par_1_25' title="bbox 520 2085 2177 2158">
     <span class='ocr_line' id='line_1_25' title="bbox 520 2085 2177 2158; baseline 0.001 -19"><span class='ocrx_word' id='word_1_155' title='bbox 520 2088 680 2158; x_wconf 75' lang='lat' dir='ltr'><strong>tyres</strong></span> <span class='ocrx_word' id='word_1_156' title='bbox 709 2085 1193 2157; x_wconf 66' lang='lat' dir='ltr'><strong>praedicaverunt,</strong></span> <span class='ocrx_word' id='word_1_157' title='bbox 1225 2086 1588 2142; x_wconf 86' lang='lat' dir='ltr'><strong>confessores</strong></span> <span class='ocrx_word' id='word_1_158' title='bbox 1613 2087 1941 2142; x_wconf 85' lang='lat' dir='ltr'><strong>docuerunt</strong></span> <span class='ocrx_word' id='word_1_159' title='bbox 1959 2090 2016 2142; x_wconf 91' lang='lat' dir='ltr'><strong>et</strong></span> <span class='ocrx_word' id='word_1_160' title='bbox 2043 2103 2177 2142; x_wconf 88' lang='lat' dir='ltr'><strong>san-</strong></span> 
     </span>
    </p>
   </div>
   <div class='ocr_carea' id='block_1_26' title="bbox 520 2172 2176 2246">
    <p class='ocr_par' dir='ltr' id='par_1_26' title="bbox 520 2172 2176 2246">
     <span class='ocr_line' id='line_1_26' title="bbox 520 2172 2176 2246; baseline 0 -18"><span class='ocrx_word' id='word_1_161' title='bbox 520 2176 594 2228; x_wconf 66' lang='lat' dir='ltr'><strong>tae</strong></span> <span class='ocrx_word' id='word_1_162' title='bbox 623 2172 878 2246; x_wconf 90' lang='lat' dir='ltr'><strong>virgines</strong></span> <span class='ocrx_word' id='word_1_163' title='bbox 907 2175 1182 2230; x_wconf 81' lang='lat' dir='ltr'><strong>confessae</strong></span> <span class='ocrx_word' id='word_1_164' title='bbox 1210 2181 1369 2230; x_wconf 90' lang='lat' dir='ltr'><strong>sunt.</strong></span> <span class='ocrx_word' id='word_1_165' title='bbox 1401 2174 1584 2230; x_wconf 84' lang='lat' dir='ltr'><strong>Credo</strong></span> <span class='ocrx_word' id='word_1_166' title='bbox 1629 2178 1685 2229; x_wconf 89' lang='lat' dir='ltr'><strong>et</strong></span> <span class='ocrx_word' id='word_1_167' title='bbox 1727 2175 2006 2230; x_wconf 86' lang='lat' dir='ltr'><strong>conﬁteor</strong></span> <span class='ocrx_word' id='word_1_168' title='bbox 2034 2174 2176 2230; x_wconf 90' lang='lat' dir='ltr'><strong>illud</strong></span> 
     </span>
    </p>
   </div>
   <div class='ocr_carea' id='block_1_27' title="bbox 522 2261 2177 2336">
    <p class='ocr_par' dir='ltr' id='par_1_27' title="bbox 522 2261 2177 2336">
     <span class='ocr_line' id='line_1_27' title="bbox 522 2261 2177 2336; baseline 0.001 -19"><span class='ocrx_word' id='word_1_169' title='bbox 522 2261 968 2335; x_wconf 84' lang='lat' dir='ltr'><strong>Verbum,quod</strong></span> <span class='ocrx_word' id='word_1_170' title='bbox 998 2263 1058 2318; x_wconf 90' lang='lat' dir='ltr'><strong>in</strong></span> <span class='ocrx_word' id='word_1_171' title='bbox 1088 2263 1374 2336; x_wconf 83' lang='lat' dir='ltr'><strong>principio</strong></span> <span class='ocrx_word' id='word_1_172' title='bbox 1406 2267 1620 2330; x_wconf 87' lang='lat' dir='ltr'><strong>erat,et</strong></span> <span class='ocrx_word' id='word_1_173' title='bbox 1647 2263 1802 2336; x_wconf 89' lang='lat' dir='ltr'><strong>apud</strong></span> <span class='ocrx_word' id='word_1_174' title='bbox 1826 2262 2009 2318; x_wconf 91' lang='lat' dir='ltr'><strong>Deum</strong></span> <span class='ocrx_word' id='word_1_175' title='bbox 2033 2268 2177 2331; x_wconf 86' lang='lat' dir='ltr'><strong>erat,</strong></span> 
     </span>
    </p>
   </div>
   <div class='ocr_carea' id='block_1_28' title="bbox 523 2351 2180 2424">
    <p class='ocr_par' dir='ltr' id='par_1_28' title="bbox 523 2351 2180 2424">
     <span class='ocr_line' id='line_1_28' title="bbox 523 2351 2180 2424; baseline 0.001 -18"><span class='ocrx_word' id='word_1_176' title='bbox 523 2353 582 2406; x_wconf 88' lang='lat' dir='ltr'><strong>et</strong></span> <span class='ocrx_word' id='word_1_177' title='bbox 611 2351 766 2406; x_wconf 90' lang='lat' dir='ltr'><strong>Deus</strong></span> <span class='ocrx_word' id='word_1_178' title='bbox 791 2355 944 2420; x_wconf 88' lang='lat' dir='ltr'><strong>erat;</strong></span> <span class='ocrx_word' id='word_1_179' title='bbox 977 2369 1081 2424; x_wconf 91' lang='lat' dir='ltr'><strong>pro</strong></span> <span class='ocrx_word' id='word_1_180' title='bbox 1115 2369 1244 2407; x_wconf 89' lang='lat' dir='ltr'><strong>mea</strong></span> <span class='ocrx_word' id='word_1_181' title='bbox 1288 2357 1346 2408; x_wconf 90' lang='lat' dir='ltr'><strong>et</strong></span> <span class='ocrx_word' id='word_1_182' title='bbox 1392 2352 1574 2408; x_wconf 85' lang='lat' dir='ltr'><strong>totius</strong></span> <span class='ocrx_word' id='word_1_183' title='bbox 1605 2353 1811 2407; x_wconf 90' lang='lat' dir='ltr'><strong>mundi</strong></span> <span class='ocrx_word' id='word_1_184' title='bbox 1837 2351 2180 2408; x_wconf 88' lang='lat' dir='ltr'><strong>liberatione</strong></span> 
     </span>
    </p>
   </div>
   <div class='ocr_carea' id='block_1_29' title="bbox 523 2439 2178 2513">
    <p class='ocr_par' dir='ltr' id='par_1_29' title="bbox 523 2439 2178 2513">
     <span class='ocr_line' id='line_1_29' title="bbox 523 2439 2178 2513; baseline 0 -17"><span class='ocrx_word' id='word_1_185' title='bbox 523 2443 582 2496; x_wconf 87' lang='lat' dir='ltr'><strong>et</strong></span> <span class='ocrx_word' id='word_1_186' title='bbox 611 2439 1033 2513; x_wconf 90' lang='lat' dir='ltr'><strong>redemptione,</strong></span> <span class='ocrx_word' id='word_1_187' title='bbox 1065 2457 1135 2497; x_wconf 83' lang='lat' dir='ltr'><strong>ex</strong></span> <span class='ocrx_word' id='word_1_188' title='bbox 1163 2441 1566 2498; x_wconf 87' lang='lat' dir='ltr'><strong>sacratissima</strong></span> <span class='ocrx_word' id='word_1_189' title='bbox 1595 2445 1653 2496; x_wconf 89' lang='lat' dir='ltr'><strong>et</strong></span> <span class='ocrx_word' id='word_1_190' title='bbox 1691 2441 2036 2496; x_wconf 88' lang='lat' dir='ltr'><strong>intemerata</strong></span> <span class='ocrx_word' id='word_1_191' title='bbox 2067 2441 2178 2496; x_wconf 93' lang='lat' dir='ltr'><strong>vir-</strong></span> 
     </span>
    </p>
   </div>
   <div class='ocr_carea' id='block_1_30' title="bbox 523 2528 2182 2604">
    <p class='ocr_par' dir='ltr' id='par_1_30' title="bbox 523 2528 2182 2604">
     <span class='ocr_line' id='line_1_30' title="bbox 523 2528 2182 2604; baseline 0.001 -20"><span class='ocrx_word' id='word_1_192' title='bbox 523 2528 660 2601; x_wconf 86' lang='lat' dir='ltr'><strong>‘gine</strong></span> <span class='ocrx_word' id='word_1_193' title='bbox 689 2528 960 2602; x_wconf 86' lang='lat' dir='ltr'><strong>Maria,in</strong></span> <span class='ocrx_word' id='word_1_194' title='bbox 988 2531 1232 2586; x_wconf 86' lang='lat' dir='ltr'><strong>veritate</strong></span> <span class='ocrx_word' id='word_1_195' title='bbox 1263 2531 1444 2586; x_wconf 90' lang='lat' dir='ltr'><strong>nostri</strong></span> <span class='ocrx_word' id='word_1_196' title='bbox 1477 2529 1891 2604; x_wconf 85' lang='lat' dir='ltr'><strong>corporis,sine</strong></span> <span class='ocrx_word' id='word_1_197' title='bbox 1920 2529 2182 2586; x_wconf 82' lang='lat' dir='ltr'><strong>humana</strong></span> 
     </span>
    </p>
   </div>
   <div class='ocr_carea' id='block_1_31' title="bbox 523 2618 2174 2692">
    <p class='ocr_par' dir='ltr' id='par_1_31' title="bbox 523 2618 2174 2692">
     <span class='ocr_line' id='line_1_31' title="bbox 523 2618 2174 2692; baseline 0.001 -20"><span class='ocrx_word' id='word_1_198' title='bbox 523 2618 1002 2692; x_wconf 83' lang='lat' dir='ltr'><strong>concupiscentia</strong></span> <span class='ocrx_word' id='word_1_199' title='bbox 1033 2619 1430 2692; x_wconf 89' lang='lat' dir='ltr'><strong>temporaliter</strong></span> <span class='ocrx_word' id='word_1_200' title='bbox 1460 2623 1794 2692; x_wconf 89' lang='lat' dir='ltr'><strong>proreatum</strong></span> <span class='ocrx_word' id='word_1_201' title='bbox 1843 2623 1900 2674; x_wconf 91' lang='lat' dir='ltr'><strong>et</strong></span> <span class='ocrx_word' id='word_1_202' title='bbox 1949 2623 2174 2687; x_wconf 90' lang='lat' dir='ltr'><strong>natum,</strong></span> 
     </span>
    </p>
   </div>
   <div class='ocr_carea' id='block_1_32' title="bbox 523 2707 2180 2782">
    <p class='ocr_par' dir='ltr' id='par_1_32' title="bbox 523 2707 2180 2782">
     <span class='ocr_line' id='line_1_32' title="bbox 523 2707 2180 2782; baseline 0 -18"><span class='ocrx_word' id='word_1_203' title='bbox 523 2707 851 2764; x_wconf 87' lang='lat' dir='ltr'><strong>secundum</strong></span> <span class='ocrx_word' id='word_1_204' title='bbox 883 2707 1071 2781; x_wconf 88' lang='lat' dir='ltr'><strong>legem</strong></span> <span class='ocrx_word' id='word_1_205' title='bbox 1103 2708 1287 2782; x_wconf 82' lang='lat' dir='ltr'><strong>Moysi</strong></span> <span class='ocrx_word' id='word_1_206' title='bbox 1309 2714 1510 2765; x_wconf 84' lang='lat' dir='ltr'><strong>octava</strong></span> <span class='ocrx_word' id='word_1_207' title='bbox 1535 2709 1628 2764; x_wconf 90' lang='lat' dir='ltr'><strong>die</strong></span> <span class='ocrx_word' id='word_1_208' title='bbox 1650 2724 1784 2764; x_wconf 92' lang='lat' dir='ltr'><strong>cum</strong></span> <span class='ocrx_word' id='word_1_209' title='bbox 1807 2707 2180 2780; x_wconf 80' lang='lat' dir='ltr'><strong>impositione</strong></span> 
     </span>
    </p>
   </div>
   <div class='ocr_carea' id='block_1_33' title="bbox 525 2796 2178 2870">
    <p class='ocr_par' dir='ltr' id='par_1_33' title="bbox 525 2796 2178 2870">
     <span class='ocr_line' id='line_1_33' title="bbox 525 2796 2178 2870; baseline -0.001 -17"><span class='ocrx_word' id='word_1_210' title='bbox 525 2796 784 2854; x_wconf 89' lang='lat' dir='ltr'><strong>nominis</strong></span> <span class='ocrx_word' id='word_1_211' title='bbox 825 2797 967 2853; x_wconf 90' lang='lat' dir='ltr'><strong>Jesu</strong></span> <span class='ocrx_word' id='word_1_212' title='bbox 1001 2797 1439 2866; x_wconf 89' lang='lat' dir='ltr'><strong>circumcisum,</strong></span> <span class='ocrx_word' id='word_1_213' title='bbox 1485 2797 1937 2870; x_wconf 90' lang='lat' dir='ltr'><strong>quadragesimo</strong></span> <span class='ocrx_word' id='word_1_214' title='bbox 1995 2797 2087 2853; x_wconf 92' lang='lat' dir='ltr'><strong>die</strong></span> <span class='ocrx_word' id='word_1_215' title='bbox 2119 2797 2178 2852; x_wconf 92' lang='lat' dir='ltr'><strong>in</strong></span> 
     </span>
    </p>
   </div>
   <div class='ocr_carea' id='block_1_34' title="bbox 520 2885 2183 2959">
    <p class='ocr_par' dir='ltr' id='par_1_34' title="bbox 520 2885 2183 2959">
     <span class='ocr_line' id='line_1_34' title="bbox 520 2885 2183 2959; baseline -0.001 -17"><span class='ocrx_word' id='word_1_216' title='bbox 520 2885 743 2959; x_wconf 88' lang='lat' dir='ltr'><strong>templo</strong></span> <span class='ocrx_word' id='word_1_217' title='bbox 774 2903 809 2942; x_wconf 89' lang='lat' dir='ltr'><strong>a</strong></span> <span class='ocrx_word' id='word_1_218' title='bbox 837 2891 1024 2944; x_wconf 89' lang='lat' dir='ltr'><strong>matre</strong></span> <span class='ocrx_word' id='word_1_219' title='bbox 1039 2903 1170 2943; x_wconf 91' lang='lat' dir='ltr'><strong>cum</strong></span> <span class='ocrx_word' id='word_1_220' title='bbox 1190 2887 1401 2943; x_wconf 91' lang='lat' dir='ltr'><strong>hostiis</strong></span> <span class='ocrx_word' id='word_1_221' title='bbox 1421 2894 1479 2943; x_wconf 84' lang='lat' dir='ltr'><strong>et.</strong></span> <span class='ocrx_word' id='word_1_222' title='bbox 1495 2885 1840 2942; x_wconf 90' lang='lat' dir='ltr'><strong>muneribus</strong></span> <span class='ocrx_word' id='word_1_223' title='bbox 1871 2890 2183 2959; x_wconf 65' lang='lat' dir='ltr'><strong>praesenta-</strong></span> 
     </span>
    </p>
   </div>
   <div class='ocr_carea' id='block_1_35' title="bbox 521 2973 2180 3049">
    <p class='ocr_par' dir='ltr' id='par_1_35' title="bbox 521 2973 2180 3049">
     <span class='ocr_line' id='line_1_35' title="bbox 521 2973 2180 3049; baseline -0.001 -19"><span class='ocrx_word' id='word_1_224' title='bbox 521 2977 674 3047; x_wconf 86' lang='lat' dir='ltr'><strong>tum,</strong></span> <span class='ocrx_word' id='word_1_225' title='bbox 707 2975 893 3049; x_wconf 88' lang='lat' dir='ltr'><strong>Magis</strong></span> <span class='ocrx_word' id='word_1_226' title='bbox 925 2975 1390 3043; x_wconf 79' lang='lat' dir='ltr'><strong>manifestatum,</strong></span> <span class='ocrx_word' id='word_1_227' title='bbox 1422 2993 1457 3032; x_wconf 90' lang='lat' dir='ltr'><strong>a</strong></span> <span class='ocrx_word' id='word_1_228' title='bbox 1483 2978 1702 3033; x_wconf 85' lang='lat' dir='ltr'><strong>Joanne</strong></span> <span class='ocrx_word' id='word_1_229' title='bbox 1731 2973 2180 3048; x_wconf 86' lang='lat' dir='ltr'><strong>baptizatum,in</strong></span> 
     </span>
    </p>
   </div>
   <div class='ocr_carea' id='block_1_36' title="bbox 522 3061 2184 3136">
    <p class='ocr_par' dir='ltr' id='par_1_36' title="bbox 522 3061 2184 3136">
     <span class='ocr_line' id='line_1_36' title="bbox 522 3061 2184 3136; baseline -0.001 -16"><span class='ocrx_word' id='word_1_230' title='bbox 522 3061 771 3120; x_wconf 87' lang='lat' dir='ltr'><strong>desertis</strong></span> <span class='ocrx_word' id='word_1_231' title='bbox 801 3080 835 3118; x_wconf 89' lang='lat' dir='ltr'><strong>a</strong></span> <span class='ocrx_word' id='word_1_232' title='bbox 863 3063 1094 3121; x_wconf 90' lang='lat' dir='ltr'><strong>diabolo</strong></span> <span class='ocrx_word' id='word_1_233' title='bbox 1141 3067 1433 3120; x_wconf 88' lang='lat' dir='ltr'><strong>tentatum</strong></span> <span class='ocrx_word' id='word_1_234' title='bbox 1482 3080 1586 3120; x_wconf 89' lang='lat' dir='ltr'><strong>nec</strong></span> <span class='ocrx_word' id='word_1_235' title='bbox 1633 3068 2007 3136; x_wconf 90' lang='lat' dir='ltr'><strong>superatum;</strong></span> <span class='ocrx_word' id='word_1_236' title='bbox 2052 3067 2184 3136; x_wconf 88' lang='lat' dir='ltr'><strong>post</strong></span> 
     </span>
    </p>
   </div>
   <div class='ocr_carea' id='block_1_37' title="bbox 520 3151 2179 3220">
    <p class='ocr_par' dir='ltr' id='par_1_37' title="bbox 520 3151 2179 3220">
     <span class='ocr_line' id='line_1_37' title="bbox 520 3151 2179 3220; baseline -0.001 -12"><span class='ocrx_word' id='word_1_237' title='bbox 520 3152 712 3210; x_wconf 87' lang='lat' dir='ltr'><strong>multa</strong></span> <span class='ocrx_word' id='word_1_238' title='bbox 757 3156 815 3209; x_wconf 88' lang='lat' dir='ltr'><strong>et</strong></span> <span class='ocrx_word' id='word_1_239' title='bbox 863 3152 1314 3210; x_wconf 89' lang='lat' dir='ltr'><strong>innumerabilia</strong></span> <span class='ocrx_word' id='word_1_240' title='bbox 1365 3151 1806 3220; x_wconf 86' lang='lat' dir='ltr'><strong>miraculorum,</strong></span> <span class='ocrx_word' id='word_1_241' title='bbox 1858 3151 2179 3208; x_wconf 89' lang='lat' dir='ltr'><strong>sanitatum</strong></span> 
     </span>
    </p>
   </div>
   <div class='ocr_carea' id='block_1_38' title="bbox 2290 1988 3845 2068">
    <p class='ocr_par' dir='ltr' id='par_1_38' title="bbox 2290 1988 3845 2068">
     <span class='ocr_line' id='line_1_38' title="bbox 2290 1988 3845 2068; baseline -0.006 -14"><span class='ocrx_word' id='word_1_242' title='bbox 2290 1997 2441 2054; x_wconf 85' lang='lat' dir='ltr'><strong>ﬁxus</strong></span> <span class='ocrx_word' id='word_1_243' title='bbox 2471 2000 2560 2052; x_wconf 90' lang='lat' dir='ltr'><strong>est</strong></span> <span class='ocrx_word' id='word_1_244' title='bbox 2589 1995 3059 2064; x_wconf 82' lang='lat' dir='ltr'><strong>manifestatum;</strong></span> <span class='ocrx_word' id='word_1_245' title='bbox 3093 1995 3538 2068; x_wconf 89' lang='lat' dir='ltr'><strong>quadragesimo</strong></span> <span class='ocrx_word' id='word_1_246' title='bbox 3565 1992 3647 2048; x_wconf 89' lang='lat' dir='ltr'><strong>die</strong></span> <span class='ocrx_word' id='word_1_247' title='bbox 3669 1988 3845 2046; x_wconf 87' lang='lat' dir='ltr'><strong>videnti-</strong></span> 
     </span>
    </p>
   </div>
   <div class='ocr_carea' id='block_1_39' title="bbox 2288 2080 3847 2158">
    <p class='ocr_par' dir='ltr' id='par_1_39' title="bbox 2288 2080 3847 2158">
     <span class='ocr_line' id='line_1_39' title="bbox 2288 2080 3847 2158; baseline -0.006 -17"><span class='ocrx_word' id='word_1_248' title='bbox 2288 2085 2402 2142; x_wconf 89' lang='lat' dir='ltr'><strong>bus</strong></span> <span class='ocrx_word' id='word_1_249' title='bbox 2430 2085 2652 2141; x_wconf 89' lang='lat' dir='ltr'><strong>eisdem</strong></span> <span class='ocrx_word' id='word_1_250' title='bbox 2683 2083 2960 2158; x_wconf 88' lang='lat' dir='ltr'><strong>apostolis</strong></span> <span class='ocrx_word' id='word_1_251' title='bbox 2988 2089 3044 2140; x_wconf 91' lang='lat' dir='ltr'><strong>et</strong></span> <span class='ocrx_word' id='word_1_252' title='bbox 3073 2082 3281 2140; x_wconf 88' lang='lat' dir='ltr'><strong>multis</strong></span> <span class='ocrx_word' id='word_1_253' title='bbox 3307 2083 3440 2139; x_wconf 88' lang='lat' dir='ltr'><strong>aliis</strong></span> <span class='ocrx_word' id='word_1_254' title='bbox 3469 2080 3704 2137; x_wconf 86' lang='lat' dir='ltr'><strong>ﬁdelibus</strong></span> <span class='ocrx_word' id='word_1_255' title='bbox 3727 2095 3847 2150; x_wconf 80' lang='lat' dir='ltr'><strong>super</strong></span> 
     </span>
    </p>
   </div>
   <div class='ocr_carea' id='block_1_40' title="bbox 2288 2167 3842 2242">
    <p class='ocr_par' dir='ltr' id='par_1_40' title="bbox 2288 2167 3842 2242">
     <span class='ocr_line' id='line_1_40' title="bbox 2288 2167 3842 2242; baseline -0.006 -12"><span class='ocrx_word' id='word_1_256' title='bbox 2288 2172 2467 2230; x_wconf 66' lang='lat' dir='ltr'><strong>caelos</strong></span> <span class='ocrx_word' id='word_1_257' title='bbox 2517 2173 2858 2242; x_wconf 86' lang='lat' dir='ltr'><strong>exaltatum,</strong></span> <span class='ocrx_word' id='word_1_258' title='bbox 2892 2173 3028 2228; x_wconf 91' lang='lat' dir='ltr'><strong>inde</strong></span> <span class='ocrx_word' id='word_1_259' title='bbox 3073 2176 3391 2228; x_wconf 87' lang='lat' dir='ltr'><strong>venturum</strong></span> <span class='ocrx_word' id='word_1_260' title='bbox 3439 2171 3506 2226; x_wconf 88' lang='lat' dir='ltr'><strong>ad</strong></span> <span class='ocrx_word' id='word_1_261' title='bbox 3549 2167 3842 2242; x_wconf 76' lang='lat' dir='ltr'><strong>iudicandum</strong></span> 
     </span>
    </p>
   </div>
   <div class='ocr_carea' id='block_1_41' title="bbox 2287 2255 3844 2334">
    <p class='ocr_par' dir='ltr' id='par_1_41' title="bbox 2287 2255 3844 2334">
     <span class='ocr_line' id='line_1_41' title="bbox 2287 2255 3844 2334; baseline -0.005 -16"><span class='ocrx_word' id='word_1_262' title='bbox 2287 2261 2448 2318; x_wconf 87' lang='lat' dir='ltr'><strong>vivos</strong></span> <span class='ocrx_word' id='word_1_263' title='bbox 2497 2267 2554 2318; x_wconf 92' lang='lat' dir='ltr'><strong>et</strong></span> <span class='ocrx_word' id='word_1_264' title='bbox 2601 2267 2862 2320; x_wconf 88' lang='lat' dir='ltr'><strong>mortnos</strong></span> <span class='ocrx_word' id='word_1_265' title='bbox 2909 2266 2967 2318; x_wconf 89' lang='lat' dir='ltr'><strong>et</strong></span> <span class='ocrx_word' id='word_1_266' title='bbox 3019 2261 3302 2318; x_wconf 55' lang='lat' dir='ltr'><strong>saeculum</strong></span> <span class='ocrx_word' id='word_1_267' title='bbox 3353 2278 3454 2334; x_wconf 89' lang='lat' dir='ltr'><strong>per</strong></span> <span class='ocrx_word' id='word_1_268' title='bbox 3497 2259 3686 2333; x_wconf 87' lang='lat' dir='ltr'><strong>ignem.</strong></span> <span class='ocrx_word' id='word_1_269' title='bbox 3723 2255 3844 2312; x_wconf 84' lang='lat' dir='ltr'><strong>Credo</strong></span> 
     </span>
    </p>
   </div>
   <div class='ocr_carea' id='block_1_42' title="bbox 2289 2343 3845 2424">
    <p class='ocr_par' dir='ltr' id='par_1_42' title="bbox 2289 2343 3845 2424">
     <span class='ocr_line' id='line_1_42' title="bbox 2289 2343 3845 2424; baseline -0.007 -16"><span class='ocrx_word' id='word_1_270' title='bbox 2289 2352 2468 2408; x_wconf 87' lang='lat' dir='ltr'><strong>etiam</strong></span> <span class='ocrx_word' id='word_1_271' title='bbox 2521 2351 2809 2424; x_wconf 90' lang='lat' dir='ltr'><strong>Spiritum</strong></span> <span class='ocrx_word' id='word_1_272' title='bbox 2858 2356 3152 2419; x_wconf 88' lang='lat' dir='ltr'><strong>sanctum,</strong></span> <span class='ocrx_word' id='word_1_273' title='bbox 3205 2367 3386 2424; x_wconf 90' lang='lat' dir='ltr'><strong>super</strong></span> <span class='ocrx_word' id='word_1_274' title='bbox 3430 2349 3675 2406; x_wconf 89' lang='lat' dir='ltr'><strong>eumdem</strong></span> <span class='ocrx_word' id='word_1_275' title='bbox 3715 2343 3845 2400; x_wconf 86' lang='lat' dir='ltr'><strong>Domi-</strong></span> 
     </span>
    </p>
   </div>
   <div class='ocr_carea' id='block_1_43' title="bbox 2291 2437 3843 2513">
    <p class='ocr_par' dir='ltr' id='par_1_43' title="bbox 2291 2437 3843 2513">
     <span class='ocr_line' id='line_1_43' title="bbox 2291 2437 3843 2513; baseline -0.006 -18"><span class='ocrx_word' id='word_1_276' title='bbox 2291 2457 2435 2496; x_wconf 88' lang='lat' dir='ltr'><strong>num</strong></span> <span class='ocrx_word' id='word_1_277' title='bbox 2467 2445 2733 2496; x_wconf 89' lang='lat' dir='ltr'><strong>nostrum</strong></span> <span class='ocrx_word' id='word_1_278' title='bbox 2767 2441 2824 2495; x_wconf 94' lang='lat' dir='ltr'><strong>in</strong></span> <span class='ocrx_word' id='word_1_279' title='bbox 2852 2439 3134 2496; x_wconf 58' lang='lat' dir='ltr'><strong>columbae</strong></span> <span class='ocrx_word' id='word_1_280' title='bbox 3165 2440 3360 2513; x_wconf 89' lang='lat' dir='ltr'><strong>specie</strong></span> <span class='ocrx_word' id='word_1_281' title='bbox 3407 2445 3462 2495; x_wconf 85' lang='lat' dir='ltr'><strong>et</strong></span> <span class='ocrx_word' id='word_1_282' title='bbox 3505 2454 3660 2510; x_wconf 86' lang='lat' dir='ltr'><strong>super</strong></span> <span class='ocrx_word' id='word_1_283' title='bbox 3683 2437 3843 2491; x_wconf 79' lang='lat' dir='ltr'><strong>sanctos</strong></span> 
     </span>
    </p>
   </div>
   <div class='ocr_carea' id='block_1_44' title="bbox 2287 2523 3844 2602">
    <p class='ocr_par' dir='ltr' id='par_1_44' title="bbox 2287 2523 3844 2602">
     <span class='ocr_line' id='line_1_44' title="bbox 2287 2523 3844 2602; baseline -0.008 -16"><span class='ocrx_word' id='word_1_284' title='bbox 2287 2527 2584 2602; x_wconf 88' lang='lat' dir='ltr'><strong>apostolos</strong></span> <span class='ocrx_word' id='word_1_285' title='bbox 2646 2530 2705 2586; x_wconf 90' lang='lat' dir='ltr'><strong>in</strong></span> <span class='ocrx_word' id='word_1_286' title='bbox 2768 2529 2983 2601; x_wconf 87' lang='lat' dir='ltr'><strong>linguis</strong></span> <span class='ocrx_word' id='word_1_287' title='bbox 3047 2528 3240 2602; x_wconf 89' lang='lat' dir='ltr'><strong>igneis</strong></span> <span class='ocrx_word' id='word_1_288' title='bbox 3307 2527 3657 2585; x_wconf 86' lang='lat' dir='ltr'><strong>descendisse</strong></span> <span class='ocrx_word' id='word_1_289' title='bbox 3706 2523 3844 2593; x_wconf 82' lang='lat' dir='ltr'><strong>eisque</strong></span> 
     </span>
    </p>
   </div>
   <div class='ocr_carea' id='block_1_45' title="bbox 2287 2611 3845 2691">
    <p class='ocr_par' dir='ltr' id='par_1_45' title="bbox 2287 2611 3845 2691">
     <span class='ocr_line' id='line_1_45' title="bbox 2287 2611 3845 2691; baseline -0.005 -19"><span class='ocrx_word' id='word_1_290' title='bbox 2287 2617 2554 2673; x_wconf 91' lang='lat' dir='ltr'><strong>omnium</strong></span> <span class='ocrx_word' id='word_1_291' title='bbox 2586 2617 2920 2691; x_wconf 88' lang='lat' dir='ltr'><strong>linguarum</strong></span> <span class='ocrx_word' id='word_1_292' title='bbox 2971 2618 3280 2674; x_wconf 89' lang='lat' dir='ltr'><strong>scientiam</strong></span> <span class='ocrx_word' id='word_1_293' title='bbox 3331 2615 3691 2685; x_wconf 87' lang='lat' dir='ltr'><strong>distribuisse,</strong></span> <span class='ocrx_word' id='word_1_294' title='bbox 3716 2617 3760 2668; x_wconf 92' lang='lat' dir='ltr'><strong>et</strong></span> <span class='ocrx_word' id='word_1_295' title='bbox 3793 2611 3845 2664; x_wconf 85' lang='lat' dir='ltr'><strong>in-</strong></span> 
     </span>
    </p>
   </div>
   <div class='ocr_carea' id='block_1_46' title="bbox 2285 2702 3844 2780">
    <p class='ocr_par' dir='ltr' id='par_1_46' title="bbox 2285 2702 3844 2780">
     <span class='ocr_line' id='line_1_46' title="bbox 2285 2702 3844 2780; baseline -0.007 -17"><span class='ocrx_word' id='word_1_296' title='bbox 2285 2707 2498 2763; x_wconf 85' lang='lat' dir='ltr'><strong>victam</strong></span> <span class='ocrx_word' id='word_1_297' title='bbox 2533 2712 2734 2763; x_wconf 90' lang='lat' dir='ltr'><strong>contra</strong></span> <span class='ocrx_word' id='word_1_298' title='bbox 2763 2707 3029 2762; x_wconf 90' lang='lat' dir='ltr'><strong>omnium</strong></span> <span class='ocrx_word' id='word_1_299' title='bbox 3071 2707 3531 2780; x_wconf 89' lang='lat' dir='ltr'><strong>persecutionem</strong></span> <span class='ocrx_word' id='word_1_300' title='bbox 3557 2702 3844 2759; x_wconf 83' lang='lat' dir='ltr'><strong>inimicorum</strong></span> 
     </span>
    </p>
   </div>
   <div class='ocr_carea' id='block_1_47' title="bbox 2287 2787 3844 2862">
    <p class='ocr_par' dir='ltr' id='par_1_47' title="bbox 2287 2787 3844 2862">
     <span class='ocr_line' id='line_1_47' title="bbox 2287 2787 3844 2862; baseline -0.006 -12"><span class='ocrx_word' id='word_1_301' title='bbox 2287 2796 2676 2852; x_wconf 87' lang='lat' dir='ltr'><strong>constantiam</strong></span> <span class='ocrx_word' id='word_1_302' title='bbox 2732 2795 2983 2852; x_wconf 90' lang='lat' dir='ltr'><strong>dedisse.</strong></span> <span class='ocrx_word' id='word_1_303' title='bbox 3017 2795 3200 2852; x_wconf 88' lang='lat' dir='ltr'><strong>Credo</strong></span> <span class='ocrx_word' id='word_1_304' title='bbox 3253 2799 3536 2862; x_wconf 88' lang='lat' dir='ltr'><strong>sanctam;</strong></span> <span class='ocrx_word' id='word_1_305' title='bbox 3585 2787 3844 2847; x_wconf 78' lang='lat' dir='ltr'><strong>catholicam</strong></span> 
     </span>
    </p>
   </div>
   <div class='ocr_carea' id='block_1_48' title="bbox 2287 2876 3846 2956">
    <p class='ocr_par' dir='ltr' id='par_1_48' title="bbox 2287 2876 3846 2956">
     <span class='ocr_line' id='line_1_48' title="bbox 2287 2876 3846 2956; baseline -0.008 -16"><span class='ocrx_word' id='word_1_306' title='bbox 2287 2889 2346 2940; x_wconf 90' lang='lat' dir='ltr'><strong>et</strong></span> <span class='ocrx_word' id='word_1_307' title='bbox 2381 2883 2761 2956; x_wconf 87' lang='lat' dir='ltr'><strong>apostolicam</strong></span> <span class='ocrx_word' id='word_1_308' title='bbox 2820 2883 3158 2940; x_wconf 90' lang='lat' dir='ltr'><strong>Ecclesiam.</strong></span> <span class='ocrx_word' id='word_1_309' title='bbox 3222 2883 3508 2938; x_wconf 90' lang='lat' dir='ltr'><strong>Conﬁteor</strong></span> <span class='ocrx_word' id='word_1_310' title='bbox 3556 2894 3710 2936; x_wconf 88' lang='lat' dir='ltr'><strong>unum</strong></span> <span class='ocrx_word' id='word_1_311' title='bbox 3750 2876 3846 2944; x_wconf 81' lang='lat' dir='ltr'><strong>bap-</strong></span> 
     </span>
    </p>
   </div>
   <div class='ocr_carea' id='block_1_49' title="bbox 2287 2967 3846 3046">
    <p class='ocr_par' dir='ltr' id='par_1_49' title="bbox 2287 2967 3846 3046">
     <span class='ocr_line' id='line_1_49' title="bbox 2287 2967 3846 3046; baseline -0.004 -18"><span class='ocrx_word' id='word_1_312' title='bbox 2287 2972 2465 3028; x_wconf 90' lang='lat' dir='ltr'><strong>tisma</strong></span> <span class='ocrx_word' id='word_1_313' title='bbox 2523 2973 2583 3028; x_wconf 93' lang='lat' dir='ltr'><strong>in</strong></span> <span class='ocrx_word' id='word_1_314' title='bbox 2652 2972 3058 3029; x_wconf 86' lang='lat' dir='ltr'><strong>remissionem</strong></span> <span class='ocrx_word' id='word_1_315' title='bbox 3118 2977 3506 3046; x_wconf 90' lang='lat' dir='ltr'><strong>peccatorum,</strong></span> <span class='ocrx_word' id='word_1_316' title='bbox 3559 2972 3610 3026; x_wconf 89' lang='lat' dir='ltr'><strong>et</strong></span> <span class='ocrx_word' id='word_1_317' title='bbox 3655 2967 3846 3037; x_wconf 71' lang='lat' dir='ltr'><strong>exspecto</strong></span> 
     </span>
    </p>
   </div>
   <div class='ocr_carea' id='block_1_50' title="bbox 2287 3050 3842 3128">
    <p class='ocr_par' dir='ltr' id='par_1_50' title="bbox 2287 3050 3842 3128">
     <span class='ocr_line' id='line_1_50' title="bbox 2287 3050 3842 3128; baseline -0.009 -10"><span class='ocrx_word' id='word_1_318' title='bbox 2287 3061 2773 3120; x_wconf 90' lang='lat' dir='ltr'><strong>resurrectionem</strong></span> <span class='ocrx_word' id='word_1_319' title='bbox 2806 3065 3260 3128; x_wconf 90' lang='lat' dir='ltr'><strong>mortuorum,et</strong></span> <span class='ocrx_word' id='word_1_320' title='bbox 3289 3061 3467 3117; x_wconf 86' lang='lat' dir='ltr'><strong>vitam</strong></span> <span class='ocrx_word' id='word_1_321' title='bbox 3493 3057 3654 3114; x_wconf 74' lang='lat' dir='ltr'><strong>futuri</strong></span> <span class='ocrx_word' id='word_1_322' title='bbox 3689 3050 3842 3111; x_wconf 71' lang='lat' dir='ltr'><strong>seculi.</strong></span> 
     </span>
    </p>
   </div>
   <div class='ocr_carea' id='block_1_51' title="bbox 2286 3151 2492 3208">
    <p class='ocr_par' dir='ltr' id='par_1_51' title="bbox 2286 3151 2492 3208">
     <span class='ocr_line' id='line_1_51' title="bbox 2286 3151 2492 3208; baseline 0.005 -2"><span class='ocrx_word' id='word_1_323' title='bbox 2286 3151 2492 3208; x_wconf 86' lang='lat' dir='ltr'><strong>Amen.</strong></span> 
     </span>
    </p>
   </div>
   <div class='ocr_carea' id='block_1_52' title="bbox 1327 3451 3114 3590">
    <p class='ocr_par' dir='ltr' id='par_1_52' title="bbox 1327 3451 3114 3590">
     <span class='ocr_line' id='line_1_52' title="bbox 1327 3451 3114 3590; baseline -0.002 -1"><span class='ocrx_word' id='word_1_324' title='bbox 1327 3459 2070 3589; x_wconf 79' lang='lat' dir='ltr'><strong>SANCTI</strong></span> <span class='ocrx_word' id='word_1_325' title='bbox 2164 3451 3114 3590; x_wconf 83' lang='lat' dir='ltr'><strong>ODILONIS</strong></span> 
     </span>
    </p>
   </div>
   <div class='ocr_carea' id='block_1_53' title="bbox 1139 3673 3322 3802">
    <p class='ocr_par' dir='ltr' id='par_1_53' title="bbox 1139 3673 3322 3802">
     <span class='ocr_line' id='line_1_53' title="bbox 1139 3673 3322 3802; baseline -0 -2"><span class='ocrx_word' id='word_1_326' title='bbox 1139 3675 1826 3802; x_wconf 81' lang='lat' dir='ltr'><strong>CABMINA</strong></span> <span class='ocrx_word' id='word_1_327' title='bbox 1921 3674 2390 3799; x_wconf 83' lang='lat' dir='ltr'><strong>SACRA</strong></span> <span class='ocrx_word' id='word_1_328' title='bbox 2483 3673 2669 3796; x_wconf 88' lang='lat' dir='ltr'><strong>ET</strong></span> <span class='ocrx_word' id='word_1_329' title='bbox 2777 3674 3322 3800; x_wconf 79' lang='lat' dir='ltr'><strong>PBECES</strong></span> 
     </span>
    </p>
   </div>
   <div class='ocr_carea' id='block_1_54' title="bbox 1753 3868 2692 3946">
    <p class='ocr_par' dir='ltr' id='par_1_54' title="bbox 1753 3868 2692 3946">
     <span class='ocr_line' id='line_1_54' title="bbox 1753 3868 2692 3946; baseline -0.004 -19"><span class='ocrx_word' id='word_1_330' title='bbox 1753 3870 2110 3946; x_wconf 74' lang='lat' dir='ltr'><strong>(Bibliotheca</strong></span> <span class='ocrx_word' id='word_1_331' title='bbox 2141 3869 2416 3936; x_wconf 56' lang='lat' dir='ltr'><strong>Cluniae,</strong></span> <span class='ocrx_word' id='word_1_332' title='bbox 2450 3885 2508 3941; x_wconf 92' lang='lat' dir='ltr'><strong>p.</strong></span> <span class='ocrx_word' id='word_1_333' title='bbox 2543 3868 2692 3942; x_wconf 57' lang='lat'><strong>1:06,.)</strong></span> 
     </span>
    </p>
   </div>
   <div class='ocr_carea' id='block_1_55' title="bbox 1334 4150 1357 4207">
    <p class='ocr_par' dir='ltr' id='par_1_55' title="bbox 1334 4150 1357 4207">
     <span class='ocr_line' id='line_1_55' title="bbox 1334 4150 1357 4207; baseline 0 0"><span class='ocrx_word' id='word_1_334' title='bbox 1334 4150 1357 4207; x_wconf 93' lang='grc' dir='ltr'><strong>Ι</strong></span> 
     </span>
    </p>
   </div>
   <div class='ocr_carea' id='block_1_56' title="bbox 696 4264 1981 4307">
    <p class='ocr_par' dir='ltr' id='par_1_56' title="bbox 696 4264 1981 4307">
     <span class='ocr_line' id='line_1_56' title="bbox 696 4264 1981 4307; baseline -0.004 0"><span class='ocrx_word' id='word_1_335' title='bbox 696 4265 936 4307; x_wconf 82' lang='lat' dir='ltr'><strong>HYMNUS</strong></span> <span class='ocrx_word' id='word_1_336' title='bbox 975 4265 1034 4306; x_wconf 85' lang='lat' dir='ltr'><strong>IN</strong></span> <span class='ocrx_word' id='word_1_337' title='bbox 1070 4265 1468 4306; x_wconf 74' lang='lat' dir='ltr'><strong>ASSUMPTIONE</strong></span> <span class='ocrx_word' id='word_1_338' title='bbox 1507 4265 1732 4305; x_wconf 72' lang='grc' dir='ltr'><strong>ΒΑΝΟΤᾸΞ</strong></span> <span class='ocrx_word' id='word_1_339' title='bbox 1772 4264 1981 4306; x_wconf 66' lang='lat' dir='ltr'><strong>MARIZE.</strong></span> 
     </span>
    </p>
   </div>
   <div class='ocr_carea' id='block_1_57' title="bbox 896 4337 1482 4405">
    <p class='ocr_par' dir='ltr' id='par_1_57' title="bbox 896 4337 1482 4405">
     <span class='ocr_line' id='line_1_57' title="bbox 896 4337 1482 4405; baseline -0.003 -10"><span class='ocrx_word' id='word_1_340' title='bbox 896 4341 1076 4396; x_wconf 90' lang='lat' dir='ltr'><strong>Adest</strong></span> <span class='ocrx_word' id='word_1_341' title='bbox 1097 4338 1222 4396; x_wconf 92' lang='lat' dir='ltr'><strong>dies</strong></span> <span class='ocrx_word' id='word_1_342' title='bbox 1251 4337 1482 4405; x_wconf 62' lang='lat' dir='ltr'><strong>laetitiae,</strong></span> 
     </span>
    </p>
   </div>
   <div class='ocr_carea' id='block_1_58' title="bbox 788 4427 1561 4494">
    <p class='ocr_par' dir='ltr' id='par_1_58' title="bbox 788 4427 1561 4494">
     <span class='ocr_line' id='line_1_58' title="bbox 788 4427 1561 4494; baseline -0.003 -10"><span class='ocrx_word' id='word_1_343' title='bbox 788 4428 1098 4484; x_wconf 84' lang='lat' dir='ltr'><strong>Jucundus</strong></span> <span class='ocrx_word' id='word_1_344' title='bbox 1127 4427 1289 4484; x_wconf 90' lang='lat' dir='ltr'><strong>omni</strong></span> <span class='ocrx_word' id='word_1_345' title='bbox 1318 4427 1561 4494; x_wconf 90' lang='lat' dir='ltr'><strong>lumine,</strong></span> 
     </span>
    </p>
   </div>
   <div class='ocr_carea' id='block_1_59' title="bbox 791 4515 1577 4588">
    <p class='ocr_par' dir='ltr' id='par_1_59' title="bbox 791 4515 1577 4588">
     <span class='ocr_line' id='line_1_59' title="bbox 791 4515 1577 4588; baseline 0.003 -18"><span class='ocrx_word' id='word_1_346' title='bbox 791 4517 854 4571; x_wconf 93' lang='lat' dir='ltr'><strong>In</strong></span> <span class='ocrx_word' id='word_1_347' title='bbox 885 4532 1002 4588; x_wconf 86' lang='lat' dir='ltr'><strong>quo</strong></span> <span class='ocrx_word' id='word_1_348' title='bbox 1033 4515 1255 4588; x_wconf 83' lang='lat' dir='ltr'><strong>Regina</strong></span> <span class='ocrx_word' id='word_1_349' title='bbox 1283 4515 1577 4586; x_wconf 85' lang='lat' dir='ltr'><strong>virginum</strong></span> 
     </span>
    </p>
   </div>
   <div class='ocr_carea' id='block_1_60' title="bbox 789 4603 1558 4672">
    <p class='ocr_par' dir='ltr' id='par_1_60' title="bbox 789 4603 1558 4672">
     <span class='ocr_line' id='line_1_60' title="bbox 789 4603 1558 4672; baseline 0 -12"><span class='ocrx_word' id='word_1_350' title='bbox 789 4604 1030 4660; x_wconf 86' lang='lat' dir='ltr'><strong>Scandit</strong></span> <span class='ocrx_word' id='word_1_351' title='bbox 1057 4603 1168 4662; x_wconf 89' lang='lat' dir='ltr'><strong>iter</strong></span> <span class='ocrx_word' id='word_1_352' title='bbox 1197 4605 1558 4672; x_wconf 79' lang='lat' dir='ltr'><strong>astriferum,</strong></span> 
     </span>
    </p>
   </div>
   <div class='ocr_carea' id='block_1_61' title="bbox 855 4691 1604 4768">
    <p class='ocr_par' dir='ltr' id='par_1_61' title="bbox 855 4691 1604 4768">
     <span class='ocr_line' id='line_1_61' title="bbox 855 4691 1604 4768; baseline 0.003 -20"><span class='ocrx_word' id='word_1_353' title='bbox 855 4691 1212 4766; x_wconf 87' lang='lat' dir='ltr'><strong>Angelorum</strong></span> <span class='ocrx_word' id='word_1_354' title='bbox 1241 4692 1604 4768; x_wconf 68' lang='lat' dir='ltr'><strong>praefulgidis</strong></span> 
     </span>
    </p>
   </div>
   <div class='ocr_carea' id='block_1_62' title="bbox 785 4781 1492 4848">
    <p class='ocr_par' dir='ltr' id='par_1_62' title="bbox 785 4781 1492 4848">
     <span class='ocr_line' id='line_1_62' title="bbox 785 4781 1492 4848; baseline 0.001 -10"><span class='ocrx_word' id='word_1_355' title='bbox 785 4781 953 4840; x_wconf 91' lang='lat' dir='ltr'><strong>Circu</strong></span> <span class='ocrx_word' id='word_1_356' title='bbox 962 4781 1240 4838; x_wconf 86' lang='lat' dir='ltr'><strong>mvallata</strong></span> <span class='ocrx_word' id='word_1_357' title='bbox 1269 4782 1492 4848; x_wconf 89' lang='lat' dir='ltr'><strong>cuneis,</strong></span> 
     </span>
    </p>
   </div>
   <div class='ocr_carea' id='block_1_63' title="bbox 785 4871 1779 4944">
    <p class='ocr_par' dir='ltr' id='par_1_63' title="bbox 785 4871 1779 4944">
     <span class='ocr_line' id='line_1_63' title="bbox 785 4871 1779 4944; baseline -0.001 -18"><span class='ocrx_word' id='word_1_358' title='bbox 785 4873 1090 4944; x_wconf 88' lang='lat' dir='ltr'><strong>Quamque</strong></span> <span class='ocrx_word' id='word_1_359' title='bbox 1119 4875 1455 4927; x_wconf 91' lang='lat' dir='ltr'><strong>sanctarum</strong></span> <span class='ocrx_word' id='word_1_360' title='bbox 1486 4871 1779 4943; x_wconf 89' lang='lat' dir='ltr'><strong>virginum</strong></span> 
     </span>
    </p>
   </div>
   <div class='ocr_carea' id='block_1_64' title="bbox 784 4958 1638 5034">
    <p class='ocr_par' dir='ltr' id='par_1_64' title="bbox 784 4958 1638 5034">
     <span class='ocr_line' id='line_1_64' title="bbox 784 4958 1638 5034; baseline -0.004 -18"><span class='ocrx_word' id='word_1_361' title='bbox 784 4961 1063 5032; x_wconf 88' lang='lat' dir='ltr'><strong>Sequitur</strong></span> <span class='ocrx_word' id='word_1_362' title='bbox 1092 4975 1302 5034; x_wconf 90' lang='lat' dir='ltr'><strong>agmen</strong></span> <span class='ocrx_word' id='word_1_363' title='bbox 1333 4958 1638 5032; x_wconf 82' lang='lat' dir='ltr'><strong>inclytum.</strong></span> 
     </span>
    </p>
   </div>
   <div class='ocr_carea' id='block_1_65' title="bbox 858 5048 1638 5116">
    <p class='ocr_par' dir='ltr' id='par_1_65' title="bbox 858 5048 1638 5116">
     <span class='ocr_line' id='line_1_65' title="bbox 858 5048 1638 5116; baseline -0.001 -13"><span class='ocrx_word' id='word_1_364' title='bbox 858 5048 930 5103; x_wconf 92' lang='lat' dir='ltr'><strong>Ut</strong></span> <span class='ocrx_word' id='word_1_365' title='bbox 958 5049 1124 5105; x_wconf 91' lang='lat' dir='ltr'><strong>decet</strong></span> <span class='ocrx_word' id='word_1_366' title='bbox 1151 5065 1354 5104; x_wconf 86' lang='lat' dir='ltr'><strong>omnes</strong></span> <span class='ocrx_word' id='word_1_367' title='bbox 1385 5048 1638 5116; x_wconf 88' lang='lat' dir='ltr'><strong>credere,</strong></span> 
     </span>
    </p>
   </div>
   <div class='ocr_carea' id='block_1_66' title="bbox 679 5137 1370 5194">
    <p class='ocr_par' dir='ltr' id='par_1_66' title="bbox 679 5137 1370 5194">
     <span class='ocr_line' id='line_1_66' title="bbox 679 5137 1370 5194; baseline -0.003 0"><span class='ocrx_word' id='word_1_368' title='bbox 679 5143 690 5152; x_wconf 84' lang='lat'>&#39;</span> <span class='ocrx_word' id='word_1_369' title='bbox 781 5137 1012 5194; x_wconf 77' lang='lat' dir='ltr'><strong>Caelesti</strong></span> <span class='ocrx_word' id='word_1_370' title='bbox 1043 5137 1370 5194; x_wconf 87' lang='lat' dir='ltr'><strong>diademate</strong></span> 
     </span>
    </p>
   </div>
   <div class='ocr_carea' id='block_1_67' title="bbox 780 5225 1528 5292">
    <p class='ocr_par' dir='ltr' id='par_1_67' title="bbox 780 5225 1528 5292">
     <span class='ocr_line' id='line_1_67' title="bbox 780 5225 1528 5292; baseline 0 -10"><span class='ocrx_word' id='word_1_371' title='bbox 780 5226 1008 5292; x_wconf 86' lang='lat' dir='ltr'><strong>Clarus,</strong></span> <span class='ocrx_word' id='word_1_372' title='bbox 1040 5227 1294 5282; x_wconf 88' lang='lat' dir='ltr'><strong>occurrit</strong></span> <span class='ocrx_word' id='word_1_373' title='bbox 1324 5225 1528 5282; x_wconf 84' lang='lat' dir='ltr'><strong>obvius</strong></span> 
     </span>
    </p>
   </div>
   <div class='ocr_carea' id='block_1_68' title="bbox 780 5315 1550 5388">
    <p class='ocr_par' dir='ltr' id='par_1_68' title="bbox 780 5315 1550 5388">
     <span class='ocr_line' id='line_1_68' title="bbox 780 5315 1550 5388; baseline 0.001 -18"><span class='ocrx_word' id='word_1_374' title='bbox 780 5315 1069 5382; x_wconf 87' lang='lat' dir='ltr'><strong>Christus,</strong></span> <span class='ocrx_word' id='word_1_375' title='bbox 1101 5332 1172 5371; x_wconf 81' lang='lat' dir='ltr'><strong>ex</strong></span> <span class='ocrx_word' id='word_1_376' title='bbox 1199 5333 1268 5371; x_wconf 86' lang='lat' dir='ltr'><strong>ea</strong></span> <span class='ocrx_word' id='word_1_377' title='bbox 1296 5315 1550 5388; x_wconf 89' lang='lat' dir='ltr'><strong>genitus.</strong></span> 
     </span>
    </p>
   </div>
   <div class='ocr_carea' id='block_1_69' title="bbox 849 5403 1664 5477">
    <p class='ocr_par' dir='ltr' id='par_1_69' title="bbox 849 5403 1664 5477">
     <span class='ocr_line' id='line_1_69' title="bbox 849 5403 1664 5477; baseline 0.004 -17"><span class='ocrx_word' id='word_1_378' title='bbox 849 5403 1012 5460; x_wconf 92' lang='lat' dir='ltr'><strong>Ultra</strong></span> <span class='ocrx_word' id='word_1_379' title='bbox 1041 5404 1383 5476; x_wconf 89' lang='lat' dir='ltr'><strong>angelorum</strong></span> <span class='ocrx_word' id='word_1_380' title='bbox 1415 5405 1664 5477; x_wconf 89' lang='lat' dir='ltr'><strong>gloriam</strong></span> 
     </span>
    </p>
   </div>
   <div class='ocr_carea' id='block_1_70' title="bbox 777 5491 1510 5556">
    <p class='ocr_par' dir='ltr' id='par_1_70' title="bbox 777 5491 1510 5556">
     <span class='ocr_line' id='line_1_70' title="bbox 777 5491 1510 5556; baseline -0.003 0"><span class='ocrx_word' id='word_1_381' title='bbox 777 5495 998 5556; x_wconf 86' lang='lat' dir='ltr'><strong>Torum</strong></span> <span class='ocrx_word' id='word_1_382' title='bbox 1027 5491 1222 5552; x_wconf 86' lang='lat' dir='ltr'><strong>delicti</strong></span> <span class='ocrx_word' id='word_1_383' title='bbox 1245 5494 1510 5554; x_wconf 88' lang='lat' dir='ltr'><strong>nescium</strong></span> 
     </span>
    </p>
   </div>
   <div class='ocr_carea' id='block_1_71' title="bbox 2197 4142 2240 4210">
    <p class='ocr_par' dir='ltr' id='par_1_71' title="bbox 2197 4142 2240 4210">
     <span class='ocr_line' id='line_1_71' title="bbox 2197 4142 2240 4210; baseline 0 0"><span class='ocrx_word' id='word_1_384' title='bbox 2197 4142 2240 4210; x_wconf 91' lang='lat' dir='ltr'><strong>C</strong></span> 
     </span>
    </p>
   </div>
   <div class='ocr_carea' id='block_1_72' title="bbox 2598 4137 3380 4196">
    <p class='ocr_par' dir='ltr' id='par_1_72' title="bbox 2598 4137 3380 4196">
     <span class='ocr_line' id='line_1_72' title="bbox 2598 4137 3380 4196; baseline 0.001 -2"><span class='ocrx_word' id='word_1_385' title='bbox 2598 4138 2807 4194; x_wconf 90' lang='lat' dir='ltr'><strong>Secum</strong></span> <span class='ocrx_word' id='word_1_386' title='bbox 2838 4137 2909 4192; x_wconf 91' lang='lat' dir='ltr'><strong>ad</strong></span> <span class='ocrx_word' id='word_1_387' title='bbox 2941 4137 3130 4196; x_wconf 85' lang='lat' dir='ltr'><strong>Patris</strong></span> <span class='ocrx_word' id='word_1_388' title='bbox 3163 4138 3380 4196; x_wconf 89' lang='lat' dir='ltr'><strong>solium</strong></span> 
     </span>
    </p>
   </div>
   <div class='ocr_carea' id='block_1_73' title="bbox 2595 4226 3464 4302">
    <p class='ocr_par' dir='ltr' id='par_1_73' title="bbox 2595 4226 3464 4302">
     <span class='ocr_line' id='line_1_73' title="bbox 2595 4226 3464 4302; baseline 0.001 -19"><span class='ocrx_word' id='word_1_389' title='bbox 2595 4228 2875 4300; x_wconf 82' lang='lat' dir='ltr'><strong>Reportat</strong></span> <span class='ocrx_word' id='word_1_390' title='bbox 2905 4226 3123 4301; x_wconf 88' lang='lat' dir='ltr'><strong>pignus</strong></span> <span class='ocrx_word' id='word_1_391' title='bbox 3151 4229 3464 4302; x_wconf 90' lang='lat' dir='ltr'><strong>optimum.</strong></span> 
     </span>
    </p>
   </div>
   <div class='ocr_carea' id='block_1_74' title="bbox 2661 4315 3380 4390">
    <p class='ocr_par' dir='ltr' id='par_1_74' title="bbox 2661 4315 3380 4390">
     <span class='ocr_line' id='line_1_74' title="bbox 2661 4315 3380 4390; baseline 0.004 -18"><span class='ocrx_word' id='word_1_392' title='bbox 2661 4315 2924 4372; x_wconf 68' lang='lat' dir='ltr'><strong>Caelestis</strong></span> <span class='ocrx_word' id='word_1_393' title='bbox 2955 4318 3117 4390; x_wconf 88' lang='lat' dir='ltr'><strong>regni</strong></span> <span class='ocrx_word' id='word_1_394' title='bbox 3151 4317 3380 4387; x_wconf 87' lang='lat' dir='ltr'><strong>civitas,</strong></span> 
     </span>
    </p>
   </div>
   <div class='ocr_carea' id='block_1_75' title="bbox 2588 4404 3356 4479">
    <p class='ocr_par' dir='ltr' id='par_1_75' title="bbox 2588 4404 3356 4479">
     <span class='ocr_line' id='line_1_75' title="bbox 2588 4404 3356 4479; baseline 0.003 -19"><span class='ocrx_word' id='word_1_395' title='bbox 2588 4406 2657 4460; x_wconf 86' lang='lat' dir='ltr'><strong>Et</strong></span> <span class='ocrx_word' id='word_1_396' title='bbox 2685 4405 2814 4476; x_wconf 87' lang='lat' dir='ltr'><strong>ejus</strong></span> <span class='ocrx_word' id='word_1_397' title='bbox 2845 4405 3046 4460; x_wconf 91' lang='lat' dir='ltr'><strong>omnia</strong></span> <span class='ocrx_word' id='word_1_398' title='bbox 3073 4404 3356 4479; x_wconf 87' lang='lat' dir='ltr'><strong>dignitas,</strong></span> 
     </span>
    </p>
   </div>
   <div class='ocr_carea' id='block_1_76' title="bbox 2589 4494 3336 4568">
    <p class='ocr_par' dir='ltr' id='par_1_76' title="bbox 2589 4494 3336 4568">
     <span class='ocr_line' id='line_1_76' title="bbox 2589 4494 3336 4568; baseline 0.004 -19"><span class='ocrx_word' id='word_1_399' title='bbox 2589 4494 2892 4549; x_wconf 88' lang='lat' dir='ltr'><strong>Parentem</strong></span> <span class='ocrx_word' id='word_1_400' title='bbox 2925 4494 3016 4549; x_wconf 91' lang='lat' dir='ltr'><strong>sui</strong></span> <span class='ocrx_word' id='word_1_401' title='bbox 3045 4494 3336 4568; x_wconf 90' lang='lat' dir='ltr'><strong>Principis</strong></span> 
     </span>
    </p>
   </div>
   <div class='ocr_carea' id='block_1_77' title="bbox 2589 4581 3355 4656">
    <p class='ocr_par' dir='ltr' id='par_1_77' title="bbox 2589 4581 3355 4656">
     <span class='ocr_line' id='line_1_77' title="bbox 2589 4581 3355 4656; baseline 0.003 -20"><span class='ocrx_word' id='word_1_402' title='bbox 2589 4581 2750 4638; x_wconf 89' lang='lat' dir='ltr'><strong>Votis</strong></span> <span class='ocrx_word' id='word_1_403' title='bbox 2779 4581 3032 4639; x_wconf 89' lang='lat' dir='ltr'><strong>honorat</strong></span> <span class='ocrx_word' id='word_1_404' title='bbox 3055 4583 3355 4656; x_wconf 90' lang='lat' dir='ltr'><strong>congruis.</strong></span> 
     </span>
    </p>
   </div>
   <div class='ocr_carea' id='block_1_78' title="bbox 2657 4669 3518 4743">
    <p class='ocr_par' dir='ltr' id='par_1_78' title="bbox 2657 4669 3518 4743">
     <span class='ocr_line' id='line_1_78' title="bbox 2657 4669 3518 4743; baseline 0.002 -17"><span class='ocrx_word' id='word_1_405' title='bbox 2657 4671 2800 4726; x_wconf 90' lang='lat' dir='ltr'><strong>Cum</strong></span> <span class='ocrx_word' id='word_1_406' title='bbox 2832 4669 3048 4743; x_wconf 90' lang='lat' dir='ltr'><strong>quibus</strong></span> <span class='ocrx_word' id='word_1_407' title='bbox 3081 4689 3191 4728; x_wconf 92' lang='lat' dir='ltr'><strong>nos</strong></span> <span class='ocrx_word' id='word_1_408' title='bbox 3220 4671 3518 4728; x_wconf 63' lang='lat' dir='ltr'><strong>laetissima</strong></span> 
     </span>
    </p>
   </div>
   <div class='ocr_carea' id='block_1_79' title="bbox 2583 4759 3167 4834">
    <p class='ocr_par' dir='ltr' id='par_1_79' title="bbox 2583 4759 3167 4834">
     <span class='ocr_line' id='line_1_79' title="bbox 2583 4759 3167 4834; baseline 0.005 -19"><span class='ocrx_word' id='word_1_409' title='bbox 2583 4759 2772 4832; x_wconf 83' lang='lat' dir='ltr'><strong>Hujus</strong></span> <span class='ocrx_word' id='word_1_410' title='bbox 2803 4759 2918 4816; x_wconf 92' lang='lat' dir='ltr'><strong>diei</strong></span> <span class='ocrx_word' id='word_1_411' title='bbox 2948 4761 3167 4834; x_wconf 90' lang='lat' dir='ltr'><strong>gaudia</strong></span> 
     </span>
    </p>
   </div>
   <div class='ocr_carea' id='block_1_80' title="bbox 2583 4849 3348 4920">
    <p class='ocr_par' dir='ltr' id='par_1_80' title="bbox 2583 4849 3348 4920">
     <span class='ocr_line' id='line_1_80' title="bbox 2583 4849 3348 4920; baseline 0.005 -16"><span class='ocrx_word' id='word_1_412' title='bbox 2583 4849 3072 4906; x_wconf 89' lang='lat' dir='ltr'><strong>Concelebremus</strong></span> <span class='ocrx_word' id='word_1_413' title='bbox 3103 4850 3348 4920; x_wconf 87' lang='lat' dir='ltr'><strong>alacres,</strong></span> 
     </span>
    </p>
   </div>
   <div class='ocr_carea' id='block_1_81' title="bbox 2581 4937 3450 5013">
    <p class='ocr_par' dir='ltr' id='par_1_81' title="bbox 2581 4937 3450 5013">
     <span class='ocr_line' id='line_1_81' title="bbox 2581 4937 3450 5013; baseline 0.003 -20"><span class='ocrx_word' id='word_1_414' title='bbox 2581 4937 2765 4994; x_wconf 90' lang='lat' dir='ltr'><strong>Deum</strong></span> <span class='ocrx_word' id='word_1_415' title='bbox 2797 4938 3112 5008; x_wconf 89' lang='lat' dir='ltr'><strong>laudando,</strong></span> <span class='ocrx_word' id='word_1_416' title='bbox 3137 4940 3450 5013; x_wconf 89' lang='lat' dir='ltr'><strong>supplices.</strong></span> 
     </span>
    </p>
   </div>
   <div class='ocr_carea' id='block_1_82' title="bbox 2650 5025 3365 5098">
    <p class='ocr_par' dir='ltr' id='par_1_82' title="bbox 2650 5025 3365 5098">
     <span class='ocr_line' id='line_1_82' title="bbox 2650 5025 3365 5098; baseline 0.004 -16"><span class='ocrx_word' id='word_1_417' title='bbox 2650 5026 2840 5098; x_wconf 89' lang='lat' dir='ltr'><strong>Hujus</strong></span> <span class='ocrx_word' id='word_1_418' title='bbox 2872 5026 3000 5083; x_wconf 79' lang='lat' dir='ltr'><strong>festi</strong></span> <span class='ocrx_word' id='word_1_419' title='bbox 3033 5025 3365 5085; x_wconf 89' lang='lat' dir='ltr'><strong>clarissima</strong></span> 
     </span>
    </p>
   </div>
   <div class='ocr_carea' id='block_1_83' title="bbox 2580 5116 3350 5189">
    <p class='ocr_par' dir='ltr' id='par_1_83' title="bbox 2580 5116 3350 5189">
     <span class='ocr_line' id='line_1_83' title="bbox 2580 5116 3350 5189; baseline 0.005 -19"><span class='ocrx_word' id='word_1_420' title='bbox 2580 5116 3016 5187; x_wconf 87' lang='lat' dir='ltr'><strong>Prosequamur</strong></span> <span class='ocrx_word' id='word_1_421' title='bbox 3041 5117 3350 5189; x_wconf 72' lang='lat' dir='ltr'><strong>praeconia,</strong></span> 
     </span>
    </p>
   </div>
   <div class='ocr_carea' id='block_1_84' title="bbox 2580 5203 3381 5279">
    <p class='ocr_par' dir='ltr' id='par_1_84' title="bbox 2580 5203 3381 5279">
     <span class='ocr_line' id='line_1_84' title="bbox 2580 5203 3381 5279; baseline 0.005 -19"><span class='ocrx_word' id='word_1_422' title='bbox 2580 5203 2792 5260; x_wconf 90' lang='lat' dir='ltr'><strong>Mentis</strong></span> <span class='ocrx_word' id='word_1_423' title='bbox 2822 5203 3032 5260; x_wconf 78' lang='lat' dir='ltr'><strong>affectu</strong></span> <span class='ocrx_word' id='word_1_424' title='bbox 3063 5205 3381 5279; x_wconf 89' lang='lat' dir='ltr'><strong>supplices,</strong></span> 
     </span>
    </p>
   </div>
   <div class='ocr_carea' id='block_1_85' title="bbox 2577 5292 3252 5353">
    <p class='ocr_par' dir='ltr' id='par_1_85' title="bbox 2577 5292 3252 5353">
     <span class='ocr_line' id='line_1_85' title="bbox 2577 5292 3252 5353; baseline 0.001 -3"><span class='ocrx_word' id='word_1_425' title='bbox 2577 5292 2797 5350; x_wconf 78' lang='lat' dir='ltr'><strong>Eﬂ&#39;ectu</strong></span> <span class='ocrx_word' id='word_1_426' title='bbox 2824 5292 2980 5350; x_wconf 89' lang='lat' dir='ltr'><strong>vocis</strong></span> <span class='ocrx_word' id='word_1_427' title='bbox 3011 5294 3252 5353; x_wconf 89' lang='lat' dir='ltr'><strong>alacres.</strong></span> 
     </span>
    </p>
   </div>
   <div class='ocr_carea' id='block_1_86' title="bbox 2647 5428 3503 5504">
    <p class='ocr_par' dir='ltr' id='par_1_86' title="bbox 2647 5428 3503 5504">
     <span class='ocr_line' id='line_1_86' title="bbox 2647 5428 3503 5504; baseline 0.002 -20"><span class='ocrx_word' id='word_1_428' title='bbox 2647 5428 2880 5504; x_wconf 77' lang='lat' dir='ltr'><strong>Reliqua</strong></span> <span class='ocrx_word' id='word_1_429' title='bbox 2905 5429 3291 5488; x_wconf 73' lang='lat' dir='ltr'><strong>desiderantur</strong></span> <span class='ocrx_word' id='word_1_430' title='bbox 3319 5432 3377 5486; x_wconf 79' lang='lat' dir='ltr'><strong>in</strong></span> <span class='ocrx_word' id='word_1_431' title='bbox 3405 5445 3503 5486; x_wconf 68' lang='lat' dir='ltr'><strong>ms.</strong></span> 
     </span>
    </p>
   </div>
  </div>
