4020 6180
151 367 288 430 1037
394 367 404 378 ’

921 495 991 550 ΙΙ.

414 583 611 640 Oritur
639 583 804 639 sidus
827 583 1110 658 inclytum

414 672 721 729 Illustrans
753 689 924 729 omne
953 672 1254 742 saeculum,

413 763 522 819 Per
550 762 705 835 quod
737 761 861 819 dies
885 766 942 819 et
971 765 1234 835 tempora

413 853 740 908 Assumunt
768 850 895 906 vita;
926 850 1172 907 lumina.

487 941 714 1014 Reliqua
743 957 852 997 non
881 948 1100 996 exstant
1130 942 1190 995 in
1219 957 1321 995 ms.

469 1135 539 1174 AD
569 1135 793 1175 CRL'CEM
825 1135 1177 1175 ADORANDAM
1209 1135 1434 1174 ORATIO.

210 1211 268 1265 ln
295 1207 466 1279 cujus
498 1224 709 1263 nomen
743 1224 914 1263 omne
946 1223 1097 1280 genu
1141 1205 1410 1272 ﬂectitur,
1429 1205 1773 1273 cmlestium,

153 1297 495 1354 terrestrium
513 1301 572 1352 et
590 1296 1032 1361 infernorum,ei
1047 1313 1201 1351 nunc
1219 1312 1351 1351 mea
1367 1311 1543 1350 curvo
1565 1311 1775 1368 genua,

151 1388 253 1443 sive
279 1386 560 1441 confiteor
597 1384 830 1458 culpam
879 1385 1032 1441 Patri
1086 1385 1402 1453 luminum,
1454 1383 1777 1456 possessori

151 1475 395 1531 omnium
426 1474 764 1546 spirituum,
819 1474 1130 1546 imperanti
1164 1478 1285 1529 tam
1313 1474 1558 1529 terrenis
1599 1490 1777 1546 quam

150 1563 463 1620 coelestibus
497 1579 509 1617 :
547 1563 788 1635 tibique,
822 1563 1058 1618 inimice
1074 1562 1318 1618 humani
1341 1561 1776 1634 generis,inter-

150 1652 383 1728 dico,qui
415 1651 628 1709 circuis
659 1667 925 1725 quaerens
950 1667 1127 1724 quem
1153 1651 1612 1718 devores,averte
1635 1667 1779 1707 ame

1289 363 1721 428 STATUTUM
1763 362 1865 424 DE
1908 362 2371 426 DEFUNCTIS.

1803 494 1859 562 Α
1888 493 2194 551 machinas
2224 497 2357 550 tuas
2377 496 2436 550 et
2455 492 2712 550 occultas
2730 492 2976 550 insidias
3000 511 3014 563 ;
3039 492 3179 566 quia
3202 508 3433 550 mecum
3455 497 3547 550 est

3385 363 3541 425 1038

1887 601 2030 640 crux
2057 583 2290 640 Domini
2325 599 2500 656 quem
2535 598 2768 656 semper
2798 583 2996 639 adoro.
3029 583 3182 639 Crux
3220 582 3365 638 mihi
3396 584 3546 640 refu-

1885 672 2217 746 gium,crux
2246 672 2391 728 mihi
2437 673 2531 728 via
2561 678 2618 729 et
2663 672 2868 741 virtus,
2911 689 3052 728 crux
3094 671 3546 746 inexpugnabile

1885 762 2146 835 signum,
2179 779 2318 817 crux
2349 761 2686 818 invincibile
2707 779 2893 836 genus
2925 778 3246 817 armorum.
3279 764 3431 817 Crux
3461 778 3546 817 re-

1885 851 2049 923 pellit
2077 869 2250 908 omne
2280 851 2524 909 malum.
2561 851 2712 907 Crux
2738 852 2956 924 eﬂ'ugat
2971 850 3378 907 tenebras.Per
3393 851 3546 907 hanc

1886 955 2118 995 crucem
2151 939 2414 995 divinum
2447 941 2758 1013 aggrediar
2785 940 3070 996 iter.Crux
3100 937 3245 994 mihi
3264 938 3384 994 vita
3412 943 3501 995 est
3527 956 3541 994 :

1887 1044 2067 1094 mors,
2100 1027 2359 1096 inimice,
2388 1028 2518 1084 tibi.
2551 1029 2704 1084 Crux
2754 1027 2982 1084 Domini
3029 1026 3216 1084 nostri
3263 1027 3341 1083 sit
3370 1026 3548 1083 subli-

1887 1117 2062 1173 mitas
2094 1133 2243 1184 mea,
2277 1118 2520 1190 sanguis
2569 1118 2700 1188 ejus
2732 1121 2968 1187 maneat
3003 1116 3065 1172 in
3095 1133 3190 1172 me
3218 1115 3544 1189 redemptio

1886 1221 2042 1262 vera.
2099 1206 2465 1263 Resurrectio
2515 1205 2676 1262 illius
2719 1207 2797 1262 sit
2842 1205 2990 1262 mihi
3019 1207 3089 1262 de
3120 1205 3548 1262 resurrectione

1880 1295 2179 1365 justorum
2213 1296 2385 1351 firma
2417 1296 2562 1351 ﬁdes
2591 1299 2650 1351 et
2681 1312 2817 1368 spes
2843 1299 3036 1363 certa;
3065 1297 3123 1350 et
3151 1293 3312 1350 illius
3341 1295 3412 1350 ad
3441 1310 3550 1350 coa-

1886 1383 1974 1439 los
2005 1383 2259 1456 gloriosa
2289 1385 2552 1440 ascensio
2584 1384 2662 1440 sit
2691 1385 2835 1440 mihi
2857 1385 2928 1440 ad
2943 1383 3172 1441 caeleste
3189 1382 3546 1439 desiderium

1889 1473 2230 1545 quotidiana
2260 1473 2634 1545 provectio,et
2667 1473 2850 1530 sancti
2883 1473 3136 1544 Spiritus
3165 1471 3225 1527 in
3273 1471 3550 1528 cordibus

1889 1561 2107 1618 nostris
2139 1562 2354 1618 infusio
2382 1563 2458 1618 sit
2474 1563 2740 1619 omnium
2764 1560 3190 1635 praeteritorum
3212 1564 3548 1618 nostrorum

1889 1649 2180 1708 remissio.
2211 1652 2416 1706 Amen.

683 2006 1316 2096 STATUTUM
1375 2005 1470 2092 S.
1533 2002 2084 2092 ODILONIS
2138 2005 2286 2091 DE
2345 2004 2997 2094 DEFUNCTIS

1432 2155 1718 2228 (Biblioth.
1748 2155 2018 2222 Cluniae.,
2052 2172 2109 2229 p.
2143 2155 2270 2226 338)

204 2438 505 2492 Decretum
530 2439 621 2493 est
649 2452 684 2492 a
703 2433 1046 2492 beatissimo
1069 2434 1235 2490 Patre
1255 2432 1493 2489 domino
1511 2432 1774 2500 Odilone,
1806 2420 1854 2500 Β
1885 2436 2172 2488 votorum.
2208 2431 2354 2505 Ergo
2403 2430 2656 2504 qualiter
2695 2429 2962 2488 omnium
2994 2430 3281 2488 memoria
3309 2430 3554 2489 Christi-

144 2543 248 2581 una
261 2543 393 2582 cum
408 2541 702 2580 consensu
718 2528 776 2580 et
785 2527 991 2597 rogatu
1005 2521 1269 2578 omnium
1289 2523 1534 2579 fratrum
1553 2522 1612 2577 Cl
1624 2540 1655 2576 u
1667 2522 1784 2577 nia-

143 2614 407 2680 censium,
444 2617 512 2669 ut.
547 2613 701 2670 sicut
730 2614 790 2668 in
828 2612 1098 2670 ecclesiis
1145 2611 1247 2668 Dei
1276 2629 1402 2684 qua:
1447 2627 1550 2684 per
1580 2613 1782 2666 orbem

140 2708 405 2758 terrarum
441 2702 616 2775 longe
646 2701 877 2775 lateque
900 2706 1245 2758 constructae
1278 2703 1416 2756 sunt
1449 2699 1507 2755 in
1540 2701 1633 2755 die
1676 2704 1785 2755 Ka-

142 2790 429 2848 lendarum
485 2790 903 2848 Novembrium
945 2789 1141 2863 agitur
1182 2789 1466 2846 festivitas
1510 2788 1783 2844 Omnium

142 2881 592 2948 Sanctorum,ita
618 2885 826 2953 agatur
855 2879 1011 2951 apud
1042 2896 1150 2934 nos
1201 2879 1408 2936 festivo
1458 2894 1617 2935 more
1651 2894 1785 2933 con-

147 2969 474 3025 memoratio
502 2969 767 3024 omnium
799 2967 1059 3024 fidelium
1110 2968 1540 3032 defunctorum,
1582 2966 1682 3040 qui
1715 2965 1786 3021 ab

146 3057 293 3113 initio
324 3057 536 3113 mundi
569 3057 807 3112 fuerunt
853 3073 1042 3129 usque
1093 3057 1153 3112 in
1205 3056 1404 3124 ﬁnem,
1457 3053 1559 3110 tali
1593 3055 1785 3112 modo.

148 3146 260 3217 Ipso
277 3146 365 3202 die
379 3145 725 3218 supradicto
739 3148 870 3218 post
891 3143 1214 3218 capitulum
1238 3143 1455 3200 faciant
1471 3142 1788 3216 cleemosy-

148 3252 266 3291 nam
296 3237 564 3292 decanus
595 3239 650 3290 et
667 3234 1002 3291 cellerarius
1035 3234 1103 3290 de
1131 3237 1346 3306 paneet
1367 3232 1498 3288 vino
1516 3231 1790 3289 omnibus

147 3322 680 3396 supervenientibus
704 3322 1083 3395 pauperibus,
1116 3322 1267 3378 sicut
1315 3339 1443 3377 mos
1490 3326 1579 3378 est
1607 3321 1700 3394 agi
1731 3322 1789 3377 in

147 3412 300 3469 Coena
329 3411 592 3470 Domini.
627 3412 694 3467 Et
741 3411 1029 3483 quidquid
1078 3410 1206 3483 ipso
1248 3411 1341 3466 die
1384 3428 1452 3466 ex
1483 3410 1791 3466 refectione

148 3501 373 3558 fratrum
406 3500 768 3558 remanserit
797 3501 869 3556 ad
919 3500 1255 3572 prandium,
1279 3517 1348 3555 ex
1390 3500 1614 3572 integro
1647 3499 1790 3555 reci-

147 3590 253 3661 piat
271 3589 796 3662 eleemosynarius,
831 3589 946 3644 nisi
977 3593 1206 3645 tantum
1237 3605 1448 3661 panem
1481 3593 1536 3643 et
1565 3588 1789 3656 vinum,

148 3695 258 3750 qua
289 3686 421 3753 post
456 3695 684 3734 coenam
737 3678 996 3751 recipiat.
1031 3678 1162 3751 Ipso
1202 3679 1378 3734 etiam
1413 3677 1506 3733 die
1538 3681 1670 3748 post
1699 3694 1793 3733 ve-

150 3770 520 3840 spertinalem
547 3767 1151 3841 synaxim,pulsentur
1171 3767 1368 3823 omnia
1388 3767 1640 3840 signa,et
1661 3783 1792 3838 aga-

148 3862 230 3911 tur
257 3859 526 3914 officium
556 3874 659 3929 pro
707 3856 1017 3912 defunctis.
1051 3857 1136 3911 Ad
1185 3857 1428 3912 missam
1476 3873 1610 3912 vero
1668 3873 1791 3910 ma-

150 3946 684 4015 tutinalem,festivo
715 3962 875 4001 more
906 3946 1099 4018 agitur
1119 3945 1603 4012 ofﬁcium,omnia
1624 3944 1793 4018 signa

149 4035 466 4105 pulsentur.
505 4037 751 4091 Tractus
800 4053 834 4090 a
887 4035 1117 4090 duobus
1172 4034 1452 4090 fratribus
1504 4037 1789 4101 cantetur,

149 4125 324 4180 cuncti
355 4126 575 4182 fratres
605 4123 881 4179 offerant:
918 4124 1188 4196 privatim
1229 4125 1287 4179 et
1316 4122 1549 4196 publice
1578 4121 1794 4177 missas

148 4212 425 4272 celebrent
456 4230 569 4287 pro
582 4212 780 4285 requie
810 4213 1075 4268 omnium
1099 4213 1431 4270 animarum
1452 4212 1799 4282 fidelium,et

150 4301 442 4359 duodecim
483 4318 772 4374 pauperes
805 4301 1236 4357 reficiantur.Et
1266 4306 1329 4356 ut
1360 4302 1466 4356 hoc
1499 4302 1798 4356 decretum

151 4398 493 4464 perpetuum
522 4392 778 4465 vigorem
806 4390 1362 4461 obtineat,volumus
1382 4394 1438 4446 et
1468 4391 1725 4462 petimus
1746 4394 1804 4445 et

152 4481 521 4553 pracipimus
552 4485 670 4537 tam
703 4480 762 4536 in
793 4479 918 4536 loco
962 4480 1071 4535 hoc
1122 4496 1300 4552 quam
1350 4480 1409 4534 in
1460 4478 1687 4534 cunctis
1727 4479 1800 4534 ad

152 4567 316 4626 istum
371 4570 578 4626 locum
626 4569 1056 4643 pertinentibus
1105 4572 1385 4625 servetur.
1437 4569 1506 4623 Et
1555 4568 1604 4624 si
1654 4566 1805 4623 alius

153 4655 352 4730 aliquis
382 4677 456 4716 ex
493 4660 606 4715 ista
638 4663 842 4716 nostra
889 4658 1045 4714 fideli
1096 4657 1430 4714 inventione
1486 4656 1811 4729 sumpserit

152 4748 504 4822 exemplum,
536 4749 829 4823 particeps
868 4748 1135 4806 omnium
1179 4749 1467 4805 bonorum
1524 4747 1814 4804 efﬁciatur

1893 2521 2152 2577 colarum
2185 2519 2366 2578 semel
2390 2521 2449 2576 in
2479 2537 2632 2577 anno
2665 2525 2876 2594 agatur
2904 2519 3245 2580 monuimus
3269 2524 3326 2577 et
3348 2537 3556 2594 prince-

1893 2609 2363 2682 pimus,dignum
2394 2610 2650 2682 profecto
2683 2609 2958 2666 ducimus
2990 2614 3056 2666 ut
3085 2627 3190 2683 pro
3221 2613 3555 2667 nostrorum

1896 2698 2145 2754 fratrum
2193 2698 2526 2766 animabus,
2583 2699 2693 2754 sub
2746 2698 2887 2754 almi
2938 2698 3235 2755 Benedicti
3267 2715 3474 2755 norma
3495 2699 3555 2754 in

1897 2786 2175 2843 coenobiis
2206 2787 2322 2842 Deo
2355 2786 2772 2855 militantibus,
2799 2787 2859 2842 in
2890 2787 3104 2843 divinis
3134 2787 3357 2859 aliquid
3387 2789 3559 2844 obse-

1897 2877 2052 2950 quiis
2083 2877 2217 2950 plus
2249 2894 2410 2933 more
2442 2877 2613 2934 solito
2644 2878 3306 2951 adaugeamus.Necnon
3339 2883 3404 2936 ut
3435 2895 3557 2935 me-

1898 2967 2085 3023 moria
2115 2965 2276 3022 chari
2309 2967 2493 3023 nostri
2510 2966 2880 3038 imperatoris
2901 2966 3154 3023 Heinrici
3176 2983 3312 3023 cum
3330 2967 3557 3024 eisdem

1897 3056 2186 3128 praecipue
2217 3055 2867 3129 agatur,constituimus
2891 3073 2904 3111 :
2930 3059 2996 3112 ut
3022 3055 3230 3111 merito
3247 3056 3555 3124 debemus,

1899 3143 2103 3200 multis
2133 3144 2204 3199 ab
2236 3145 2363 3217 ipso
2394 3144 2562 3201 ditati
2605 3144 2836 3216 opibus.
2885 3143 3119 3201 Scilicet
3167 3145 3239 3200 ad
3295 3143 3559 3217 vigiliam

1900 3236 2287 3302 mortuorum,
2323 3239 2456 3306 post
2485 3233 2781 3306 psalmum
2814 3251 2827 3290 :
2860 3233 2940 3290 Ad
2967 3235 3259 3290 Dominum
3299 3251 3425 3290 cum
3455 3234 3560 3290 tri-

1903 3323 2141 3390 bularer,
2175 3323 2275 3395 qui
2303 3327 2435 3396 post
2478 3321 2757 3380 lectiones
2805 3322 3103 3393 recitatur,
3136 3323 3383 3392 Domine,
3428 3323 3562 3397 quid

1899 3413 2257 3484 multiplicati
2283 3413 2730 3480 sunt,dicamus.
2765 3414 2851 3468 Ad
2906 3413 3232 3471 matutinas
3270 3412 3362 3470 vel
3407 3417 3560 3487 post,

1901 3503 1976 3558 De
1998 3502 2299 3573 profundis
2320 3521 2343 3566 ;
2376 3503 2653 3575 Usquequo
2700 3504 2947 3558 Domine.
2980 3503 3066 3558 Ad
3112 3519 3385 3575 vesperas
3430 3505 3564 3576 post

1903 3590 2093 3646 Lauda
2116 3592 2306 3647 ani-ma
2319 3607 2461 3648 mea.
2492 3593 2613 3648 Nisi
2658 3594 2792 3664 quia
2820 3592 3103 3648 Dominus.
3137 3597 3297 3664 Deus,
3331 3593 3562 3648 auribus

1900 3681 2124 3736 nostris.
2161 3680 2295 3736 Post
2342 3683 2593 3748 Domine,
2642 3683 2945 3752 refugium,
3000 3682 3264 3737 Dominus
3289 3683 3430 3752 regit
3453 3697 3559 3736 me.

1904 3770 1989 3825 Ad
2019 3768 2320 3837 letaniam,
2351 3769 2546 3826 Judica
2591 3786 2697 3834 me,
2741 3775 2907 3838 Deus,
2958 3777 3009 3826 et
3055 3770 3319 3826 discerne.
3375 3769 3444 3824 Et
3481 3769 3564 3825 ita

1907 3858 2107 3914 divina
2131 3859 2356 3914 favente
2388 3858 2670 3931 gratia,ut
2702 3858 3328 3930 praemisimus,eorum
3359 3861 3580 3931 agatur

1905 3947 2188 4003 memoria
2218 3964 2321 4020 per
2346 3947 2544 4003 omnia
2573 3947 2771 4002 futura
2797 3950 3208 4019 tempora,tam
3229 3946 3288 4002 in
3311 3947 3419 4003 hoc
3439 3947 3566 4004 loco

1904 4054 2082 4109 quam
2112 4035 2172 4090 in
2205 4037 2482 4091 omnibus
2516 4036 2588 4090 ad
2617 4036 2772 4090 hunc
2804 4034 3273 4107 respicientibus.
3304 4035 3568 4091 Auctori-

1903 4129 1995 4181 tas
2025 4124 2231 4180 divinzs
2261 4123 2408 4196 legis
2433 4141 2541 4179 nos
2592 4125 2867 4180 admonet
2913 4127 2978 4178 ut
3007 4123 3065 4178 in
3107 4123 3280 4178 domo
3310 4123 3564 4191 Domini,

1907 4230 2033 4285 quae
2066 4217 2155 4268 est
2184 4211 2441 4268 Ecclesia
2472 4211 3175 4284 ﬁdelium,unusquisque
3203 4212 3565 4280 devotorum,

1908 4319 2012 4374 pro
2042 4301 2265 4357 viribus
2297 4319 2330 4357 a
2360 4301 2607 4357 Domino
2651 4301 2766 4358 sibi
2814 4300 3061 4371 collatis,
3095 4299 3315 4373 aliquid
3363 4300 3570 4356 offerre

1911 4391 2165 4459 studeat,
2192 4408 2263 4446 ne
2294 4390 2516 4446 scilicet
2547 4396 2613 4447 ut
2643 4391 2807 4463 piger
2836 4407 3040 4448 servus
3073 4407 3176 4463 pro
3201 4389 3404 4446 talenti
3435 4389 3572 4446 abs-

1914 4480 2190 4535 consione
2210 4480 2344 4551 jure
2376 4498 2409 4535 a
2438 4480 2684 4536 Domino
2715 4480 3050 4548 damnetur,
3073 4479 3175 4535 sed
3204 4479 3404 4552 potius
3433 4494 3571 4534 cum

1916 4570 2068 4624 bono
2141 4585 2308 4624 servo
2375 4567 2538 4623 lucro
2609 4567 2859 4625 ﬁdeliter
2927 4566 3315 4642 multiplicato
3394 4566 3574 4641 digna

1919 4658 2182 4715 mercede
2213 4660 2637 4716 remuneretur.
