4026 6184
1672 340 2072 405 APPENDIX
2115 343 2218 402 AD
2264 339 2326 402 S.
2375 340 2802 406 ODlLDNEM.

3698 314 3808 416 ton

1269 685 1965 811 APPENDIX
2057 682 2231 808 AD
2332 684 2442 809 s.
2548 683 3224 813 ODILONEM

1785 920 2256 994 PRIECEPTA
2317 920 2714 1004 QUIEDAM

820 1095 912 1159 De
963 1095 1271 1159 nonnullis
1324 1097 1582 1160 ecclesiis
1636 1106 1691 1160 et
1743 1097 1886 1159 locis
1933 1094 2322 1180 Cluniacensi
2363 1095 2630 1180 ccenooz'o
2673 1098 2979 1174 concessis,
3018 1107 3276 1180 tempore
3303 1097 3372 1158 S.
3407 1096 3634 1160 Οάίιοηιε

1919 1175 2156 1240 abbatis
2181 1174 2458 1239 Cluniae.
2505 1175 2573 1237 V.

1717 1334 2076 1408 (Bibliotheca
2107 1333 2500 1403 Cluniacensis,
2535 1351 2604 1408 pr
2632 1335 2780 1410 409.)

2047 1513 2449 1526 —-—

537 343 697 410 1039

1353 1639 1396 1694 Ι.

541 1728 884 1799 Praeceptum
960 1726 1164 1784 Ottom's
1241 1728 1374 1855 i731).
1406 1799 1417 1810 ο
1449 1727 1514 1784 de
1590 1735 1776 1784 sancto
1854 1728 2056 1787 Maiolo
2139 1727 2204 1784 de

1275 1827 1280 1832 -
1320 1815 1468 1870 apta.

1187 1844 1564 1961 (Αιῖιῖἴᾷῥρ.)

615 1993 680 2050 In
710 1993 948 2050 nomine
978 1988 1190 2064 sancte
1219 1999 1278 2051 et
1303 1994 1616 2068 individua:
1653 1994 1977 2064 Trinitatis,
2030 1995 2199 2064 Orro,

539 2081 644 2139 Dei
672 2082 883 2156 gratia,
913 2083 1310 2140 Romanorum
1342 2083 1662 2156 imperator
1687 2086 2011 2158 Augustus.

611 2171 828 2228 Notum
877 2171 955 2228 sit
1007 2171 1284 2228 omnibus
1323 2171 1597 2228 ﬁdelibus
1648 2174 1868 2230 nostris
1921 2173 2200 2246 quoniam

541 2260 615 2316 ob
641 2259 984 2332 petitionem
1017 2260 1220 2316 domni
1268 2260 1419 2316 Odili
1467 2261 1820 2318 venerabilis
1866 2263 2100 2318 abbatis
2143 2267 2204 2318 et

542 2347 796 2406 salutem
829 2348 1037 2405 animae
1068 2353 1304 2416 nostrae,
1354 2365 1458 2422 per
1506 2351 1616 2406 hoc
1670 2354 1939 2406 nostrum
1993 2367 2202 2423 praece-

542 2440 714 2510 ptum
744 2437 1170 2500 conﬁrmamus
1199 2437 1434 2494 cuidam
1479 2437 1656 2508 cellae,
1709 2439 1770 2495 in
1798 2439 2019 2496 honore
2069 2455 2202 2496 san-

543 2529 646 2582 ctas
703 2524 898 2582 Maria:
962 2525 1188 2595 dicatae,
1247 2527 1308 2582 in
1387 2527 1646 2584 civitate'
1691 2528 1870 2600 Papia
1928 2528 2072 2595 sitm,
2130 2529 2200 2584 ad

538 2613 888 2696 Gluniacnm
936 2615 1360 2673 monasterium
1415 2617 1569 2674 dono
1613 2621 1672 2672 et
1711 2617 2026 2674 traditione
2071 2617 2203 2672 Gai-

541 2703 686 2761 dulfl
713 2721 1075 2778 suorumque
1105 2704 1404 2762 heredum
1432 2707 1874 2780 pertinenti,qui
1905 2707 2203 2779 quondam

545 2792 766 2866 capella
791 2791 1094 2850 dicebatur
1123 2793 1394 2863 Gaidulﬁ,
1439 2795 1540 2851 sed
1591 2813 1748 2852 nunc
1797 2796 1870 2852 ab
1928 2795 2205 2852 omnibus

545 2879 694 2938 cella
722 2881 937 2938 dicitur
965 2882 1156 2940 sancti
1186 2882 1406 2952 Maioli,
1431 2901 1638 2940 omnes
1674 2901 1767 2941 res
1797 2889 1854 2940 et
1883 2883 2207 2958 proprieta-

537 2972 632 3028 ‘tes
663 2971 735 3026 ad
779 2971 1051 3028 eamdem
1099 2971 1306 3028 cellam
1354 2972 1516 3031 intus
1547 2976 1605 3029 et
1652 2973 1794 3029 foris
1828 2973 2204 3046 pertinentes,

535 3075 692 3134 quas
722 3059 1010 3129 habet,ve1
1042 3060 1104 3116 in
1133 3061 1332 3118 futuro
1364 3065 1516 3118 Deus
1545 3061 1628 3118 ibi
1662 3061 2032 3132 concesserit,
2067 3076 2202 3117 cum

539 3149 713 3206 terris
740 3148 918 3206 cultis
947 3153 1006 3206 et
1029 3149 1289 3220 incultis,
1323 3151 1512 3224 aquis,
1545 3149 1920 3220 molendinis,
1949 3150 2202 3223 piscato-

539 3235 730 3303 ribus,
763 3238 1042 3295 omnibus
1073 3238 1248 3295 rebus
1279 3238 1597 3295 mobilibus
1649 3243 1706 3295 et
1754 3238 2199 3311 immobilibus;

541 3343 612 3383 ea
637 3325 910 3382 videlicet
936 3327 1163 3383 ratione
1194 3332 1260 3382 ut
1298 3328 1426 3398 jam
1481 3327 1635 3384 dicta
1677 3327 1822 3384 cella
1852 3328 2083 3398 habeat,
2117 3334 2202 3387 te-

543 3413 1066 3486 neat,firmiterque
1097 3413 1412 3486 possideat,
1463 3418 1521 3470 et
1569 3431 1804 3488 semper
1849 3415 1909 3470 in
1962 3415 2202 3473 ordina-

541 3502 700 3561 tione
757 3506 816 3558 et
865 3501 1252 3574 dispositione
1298 3503 1704 3560 Cluniacensis
1752 3503 2006 3572 abbatis,
2051 3505 2204 3561 sicut

529 3589 850 3646 Gaidulfus
880 3589 1190 3660 ordinavit,
1214 3591 1768 3664 permaneat.Etiam
1818 3608 1954 3648 eum
2001 3597 2204 3650 nostra

529 3677 857 3737 donatione
909 3683 969 3735 et
1012 3679 1382 3747 auctoritate,
1425 3679 1670 3753 insuper
1715 3679 2004 3752 imperiali
2027 3682 2200 3753 jube-

545 3783 682 3824 mus
731 3762 995 3842 potentia
1020 3772 1086 3824 ut
1116 3767 1314 3824 nullus
1371 3768 1508 3836 dux,
1549 3767 2048 3842 archiepiscopus,
2079 3771 2200 3846 epi-

525 3873 779 3930 scopus,
811 3855 1093 3926 marchio,
1144 3873 1360 3926 comes,
1399 3857 1604 3930 judex,
1649 3855 1990 3927 vicecomes,
2043 3859 2203 3916 nulla

527 3945 779 4020 imperii
825 3945 1010 4002 nostri
1068 3962 1284 4020 magna
1330 3961 1626 4019 parvaque
1665 3963 1932 4019 persona,
1963 3949 2034 4004 de
2063 3965 2202 4021 prae-

543 4027 700 4092 dicta
721 4034 1001 4104 cella,aut
1040 4027 1166 4092 suis
1215 4035 1606 4109 pertinentiis,
1647 4035 2056 4105 intromittere,
2108 4037 2199 4094 vel

527 4122 768 4197 aliquid
799 4123 1090 4194 ordinare,
1123 4129 1227 4180 aut
1273 4125 1615 4198 dispensare
1659 4125 1785 4182 sine
1827 4125 2100 4198 jussione
2147 4133 2204 4184 et

539 4213 842 4270 voluntate
873 4213 1103 4271 abbatis
1149 4212 1550 4270 Cluniacensis
1595 4219 1932 4288 praesumat.
1967 4215 2026 4273 Si
2067 4216 2200 4290 quis

535 4302 722 4376 igitur
749 4302 860 4360 hoc
887 4307 1101 4360 nostris
1151 4303 1490 4360 stabilitatis
1538 4307 1894 4377 praeceptum
1943 4306 2198 4381 fregerit,

2227 1637 2284 1704 Α
2313 1653 2550 1706 nonres,
2583 1638 2782 1696 divina
2802 1639 3156 1712 propitiante
3175 1638 3612 1713 clementia,pius
3623 1639 3830 1712 Augustus

2309 1730 2484 1800 atque
2508 1727 2934 1786 invictissimus
2967 1746 3087 1785 rex.

2383 1815 2544 1872 Sicut
2571 1821 2794 1874 certum
2826 1817 3231 1874 indubitanter
3259 1821 3348 1876 est
3367 1816 3568 1873 nullam
3585 1819 3830 1892 potestatem

2311 1903 2425 1960 nisi
2454 1922 2488 1960 a
2516 1910 2630 1964 Deo
2661 1923 2904 1978 prorsus
2935 1907 3204 1976 existere,
3225 1907 3310 1964 sic
3356 1923 3674 1978 consequens
3703 1905 3834 1976 utique

2311 1996 2403 2050 est
2432 1997 2498 2050 ut
2525 1995 2798 2068 quisquis
2829 1995 2958 2068 ejus
2983 1994 3363 2068 dispositione
3383 1999 3600 2051 terrenae
3625 1992 3832 2066 potestatis

2312 2081 2569 2141 culmine
2600 2084 2959 2141 sublimatur
2988 2085 3098 2142 sub
3129 2084 3350 2158 potenti
3371 2084 3610 2156 ejusdem
3634 2077 3834 2155 largitoris

2312 2188 2491 2228 manu
2524 2189 2653 2229 sese
2698 2173 2970 2230 humiliet
3007 2173 3180 2247 eique
3225 2175 3296 2230 de
3343 2173 3461 2230 suis
3504 2172 3649 2228 donis
3685 2169 3834 2243 placere

2313 2249 2935 2336 studeat.Quapropter
2959 2267 3165 2319 notum
3195 2263 3272 2319 sit
3302 2263 3557 2318 omnibus
3584 2278 3668 2334 per
3687 2263 3834 2329 tempo-

2313 2366 2446 2405 rum
2477 2349 2770 2408 curricula
2801 2351 2913 2408 sibi
2947 2351 3418 2422 succedentibus,
3446 2355 3556 2407 tam
3585 2347 3763 2422 regibus
3781 2343 3834 2399 vi-
3922 2379 3923 2400 ξ

2313 2438 2524 2496 delicet
2571 2456 2747 2512 quam
2797 2439 3132 2507 comitibus,
3180 2440 3461 2513 cujusque
3503 2439 3836 2512 magistratuum

2313 2529 2614 2600 gradibus,
2645 2528 2733 2584 vel
2766 2527 3097 2602 reipublicae
3149 2527 3720 2592 administrationibus,
3738 2519 3835 2594 quod

2314 2617 2384 2673 ad
2417 2617 2886 2690 deprecationem
2913 2618 3348 2688 Emmae,nostri
3381 2615 3588 2690 imperii
3627 2609 3837 2674 consortis,

2315 2705 2680 2778 aliorumque
2706 2712 3040 2764 nostrorum
3075 2707 3465 2780 quorumdam
3495 2703 3709 2760 ﬁdelium
3731 2713 3842 2771 quas-

2317 2793 2451 2850 dam
2487 2795 2678 2862 res,oh
2707 2812 2965 2852 amorem
2996 2796 3096 2852 Dei
3149 2799 3588 2866 sanctorumque
3611 2787 3843 2864 principum
3922 2831 3923 2868 1

2315 2883 2740 2956 apostolorum,
2788 2885 2941 2940 Petri
2982 2885 3207 2941 scilicet
3257 2889 3428 2958 atque
3477 2879 3636 2947 Pauli,
3673 2877 3728 2933 ad
3759 2874 3845 2930 Clu-
3921 2885 3923 2948 ς

2317 2971 2519 3028 niense
2549 2974 2971 3030 monasterium
3002 2973 3175 3030 trado
3201 2992 3214 3042 ;
3250 2990 3317 3030 eo
3348 2970 3610 3045 siquidem
3641 2971 3786 3023 tenore
3809 2963 3848 3014 ut

2313 3061 2648 3118 fraternitas
2679 3062 3102 3118 monachorum
3137 3061 3284 3118 inibi
3319 3059 3624 3134 degentium
3649 3071 3719 3111 res
3741 3052 3844 3122 ipsas
3922 3111 3923 3122 ξ

2313 3149 2438 3206 sine
2471 3149 2788 3222 cujuslibet
2819 3155 2921 3206 aut
2959 3151 3136 3224 regis,
3172 3154 3275 3208 aut
3321 3147 3557 3215 comitis,
3585 3147 3653 3202 vel
3678 3134 3845 3212 cujusli-

2312 3239 2410 3296 bet
2455 3237 2749 3296 inferioris
2789 3239 3008 3312 gradus
3049 3239 3462 3296 contrarietate
3506 3237 3733 3310 perpetuo
3760 3227 3846 3320 iure

2313 3329 2676 3400 possideant,
2701 3332 2759 3384 et
2797 3310 2996 3385 eidem
3045 3327 3178 3384 loco
3229 3344 3334 3401 pro
3385 3329 3566 3382 nostro
3612 3310 3844 3408 memoriali

2313 3421 2694 3486 reservantes,
2729 3420 2848 3472 tam
2883 3433 2985 3490 pro
3012 3415 3187 3473 nobis
3219 3433 3397 3489 quam
3440 3430 3536 3486 pro
3579 3414 3705 3466 statu
3741 3416 3843 3474 regni

2312 3505 2517 3574 nostri,
2543 3505 2758 3561 Christi
2784 3505 3161 3562 elementiam
3195 3510 3369 3578 atque
3391 3501 3736 3578 prndictorum

2312 3594 2598 3651 stolorum
2629 3593 2956 3667 patrocinia
2994 3593 3224 3667 jugiter
3268 3577 3586 3667 deposcant,
3611 3593 3657 3644 et
3679 3599 3754 3658 pro
3775 3577 3846 3633 illis

2312 3682 2698 3740 nihilominus
2757 3683 2858 3756 qui
2917 3683 3070 3739 hanc
3129 3682 3501 3739 donationem
3551 3669 3845 3763 iuconvulsaltl

2311 3788 2652 3844 permanere
2683 3770 3096 3828 concesserint.
3140 3771 3296 3828 Sunt
3325 3774 3512 3826 autem
3564 3767 3677 3839 ipsa:
3713 3775 3777 3815 res
3805 3769 3848 3844 ειξ

2311 3866 2380 3916 tie
2437 3861 2497 3916 in
2555 3859 2833 3918 comitatu
2910 3859 3254 3916 Matiscensi
3320 3859 3380 3915 in
3445 3840 3846 3912 vicaria.....t!t

2307 3954 2548 4006 vocatur
2595 3949 2730 4005 villa
2799 3949 2872 4005 ad
2931 3946 3266 4016 Chivineas,
3333 3962 3504 4020 quam
3549 3943 3720 3998 damus
3758 3942 3843 4030 culti

2309 4037 2586 4096 omnibus
2607 4035 2966 4110 appendieiis
2993 4037 3140 4106 suis,
3177 4041 3236 4093 et
3267 4037 3490 4092 tertiam
3521 4033 3708 4106 partem
3725 4031 3845 4114 ptsﬁl'

2311 4145 2394 4184 nm
2429 4144 2556 4200 quae
2585 4109 2824 4182 vocatur
2865 4125 2998 4194 Osa,
3031 4141 3170 4180 eum
3218 4122 3544 4196 mancipiis,
3570 4115 3642 4174 vel
3678 4109 3842 4179 relitluis

2309 4218 2487 4274 rebus
2517 4217 2588 4272 ad
2624 4215 2886 4272 eamdem
2916 4213 3205 4286 piscinam
3241 4209 3656 4286 pertinentibus,
3681 4205 3728 4256 ut
3750 4207 3844 4286 δρῦν

2313 4323 2414 4380 per
2443 4305 2620 4362 iidem
2645 4283 2934 4360 monachi
2949 4303 3216 4359 medium
3243 4283 3490 4358 tractum
3513 4283 3849 4380 habeantzf'ﬂl‘l'

539 4373 854 4465 componat
875 4396 1112 4450 centum
1145 4391 1328 4448 libras
1358 4391 1506 4458 auri,
1541 4373 1914 4448 medietatem
1957 4373 2198 4450 camerae
2229 4378 2270 4444 C
2312 4373 2618 4449 lirmamus
2648 4393 2823 4448 etiam
2856 4391 3236 4448 donationem
3263 4407 3437 4466 quam
3455 4388 3535 4444 vir
3559 4386 3712 4441 bonus
3735 4373 3846 4466 belli

538 4485 752 4536 nostrae
803 4485 863 4538 et
925 4482 1304 4538 medietatem
1365 4481 1738 4538 Cluniacensi
1816 4483 2193 4540 monasterio.

530 4559 703 4634 Ωιιοά
758 4572 824 4625 ut
859 4570 1056 4626 verius
1105 4572 1378 4627 credatur
1429 4574 1487 4626 et
1543 4587 1777 4644 semper
1833 4571 2190 4642 observetur,

537 4672 718 4714 manu
766 4657 1004 4732 propria
1049 4659 1416 4730 roborantes,
1449 4658 1642 4732 sigillo
1700 4663 1898 4716 nostro
1947 4659 2196 4732 sigillari

537 4746 952 4821 praecepimus.

615 4835 851 4907 Signum
922 4836 1113 4894 domui
1186 4837 1391 4896 Ottom's
1457 4837 1795 4894 inclutissimi
1851 4839 2195 4910 imperatoris

539 4925 791 4998 Augusti.

609 5015 758 5071 Data
789 5015 934 5072 Idib.
969 5015 1210 5090 Aprilis,
1239 5033 1393 5072 anno
1440 5014 1755 5071 Dominicaa
1807 5015 2193 5072 incarnationi

536 5101 667 5170 999,
699 5102 822 5160 ind.
872 5122 976 5174 xu,
1021 5124 1174 5163 anno
1221 5105 1376 5163 tertii
1428 5104 1656 5161 Ottonis
1707 5105 1861 5178 regis
1911 5105 1997 5172 14,
2047 5105 2191 5179 imp.

533 5189 570 5246 3
595 5190 746 5264 Aug.
773 5191 970 5249 Romae
998 5194 1264 5262 feliciter.

533 5367 873 5442 Praeceptum
899 5370 1115 5443 Rodulﬁ
1145 5375 1288 5442 regis
1313 5373 1378 5429 de
1404 5372 1685 5436 Chavinis,
1711 5371 1985 5442 Blenosco,
2008 5381 2191 5430 sancto

993 5442 1201 5500 Victore
1221 5453 1274 5500 et
1303 5446 1432 5500 aliis
1463 5445 1734 5516 capellis..

728 5613 746 5627 .
1175 5533 1365 5602 (Anno
1395 5532 1548 5604 997.)

603 5635 670 5697 In
699 5636 937 5696 nomine
984 5642 1197 5696 sancta:
1244 5641 1300 5696 et
1337 5637 1655 5696 individua:
1699 5637 2025 5714 Trinitatis,
2071 5640 2179 5699 Ro-

2305 4481 2516 4538 baldus
2548 4482 2618 4536 de
2651 4481 2928 4537 Blenosco
2959 4479 3094 4536 fecit
3120 4498 3134 4549 ;
3172 4455 3299 4537 sed.
3327 4482 3382 4536 et
3428 4477 3576 4532 illam
3617 4470 3676 4526 de

2305 4571 2491 4627 sancti
2519 4569 2788 4636 Victoris,
2821 4586 2948 4641 qua:
3003 4573 3093 4626 est
3118 4545 3181 4624 in
3213 4567 3520 4641 Absgogia,
3566 4559 3640 4616 vel
3683 4555 3736 4610 de
3762 4545 3846 4601 aliis

2303 4660 2479 4716 rebus
2535 4677 2662 4732 qua:
2711 4657 2976 4714 Altaldus
3032 4657 3120 4714 vel
3183 4657 3282 4714 alii
3335 4657 3405 4714 ad
3462 4647 3745 4728 praedictam
3785 4651 3846 4691 αι’

2302 4749 2517 4822 pellam
2538 4749 2836 4805 tradentes
2867 4746 3142 4803 Cluniaco
3156 4745 3574 4820 delegaverant.
3601 4741 3698 4792 Has

2304 4855 2396 4894 res
2417 4853 2552 4894 cum
2579 4835 2839 4909 capellis,
2864 4834 3174 4908 mancipiis
3205 4835 3507 4906 utriusque
3536 4826 3846 4916 sangvineis,

2302 4926 2508 5000 pratis,
2561 4924 2751 4998 aquis,
2799 4923 3172 4992 molendinis,
3227 4923 3410 4990 silvis,
3457 4918 3596 4976 casis
3640 4905 3774 4967 cultis
3812 4899 3846 4951 et

2301 5013 2560 5084 incultis,
2585 5019 2762 5086 atque
2787 5012 3062 5072 omnibus
3094 5029 3222 5086 quae
3251 5013 3325 5068 ad
3355 5027 3452 5068 eas
3489 5002 3732 5082 pertinere
3753 5002 3846 5086 pro"

2299 5077 2948 5176 bantur,'vel-praedicto
2999 5077 3357 5158 monasterio
3405 5077 3714 5169 acquirendo
3735 5077 3844 5176 sunt,

2299 5211 2404 5268 per
2431 5174 2692 5249 nostram
2723 5189 3157 5247 concessionem
3201 5189 3525 5246 ﬁrmamus.
3569 5174 3846 5268 Scriptum?

2302 5257 2536 5356 ἀυοίίυθ
2581 5281 2745 5338 illam
2789 5295 2967 5353 quam
3009 5279 3195 5342 Berno
3243 5279 3544 5352 episcopus
3584 5257 3848 5356 supradictis

2301 5350 2607 5429 monachis
2661 5371 2732 5426 de
2791 5350 2994 5426 eorum
3047 5350 3296 5425 decimis
3367 5364 3512 5430 fecit,
3566 5360 3718 5416 ratam
3760 5350 3846 5399 6⁵⁵⁸

2300 5477 2630 5528 censemus,
2691 5459 2774 5514 ita
2823 5461 2888 5513 ut
2945 5456 3091 5513 nihil
3141 5457 3212 5512 de
3259 5453 3495 5514 decimis
3539 5462 3648 5522 quae
3689 5435 3745 5494 ad
3779 5440 3846 5528 {‘5

2299 5521 2628 5624 antiquitus
2656 5546 3083 5622 pertinuerunt,
3099 5561 3200 5620 per
3221 5543 3402 5600 ullam
3427 5521 3682 5597 ιθωίιίεω
3705 5521 3844 5624 “cur

2299 5616 2529 5698 ritatem
2547 5616 2889 5698 subtrahere
2909 5616 3182 5712 cuiquam
3198 5629 3516 5691 liceat.Haec
3531 5625 3696 5683 autem
3705 5616 3844 5670 οωωι
