4026 6184
154 282 301 350 {OM

1350 281 1683 345 HYMNUS
1730 278 1830 340 DE
1874 277 1939 339 S.
1983 280 2347 345 ODILONE.

3406 277 3562 348 {Mi

150 422 363 478 nostris
396 412 766 474 auctoritatis
798 419 1087 490 precepto
1136 414 1578 485 confirmamus,
1629 417 1803 487 atque
1830 412 1887 481 Α
1915 416 2029 480 tur,
2064 431 2242 473 manu
2274 419 2475 474 nostra
2505 416 2995 487 roboravimus,et
3009 416 3253 492 sigillati
3285 419 3554 478 fecimus.

149 508 329 584 sigilli
362 505 545 563 nostri
572 505 959 579 impressione
1007 505 1467 579 consignamus;
1500 520 1802 562 successo-

147 601 315 657 ribus
346 595 565 653 nostris
595 596 652 651 id
684 599 1063 669 suggerentes
1097 613 1110 651 :
1144 596 1460 652 Maledicta:
1487 596 1585 667 qui
1622 598 1802 649 trans-

144 692 257 764 fert
286 688 565 753 terminos,
598 684 657 741 id
679 689 768 742 est
796 684 1244 741 constitutiones
1275 683 1523 757 proximi
1556 682 1669 738 sui.

219 778 454 847 Signum
482 774 695 845 Rodulﬁ
723 775 871 843 regis
899 775 1309 843 gloriosissimi.
1598 834 1607 839 ,

222 864 606 922 Reamundus
655 863 728 918 ad
786 863 974 919 vicem
1017 861 1236 920 Ansusi
1292 860 1548 935 episcopi
1607 874 1803 930 recog-

147 956 330 1013 novit.

218 1048 436 1101 Actum
457 1040 755 1098 Ansavilla
784 1058 842 1097 x1
868 1040 993 1097 Kal.
1025 1040 1188 1107 Julii,
1213 1040 1533 1097 indictione
1560 1054 1804 1107 In,anno

146 1136 185 1190 9
213 1135 497 1208 regnante
528 1128 776 1187 Rodulfo
797 1146 931 1203 rege
960 1128 1411 1203 gloriosissimo.

927 1237 1023 1293 III.

149 1332 354 1388 Charta
383 1327 626 1402 ejusdem
672 1328 813 1402 regis
856 1327 921 1382 de
960 1327 1019 1402 S_.
1054 1326 1239 1402 Blasio
1289 1327 1350 1402 in
1400 1325 1621 1388 Viculis,
1678 1339 1804 1377 cum

571 1399 825 1455 omnibus
863 1399 1218 1469 pertinentiis
1247 1400 1382 1452 suis.

780 1487 967 1558 (Anno
1001 1486 1183 1557 1019.)

220 1580 288 1635 In
321 1576 559 1634 nomine
605 1578 817 1632 sanctae
865 1578 922 1630 et
969 1574 1283 1630 individua:
1324 1572 1646 1643 Trinitatis,
1691 1572 1801 1628 Ro-

146 1684 375 1727 nuu‘us
404 1666 506 1723 Dei
536 1664 725 1739 gratia
753 1680 872 1719 rex.

218 1758 409 1832 Igitur
423 1772 560 1812 cum
572 1753 753 1810 totius
765 1753 905 1808 ordo
920 1751 1217 1826 religionis
1229 1752 1554 1808 secundum
1567 1752 1799 1807 decreta
1832 1788 1880 1854 Β

146 1843 604 1922 praecedentium
636 1857 863 1915 regum,
893 1844 1103 1896 sanctae
1144 1840 1600 1896 conversationis
1647 1857 1802 1897 exor-

150 1938 318 1993 dium
345 1936 691 1998 sumeret,et
720 1930 790 1985 ad
823 1930 1311 2003 perseverandum
1334 1930 1393 1985 in
1416 1934 1801 1996 ea,sustenta-

148 2026 288 2084 cula
309 2022 600 2080 alimonia:
613 2020 707 2075 his
726 2019 826 2093 qui
840 2018 1166 2075 districtius
1179 2022 1354 2091 atque
1374 2017 1724 2074 familiarius
1744 2017 1803 2073 in

148 2114 252 2171 Dei
268 2111 506 2169 servitio
522 2112 868 2166 secoercent
881 2108 961 2179 [al
968 2106 1322 2178 .,excrcent],
1337 2106 1572 2179 publica
1593 2106 1805 2179 regalis

151 2221 250 2260 res
277 2203 351 2259 ad
375 2197 790 2258 sufficientiam
810 2195 1234 2268 aliis,etjminus
1247 2195 1378 2252 aliis
1400 2196 1808 2252 subministra-

153 2296 332 2360 ret,et
362 2290 443 2346 ita
473 2305 576 2361 per
606 2286 871 2343 ordinem
895 2288 1107 2341 sancta}
1123 2284 1389 2341 Ecclesia:
1413 2289 1600 2340 status
1619 2302 1806 2357 usque

145 2383 220 2439 ad
257 2395 518 2456 praesens
549 2393 652 2449 per
678 2374 851 2447 longa
870 2379 1200 2447 temporum
1225 2372 1516 2429 curricula
1534 2378 1805 2430 extensus

146 2471 227 2527 sit
267 2488 282 2525 :
317 2465 707 2523 nihilominus
736 2464 981 2536 dignum
1014 2466 1102 2518 est
1132 2466 1196 2518 ut
1226 2479 1353 2530 nos,
1375 2463 1473 2534 qui
1505 2461 1674 2534 quasi
1704 2478 1807 2535 per

149 2557 509 2615 novissimos
538 2552 833 2627 operarios
858 2550 919 2606 in
951 2551 1119 2607 vinea
1148 2551 1249 2607 Dei
1288 2551 1646 2619 laboramus,
1678 2569 1803 2607 cos-

86 2644 99 2655 ’
145 2650 288 2705 dem
320 2643 618 2718 operarios
647 2642 705 2697 in
751 2641 1021 2696 exercitio
1051 2641 1243 2712 operis
1277 2640 1373 2696 Dei
1414 2640 1659 2697 deiicere
1690 2658 1805 2696 non

145 2739 468 2802 sinamus;
501 2731 643 2805 quin
692 2729 911 2803 potius,
954 2733 1019 2785 ut
1062 2728 1211 2785 vires
1259 2733 1601 2802 suppetunt,
1636 2728 1806 2785 nobis

146 2840 351 2897 usque
382 2822 453 2877 ad
486 2836 744 2893 unguem
776 2818 1093 2890 perducere
1111 2820 1422 2873 tentemus.
1446 2819 1810 2889 Quapropter

150 2915 354 2972 sciant
383 2926 608 2976 omnes,
641 2906 912 2981 praesenti
943 2910 1202 2978 tempore
1248 2906 1593 2962 decedentes
1639 2910 1697 2961 et
1726 2906 1810 2960 fu-

146 3010 289 3061 turo
320 2998 722 3063 succedentes,
768 2995 1020 3067 qualiter
1064 3010 1169 3067 ego
1223 2994 1528 3063 Rodulfus,
1577 2998 1810 3066 petente

148 3098 335 3165 atque
347 3089 654 3159 exoptante
670 3083 1055 3140 dilcctissima
1065 3083 1311 3155 conjuge
1324 3082 1811 3139 mealrainsanda

1982 506 2211 577 Signum
2242 506 2456 579 Rodulﬁ
2484 508 2629 579 regis
2654 508 2759 579 pii.
3119 572 3132 588 ο

1984 594 2226 665 Albicer,
2258 594 2541 670 indignus
2569 595 2894 669 presbyter,
2914 594 3092 668 jussu
3130 596 3289 671 regis
3318 595 3560 671 scripsit

1909 684 2053 740 haec.

1980 777 2122 830 Acta
2152 778 2292 830 sunt
2319 774 2442 830 haec
2471 774 2530 829 in
2561 772 2700 830 villa
2727 773 3030 842 Tabernis,
3079 786 3259 847 quam
3309 775 3421 832 alio
3453 793 3558 833 no-

1911 861 2068 918 mine
2099 866 2335 935 pr0pter
2364 862 2608 919 ﬂuvium
2639 863 2859 920 ibidem
2889 864 3241 920 deﬂuentem
3271 858 3421 921 ωδε
3450 882 3557 938 ap-

1911 951 2150 1024 pellant.
2182 951 2330 1007 Data
2352 969 2490 1007 xvm
2521 951 2645 1007 Kal.
2672 952 2863 1020 Febr.,
2888 966 3042 1009 anno
3062 954 3134 1009 ab
3156 952 3558 1010 incarnatione

1910 1041 2144 1105 Domini
2176 1040 2335 1113 1019,
2359 1044 2638 1113 regnante
2670 1039 2919 1098 Rodulfo
2962 1054 3120 1115 rege,
3176 1056 3331 1099 anno
3390 1043 3555 1116 regni

1912 1132 2323 1292 suiigcisitaque
2348 1217 2779 1287 beneficiolum,
2813 1219 2872 1275 id
2894 1222 3003 1290 est,
3028 1234 3209 1293 supra
3233 1225 3557 1281 memorata

1910 1308 2358 1381 ecclesia,quam
2374 1308 2586 1363 damus
2600 1307 2881 1364 fratribus
2899 1307 3174 1365 Cluniaco
3186 1309 3556 1383 degentibus,

1904 1398 2061 1470 jacet
2089 1398 2149 1453 in
2175 1412 2325 1470 pago
2354 1400 2413 1453 et
2439 1395 2499 1451 in
2533 1394 2814 1452 comitatu
2845 1395 3198 1467 Genevense,
3242 1415 3377 1456 cum
3418 1399 3563 1459 vicis

1910 1487 2128 1546 ibidem
2160 1486 2650 1560 appendentibus.

2689 1591 2769 1654 IV

1911 1687 2114 1744 Charta
2153 1684 2373 1740 .Imedei
2392 1683 2618 1809 comitiis,
2968 1685 3025 1741 S.
3057 1684 3309 1741 Maurilii
3336 1686 3397 1740 in
3416 1702 3560 1758 pago

2249 1787 2259 1796 -
2619 1772 2651 1810 a
2699 1771 2892 1810 avena.

2249 1787 2259 1796 ο
2567 1771 2892 1810 uauacena.

2533 1844 2719 1915 (Anno
2752 1843 2932 1914 1025.)

1983 1939 2049 1990 In
2075 1935 2308 1990 nomine
2356 1932 2585 1989 Domini
2619 1930 2806 1988 nostri
2835 1932 2974 1989 Jesu
3015 1931 3249 2006 Christi,
3281 1941 3561 2010 regnanto

1914 2023 2162 2080 Rodulfo
2187 2040 2338 2080 anno
2365 2022 2452 2093 37,
2479 2021 2902 2078 incarnationis
2926 2022 3159 2079 Domini
3182 2023 3340 2092 1025,
3372 2042 3413 2080 ιι
3435 2024 3559 2081 Kal.

1913 2114 2052 2169 Nov.
2082 2111 2222 2167 luna
2250 2130 2342 2167 xx.

1985 2204 2100 2275 Ego
2128 2202 2419 2257 Amedeus
2446 2199 2602 2255 filius
2632 2199 2936 2255 Humberti
2975 2199 3230 2269 comitis,
3262 2205 3320 2257 et
3363 2200 3565 2259 Adale-

1914 2291 2050 2365 gida
2082 2308 2225 2346 uxor
2255 2306 2403 2358 mea,
2437 2290 2588 2344 hanc
2618 2287 2879 2343 chartam
2896 2288 3231 2345 donationis
3255 2289 3564 2362 fiertjussi-

1916 2398 2049 2435 mus
2080 2381 2151 2435 de
2180 2378 2422 2434 ecclesia
2451 2377 2509 2433 S.
2546 2375 2822 2443 Mauritii,
2870 2392 2998 2448 quae
3046 2381 3136 2432 est
3179 2374 3294 2433 sita
3324 2378 3382 2434 in
3414 2396 3563 2453 pago

1915 2470 2012 2542 qui
2038 2472 2275 2524 vocatur
2307 2466 2709 2525 Maltecena.et
2738 2465 2809 2520 de
2832 2464 3109 2521 omnibus
3130 2465 3301 2522 terris
3332 2485 3481 2541 quas
3504 2469 3563 2525 in

1915 2558 2185 2631 praesenti
2220 2557 2513 2623 damus,et
2541 2554 2600 2609 in
2635 2555 2829 2610 futuro
2849 2554 3042 2610 daturi
3066 2572 3275 2611 sumus
3297 2557 3369 2612 ad
3390 2556 3567 2614 hono-

1916 2664 2039 2704 rem
2087 2646 2320 2702 Domini
2365 2644 2465 2700 Dei
2517 2648 2572 2698 et
2619 2641 2887 2698 Ecclesiae
2935 2644 3032 2699 SS.
3077 2640 3229 2700 Petri
3280 2648 3337 2699 et
3374 2644 3561 2715 Pauli,

1915 2735 2247 2793 Cluniensis
2280 2730 2642 2796 monasterii,
2675 2730 2768 2786 cui
2788 2747 3039 2802 praeesse
3057 2730 3287 2787 videtur
3306 2732 3562 2790 domnus

1916 2829 2081 2896 pater
2104 2820 2291 2885 Odilo,
2320 2837 2424 2893 pro
2455 2817 2851 2890 redemptione
2894 2822 2952 2874 et
3000 2818 3192 2875 salute
3229 2819 3562 2879 animarum

1918 2916 2273 2975 nostrarum,
2282 2907 2650 2981 permittente
2678 2911 2735 2962 et
2754 2906 3135 2963 confirmante
3151 2907 3367 2964 domno
3389 2908 3565 2966 Male-

1918 3017 2011 3068 no,
2045 2998 2316 3071 episcopo
2344 2993 2892 3066 Gratianopolitanas
2925 2992 3215 3062 Ecclesia,
3243 3011 3347 3051 seu
3378 2996 3561 3054 Hum-

1917 3090 2079 3145 berto
2104 3087 2376 3161 episcopo
2405 3089 2464 3141 et
2491 3082 2769 3139 omnibus
2794 3081 3091 3140 canonicis
3121 3083 3387 3154 ejusdem
3422 3085 3561 3142 civi-

147 3150 311 3238 dono
341 3195 413 3234 ex
439 3150 805 3232 hereditaria
818 3190 946 3228 mea
958 3170 1325 3245 possessione
1346 3171 1640 3242 quoddam
1663 3189 1805 3244 prai-
1836 3150 1880 3221 C
1920 3177 2077 3244 tatis,
2110 3150 2322 3231 damus
2362 3168 2609 3230 Domino
2631 3170 2748 3227 Deo
2771 3187 2943 3227 omne
2964 3171 3120 3243 quod
3142 3187 3323 3245 supra
3344 3189 3561 3232 ωοωο-

150 3269 406 3335 diolum,
440 3266 513 3322 ob
534 3262 741 3320 anima?
773 3279 912 3317 mea?
957 3264 1014 3317 et
1061 3277 1241 3333 supra
1286 3263 1617 3315 memorata!
1666 3278 1802 3317 con-
1917 3266 2109 3322 ratum
2139 3269 2248 3330 est,
2281 3267 2337 3319 et
2369 3261 2554 3319 beatis
2584 3258 2864 3331 apostolis
2894 3260 3022 3331 ejus
3055 3260 3220 3317 Petro
3270 3264 3329 3317 et
3358 3262 3560 3330 Paulo,

141 3360 315 3434 jugis
346 3371 489 3412 mea
518 3352 864 3418 remedium,
918 3348 1179 3405 οωηοδίο
1223 3348 1283 3404 S-
1333 3349 1485 3405 Ρθῐνί
1532 3350 1687 3421 quod
1718 3350 1804 3405 di-
1917 3353 2244 3411 Cluniensis
2275 3347 2610 3406 monasterii
2622 3352 2699 3413 ,et
2717 3347 2993 3404 omnibus
3015 3348 3321 3405 monachis
3342 3350 3561 3409 ibidem

150 3452 302 3505 cunt
327 3443 674 3502 Cluniacum
714 3443 771 3495 et
821 3438 1017 3494 abbati
1065 3436 1330 3508 ejusdem
1362 3437 1718 3505 monasterii,
1753 3442 1810 3493 et
1918 3441 2305 3506 morantibus,
2357 3442 2422 3494 ut
2467 3437 2798 3493 orationum
2826 3452 3029 3492 eorum
3076 3435 3387 3511 participes
3433 3456 3564 3498 esse

152 3532 471 3594 monachis
505 3531 656 3601 ejus,
706 3530 991 3600 precepto
1042 3530 1099 3581 et
1138 3527 1197 3582 S.
1249 3525 1544 3582 Benedicti
1595 3526 1807 3600 regulae
1920 3533 2235 3606 possimus,
2270 3527 2440 3584 nobis
2472 3525 2819 3581 rcservand’o
2851 3524 2994 3581 illud
3016 3527 3303 3599 jus,qu
3320 3532 3563 3586 vocatur

154 3626 338 3682 modo
368 3626 429 3677 et
458 3619 734 3691 deinceps
782 3614 1210 3681 obedientibus,
1241 3619 1299 3670 et
1334 3614 1551 3671 ibidem
1585 3617 1697 3672 Deo
1730 3616 1810 3672 fa-

156 3710 553 3777 mulantibus,
585 3706 891 3764 ecclesiam
923 3706 981 3761 S.
1029 3703 1204 3760 Blasii
1254 3703 1314 3759 in
1344 3703 1565 3760 Vieulis
1602 3708 1807 3773 totam,

156 3820 299 3861 cum
331 3798 611 3857 omnibus
639 3794 857 3851 ibidem
887 3791 1336 3866 pertinentibus,
1351 3807 1485 3848 cum
1514 3793 1812 3849 montibus

158 3899 214 3949 et
235 3887 531 3965 planitiis,
566 3885 746 3958 agris,
769 3882 975 3957 patris,
1004 3881 1261 3955 pascuis,
1311 3880 1494 3948 silvis,
1555 3881 1812 3938 decima-

158 3984 344 4046 tione,
368 3975 553 4035 servis
583 3978 642 4031 et
670 3970 923 4039 ancillis,
955 3975 1013 4027 et
1040 3987 1176 4027 cum
1208 3970 1485 4026 omnibus
1515 3970 1812 4026 ustensili-

157 4072 302 4136 bus,
335 4068 488 4123 dono
515 4080 621 4137 ego
648 4060 992 4134 etpraadicta
1013 4060 1227 4130 conjux
1251 4059 1463 4114 meaad
1495 4059 1815 4130 suprascri-

160 4164 336 4233 ptum
368 4150 814 4217 monasterium,
847 4153 914 4205 ut
943 4148 993 4204 si
1024 4164 1131 4203 nos
1162 4147 1359 4203 minus
1388 4147 1593 4203 idonee
1624 4148 1817 4219 injun-

160 4253 333 4305 ctum
363 4262 400 4301 a
424 4244 540 4300 Deo
560 4240 895 4314 peregimus
910 4236 1189 4303 ofﬁcium,
1213 4235 1407 4292 delicti
1422 4236 1606 4292 nostri
1638 4241 1697 4293 et
1716 4254 1817 4293 ne-

162 4331 463 4411 gligentiae
490 4347 611 4386 non
640 4345 745 4401 pro
776 4326 984 4383 merito
1032 4324 1386 4397 recipiamus
1417 4324 1814 4397 dispendium,

162 4425 271 4482 sed
305 4439 410 4496 per
426 4435 631 4478 eorum
671 4415 963 4474 orationes
1011 4431 1161 4487 quos
1208 4417 1643 4484 sustentamus;
1678 4416 1820 4471 sub-

1911 3625 2014 3695 jus
2043 3620 2589 3694 patronatus,atque
2612 3616 2715 3686 jus
2746 3614 3137 3686 prasentandi
3168 3633 3271 3688 pro
3300 3618 3567 3687 πωλεῖ

1921 3711 2074 3767 natis
2105 3706 2322 3764 nostris
2352 3711 2411 3762 et
2455 3719 2659 3760 eorum
2688 3703 3153 3773 successoribus,
3183 3704 3327 3763 dum
3350 3710 3565 3763 nostra!

1922 3800 2097 3856 fuerit
2123 3794 2461 3859 voluntatis,
2491 3797 2601 3848 etc.
2636 3792 2695 3847 Si
2729 3793 2866 3865 quis
2896 3791 3049 3848 hanc
3076 3793 3453 3867 donationem
3482 3796 3569 3851 in-

1922 3889 2181 3962 quietare
2212 3881 2476 3949 voluerit,
2508 3882 2567 3937 in
2600 3880 2734 3936 aula
2764 3880 2919 3953 regis
2966 3884 3201 3937 centum
3234 3881 3415 3940 libras
3438 3885 3566 3941 auri

1922 3979 2253 4049 componat,
2288 3977 2345 4029 et
2372 3972 2615 4042 insuper
2643 3966 3113 4025 maledictionan
3134 3971 3567 4045 Gratianopolis

1923 4064 2176 4140 episcopi
2208 4063 2487 4126 incurrat,
2520 4063 2626 4114 etc.

1993 4154 2256 4226 Sigillum
2296 4148 2580 4205 Humberti
2633 4146 2866 4212 comitis,
2923 4145 3159 4204 Ancillae
3204 4148 3401 4204 umoris
3430 4149 3570 4221 ejus.

1924 4247 1982 4302 S.
2016 4242 2236 4299 Amedei
2259 4238 2494 4295 comitis.
2528 4236 2584 4291 S.
2615 4234 2859 4291 Adelidis
2886 4235 3236 4307 mrisejus.

1996 4331 2159 4389 Hanc
2188 4326 2564 4385 donationem
2595 4324 2875 4390 fecerunt,
2891 4326 2948 4380 et
2967 4322 3231 4381 chartam
3253 4324 3429 4382 istam
3450 4327 3578 4384 fieri

1921 4421 2312 4496 jusserunt,et
2340 4416 2401 4472 in
2425 4413 2693 4488 presenti
2715 4413 2774 4468 in
2791 4413 2956 4470 curia
2980 4412 3133 4486 regis
3156 4414 3390 4471 ﬁrmare
3410 4430 3577 4489 roga.

162 4512 579 4571 ministrantes
606 4504 973 4580 temporalia,
988 4505 1061 4562 ad
1111 4501 1366 4560 stadium
1399 4507 1697 4561 currentes
1727 4523 1816 4562 re-
1855 4520 1900 4586 ι)
1928 4515 2155 4570 verunt.

164 4616 553 4661 muneremur
594 4596 861 4654 mercede
909 4596 1208 4667 perpetua.
1258 4593 1410 4661 Haec,
1460 4596 1526 4649 ut
1571 4611 1606 4649 a
1652 4595 1823 4651 nobis

166 4694 327 4749 facta
354 4689 671 4746 credantur
699 4690 758 4742 et
787 4702 822 4742 a
849 4683 1101 4757 posteris
1121 4681 1338 4739 nostris
1360 4698 1477 4738 non
1504 4681 1827 4756 infringan-

2001 4603 2238 4671 Signum
2293 4594 2506 4666 Rodulﬂ
2552 4594 2717 4668 regis,
2773 4591 3178 4665 Emingradis,
3228 4592 3449 4662 θάσηιζς,
3474 4593 3582 4651 An.

1934 4691 2121 4748 celini.

819 4810 3583 4839 ww

1344 4899 1699 4971 HYMNUS
1753 4902 1865 4973 DE
1915 4903 1985 4972 S.
2041 4895 2413 4970 ODILONE

1364 5048 1531 5121 (Bibl.
1576 5049 1736 5106 Clun.
1777 5049 1875 5106 ubi
1909 5065 2098 5121 supra,
2139 5063 2199 5119 p.
2238 5042 2390 5113 328-)

1677 5163 2088 5177 *ᾔ

172 5242 516 5318 [Immediate
564 5241 938 5312 subsequentis
990 5239 1215 5318 Hymni,
1247 5236 1415 5318 cujus
1465 5237 1699 5318 initium
1742 5244 1821 5318 est
1855 5220 3079 5318 :CommendagrfggplgﬁﬁnjnoiiPrior“
3136 5239 3321 5281 υϐνεαε
3368 5231 3477 5282 ενϐδ
3520 5223 3591 5282 οὗ

1067 5296 1347 5382 diruptam
1375 5310 1753 5365 membranam
1780 5310 1842 5364 in
1870 5325 1972 5364 ms.
2009 5308 2174 5363 lector
2203 5296 2307 5356 hi5
2326 5296 2697 5365 desiderabil.]

1768 5440 1993 5480 DIVISIO.

358 5503 415 5559 0-
431 5501 524 5559 vir
554 5500 772 5571 ubique
802 5497 1015 5555 nobilis

327 5588 882 5663 ......spoliis:

2156 5492 2281 5555 Quo
2310 5484 2423 5542 sibi
2449 5482 2675 5555 praedas
2706 5482 2887 5539 adimi

2156 5578 2319 5634 Flent
2343 5572 2588 5647 spiritus
2619 5572 2877 5629 tartarei.
