4026 6184
520 257 676 325 1043
1653 263 2052 326 APPENDIX
2096 264 2198 326 AD
2243 265 2306 327 S.
2357 265 2784 327 ODILONEM.
3695 270 3811 334 1οη

801 393 890 450 Tu
919 409 1027 450 nos
1057 394 1235 450 decus
1263 392 1535 452 Ecclesiae
2193 397 2247 464 Α
2562 398 2650 452 Tu
2681 397 2896 455 nostris
2926 396 3126 452 lumen
3154 398 3456 469 mentibus,

730 479 933 539 Mundi
965 482 1234 555 procellis
1263 483 1421 557 eripe
1455 501 1468 540 :
2493 485 2689 543 Sacris
2721 485 2962 543 infunde
2990 486 3257 559 precibus
3290 505 3302 544 :

733 573 917 637 Quem
948 571 1088 628 dum
1121 572 1340 630 ﬂuenta
1370 576 1644 630 metuunt
2493 574 2600 641 Qui
2631 575 2798 632 caecis
2829 575 3019 631 visum
3052 592 3303 648 repares,

730 659 961 716 Natura
991 659 1142 716 vires
1163 661 1509 734 reprimunt.
2491 665 2560 718 Et
2589 668 2819 720 nostras
2849 663 2998 736 pelle
3027 665 3294 722 tenebras

802 751 965 805 Certe
993 750 1260 806 membra
1288 750 1571 809 debilium
2562 752 2648 808 Sit
2673 753 2829 809 Patri
2860 752 2989 810 laus
3021 753 3298 828 ingenito,

733 837 933 894 Robur
961 837 1296 896 instaurant
1325 839 1642 913 pristinum
2493 841 2580 897 Sit
2609 843 2787 898 decus
2819 842 3127 916 Unigenito
3153 859 3165 900 :

734 927 941 984 Manus
971 927 1183 984 abluta)
1219 945 1234 984 :
1269 926 1546 1001 poculum
2492 930 2579 984 Sit
2603 930 2912 1003 utriusque
2942 929 3113 1004 parili

734 1015 896 1074 Muto
921 1017 1113 1074 reddit
1142 1015 1460 1090 eloquium.
2497 1018 2770 1089 Majestas
2802 1035 3037 1076 summa
3070 1018 3337 1077 Flamini.
3367 1021 3554 1076 Amen.

1710 1369 1966 1443 MISSA
2022 1369 2276 1442 BEATI
2327 1369 2639 1442 ODILON
2645 1371 2720 1442 IS

2043 1518 2170 1592 (Ubi
2195 1518 2410 1590 supra.)

1235 1796 1460 1836 ommo.
2208 1781 2256 1846 B
2875 1792 3337 1834 posrconmumo.

589 1875 764 1938 Deus,
795 1871 897 1943 qui
929 1871 1094 1926 beato
1127 1868 1356 1926 Odiloni
1395 1885 1572 1940 super
1601 1867 1795 1941 gregis
1827 1867 1913 1923 tui
1945 1866 2161 1923 dedisti
2359 1867 2457 1933 Da,
2491 1866 3232 1938 quaesumuspmnipotens
3255 1868 3508 1935 Deus,ut.
3531 1868 3824 1925 intercedente

520 1959 760 2033 vigilare
789 1959 1137 2028 custodiam,
1171 1959 1247 2014 da
1276 1957 1510 2014 familias
1542 1961 1674 2023 tuae,
1719 1972 2077 2028 quaesumus,
2111 1959 2178 2010 ut
2283 1953 2346 2009 B.
2379 1953 2620 2010 Odilone
2673 1955 3003 2010 confessore
3051 1957 3173 2024 tuo,
3226 1973 3374 2028 quos
3431 1958 3634 2028 pondus
3673 1959 3825 2030 proprii

523 2051 654 2121 ejus
673 2049 1024 2106 informetur
1045 2047 1326 2120 exemplis
1357 2047 1527 2118 cujus
1549 2049 1640 2101 est
1669 2043 1938 2100 instituta
1967 2042 2175 2100 doctri-
2284 2046 2480 2098 reatus
2511 2047 2806 2116 aggravat,
2840 2042 3090 2100 caelestis
3121 2061 3338 2101 mensa
3369 2044 3523 2118 vigor
3549 2045 3826 2104 attollat.Per

527 2136 639 2194 nis.
665 2139 773 2195 Per
799 2137 1138 2194 Dominum.
2282 2131 2620 2188 Dominum.

1218 2241 1480 2280 SECREI‘A.
2852 2238 3035 2279 SUPER
3069 2239 3363 2280 Ρορυιυι.

489 2379 493 2383 ι
595 2315 869 2371 Oblatum
913 2313 1020 2370 tibi
1069 2313 1443 2380 sacriﬁcium,
1495 2328 1856 2384 quaesumus,
1904 2309 2171 2379 Domine,
2353 2310 2438 2365 Da
2467 2325 2828 2381 quaesumus,
2859 2311 3236 2382 omnipotens
3267 2311 3540 2386 Deus,per
3558 2312 3828 2368 beatiOdilo-

525 2404 682 2460 beati
712 2402 974 2460 Odilonis
1005 2402 1376 2458 commendet
1421 2400 1625 2466 oratio,
1659 2401 1814 2472 quod
1865 2417 1971 2455 nos
2016 2402 2074 2455 et
2101 2399 2173 2455 ab
2283 2398 2375 2453 nis
2405 2399 2476 2453 ad
2510 2401 2565 2453 te
2612 2397 2858 2471 vestigia
2903 2400 3162 2467 tendere,
3206 2402 3375 2472 cujus
3429 2419 3528 2458 nos
3583 2401 3827 2475 magisterio

528 2491 980 2549 adversitatibus
1011 2489 1240 2547 muniat
1268 2493 1325 2546 et
1349 2489 1421 2544 ad
1467 2505 1725 2546 amorem
1757 2492 1926 2544 tuum
1956 2486 2173 2545 indesi-
2281 2487 2558 2560 dignatus
2587 2503 2650 2544 es
2683 2488 2932 2547 erudire.
2969 2489 3075 2545 Per
3103 2489 3442 2547 Dominum.

529 2586 733 2640 nenter
763 2579 1059 2639 accendat.
1088 2580 1196 2636 Per
1223 2577 1560 2636 Dominum.

1646 2930 2208 3024 JOTSALDI
2272 2930 2816 3024 MONACHI

1003 3106 1372 3166 PLANGTUS
1412 3105 1503 3163 DE
1544 3101 1905 3162 TRANSITU
1946 3100 2176 3158 DOMNI
2215 3100 2551 3159 ODILONIS
2589 3102 2890 3160 ABBATIS
2928 3102 3464 3162 CLUNIACENSIS.

1791 3243 2072 3318 (Biblioth.
2106 3243 2378 3314 Cluniae,
2409 3260 2466 3317 p.
2509 3243 2657 3316 329.)

591 3526 677 3582 Ad
709 3523 880 3580 fletus
909 3534 1080 3576 voces
1107 3514 1378 3573 extendat
1407 3512 1624 3569 chorda
1645 3528 1908 3578 sonoras,

2201 3515 2243 3584 C
2279 3512 2470 3569 Jussit
2499 3512 2559 3568 in
2590 3512 2863 3570 occiduas
2897 3513 3215 3572 morientes
3247 3515 3328 3572 ire
3356 3515 3620 3572 tenebras.

523 3616 755 3689 Organa
783 3612 1129 3668 cunctorum
1156 3606 1459 3660 vertantur
1490 3606 1643 3657 sorte
1673 3601 2004 3656 modorum.
2283 3601 2494 3657 Tendit
2512 3602 2585 3657 ad
2616 3617 2890 3659 occasum
2909 3602 3201 3675 quidquid
3233 3603 3381 3659 lucis
3411 3602 3554 3676 capit
3572 3605 3742 3664 ortum,

523 3702 806 3776 Plangite,
838 3715 940 3756 vos
961 3693 1182 3770 p0puli,
1215 3709 1316 3748 vos
1336 3690 1547 3763 linguae
1579 3689 1770 3745 sidera
1793 3689 1942 3758 coeli,
2279 3689 2494 3746 Doctus
2525 3695 2582 3746 et
2611 3691 2882 3747 indoctus
2913 3691 3120 3765 aequali
3153 3698 3313 3749 sorte
3346 3693 3616 3749 recedunt.

522 3793 770 3851 Proruat
797 3788 857 3844 in
877 3787 1148 3844 tenebras
1177 3781 1556 3856 resplendens
1588 3778 1778 3835 orbita
1808 3777 1971 3846 solis,
2278 3778 2484 3835 Divitis
2510 3785 2567 3835 et
2600 3781 2812 3837 modici
2843 3781 3098 3837 similem
3132 3799 3296 3840 mors
3321 3781 3555 3854 suscipit
3581 3779 3757 3840 umbra,

522 3879 806 3948 Deficiant
835 3875 1002 3950 plene
1024 3871 1312 3930 radiantia
1341 3886 1560 3926 cornua
1588 3868 1760 3935 lunae,
2276 3866 2534 3922 Vertitur
2564 3869 2621 3924 in
2644 3868 2896 3925 cinerem
2929 3869 3142 3926 cineris
3175 3887 3457 3944 compago
3489 3868 3687 3926 soluta:

517 3971 739 4044 Lugeat
767 3971 825 4023 et
850 3963 1109 4021 mundus
1132 3963 1405 4034 protenso
1437 3973 1676 4030 corpore
1706 3959 1864 4012 totus
1897 3975 1910 4012 :
2274 3955 2436 4020 Quod
2469 3956 2672 4029 nequit
2699 3957 2940 4028 absolvi,
2965 3959 3135 4015 debet
3166 3961 3453 4032 patienter
3480 3955 3671 4014 haberi.

514 4060 681 4117 Nunc
706 4061 910 4123 terras,
944 4051 1206 4126 pelagus,
1241 4051 1492 4113 montes,
1527 4046 1820 4118 silvasque
1852 4045 2012 4101 ciebo
2047 4062 2060 4100 :
2513 4047 2784 4102 Revelatio
2813 4047 3036 4114 doloris,
3065 4055 3116 4103 et
3141 4049 3436 4105 consolatio
3465 4047 3646 4103 mortis.

512 4145 952 4218 Quadrupedes,
982 4141 1240 4214 bipedes,
1272 4135 1562 4211 reptantia
1585 4140 1795 4192 cuncta
1825 4133 2086 4190 movebo.
2342 4135 2528 4205 Musa,
2561 4135 2704 4190 mihi
2737 4151 2947 4191 causas
2978 4153 3262 4209 memora,
3293 4154 3407 4209 quo
3428 4135 3600 4192 tristia
3619 4131 3783 4187 solvam

510 4234 868 4293 Condoleant
895 4232 1128 4288 Patrem
1159 4227 1530 4284 subtractum
1563 4241 1720 4280 nunc
1750 4222 2052 4279 Odilonem
2269 4221 2575 4295 Deponens
2604 4223 2893 4297 lacrymas
2922 4224 3174 4293 steriles,
3209 4232 3267 4282 et
3295 4225 3504 4300 gaudia
3529 4235 3734 4278 sumam.

509 4323 753 4382 Conciso
783 4320 1019 4395 plausu,
1053 4319 1394 4391 pungantur
1421 4314 1644 4370 viscera
1675 4313 1834 4380 ﬂetu,
2267 4311 2434 4367 Odilo
2465 4328 2581 4367 non
2614 4312 2885 4382 moritur,
2911 4314 3014 4369 sed
3049 4314 3258 4370 mortis
3288 4315 3487 4370 funera
3505 4308 3726 4384 spernit:

507 4413 577 4468 Et
604 4410 780 4468 variis
808 4410 1100 4482 lacrymas
1130 4404 1487 4479 profundant
1516 4400 1755 4458 vocibus
1785 4401 1929 4456 istas
1961 4417 1973 4456 :
2266 4399 2431 4457 Odilo
2457 4418 2573 4456 non
2606 4401 2872 4470 moritur,
2907 4402 3010 4458 sed
3042 4402 3198 4459 viam
3232 4404 3396 4460 duxit
3423 4401 3704 4458 honestam.

507 4500 694 4566 Odilo,
718 4498 888 4555 dulce
915 4497 1116 4563 decus,
1146 4493 1373 4550 venturi
1399 4490 1586 4565 gloria
1613 4489 1774 4555 secli,
2264 4488 2428 4545 Odilo
2462 4506 2576 4545 non
2607 4490 2875 4557 moritur,
2908 4491 3009 4547 sed
3039 4492 3221 4549 vitam
3253 4496 3436 4549 morte
3463 4487 3665 4562 recepit.

507 4586 694 4654 Odilo,
728 4585 899 4642 dulce
928 4585 1124 4651 decus,
1159 4583 1424 4638 fraterna:
1455 4578 1615 4654 pacis
1646 4578 1892 4634 amicus.
2264 4578 2488 4651 Regnat
2513 4579 2571 4634 in
2603 4583 2886 4636 aeternum
2916 4581 3184 4654 gaudens
3213 4599 3277 4639 se
3300 4595 3524 4639 cernere
3549 4573 3778 4632 Christum

504 4675 689 4741 Odilo,
719 4672 890 4731 dulce
919 4673 1120 4738 decus,
1155 4669 1498 4726 meritorum
1525 4668 1794 4740 lampade
1823 4666 2035 4722 clarus.
2261 4667 2443 4730 Quem
2475 4666 2674 4736 coluit,
2707 4669 2922 4736 docuit,
2958 4671 3244 4742 quaesivit,
3279 4666 3614 4745 gloriﬁcavit,

503 4767 590 4823 Tu
622 4763 794 4821 fessis
813 4760 1065 4835 requies,
1097 4757 1516 4832 languentibus
1546 4772 1608 4813 es
1639 4755 1948 4824 medicina,
2258 4756 2436 4828 Cujus
2464 4755 2650 4828 gloria
2679 4773 2820 4813 crux
2851 4757 2979 4826 fuit,
3015 4763 3072 4814 et
3095 4759 3368 4816 Christus
3395 4756 3686 4816 cruciﬁxus.

500 4853 793 4912 Debilium
825 4849 1090 4919 baculus,
1125 4848 1473 4904 miserorum
1507 4845 1761 4900 maxima
1788 4844 1975 4899 virtus
2010 4862 2022 4900 :
2181 4899 2221 4919 ἢ
2257 4844 2430 4917 Virgo
2463 4845 2664 4910 Maria,
2695 4850 2796 4901 tuo
2829 4852 3113 4918 quantum
3142 4849 3373 4906 servivit
3400 4843 3610 4904 honori!

500 4942 820 5017 Splendida
848 4957 964 5014 quo
996 4937 1170 4995 facies
1193 4935 1355 5002 abiit,
1389 4952 1504 5008 quo
1535 4950 1724 4990 sermo
1757 4935 1996 4990 recessit
2176 4932 2224 4964 υ
2255 4935 2334 4990 Te
2366 4935 2572 4990 mundi
2603 4935 2930 5004 Dominam,
2965 4937 3240 4994 caelorum
3270 4953 3445 4994 necne
3474 4932 3749 5001 benignam,

497 5033 744 5100 Aureus,
777 5030 1071 5086 humanos
1099 5041 1456 5099 componens
1487 5023 1706 5095 optime
1737 5023 1968 5078 mores?
2252 5025 2540 5080 Omnibus
2572 5025 2630 5081 in
2663 5025 2814 5082 votis
2835 5027 3042 5096 tenuit,
3071 5025 3370 5100 praeligit,
3402 5021 3596 5081 amavit

499 5121 621 5184 Quo
649 5123 754 5175 tua
782 5123 984 5176 sancta
1013 5133 1244 5184 manus,
1274 5113 1536 5186 fulgorus
1569 5111 1817 5181 denique
1848 5112 2008 5168 visus
2253 5113 2539 5182 Firmiter,
2573 5117 2748 5186 atque
2771 5113 2955 5170 Deum
2987 5115 3248 5172 recolens
3280 5115 3349 5170 de
3376 5119 3428 5169 te
3454 5107 3754 5184 generatum.

497 5209 620 5272 Quo
632 5209 790 5279 jacet
811 5208 870 5263 in
897 5207 1108 5280 spatio,
1137 5205 1226 5261 vel
1253 5221 1368 5276 quo
1391 5199 1704 5274 requiescit
1732 5200 1791 5255 in
1823 5205 1989 5255 antro
2009 5202 2037 5256 ?
2252 5201 2502 5258 Extorsit
2523 5200 2810 5275 lacrymas
2841 5204 2978 5272 sibi,
3004 5205 3160 5276 quod
3192 5208 3294 5260 tua
3314 5206 3506 5260 sancta
3529 5187 3752 5280 mamilla,

849 5268 1027 5364 Ratio,
1057 5268 1127 5350 ad
1149 5268 1631 5364 hsce-respondens,
1664 5291 1745 5344 ait
1767 5307 1785 5344 :
2249 5292 2434 5354 Quam
2466 5268 2715 5347 iactasse
2747 5295 2928 5347 Deum
2959 5268 3177 5348 omium
3211 5297 3422 5365 stupet,
3455 5286 3596 5344 orbis
3621 5268 3798 5336 adorat!

566 5385 781 5441 Ordine
805 5385 1044 5441 funereo
1077 5383 1433 5439 clauduntur
1466 5380 1728 5436 membra
1759 5377 2024 5450 sepulcro
2249 5377 2338 5432 Illi
2374 5395 2549 5449 quam
2583 5379 2755 5434 fuerit
2789 5380 2882 5451 pia
2911 5379 3286 5437 circumcisio
3317 5377 3534 5441 Christi,

495 5475 727 5532 Fcndere
753 5477 1050 5546 perpetuo,
1083 5471 1174 5527 lex
1203 5475 1292 5527 est
1324 5468 1668 5527 mortalibus
1696 5467 1809 5523 ista
1841 5484 1852 5522 :
2248 5469 2382 5532 Quae
2414 5466 2628 5523 teneris
2660 5467 2940 5524 membris
2961 5469 3190 5526 inﬂuxit
3220 5469 3454 5525 vulnera
3476 5459 3640 5524 cultri,

489 5565 719 5623 Naturae
750 5563 998 5636 genitor,
1031 5578 1224 5618 rerum
1252 5559 1571 5634 plasmator
1595 5560 1883 5614 et“auctor
2248 5558 2450 5614 Testes
2471 5560 2612 5612 sunt
2641 5557 2915 5629 gemitus,
2949 5558 3250 5618 oculorum
3283 5557 3491 5614 lumine
3518 5547 3617 5612 fusi
3644 5561 3654 5573 ‘

1137 5641 1162 5662 δ
