4026 6184
212 271 360 335 1045

206 408 438 482 Hacque
466 407 560 465 die
590 408 797 466 merito
828 408 1025 469 carnis
1051 410 1393 470 dissolvitur
1413 416 1600 483 antro,

202 499 569 571 Compatitur
595 498 847 569 Christo,
880 501 1115 559 radians
1138 504 1264 576 jam
1293 504 1434 560 vivit
1458 505 1517 559 in
1550 504 1667 572 illo,

202 590 431 646 Christo
464 590 871 658 commoritur,
904 608 1038 648 cum
1071 592 1297 649 Christo
1324 594 1573 666 denique
1604 592 1811 667 surgit.

322 699 408 752 Ea:
436 695 627 751 eadem
655 696 747 752 die
778 698 1038 782 Dominus
1072 700 1396 825 lift'iIIelmus
1424 702 1493 756 ab
1526 701 1625 755 hac
1647 702 1737 756 die

888 787 1127 825 mmravi
1160 812 1172 825 .

888 787 1172 841 migravit.

275 857 513 914 Hisdem
544 856 796 913 decessit
822 858 1156 915 Willelmus
1187 863 1343 916 sorte
1375 861 1670 929 Kalendis,

203 949 453 1020 Magnus
482 951 537 1002 et
568 946 693 1019 ipse
725 948 895 1003 Pater
920 949 1341 1005 monachorum
1374 950 1760 1007 Divionensis.

200 1038 268 1094 Hi
302 1038 538 1093 fuerant
569 1036 842 1092 monachi
874 1037 1083 1110 Mayoli
1108 1038 1362 1111 denique
1393 1040 1599 1107 sancti,

199 1128 326 1184 Uno
356 1127 629 1182 ﬂorentes
660 1126 717 1180 in
746 1131 1026 1198 tempore,
1052 1144 1291 1201 corpore
1323 1131 1563 1197 mundo,

200 1217 389 1273 Unius
411 1220 469 1272 et
499 1215 654 1282 fidei,
682 1233 829 1272 verae
852 1216 1093 1288 pietatis
1119 1218 1316 1273 amici.

195 1307 402 1362 Junxit
431 1310 711 1379 utrosque
743 1306 908 1373 ﬁdes,
943 1305 1168 1363 similes
1199 1307 1455 1363 habuere
1491 1324 1778 1379 recessus,

199 1395 401 1453 Gloria
430 1412 546 1452 non
579 1394 797 1468 dispar,
830 1396 1031 1451 eadem
1065 1395 1445 1469 sequiturque
1475 1414 1705 1453 corona.

240 1504 342 1559 Hic
366 1501 562 1557 dilecto
593 1502 820 1557 lectulus
844 1510 1216 1577 praeparatur,
1247 1511 1298 1558 et
1335 1503 1568 1561 diversa:
1594 1507 1798 1577 species

726 1576 977 1645 mysticae
1004 1575 1330 1646 offeruntur.

270 1662 442 1721 Odilo
472 1662 738 1731 dilectus,
774 1679 928 1717 nunc
958 1663 1244 1719 candidus
1269 1668 1327 1719 et
1356 1664 1743 1734 rubicundus,

200 1755 419 1811 Securo
448 1752 681 1809 incessu
713 1752 979 1824 sequitur
1006 1752 1250 1825 vestigia
1275 1752 1525 1822 Christi;

200 1842 472 1899 Floridus
502 1846 560 1898 et
585 1841 792 1898 niveus
821 1842 1079 1898 defertur
1099 1841 1351 1898 lectulus
1382 1842 1465 1898 illi

199 1935 384 1999 Quem
415 1930 561 2004 tegit
589 1930 708 1987 alta
738 1930 966 1999 cedrus,
995 1930 1383 2004 redolensque
1412 1948 1726 2004 cupressus
1749 1934 1850 1989 ad-

200 2023 577 2094 Sparguntur
605 2018 790 2085 violae,
824 2025 1168 2076 sternuntur
1200 2020 1298 2076 illa
1329 2038 1592 2094 quaeque,
1627 2021 1846 2095 [ornat:

196 2113 348 2168 Tum
381 2110 578 2166 videas
607 2125 806 2166 roseos
836 2109 1004 2165 illum
1031 2109 1143 2166 sibi
1176 2110 1411 2183 pingere
1444 2112 1633 2180 ﬂores,

196 2201 265 2256 Et
296 2200 491 2256 varias
519 2199 729 2254 herbas
760 2198 946 2254 oculis
977 2203 1239 2271 spectare
1271 2200 1562 2273 benignis.

195 2289 471 2346 Balsama
499 2304 613 2344 non
644 2288 878 2355 desunt,
908 2291 965 2343 et
990 2293 1250 2343 aromata
1282 2288 1468 2344 multa
1494 2294 1783 2359 teruntur,

194 2378 452 2444 Nardus,
488 2371 744 2453 murha,
773 2376 1043 2443 nitent,et
1076 2377 1246 2432 fortia
1274 2377 1547 2433 cinnama
1578 2378 1848 2451 ﬂagrant,

191 2466 490 2524 Omnibus
518 2469 576 2521 et
605 2462 812 2537 primis
833 2464 1183 2537 copulantur
1205 2466 1705 2539 tistula[frustula]
1725 2486 1851 2524 cru-

194 2555 527 2628 Unguentis
559 2553 736 2622 aloes,
770 2556 1012 2621 stactus,
1045 2558 1101 2610 et
1132 2555 1387 2611 maxima
1414 2573 1645 2628 cyprus,
1740 2558 1849 2629 [cis

190 2645 355 2701 Mille
388 2649 527 2701 sunt
554 2643 799 2715 species,
831 2643 1028 2715 plures
1058 2644 1357 2699 variantur
1385 2645 1613 2716 odores,

188 2737 628 2807 Nectareusque
658 2750 832 2805 sapor
860 2732 1070 2789 ccelum
1103 2732 1287 2806 replet
1314 2732 1491 2790 altius
1520 2735 1738 2808 ipsum.

660 2823 760 2878 Hic
787 2839 981 2894 sponso
1015 2825 1386 2895 conjungitur.

256 2911 438 2971 Odilo
472 2910 703 2968 deliciis
734 2910 829 2967 his
860 2911 1065 2978 utitur,
1099 2916 1157 2967 et
1186 2918 1515 2981 renovatur,

190 3003 511 3061 Proximus
540 3005 597 3057 et
626 3017 841 3073 sponso
870 2999 1202 3074 resplendet
1231 3001 1453 3057 lumine
1484 3003 1637 3059 claro
1670 3021 1682 3059 :

187 3091 408 3150 Oscula
428 3091 555 3162 jam
580 3088 850 3160 celebrat,
882 3092 939 3146 et
968 3106 1196 3162 sponsae
1228 3091 1444 3147 fwdera
1474 3092 1691 3148 ﬁrmat.

188 3181 435 3239 Cantica
464 3196 619 3235 nunc
650 3182 943 3248 resonant,
975 3178 1272 3250 paschalia
1304 3184 1581 3253 tympana
1609 3181 1841 3252 ludunt,

184 3272 317 3329 Jam
351 3269 511 3326 videt
537 3268 598 3323 in
631 3268 774 3324 facie
804 3267 972 3324 laetus
997 3269 1428 3342 Dominumque
1458 3271 1781 3344 Deumque.

323 3377 581 3433 Dilectus
610 3378 758 3431 turri
784 3384 1153 3459 comparatur,
1189 3385 1241 3433 et
1266 3380 1509 3449 mysticis
1538 3381 1709 3435 annis

885 3456 1156 3504 munitur.

258 3535 456 3605 Odilo,
489 3535 630 3591 dum
660 3534 819 3603 vixit,
850 3534 1130 3592 virtutum
1154 3537 1372 3610 sparsit
1400 3538 1627 3606 odores,

189 3627 406 3683 Turris
436 3630 562 3681 erat
592 3623 779 3689 fortis,
812 3623 1048 3697 clypeus
1078 3626 1307 3681 munita
1329 3627 1620 3698 supernis,

189 3715 416 3781 Quarta
444 3712 983 3786 circumcingcbant
1012 3714 1449 3786 propugnacula
1478 3720 1722 3788 septem,

191 3804 393 3862 Fortia
417 3803 750 3877 pendebant
768 3820 837 3858 ex
868 3802 985 3858 illis
1016 3820 1180 3859 arma
1206 3804 1488 3871 virorum,

191 3894 410 3951 Nullus
442 3896 502 3949 et
531 3891 681 3947 hanc
712 3892 900 3947 hostis
932 3891 1120 3964 potuit
1150 3906 1425 3965 superare
1458 3893 1771 3967 malignus.

746 3982 985 4037 Dilectus
1010 3983 1297 4054 quaeritur.

261 4074 395 4138 Quo
420 4071 616 4143 pascis
648 4070 956 4140 recubans,
990 4074 1255 4126 votorum
1288 4071 1457 4128 cbare
1490 4075 1794 4130 meorum?

804 4161 902 4215 Hie
938 4161 1240 4216 invenitur.

263 4250 598 4307 Meridiana
624 4253 809 4318 tenes,
844 4253 908 4305 ut
939 4248 1024 4305 sol
1053 4248 1332 4307 sublimia
1359 4251 1567 4324 tangis.

635 4340 836 4395 Dilecto
863 4341 1137 4411 ferculum
1166 4341 1408 4413 offertur.

266 4428 556 4503 Mysticus
579 4432 636 4484 et
665 4428 936 4485 Salomon
970 4430 1073 4485 tibi
1098 4430 1317 4487 fercula
1339 4435 1538 4487 sancta
1556 4432 1850 4489 ministrat

199 4519 465 4575 Libanus
497 4518 617 4573 haec
649 4522 889 4591 praestat
919 4518 1137 4575 nullius
1170 4521 1337 4576 sorde
1368 4526 1709 4593 putresccns
1743 4539 1757 4577 :

196 4612 458 4682 Argento
491 4607 687 4664 solida
720 4608 1081 4664 fabricantur
1105 4627 1359 4681 namque
1388 4609 1671 4666 columna)

197 4700 393 4754 Aurea
424 4697 489 4752 ﬁt
512 4696 764 4769 requies,
797 4714 1109 4754 ascensum
1140 4715 1400 4771 purpura
1429 4699 1634 4766 nescit,

199 4787 467 4859 Denique
494 4789 866 4842 constrantur
894 4786 1085 4849 medio
1116 4786 1349 4859 pietatis
1376 4804 1591 4843 amore.

648 4876 899 4944 Qualiter
920 4878 1125 4932 musice
1146 4878 1415 4933 concinet.

270 4963 532 5019 Alternis
563 4964 817 5020 modulis
846 4982 1003 5020 nunc
1032 4964 1409 5037 epithalamia
1438 4971 1658 5029 cantas,

202 5052 486 5109 Dalcibus
517 5057 573 5109 et
593 5052 885 5127 rhythmis
910 5071 1013 5126 per
1052 5055 1300 5128 mystica
1327 5055 1599 5128 dogmata
1644 5055 1852 5112 curris.

495 5142 671 5211 Quam
694 5145 938 5199 suaviter
964 5144 1111 5199 dicat
1136 5160 1190 5199 se
1219 5146 1569 5218 requiescere.

275 5230 444 5288 Illius
477 5235 679 5304 optata
700 5233 828 5304 jam
860 5249 1017 5288 nunc
1049 5234 1350 5306 requiesco
1382 5235 1492 5289 sub
1526 5234 1737 5289 umbra
1770 5251 1781 5289 :

206 5320 392 5384 Quem
416 5320 598 5389 volui,
627 5320 802 5391 colui,
827 5321 1089 5394 quaesivi,
1118 5308 1350 5395 semper
1380 5323 1599 5391 amavi;

1280 278 1650 344 JOTSALDI
1694 276 2050 341 MONACHI
2096 278 2521 349 PLANCTUS.

3448 282 3625 366 1041,

1877 410 1934 478 Α
1962 418 2154 496 Ipsius
2180 425 2354 496 atque
2384 422 2527 479 mihi
2553 420 2836 482 dulcescit
2861 427 3099 500 gutture
3127 427 3372 498 fructus,

1958 514 2138 585 Cujus
2169 530 2334 569 amor
2364 513 2613 587 propriis
2643 514 2924 572 membris
2955 533 3111 573 nunc
3140 516 3377 591 pulvere
3404 516 3572 576 lectis
3624 502 3640 512 ’

1960 603 2238 659 Concedit
2268 608 2465 677 gratos
2498 603 2682 661 nimia
2710 604 3017 663 dulcedine
3047 624 3307 665 somnos.

1959 693 2038 748 Ad
2065 694 2214 764 ﬁlias
2243 695 2605 759 Hierusalem,
2635 711 2705 750 ne
2733 697 2999 766 evigilare
3015 698 3230 769 faciant
3256 697 3534 755 dilectum.

2031 782 2397 839 Hierusalem
2427 787 2594 851 natae,
2629 788 2940 855 contestor,
2973 785 3136 859 pacis
3166 785 3390 855 amicae,

1961 872 2252 927 Praestetis
2281 872 2541 945 requiem
2575 873 2709 940 sibi,
2742 891 2846 930 nec
2877 874 3176 946 prohibete
3197 875 3413 946 jacere,

1962 961 2153 1016 Donec
2186 961 2309 1033 ipse
2339 961 2493 1018 velit.
2527 966 2584 1017 ct
2614 963 2795 1019 donec
2828 966 3085 1019 transeat
3114 965 3344 1034 umbra,

1961 1050 2356 1122 Adveniatque
2386 1051 2511 1107 dies
2538 1052 2631 1107 cui
2664 1069 2775 1107 nox
2805 1053 3115 1110 succedere
3146 1054 3347 1111 nescit.

2441 1160 2538 1214 Hic
2563 1161 2830 1216 excitatus
2868 1163 3127 1231 resurgit.

2034 1256 2198 1311 Odilo
2229 1274 2572 1329 supremum
2601 1261 2827 1330 spectat
2855 1258 2927 1314 de
2958 1262 3143 1315 morte
3172 1258 3573 1333 triumphum;

1959 1345 2091 1402 Jam
2124 1345 2334 1402 renitet
2363 1346 2571 1419 prima,
2605 1349 2869 1403 servatur
2896 1351 2953 1403 et
2972 1346 3156 1405 altera
3179 1348 3395 1421 palma,

1962 1433 2132 1490 Ccelis
2162 1434 2385 1503 divisis,
2416 1452 2549 1491 cum
2579 1435 2805 1491 venerit
2835 1436 3052 1493 arbiter
3080 1438 3240 1494 orbis

1961 1525 2206 1580 Cernere
2237 1528 2581 1580 cunctorum
2613 1541 2824 1583 causas
2854 1529 3137 1599 actusque
3162 1526 3423 1584 virorum
3452 1544 3467 1583 :

1963 1615 2129 1669 Tunc
2160 1614 2350 1670 crucis
2383 1614 2667 1670 indicium
2700 1615 2928 1687 parebit
2956 1618 3014 1671 et
3042 1615 3317 1671 omnibus
3349 1614 3559 1683 altum,

1965 1704 2152 1768 Quam
2186 1703 2469 1759 Dominus
2498 1704 2671 1760 Jesus
2703 1720 3030 1776 suspensus
3061 1708 3246 1761 morte
3269 1704 3538 1762 sacravit.

1884 1783 1928 1847 Β
1957 1790 2270 1864 Angelicus
2301 1796 2482 1848 cmtus
2510 1795 2652 1848 tunc
2683 1792 3039 1859 formidabit,
3073 1796 3131 1848 et
3160 1792 3352 1849 omnis

1959 1880 2249 1937 Coalorum
2281 1882 2468 1937 virtus
2498 1898 2782 1938 resonans
2812 1882 3151 1938 tremefacta
3181 1881 3413 1950 silebit;

1960 1970 2289 2043 Splendens
2320 1971 2406 2027 sol
2434 1971 2633 2043 fugiet,
2669 1970 2992 2043 pallescens
3017 1970 3159 2027 luna
3188 1973 3419 2029 recedet
3450 1989 3464 2030 :

1958 2058 2215 2131 Corpora
2244 2060 2315 2114 de
2347 2058 2596 2116 tumulis
2622 2061 2938 2131 procedant
2970 2064 3111 2117 tunc
3141 2060 3454 2130 reseratis;

1957 2146 2152 2207 Gloria
2176 2152 2512 2205 sanctorum
2543 2152 2883 2222 segregatur
2913 2154 3069 2205 sorte
3091 2148 3382 2206 malorum
3415 2166 3429 2205 :

1958 2236 2104 2291 Nam
2135 2237 2325 2293 bonus
2356 2238 2429 2292 ad
2458 2237 3008 2309 lucem,pravusque
3026 2238 3372 2310 resurgetad
3388 2237 3608 2310 ignem:

1959 2324 2123 2380 Odilo
2158 2330 2414 2398 tuncque
2445 2343 2629 2382 novus
2659 2325 2876 2382 caelesti
2908 2326 3131 2381 lumine
3157 2326 3372 2394 clarus,

1959 2414 2307 2469 Sanctorum
2338 2413 2567 2470 medius
2596 2415 2848 2484 incedet,
2872 2418 2928 2470 et
2958 2414 3164 2469 obvius
3194 2413 3322 2481 ibit,

1956 2498 2201 2574 Agmine
2234 2502 2552 2558 multorum
2585 2502 2838 2559 vallatus
2869 2502 3359 2568 commilitonum,

1956 2591 2111 2656 Quos
2141 2592 2387 2648 Domino
2418 2592 2628 2660 verbis,
2663 2591 2943 2665 exemplis
2976 2591 3348 2648 consociavit.

2471 2700 2722 2754 Precatio
2747 2714 2849 2770 pro
2877 2698 3090 2754 dilecto.

2027 2796 2203 2869 Virgo
2235 2795 2611 2861 Maria,tuum
2646 2796 2934 2852 miserans
2962 2799 3103 2851 tunc
3123 2794 3329 2868 collige
3345 2811 3601 2864 servum.

1956 2886 2025 2940 Et
2053 2885 2314 2958 Baptista
2343 2888 2568 2957 potens,
2601 2889 2665 2940 tu
2698 2885 2920 2957 respice
2950 2888 3007 2941 te
3037 2883 3388 2941 recolentem
3422 2902 3435 2941 :

1954 2973 2207 3046 Spiritus
2237 2974 2536 3048 angelicus
2565 2974 2754 3046 rapiat
2783 2974 2940 3029 hunc
2970 2974 3137 3029 hoste
3162 2974 3383 3046 fugato.

1956 3064 2121 3120 Petre
2150 3063 2338 3130 beate,
2372 3062 2528 3135 piam
2561 3062 2703 3119 coelo
2730 3062 2841 3119 sibi
2875 3062 3141 3135 prospice
3171 3062 3392 3134 sedem,

1875 3154 1918 3221 C
1956 3151 2063 3218 Qui
2090 3151 2196 3206 tibi
2227 3151 2468 3207 devotus
2497 3168 2727 3233 semper
2755 3150 2865 3207 fuit
2889 3149 3207 3207 officiosus.

1950 3241 2146 3297 Coetus
2167 3240 2523 3313 apostolicus
2543 3240 2775 3297 Domini
2807 3238 3118 3312 splendore
3147 3239 3375 3307 beatus,

1952 3332 2155 3386 Testes
2184 3328 2461 3401 purpurei
2493 3329 2774 3384 ocelorum
2804 3329 3043 3385 cardine
3072 3329 3313 3396 summi,

1952 3418 2104 3474 Ordo
2134 3416 2523 3484 sacerdotum,
2557 3417 2675 3471 dux
2705 3421 2763 3471 et
2790 3415 2992 3471 lumen
3025 3414 3397 3487 populorum,

1951 3506 2381 3578 Virgineusque
2414 3504 2627 3561 chorus
2656 3503 2715 3559 in
2746 3504 2977 3560 Christo
3007 3505 3430 3574 sanctiﬁcatus,

1952 3597 2370 3652 Intercessores
2399 3594 2612 3650 habeat
2639 3610 2739 3650 vos
2760 3593 2927 3649 Odilo
2959 3597 3174 3662 noster,

1955 3687 2080 3750 Quo
2111 3682 2288 3741 simul
2321 3682 2380 3738 in
2412 3683 2572 3739 coctis
2602 3700 2706 3755 per
2729 3682 2943 3739 saecula
2969 3684 3238 3756 gaudeat.
3265 3684 3471 3741 Amen.

2453 3790 2712 3861 Epilogus
2732 3790 3100 3846 salutationis.

2026 3896 2214 3963 Odilo,
2245 3896 2389 3962 vive,
2424 3895 2567 3961 vale,
2599 3899 2718 3951 toto
2751 3894 2894 3950 mihi
2925 3894 3137 3952 clarior
3165 3896 3323 3965 orbe,

1959 3987 2233 4043 Lucidior
2261 3986 2428 4056 vitro,
2460 3983 2704 4055 fulgenti
2734 3984 2945 4039 clarior
2972 4002 3137 4053 auro,

1955 4075 2129 4132 Vultu
2164 4075 2500 4147 conspicuo,
2532 4073 2698 4128 niveo
2728 4073 3011 4128 candente
3040 4071 3270 4144 capillo,

1955 4163 2271 4222 Candidior
2298 4179 2503 4235 cygno,
2536 4162 2716 4217 rubeo
2749 4160 3057 4217 formosior
3085 4164 3262 4217 astro.

1956 4256 2057 4321 Te,
2089 4253 2259 4317 bone,
2295 4252 2435 4307 dum
2468 4250 2678 4317 recolo,
2715 4250 3107 4323 lacrymarum
3139 4268 3269 4307 rore
3306 4251 3602 4322 madesco,

1956 4342 2063 4407 Qui
2098 4341 2202 4396 tibi
2236 4340 2510 4413 praecipui
2543 4339 2712 4397 nodis
2743 4340 3019 4413 cingebar
3050 4340 3291 4396 amoris.

1956 4434 2141 4499 Quam
2170 4430 2423 4487 celebres
2454 4430 2606 4486 oculi
2638 4429 2871 4502 pietatis
2902 4430 3061 4486 fonte
3094 4429 3318 4502 repleti,

1881 4523 1927 4589 D
1961 4523 2023 4579 In
2058 4538 2148 4576 me
2181 4524 2323 4593 quot
2353 4520 2606 4593 gemitus
2636 4522 2774 4575 sunt
2804 4518 3007 4575 dulces
3037 4535 3188 4591 saepe
3221 4518 3452 4576 retecti!

1959 4615 2141 4678 Quem
2173 4609 2426 4665 similem
2456 4607 2751 4681 quaeram?
2776 4624 2950 4680 quem
2982 4607 3235 4664 similem
3266 4608 3539 4665 teneam?

1960 4702 2109 4756 Tum
2146 4716 2255 4772 pax
2284 4702 2341 4754 et
2370 4698 2625 4771 requies,
2656 4697 2782 4752 vites
2813 4714 2948 4770 spes
2978 4701 3136 4754 certa
3165 4698 3460 4765 manebat,

1961 4791 2169 4845 Portus
2200 4805 2328 4845 eras
2349 4787 2704 4860 tranquillus
2734 4787 2804 4843 de
2836 4786 3037 4860 pelago
3067 4786 3353 4842 redeunti.

1962 4876 2168 4932 Turris
2187 4893 2337 4943 eras,
2372 4876 2442 4931 de
2472 4892 2589 4947 qua
2618 4877 2900 4931 terrentes
2934 4872 3340 4946 respiciebam,

1962 4965 2301 5020 Antidotum
2331 4964 2585 5033 salubre,
2621 4980 2735 5037 quo
2765 4967 2977 5019 cuncta
2998 4977 3220 5018 venena
3252 4960 3529 5034 fugabam
3560 4978 3574 5017 :

1966 5056 2050 5110 Tu
2085 5071 2207 5126 pes,
2240 5058 2419 5125 tuque
2445 5056 2748 5119 manus,et
2778 5053 2836 5107 in
2869 5051 3143 5107 omnibus
3172 5049 3373 5106 omnia
3401 5049 3612 5106 factus.

1965 5144 2035 5199 Et
2065 5160 2136 5198 ne
2166 5141 2517 5214 multiplices
2542 5158 2748 5197 causer
2773 5140 3092 5213 producere
3119 5155 3345 5207 versus,

1967 5232 2132 5289 Odilo
2155 5232 2281 5304 jam
2307 5230 2522 5297 valeas,
2552 5228 2800 5286 Jotsaldi
2824 5230 2950 5301 jam
2982 5244 3209 5285 memor
3237 5230 3383 5300 esto,

1967 5322 2338 5394 Almaniique
2372 5320 2456 5377 tui
2486 5319 2633 5377 votis
2664 5320 2758 5392 pie
2790 5335 3023 5392 semper
3050 5319 3275 5375 adesto.
