  <div class='ocr_page' id='page_1' title='image "/cluster/home/n/w/nwhite01/storage/ocr_20150623/142/hvd.32044054760020/530.png"; bbox 0 0 4054 6158; ppageno 0'>
   <div class='ocr_carea' id='block_1_1' title="bbox 215 277 382 339">
    <p class='ocr_par' dir='ltr' id='par_1_1' title="bbox 215 277 382 339">
     <span class='ocr_line' id='line_1_1' title="bbox 215 277 382 339; baseline 0.006 -1"><span class='ocrx_word' id='word_1_1' title='bbox 215 277 382 339; x_wconf 78' lang='grc'>1049</span> 
     </span>
    </p>
   </div>
   <div class='ocr_carea' id='block_1_2' title="bbox 1626 271 2266 334">
    <p class='ocr_par' dir='ltr' id='par_1_2' title="bbox 1626 271 2266 334">
     <span class='ocr_line' id='line_1_2' title="bbox 1626 271 2266 334; baseline -0.003 0"><span class='ocrx_word' id='word_1_2' title='bbox 1626 271 2266 334; x_wconf 78' lang='lat' dir='ltr'>PROLEGOMENA.</span> 
     </span>
    </p>
   </div>
   <div class='ocr_carea' id='block_1_3' title="bbox 3533 289 3688 349">
    <p class='ocr_par' dir='ltr' id='par_1_3' title="bbox 3533 289 3688 349">
     <span class='ocr_line' id='line_1_3' title="bbox 3533 289 3688 349; baseline 0.019 -3"><span class='ocrx_word' id='word_1_3' title='bbox 3533 289 3688 349; x_wconf 77' lang='grc'>1050</span> 
     </span>
    </p>
   </div>
   <div class='ocr_carea' id='block_1_4' title="bbox 205 403 3688 494">
    <p class='ocr_par' dir='ltr' id='par_1_4' title="bbox 205 403 3688 494">
     <span class='ocr_line' id='line_1_4' title="bbox 205 403 3688 494; baseline 0.003 -24"><span class='ocrx_word' id='word_1_4' title='bbox 205 409 435 470; x_wconf 87' lang='lat' dir='ltr'>noldus</span> <span class='ocrx_word' id='word_1_5' title='bbox 468 407 643 466; x_wconf 90' lang='lat' dir='ltr'>Wion</span> <span class='ocrx_word' id='word_1_6' title='bbox 673 409 728 464; x_wconf 91' lang='lat' dir='ltr'>et</span> <span class='ocrx_word' id='word_1_7' title='bbox 754 408 1035 468; x_wconf 86' lang='lat' dir='ltr'>Antonius</span> <span class='ocrx_word' id='word_1_8' title='bbox 1064 408 1424 467; x_wconf 86' lang='lat' dir='ltr'>Posseviuus</span> <span class='ocrx_word' id='word_1_9' title='bbox 1455 405 1874 473; x_wconf 88' lang='lat' dir='ltr'>meminerunt,</span> <span class='ocrx_word' id='word_1_10' title='bbox 1907 405 1965 473; x_wconf 86' lang='grc' dir='ltr'><strong>Α</strong></span> <span class='ocrx_word' id='word_1_11' title='bbox 1997 405 2101 461; x_wconf 90' lang='lat' dir='ltr'>sed</span> <span class='ocrx_word' id='word_1_12' title='bbox 2137 404 2223 462; x_wconf 89' lang='lat' dir='ltr'>de</span> <span class='ocrx_word' id='word_1_13' title='bbox 2255 403 2368 462; x_wconf 90' lang='lat' dir='ltr'>hac</span> <span class='ocrx_word' id='word_1_14' title='bbox 2417 422 2525 480; x_wconf 89' lang='lat' dir='ltr'>ego</span> <span class='ocrx_word' id='word_1_15' title='bbox 2576 424 2734 465; x_wconf 91' lang='lat' dir='ltr'>nunc</span> <span class='ocrx_word' id='word_1_16' title='bbox 2775 410 3070 483; x_wconf 83' lang='lat' dir='ltr'>judicium</span> <span class='ocrx_word' id='word_1_17' title='bbox 3123 431 3320 474; x_wconf 88' lang='lat' dir='ltr'>meum</span> <span class='ocrx_word' id='word_1_18' title='bbox 3369 422 3688 494; x_wconf 84' lang='lat' dir='ltr'>suspendo.</span> 
     </span>
    </p>
   </div>
   <div class='ocr_carea' id='block_1_5' title="bbox 206 500 870 574">
    <p class='ocr_par' dir='ltr' id='par_1_5' title="bbox 206 500 870 574">
     <span class='ocr_line' id='line_1_5' title="bbox 206 500 870 574; baseline -0.006 -16"><span class='ocrx_word' id='word_1_19' title='bbox 206 505 481 574; x_wconf 83' lang='lat' dir='ltr'>suntque</span> <span class='ocrx_word' id='word_1_20' title='bbox 513 500 823 572; x_wconf 84' lang='lat' dir='ltr'>sequentes</span> <span class='ocrx_word' id='word_1_21' title='bbox 857 515 870 554; x_wconf 90' lang='lat'><strong>:</strong></span> 
     </span>
    </p>
   </div>
   <div class='ocr_carea' id='block_1_6' title="bbox 284 584 1889 661">
    <p class='ocr_par' dir='ltr' id='par_1_6' title="bbox 284 584 1889 661">
     <span class='ocr_line' id='line_1_6' title="bbox 284 584 1889 661; baseline -0.004 -14"><span class='ocrx_word' id='word_1_22' title='bbox 284 591 369 647; x_wconf 88' lang='lat' dir='ltr'>De</span> <span class='ocrx_word' id='word_1_23' title='bbox 414 588 610 647; x_wconf 80' lang='lat' dir='ltr'>ofﬁcio</span> <span class='ocrx_word' id='word_1_24' title='bbox 659 584 852 642; x_wconf 66' lang='lat' dir='ltr'>missae</span> <span class='ocrx_word' id='word_1_25' title='bbox 903 586 1002 644; x_wconf 91' lang='lat' dir='ltr'>lib.</span> <span class='ocrx_word' id='word_1_26' title='bbox 1037 607 1073 657; x_wconf 86' lang='lat'>1,</span> <span class='ocrx_word' id='word_1_27' title='bbox 1108 587 1211 661; x_wconf 91' lang='lat' dir='ltr'>qui</span> <span class='ocrx_word' id='word_1_28' title='bbox 1263 586 1569 643; x_wconf 89' lang='lat' dir='ltr'>multoties</span> <span class='ocrx_word' id='word_1_29' title='bbox 1615 601 1889 642; x_wconf 65' lang='lat' dir='ltr'>excusus,</span> 
     </span>
    </p>
   </div>
   <div class='ocr_carea' id='block_1_7' title="bbox 205 674 1892 754">
    <p class='ocr_par' dir='ltr' id='par_1_7' title="bbox 205 674 1892 754">
     <span class='ocr_line' id='line_1_7' title="bbox 205 674 1892 754; baseline -0.006 -16"><span class='ocrx_word' id='word_1_30' title='bbox 205 696 413 754; x_wconf 81' lang='lat' dir='ltr'>nuper</span> <span class='ocrx_word' id='word_1_31' title='bbox 461 683 657 736; x_wconf 89' lang='lat' dir='ltr'>tamen</span> <span class='ocrx_word' id='word_1_32' title='bbox 691 678 832 731; x_wconf 88' lang='lat' dir='ltr'>tom.</span> <span class='ocrx_word' id='word_1_33' title='bbox 866 676 935 732; x_wconf 91' lang='lat' dir='ltr'>XI</span> <span class='ocrx_word' id='word_1_34' title='bbox 967 677 1242 734; x_wconf 90' lang='lat' dir='ltr'>Biblioth.</span> <span class='ocrx_word' id='word_1_35' title='bbox 1279 677 1520 733; x_wconf 81' lang='lat' dir='ltr'>Patrum</span> <span class='ocrx_word' id='word_1_36' title='bbox 1566 679 1655 731; x_wconf 88' lang='lat' dir='ltr'>est</span> <span class='ocrx_word' id='word_1_37' title='bbox 1704 674 1892 730; x_wconf 86' lang='lat' dir='ltr'>inser-</span> 
     </span>
    </p>
   </div>
   <div class='ocr_carea' id='block_1_8' title="bbox 207 775 333 828">
    <p class='ocr_par' dir='ltr' id='par_1_8' title="bbox 207 775 333 828">
     <span class='ocr_line' id='line_1_8' title="bbox 207 775 333 828; baseline -0.008 -1"><span class='ocrx_word' id='word_1_38' title='bbox 207 775 333 828; x_wconf 87' lang='lat' dir='ltr'>tus.</span> 
     </span>
    </p>
   </div>
   <div class='ocr_carea' id='block_1_9' title="bbox 285 851 1896 928">
    <p class='ocr_par' dir='ltr' id='par_1_9' title="bbox 285 851 1896 928">
     <span class='ocr_line' id='line_1_9' title="bbox 285 851 1896 928; baseline -0.006 -13"><span class='ocrx_word' id='word_1_39' title='bbox 285 859 370 915; x_wconf 93' lang='lat' dir='ltr'>De</span> <span class='ocrx_word' id='word_1_40' title='bbox 397 857 538 913; x_wconf 89' lang='lat' dir='ltr'>Vita</span> <span class='ocrx_word' id='word_1_41' title='bbox 578 860 633 912; x_wconf 88' lang='lat' dir='ltr'>S.</span> <span class='ocrx_word' id='word_1_42' title='bbox 667 851 922 909; x_wconf 90' lang='lat' dir='ltr'>Udalrici</span> <span class='ocrx_word' id='word_1_43' title='bbox 954 854 1053 912; x_wconf 89' lang='lat' dir='ltr'>lib.</span> <span class='ocrx_word' id='word_1_44' title='bbox 1088 873 1124 922; x_wconf 86' lang='lat'>1,</span> <span class='ocrx_word' id='word_1_45' title='bbox 1159 855 1265 928; x_wconf 90' lang='lat' dir='ltr'>qui</span> <span class='ocrx_word' id='word_1_46' title='bbox 1300 855 1494 911; x_wconf 90' lang='lat' dir='ltr'>editus</span> <span class='ocrx_word' id='word_1_47' title='bbox 1525 858 1613 909; x_wconf 89' lang='lat' dir='ltr'>est</span> <span class='ocrx_word' id='word_1_48' title='bbox 1644 857 1785 909; x_wconf 88' lang='lat' dir='ltr'>tom.</span> <span class='ocrx_word' id='word_1_49' title='bbox 1818 851 1896 908; x_wconf 89' lang='lat' dir='ltr'><strong>IV</strong></span> 
     </span>
    </p>
   </div>
   <div class='ocr_carea' id='block_1_10' title="bbox 206 942 1900 1016">
    <p class='ocr_par' dir='ltr' id='par_1_10' title="bbox 206 942 1900 1016">
     <span class='ocr_line' id='line_1_10' title="bbox 206 942 1900 1016; baseline -0.005 -10"><span class='ocrx_word' id='word_1_50' title='bbox 206 947 396 1006; x_wconf 88' lang='lat' dir='ltr'>Surii.</span> <span class='ocrx_word' id='word_1_51' title='bbox 423 947 506 1004; x_wconf 89' lang='lat' dir='ltr'>De</span> <span class='ocrx_word' id='word_1_52' title='bbox 537 945 790 1002; x_wconf 90' lang='lat' dir='ltr'>adventu</span> <span class='ocrx_word' id='word_1_53' title='bbox 815 945 1044 1001; x_wconf 87' lang='lat' dir='ltr'>Domini</span> <span class='ocrx_word' id='word_1_54' title='bbox 1073 947 1142 1002; x_wconf 89' lang='lat' dir='ltr'>ad</span> <span class='ocrx_word' id='word_1_55' title='bbox 1164 945 1487 1002; x_wconf 86' lang='lat' dir='ltr'>Aribonem</span> <span class='ocrx_word' id='word_1_56' title='bbox 1511 942 1900 1016; x_wconf 85' lang='lat' dir='ltr'>archiepisco-</span> 
     </span>
    </p>
   </div>
   <div class='ocr_carea' id='block_1_11' title="bbox 209 1031 880 1112">
    <p class='ocr_par' dir='ltr' id='par_1_11' title="bbox 209 1031 880 1112">
     <span class='ocr_line' id='line_1_11' title="bbox 209 1031 880 1112; baseline -0.01 -17"><span class='ocrx_word' id='word_1_57' title='bbox 209 1053 363 1112; x_wconf 89' lang='lat' dir='ltr'>pum</span> <span class='ocrx_word' id='word_1_58' title='bbox 401 1036 672 1110; x_wconf 90' lang='lat' dir='ltr'>Mogunt.</span> <span class='ocrx_word' id='word_1_59' title='bbox 705 1031 808 1088; x_wconf 88' lang='lat' dir='ltr'>lib.</span> <span class='ocrx_word' id='word_1_60' title='bbox 842 1051 880 1088; x_wconf 93' lang='lat'>1.</span> 
     </span>
    </p>
   </div>
   <div class='ocr_carea' id='block_1_12' title="bbox 285 1122 1521 1198">
    <p class='ocr_par' dir='ltr' id='par_1_12' title="bbox 285 1122 1521 1198">
     <span class='ocr_line' id='line_1_12' title="bbox 285 1122 1521 1198; baseline -0.004 -15"><span class='ocrx_word' id='word_1_61' title='bbox 285 1131 370 1183; x_wconf 89' lang='lat' dir='ltr'>De</span> <span class='ocrx_word' id='word_1_62' title='bbox 396 1123 633 1198; x_wconf 87' lang='lat' dir='ltr'>jejunio</span> <span class='ocrx_word' id='word_1_63' title='bbox 664 1123 921 1187; x_wconf 81' lang='lat' dir='ltr'>Quatuor</span> <span class='ocrx_word' id='word_1_64' title='bbox 953 1124 1315 1196; x_wconf 90' lang='lat' dir='ltr'>Temporum</span> <span class='ocrx_word' id='word_1_65' title='bbox 1347 1122 1449 1178; x_wconf 90' lang='lat' dir='ltr'>lib.</span> <span class='ocrx_word' id='word_1_66' title='bbox 1485 1140 1521 1178; x_wconf 94' lang='lat'>1.</span> 
     </span>
    </p>
   </div>
   <div class='ocr_carea' id='block_1_13' title="bbox 287 1212 1102 1287">
    <p class='ocr_par' dir='ltr' id='par_1_13' title="bbox 287 1212 1102 1287">
     <span class='ocr_line' id='line_1_13' title="bbox 287 1212 1102 1287; baseline -0.004 -14"><span class='ocrx_word' id='word_1_67' title='bbox 287 1217 372 1273; x_wconf 88' lang='lat' dir='ltr'>De</span> <span class='ocrx_word' id='word_1_68' title='bbox 398 1214 634 1287; x_wconf 88' lang='lat' dir='ltr'>jejunio</span> <span class='ocrx_word' id='word_1_69' title='bbox 670 1212 908 1270; x_wconf 91' lang='lat' dir='ltr'>Sabbati</span> <span class='ocrx_word' id='word_1_70' title='bbox 934 1213 1035 1269; x_wconf 90' lang='lat' dir='ltr'>lib.</span> <span class='ocrx_word' id='word_1_71' title='bbox 1062 1232 1102 1270; x_wconf 96' lang='lat'>1.</span> 
     </span>
    </p>
   </div>
   <div class='ocr_carea' id='block_1_14' title="bbox 287 1301 1760 1375">
    <p class='ocr_par' dir='ltr' id='par_1_14' title="bbox 287 1301 1760 1375">
     <span class='ocr_line' id='line_1_14' title="bbox 287 1301 1760 1375; baseline -0.003 -14"><span class='ocrx_word' id='word_1_72' title='bbox 287 1306 653 1361; x_wconf 88' lang='lat' dir='ltr'>Sermonum</span> <span class='ocrx_word' id='word_1_73' title='bbox 689 1307 809 1358; x_wconf 88' lang='lat' dir='ltr'>tam</span> <span class='ocrx_word' id='word_1_74' title='bbox 842 1304 915 1359; x_wconf 90' lang='lat' dir='ltr'>ad</span> <span class='ocrx_word' id='word_1_75' title='bbox 949 1304 1160 1359; x_wconf 80' lang='lat' dir='ltr'>fratres</span> <span class='ocrx_word' id='word_1_76' title='bbox 1191 1319 1373 1375; x_wconf 90' lang='lat' dir='ltr'>quam</span> <span class='ocrx_word' id='word_1_77' title='bbox 1407 1301 1553 1358; x_wconf 90' lang='lat' dir='ltr'>alios</span> <span class='ocrx_word' id='word_1_78' title='bbox 1586 1301 1686 1358; x_wconf 92' lang='lat' dir='ltr'>lib.</span> <span class='ocrx_word' id='word_1_79' title='bbox 1723 1319 1760 1356; x_wconf 92' lang='lat'>1.</span> 
     </span>
    </p>
   </div>
   <div class='ocr_carea' id='block_1_15' title="bbox 287 1392 1306 1466">
    <p class='ocr_par' dir='ltr' id='par_1_15' title="bbox 287 1392 1306 1466">
     <span class='ocr_line' id='line_1_15' title="bbox 287 1392 1306 1466; baseline -0.002 -16"><span class='ocrx_word' id='word_1_80' title='bbox 287 1392 700 1466; x_wconf 86' lang='lat' dir='ltr'>Epistolarum</span> <span class='ocrx_word' id='word_1_81' title='bbox 736 1393 806 1448; x_wconf 89' lang='lat' dir='ltr'>ad</span> <span class='ocrx_word' id='word_1_82' title='bbox 842 1392 1104 1449; x_wconf 86' lang='lat' dir='ltr'>diversos</span> <span class='ocrx_word' id='word_1_83' title='bbox 1134 1392 1238 1448; x_wconf 89' lang='lat' dir='ltr'>lib.</span> <span class='ocrx_word' id='word_1_84' title='bbox 1269 1410 1306 1448; x_wconf 95' lang='lat'>1.</span> 
     </span>
    </p>
   </div>
   <div class='ocr_carea' id='block_1_16' title="bbox 294 1479 1900 1555">
    <p class='ocr_par' dir='ltr' id='par_1_16' title="bbox 294 1479 1900 1555">
     <span class='ocr_line' id='line_1_16' title="bbox 294 1479 1900 1555; baseline -0.003 -15"><span class='ocrx_word' id='word_1_85' title='bbox 294 1483 381 1540; x_wconf 90' lang='lat' dir='ltr'>De</span> <span class='ocrx_word' id='word_1_86' title='bbox 414 1481 643 1538; x_wconf 89' lang='lat' dir='ltr'>musica</span> <span class='ocrx_word' id='word_1_87' title='bbox 673 1482 744 1538; x_wconf 89' lang='lat' dir='ltr'>ad</span> <span class='ocrx_word' id='word_1_88' title='bbox 779 1481 1139 1555; x_wconf 89' lang='lat' dir='ltr'>Pilegrinum</span> <span class='ocrx_word' id='word_1_89' title='bbox 1173 1480 1578 1538; x_wconf 81' lang='lat' dir='ltr'>Coloniensem</span> <span class='ocrx_word' id='word_1_90' title='bbox 1613 1479 1900 1552; x_wconf 85' lang='lat' dir='ltr'>archiepi-</span> 
     </span>
    </p>
   </div>
   <div class='ocr_carea' id='block_1_17' title="bbox 215 1569 1904 1646">
    <p class='ocr_par' dir='ltr' id='par_1_17' title="bbox 215 1569 1904 1646">
     <span class='ocr_line' id='line_1_17' title="bbox 215 1569 1904 1646; baseline -0.004 -16"><span class='ocrx_word' id='word_1_91' title='bbox 215 1587 471 1646; x_wconf 81' lang='lat' dir='ltr'>scopum</span> <span class='ocrx_word' id='word_1_92' title='bbox 522 1570 624 1626; x_wconf 91' lang='lat' dir='ltr'>lib.</span> <span class='ocrx_word' id='word_1_93' title='bbox 661 1588 699 1638; x_wconf 90' lang='lat'>1,</span> <span class='ocrx_word' id='word_1_94' title='bbox 734 1571 905 1642; x_wconf 86' lang='lat' dir='ltr'>cujus</span> <span class='ocrx_word' id='word_1_95' title='bbox 955 1571 1243 1646; x_wconf 72' lang='lat' dir='ltr'>originale</span> <span class='ocrx_word' id='word_1_96' title='bbox 1275 1588 1336 1628; x_wconf 89' lang='lat' dir='ltr'>se</span> <span class='ocrx_word' id='word_1_97' title='bbox 1365 1570 1645 1627; x_wconf 87' lang='lat' dir='ltr'>habuisse</span> <span class='ocrx_word' id='word_1_98' title='bbox 1695 1569 1904 1626; x_wconf 86' lang='lat' dir='ltr'>scribit</span> 
     </span>
    </p>
   </div>
   <div class='ocr_carea' id='block_1_18' title="bbox 213 1660 612 1720">
    <p class='ocr_par' dir='ltr' id='par_1_18' title="bbox 213 1660 612 1720">
     <span class='ocr_line' id='line_1_18' title="bbox 213 1660 612 1720; baseline -0.013 0"><span class='ocrx_word' id='word_1_99' title='bbox 213 1660 612 1720; x_wconf 87' lang='lat' dir='ltr'>Trithemius.</span> 
     </span>
    </p>
   </div>
   <div class='ocr_carea' id='block_1_19' title="bbox 287 1748 1312 1822">
    <p class='ocr_par' dir='ltr' id='par_1_19' title="bbox 287 1748 1312 1822">
     <span class='ocr_line' id='line_1_19' title="bbox 287 1748 1312 1822; baseline -0.004 -14"><span class='ocrx_word' id='word_1_100' title='bbox 287 1751 375 1808; x_wconf 90' lang='lat' dir='ltr'>De</span> <span class='ocrx_word' id='word_1_101' title='bbox 408 1748 1100 1822; x_wconf 71' lang='lat' dir='ltr'>instrumentismusicze</span> <span class='ocrx_word' id='word_1_102' title='bbox 1133 1749 1238 1806; x_wconf 91' lang='lat' dir='ltr'>lib.</span> <span class='ocrx_word' id='word_1_103' title='bbox 1275 1768 1312 1804; x_wconf 90' lang='lat'>1.</span> 
     </span>
    </p>
   </div>
   <div class='ocr_carea' id='block_1_20' title="bbox 287 1838 1313 1897">
    <p class='ocr_par' dir='ltr' id='par_1_20' title="bbox 287 1838 1313 1897">
     <span class='ocr_line' id='line_1_20' title="bbox 287 1838 1313 1897; baseline -0.003 0"><span class='ocrx_word' id='word_1_104' title='bbox 287 1841 372 1897; x_wconf 90' lang='lat' dir='ltr'>De</span> <span class='ocrx_word' id='word_1_105' title='bbox 404 1855 684 1895; x_wconf 87' lang='lat' dir='ltr'>mensura</span> <span class='ocrx_word' id='word_1_106' title='bbox 719 1839 1103 1895; x_wconf 88' lang='lat' dir='ltr'>monochordi</span> <span class='ocrx_word' id='word_1_107' title='bbox 1136 1838 1242 1894; x_wconf 90' lang='lat' dir='ltr'>lib.</span> <span class='ocrx_word' id='word_1_108' title='bbox 1275 1857 1313 1894; x_wconf 91' lang='lat'>1.</span> 
     </span>
    </p>
   </div>
   <div class='ocr_carea' id='block_1_21' title="bbox 295 1927 1910 1999">
    <p class='ocr_par' dir='ltr' id='par_1_21' title="bbox 295 1927 1910 1999">
     <span class='ocr_line' id='line_1_21' title="bbox 295 1927 1910 1999; baseline -0.004 -14"><span class='ocrx_word' id='word_1_109' title='bbox 295 1930 382 1985; x_wconf 87' lang='lat' dir='ltr'>De</span> <span class='ocrx_word' id='word_1_110' title='bbox 441 1927 694 1984; x_wconf 79' lang='lat' dir='ltr'>historia</span> <span class='ocrx_word' id='word_1_111' title='bbox 749 1928 1215 1984; x_wconf 79' lang='lat' dir='ltr'>Alamannorum</span> <span class='ocrx_word' id='word_1_112' title='bbox 1275 1927 1380 1982; x_wconf 91' lang='lat' dir='ltr'>lib.</span> <span class='ocrx_word' id='word_1_113' title='bbox 1423 1945 1460 1994; x_wconf 88' lang='lat'>1,</span> <span class='ocrx_word' id='word_1_114' title='bbox 1511 1932 1682 1999; x_wconf 82' lang='lat' dir='ltr'>prout</span> <span class='ocrx_word' id='word_1_115' title='bbox 1732 1927 1910 1983; x_wconf 88' lang='lat' dir='ltr'>refert</span> 
     </span>
    </p>
   </div>
   <div class='ocr_carea' id='block_1_22' title="bbox 225 2015 1905 2090">
    <p class='ocr_par' dir='ltr' id='par_1_22' title="bbox 225 2015 1905 2090">
     <span class='ocr_line' id='line_1_22' title="bbox 225 2015 1905 2090; baseline -0.001 -14"><span class='ocrx_word' id='word_1_116' title='bbox 225 2017 640 2076; x_wconf 88' lang='lat' dir='ltr'>Thrithemius</span> <span class='ocrx_word' id='word_1_117' title='bbox 675 2018 734 2073; x_wconf 92' lang='lat' dir='ltr'>in</span> <span class='ocrx_word' id='word_1_118' title='bbox 769 2018 1004 2090; x_wconf 81' lang='lat' dir='ltr'>prologo</span> <span class='ocrx_word' id='word_1_119' title='bbox 1028 2017 1305 2075; x_wconf 87' lang='lat' dir='ltr'>Chronici</span> <span class='ocrx_word' id='word_1_120' title='bbox 1332 2018 1423 2072; x_wconf 90' lang='lat' dir='ltr'>sui</span> <span class='ocrx_word' id='word_1_121' title='bbox 1446 2015 1905 2089; x_wconf 61' lang='lat' dir='ltr'>Hirsaugiensis,</span> 
     </span>
    </p>
   </div>
   <div class='ocr_carea' id='block_1_23' title="bbox 223 2106 1904 2180">
    <p class='ocr_par' dir='ltr' id='par_1_23' title="bbox 223 2106 1904 2180">
     <span class='ocr_line' id='line_1_23' title="bbox 223 2106 1904 2180; baseline -0.004 -12"><span class='ocrx_word' id='word_1_122' title='bbox 223 2109 557 2180; x_wconf 74' lang='lat' dir='ltr'>asscritque</span> <span class='ocrx_word' id='word_1_123' title='bbox 589 2125 652 2163; x_wconf 89' lang='lat' dir='ltr'>se</span> <span class='ocrx_word' id='word_1_124' title='bbox 697 2125 766 2163; x_wconf 91' lang='lat' dir='ltr'>ex</span> <span class='ocrx_word' id='word_1_125' title='bbox 811 2125 876 2163; x_wconf 91' lang='lat' dir='ltr'>eo</span> <span class='ocrx_word' id='word_1_126' title='bbox 930 2107 1183 2179; x_wconf 86' lang='lat' dir='ltr'>aliisque</span> <span class='ocrx_word' id='word_1_127' title='bbox 1244 2106 1541 2162; x_wconf 82' lang='lat' dir='ltr'>historicis</span> <span class='ocrx_word' id='word_1_128' title='bbox 1601 2107 1788 2162; x_wconf 92' lang='lat' dir='ltr'>multa</span> <span class='ocrx_word' id='word_1_129' title='bbox 1846 2108 1904 2162; x_wconf 90' lang='lat' dir='ltr'>in</span> 
     </span>
    </p>
   </div>
   <div class='ocr_carea' id='block_1_24' title="bbox 222 2196 1905 2269">
    <p class='ocr_par' dir='ltr' id='par_1_24' title="bbox 222 2196 1905 2269">
     <span class='ocr_line' id='line_1_24' title="bbox 222 2196 1905 2269; baseline -0.004 -12"><span class='ocrx_word' id='word_1_130' title='bbox 222 2198 583 2257; x_wconf 86' lang='lat' dir='ltr'>Chronicum</span> <span class='ocrx_word' id='word_1_131' title='bbox 621 2214 799 2252; x_wconf 89' lang='lat' dir='ltr'>suum</span> <span class='ocrx_word' id='word_1_132' title='bbox 833 2197 1177 2266; x_wconf 81' lang='lat' dir='ltr'>inseruisse,</span> <span class='ocrx_word' id='word_1_133' title='bbox 1205 2213 1384 2269; x_wconf 89' lang='lat' dir='ltr'>quam</span> <span class='ocrx_word' id='word_1_134' title='bbox 1410 2200 1605 2251; x_wconf 90' lang='lat' dir='ltr'>tamen</span> <span class='ocrx_word' id='word_1_135' title='bbox 1637 2196 1905 2252; x_wconf 83' lang='lat' dir='ltr'>Aleman-</span> 
     </span>
    </p>
   </div>
   <div class='ocr_carea' id='block_1_25' title="bbox 222 2286 1903 2358">
    <p class='ocr_par' dir='ltr' id='par_1_25' title="bbox 222 2286 1903 2358">
     <span class='ocr_line' id='line_1_25' title="bbox 222 2286 1903 2358; baseline -0.003 -12"><span class='ocrx_word' id='word_1_136' title='bbox 222 2307 442 2347; x_wconf 89' lang='lat' dir='ltr'>norum</span> <span class='ocrx_word' id='word_1_137' title='bbox 476 2286 787 2344; x_wconf 77' lang='lat' dir='ltr'>historiam</span> <span class='ocrx_word' id='word_1_138' title='bbox 841 2286 985 2341; x_wconf 89' lang='lat' dir='ltr'>mihi</span> <span class='ocrx_word' id='word_1_139' title='bbox 1028 2286 1227 2342; x_wconf 88' lang='lat' dir='ltr'>videre</span> <span class='ocrx_word' id='word_1_140' title='bbox 1280 2302 1586 2356; x_wconf 85' lang='lat' dir='ltr'>nunquam</span> <span class='ocrx_word' id='word_1_141' title='bbox 1637 2286 1903 2358; x_wconf 82' lang='lat' dir='ltr'>contigit.</span> 
     </span>
    </p>
   </div>
   <div class='ocr_carea' id='block_1_26' title="bbox 228 2374 1905 2451">
    <p class='ocr_par' dir='ltr' id='par_1_26' title="bbox 228 2374 1905 2451">
     <span class='ocr_line' id='line_1_26' title="bbox 228 2374 1905 2451; baseline -0.004 -15"><span class='ocrx_word' id='word_1_142' title='bbox 228 2377 555 2451; x_wconf 84' lang='lat' dir='ltr'>Scripsisse</span> <span class='ocrx_word' id='word_1_143' title='bbox 589 2381 869 2450; x_wconf 78' lang='lat' dir='ltr'>praeterea</span> <span class='ocrx_word' id='word_1_144' title='bbox 894 2376 1077 2432; x_wconf 83' lang='lat' dir='ltr'>fertur</span> <span class='ocrx_word' id='word_1_145' title='bbox 1104 2375 1277 2446; x_wconf 90' lang='lat' dir='ltr'>plura</span> <span class='ocrx_word' id='word_1_146' title='bbox 1303 2375 1437 2441; x_wconf 88' lang='lat' dir='ltr'>alia,</span> <span class='ocrx_word' id='word_1_147' title='bbox 1466 2374 1616 2429; x_wconf 90' lang='lat' dir='ltr'>inter</span> <span class='ocrx_word' id='word_1_148' title='bbox 1637 2392 1763 2446; x_wconf 74' lang='lat' dir='ltr'>quae</span> <span class='ocrx_word' id='word_1_149' title='bbox 1790 2392 1905 2430; x_wconf 90' lang='lat' dir='ltr'>non</span> 
     </span>
    </p>
   </div>
   <div class='ocr_carea' id='block_1_27' title="bbox 231 2462 1902 2536">
    <p class='ocr_par' dir='ltr' id='par_1_27' title="bbox 231 2462 1902 2536">
     <span class='ocr_line' id='line_1_27' title="bbox 231 2462 1902 2536; baseline -0.003 -12"><span class='ocrx_word' id='word_1_150' title='bbox 231 2483 407 2524; x_wconf 87' lang='lat' dir='ltr'>nemo</span> <span class='ocrx_word' id='word_1_151' title='bbox 440 2466 767 2522; x_wconf 87' lang='lat' dir='ltr'>arbitratus</span> <span class='ocrx_word' id='word_1_152' title='bbox 817 2481 943 2520; x_wconf 86' lang='lat' dir='ltr'>esse</span> <span class='ocrx_word' id='word_1_153' title='bbox 993 2481 1229 2536; x_wconf 89' lang='lat' dir='ltr'>quoque</span> <span class='ocrx_word' id='word_1_154' title='bbox 1254 2462 1445 2518; x_wconf 83' lang='lat' dir='ltr'>Vitam</span> <span class='ocrx_word' id='word_1_155' title='bbox 1491 2468 1546 2518; x_wconf 90' lang='lat' dir='ltr'>S.</span> <span class='ocrx_word' id='word_1_156' title='bbox 1581 2462 1902 2535; x_wconf 88' lang='lat' dir='ltr'>Meginradi</span> 
     </span>
    </p>
   </div>
   <div class='ocr_carea' id='block_1_28' title="bbox 235 2552 1900 2629">
    <p class='ocr_par' dir='ltr' id='par_1_28' title="bbox 235 2552 1900 2629">
     <span class='ocr_line' id='line_1_28' title="bbox 235 2552 1900 2629; baseline -0.004 -17"><span class='ocrx_word' id='word_1_157' title='bbox 235 2555 538 2629; x_wconf 73' lang='lat' dir='ltr'>martyris,</span> <span class='ocrx_word' id='word_1_158' title='bbox 571 2556 746 2626; x_wconf 90' lang='lat' dir='ltr'>cujus</span> <span class='ocrx_word' id='word_1_159' title='bbox 788 2571 968 2626; x_wconf 86' lang='lat' dir='ltr'>supra</span> <span class='ocrx_word' id='word_1_160' title='bbox 999 2558 1297 2609; x_wconf 89' lang='lat' dir='ltr'>auctorem</span> <span class='ocrx_word' id='word_1_161' title='bbox 1352 2552 1456 2607; x_wconf 83' lang='lat' dir='ltr'>feci</span> <span class='ocrx_word' id='word_1_162' title='bbox 1509 2569 1900 2624; x_wconf 75' lang='lat' dir='ltr'>anonymum;</span> 
     </span>
    </p>
   </div>
   <div class='ocr_carea' id='block_1_29' title="bbox 2006 495 3690 581">
    <p class='ocr_par' dir='ltr' id='par_1_29' title="bbox 2006 495 3690 581">
     <span class='ocr_line' id='line_1_29' title="bbox 2006 495 3690 581; baseline 0.011 -31"><span class='ocrx_word' id='word_1_163' title='bbox 2006 495 2237 563; x_wconf 88' lang='lat' dir='ltr'>Berno,</span> <span class='ocrx_word' id='word_1_164' title='bbox 2277 497 2434 568; x_wconf 90' lang='lat' dir='ltr'>quod</span> <span class='ocrx_word' id='word_1_165' title='bbox 2482 497 2597 555; x_wconf 87' lang='lat' dir='ltr'>huc</span> <span class='ocrx_word' id='word_1_166' title='bbox 2648 517 2883 574; x_wconf 91' lang='lat' dir='ltr'>quoque</span> <span class='ocrx_word' id='word_1_167' title='bbox 2939 509 3202 577; x_wconf 86' lang='lat' dir='ltr'>spectare</span> <span class='ocrx_word' id='word_1_168' title='bbox 3231 508 3427 566; x_wconf 80' lang='lat' dir='ltr'>visum</span> <span class='ocrx_word' id='word_1_169' title='bbox 3485 517 3596 581; x_wconf 88' lang='lat' dir='ltr'>est,</span> <span class='ocrx_word' id='word_1_170' title='bbox 3631 513 3690 570; x_wconf 90' lang='lat' dir='ltr'>S.</span> 
     </span>
    </p>
   </div>
   <div class='ocr_carea' id='block_1_30' title="bbox 2006 585 3694 671">
    <p class='ocr_par' dir='ltr' id='par_1_30' title="bbox 2006 585 3694 671">
     <span class='ocr_line' id='line_1_30' title="bbox 2006 585 3694 671; baseline 0.012 -31"><span class='ocrx_word' id='word_1_171' title='bbox 2006 585 2281 642; x_wconf 87' lang='lat' dir='ltr'>Henrico</span> <span class='ocrx_word' id='word_1_172' title='bbox 2315 586 2654 660; x_wconf 86' lang='lat' dir='ltr'>imperatori</span> <span class='ocrx_word' id='word_1_173' title='bbox 2687 591 3070 652; x_wconf 88' lang='lat' dir='ltr'>charissimus</span> <span class='ocrx_word' id='word_1_174' title='bbox 3103 596 3234 668; x_wconf 89' lang='lat' dir='ltr'>fuit,</span> <span class='ocrx_word' id='word_1_175' title='bbox 3257 603 3314 655; x_wconf 86' lang='lat' dir='ltr'>et</span> <span class='ocrx_word' id='word_1_176' title='bbox 3346 601 3473 671; x_wconf 86' lang='lat' dir='ltr'>ejus</span> <span class='ocrx_word' id='word_1_177' title='bbox 3505 602 3564 658; x_wconf 91' lang='lat' dir='ltr'>in</span> <span class='ocrx_word' id='word_1_178' title='bbox 3596 619 3694 659; x_wconf 86' lang='lat' dir='ltr'>ex-</span> 
     </span>
    </p>
   </div>
   <div class='ocr_carea' id='block_1_31' title="bbox 2007 673 3697 755">
    <p class='ocr_par' dir='ltr' id='par_1_31' title="bbox 2007 673 3697 755">
     <span class='ocr_line' id='line_1_31' title="bbox 2007 673 3697 755; baseline 0.014 -28"><span class='ocrx_word' id='word_1_179' title='bbox 2007 673 2331 746; x_wconf 88' lang='lat' dir='ltr'>peditione</span> <span class='ocrx_word' id='word_1_180' title='bbox 2367 677 2565 734; x_wconf 89' lang='lat' dir='ltr'>Italica</span> <span class='ocrx_word' id='word_1_181' title='bbox 2587 679 2912 755; x_wconf 88' lang='lat' dir='ltr'>itinereque</span> <span class='ocrx_word' id='word_1_182' title='bbox 2944 684 3204 742; x_wconf 81' lang='lat' dir='ltr'>Romano</span> <span class='ocrx_word' id='word_1_183' title='bbox 3235 687 3576 747; x_wconf 84' lang='lat' dir='ltr'>individuus</span> <span class='ocrx_word' id='word_1_184' title='bbox 3603 709 3697 750; x_wconf 87' lang='lat' dir='ltr'>co-</span> 
     </span>
    </p>
   </div>
   <div class='ocr_carea' id='block_1_32' title="bbox 2008 766 3695 855">
    <p class='ocr_par' dir='ltr' id='par_1_32' title="bbox 2008 766 3695 855">
     <span class='ocr_line' id='line_1_32' title="bbox 2008 766 3695 855; baseline 0.012 -38"><span class='ocrx_word' id='word_1_185' title='bbox 2008 779 2142 818; x_wconf 86' lang='lat' dir='ltr'>mes</span> <span class='ocrx_word' id='word_1_186' title='bbox 2169 781 2188 831; x_wconf 91' lang='lat'>;</span> <span class='ocrx_word' id='word_1_187' title='bbox 2226 766 2383 822; x_wconf 89' lang='lat' dir='ltr'>unde</span> <span class='ocrx_word' id='word_1_188' title='bbox 2410 768 2651 842; x_wconf 87' lang='lat' dir='ltr'>contigit</span> <span class='ocrx_word' id='word_1_189' title='bbox 2681 775 2745 826; x_wconf 91' lang='lat' dir='ltr'>ut</span> <span class='ocrx_word' id='word_1_190' title='bbox 2773 789 2864 828; x_wconf 89' lang='lat' dir='ltr'>res</span> <span class='ocrx_word' id='word_1_191' title='bbox 2883 775 3194 847; x_wconf 91' lang='lat' dir='ltr'>Augiensis</span> <span class='ocrx_word' id='word_1_192' title='bbox 3226 780 3564 836; x_wconf 88' lang='lat' dir='ltr'>monasterii</span> <span class='ocrx_word' id='word_1_193' title='bbox 3597 800 3695 855; x_wconf 91' lang='lat' dir='ltr'>op-</span> 
     </span>
    </p>
   </div>
   <div class='ocr_carea' id='block_1_33' title="bbox 2008 852 3696 943">
    <p class='ocr_par' dir='ltr' id='par_1_33' title="bbox 2008 852 3696 943">
     <span class='ocr_line' id='line_1_33' title="bbox 2008 852 3696 943; baseline 0.012 -34"><span class='ocrx_word' id='word_1_194' title='bbox 2008 852 2164 909; x_wconf 88' lang='lat' dir='ltr'>time</span> <span class='ocrx_word' id='word_1_195' title='bbox 2208 855 2657 927; x_wconf 88' lang='lat' dir='ltr'>administrarit,</span> <span class='ocrx_word' id='word_1_196' title='bbox 2683 860 3134 937; x_wconf 89' lang='lat' dir='ltr'>insignibusque</span> <span class='ocrx_word' id='word_1_197' title='bbox 3161 867 3479 943; x_wconf 86' lang='lat' dir='ltr'>privilegiis</span> <span class='ocrx_word' id='word_1_198' title='bbox 3502 888 3536 926; x_wconf 90' lang='lat' dir='ltr'>a</span> <span class='ocrx_word' id='word_1_199' title='bbox 3556 852 3696 929; x_wconf 84' lang='lat' dir='ltr'>sede</span> 
     </span>
    </p>
   </div>
   <div class='ocr_carea' id='block_1_34' title="bbox 2009 944 3694 1026">
    <p class='ocr_par' dir='ltr' id='par_1_34' title="bbox 2009 944 3694 1026">
     <span class='ocr_line' id='line_1_34' title="bbox 2009 944 3694 1026; baseline 0.011 -26"><span class='ocrx_word' id='word_1_200' title='bbox 2009 944 2354 1016; x_wconf 84' lang='lat' dir='ltr'>apostolica</span> <span class='ocrx_word' id='word_1_201' title='bbox 2385 945 2710 1020; x_wconf 86' lang='lat' dir='ltr'>impetratis</span> <span class='ocrx_word' id='word_1_202' title='bbox 2753 951 3076 1026; x_wconf 81' lang='lat' dir='ltr'>adauxerit,</span> <span class='ocrx_word' id='word_1_203' title='bbox 3101 955 3159 1011; x_wconf 93' lang='lat' dir='ltr'>S.</span> <span class='ocrx_word' id='word_1_204' title='bbox 3184 957 3376 1014; x_wconf 85' lang='lat' dir='ltr'>Marco</span> <span class='ocrx_word' id='word_1_205' title='bbox 3406 959 3547 1016; x_wconf 90' lang='lat' dir='ltr'>item</span> <span class='ocrx_word' id='word_1_206' title='bbox 3577 963 3694 1018; x_wconf 85' lang='lat' dir='ltr'>Au-</span> 
     </span>
    </p>
   </div>
   <div class='ocr_carea' id='block_1_35' title="bbox 2009 1032 3694 1124">
    <p class='ocr_par' dir='ltr' id='par_1_35' title="bbox 2009 1032 3694 1124">
     <span class='ocr_line' id='line_1_35' title="bbox 2009 1032 3694 1124; baseline 0.014 -38"><span class='ocrx_word' id='word_1_207' title='bbox 2009 1032 2218 1106; x_wconf 88' lang='lat' dir='ltr'>giensi</span> <span class='ocrx_word' id='word_1_208' title='bbox 2250 1039 2495 1106; x_wconf 89' lang='lat' dir='ltr'>patrono</span> <span class='ocrx_word' id='word_1_209' title='bbox 2529 1053 2740 1095; x_wconf 90' lang='lat' dir='ltr'>novam</span> <span class='ocrx_word' id='word_1_210' title='bbox 2773 1040 3080 1098; x_wconf 86' lang='lat' dir='ltr'>basilicam</span> <span class='ocrx_word' id='word_1_211' title='bbox 3120 1046 3423 1116; x_wconf 81' lang='lat' dir='ltr'>exstruxit,</span> <span class='ocrx_word' id='word_1_212' title='bbox 3447 1066 3694 1124; x_wconf 85' lang='lat' dir='ltr'>eamque</span> 
     </span>
    </p>
   </div>
   <div class='ocr_carea' id='block_1_36' title="bbox 2010 1124 3695 1209">
    <p class='ocr_par' dir='ltr' id='par_1_36' title="bbox 2010 1124 3695 1209">
     <span class='ocr_line' id='line_1_36' title="bbox 2010 1124 3695 1209; baseline 0.012 -31"><span class='ocrx_word' id='word_1_213' title='bbox 2010 1124 2362 1180; x_wconf 88' lang='lat' dir='ltr'>consecrari</span> <span class='ocrx_word' id='word_1_214' title='bbox 2395 1125 2530 1182; x_wconf 91' lang='lat' dir='ltr'>fecit</span> <span class='ocrx_word' id='word_1_215' title='bbox 2569 1144 2722 1186; x_wconf 90' lang='lat' dir='ltr'>anno</span> <span class='ocrx_word' id='word_1_216' title='bbox 2752 1130 2967 1188; x_wconf 88' lang='lat' dir='ltr'>Christi</span> <span class='ocrx_word' id='word_1_217' title='bbox 3017 1134 3156 1189; x_wconf 98' lang='grc'>1048</span> <span class='ocrx_word' id='word_1_218' title='bbox 3197 1136 3384 1209; x_wconf 90' lang='lat' dir='ltr'>pridie</span> <span class='ocrx_word' id='word_1_219' title='bbox 3415 1139 3695 1198; x_wconf 87' lang='lat' dir='ltr'>solemni-</span> 
     </span>
    </p>
   </div>
   <div class='ocr_carea' id='block_1_37' title="bbox 2010 1211 2495 1271">
    <p class='ocr_par' dir='ltr' id='par_1_37' title="bbox 2010 1211 2495 1271">
     <span class='ocr_line' id='line_1_37' title="bbox 2010 1211 2495 1271; baseline 0.006 -4"><span class='ocrx_word' id='word_1_220' title='bbox 2010 1211 2167 1269; x_wconf 87' lang='lat' dir='ltr'>tatis</span> <span class='ocrx_word' id='word_1_221' title='bbox 2203 1214 2260 1269; x_wconf 89' lang='lat' dir='ltr'>S.</span> <span class='ocrx_word' id='word_1_222' title='bbox 2296 1214 2495 1271; x_wconf 88' lang='lat' dir='ltr'>Marci.</span> 
     </span>
    </p>
   </div>
   <div class='ocr_carea' id='block_1_38' title="bbox 2091 1302 3697 1382">
    <p class='ocr_par' dir='ltr' id='par_1_38' title="bbox 2091 1302 3697 1382">
     <span class='ocr_line' id='line_1_38' title="bbox 2091 1302 3697 1382; baseline 0.014 -26"><span class='ocrx_word' id='word_1_223' title='bbox 2091 1302 2206 1357; x_wconf 89' lang='lat' dir='ltr'>Hic</span> <span class='ocrx_word' id='word_1_224' title='bbox 2237 1305 2432 1376; x_wconf 84' lang='lat' dir='ltr'>gravis</span> <span class='ocrx_word' id='word_1_225' title='bbox 2465 1305 2641 1363; x_wconf 89' lang='lat' dir='ltr'>etiam</span> <span class='ocrx_word' id='word_1_226' title='bbox 2681 1308 2884 1382; x_wconf 91' lang='lat' dir='ltr'>lapsus</span> <span class='ocrx_word' id='word_1_227' title='bbox 2918 1312 3227 1372; x_wconf 89' lang='lat' dir='ltr'>Eckerardi</span> <span class='ocrx_word' id='word_1_228' title='bbox 3257 1319 3697 1379; x_wconf 86' lang='lat' dir='ltr'>San-Gallensis</span> 
     </span>
    </p>
   </div>
   <div class='ocr_carea' id='block_1_39' title="bbox 2012 1393 3695 1484">
    <p class='ocr_par' dir='ltr' id='par_1_39' title="bbox 2012 1393 3695 1484">
     <span class='ocr_line' id='line_1_39' title="bbox 2012 1393 3695 1484; baseline 0.014 -39"><span class='ocrx_word' id='word_1_229' title='bbox 2012 1393 2412 1466; x_wconf 84' lang='lat' dir='ltr'>castigandus</span> <span class='ocrx_word' id='word_1_230' title='bbox 2451 1396 2625 1464; x_wconf 88' lang='lat' dir='ltr'>venit,</span> <span class='ocrx_word' id='word_1_231' title='bbox 2651 1400 2752 1471; x_wconf 91' lang='lat' dir='ltr'>qui</span> <span class='ocrx_word' id='word_1_232' title='bbox 2803 1401 3011 1457; x_wconf 89' lang='lat' dir='ltr'>honori</span> <span class='ocrx_word' id='word_1_233' title='bbox 3057 1421 3297 1462; x_wconf 89' lang='lat' dir='ltr'>suorum</span> <span class='ocrx_word' id='word_1_234' title='bbox 3348 1408 3480 1481; x_wconf 87' lang='lat' dir='ltr'>plus</span> <span class='ocrx_word' id='word_1_235' title='bbox 3529 1428 3695 1484; x_wconf 60' lang='lat' dir='ltr'>aequo</span> 
     </span>
    </p>
   </div>
   <div class='ocr_carea' id='block_1_40' title="bbox 2013 1482 3696 1564">
    <p class='ocr_par' dir='ltr' id='par_1_40' title="bbox 2013 1482 3696 1564">
     <span class='ocr_line' id='line_1_40' title="bbox 2013 1482 3696 1564; baseline 0.012 -29"><span class='ocrx_word' id='word_1_236' title='bbox 2013 1482 2250 1549; x_wconf 89' lang='lat' dir='ltr'>favens,</span> <span class='ocrx_word' id='word_1_237' title='bbox 2285 1483 2366 1539; x_wconf 88' lang='lat' dir='ltr'>ait</span> <span class='ocrx_word' id='word_1_238' title='bbox 2396 1489 2722 1544; x_wconf 89' lang='lat' dir='ltr'>Bernonem</span> <span class='ocrx_word' id='word_1_239' title='bbox 2765 1495 2900 1547; x_wconf 89' lang='lat' dir='ltr'>ante</span> <span class='ocrx_word' id='word_1_240' title='bbox 2941 1493 3315 1564; x_wconf 88' lang='lat' dir='ltr'>praelaturam</span> <span class='ocrx_word' id='word_1_241' title='bbox 3349 1498 3408 1552; x_wconf 90' lang='lat' dir='ltr'>in</span> <span class='ocrx_word' id='word_1_242' title='bbox 3439 1501 3495 1556; x_wconf 84' lang='lat'>8.</span> <span class='ocrx_word' id='word_1_243' title='bbox 3529 1482 3696 1556; x_wconf 81' lang='lat' dir='ltr'>Gallo</span> 
     </span>
    </p>
   </div>
   <div class='ocr_carea' id='block_1_41' title="bbox 2014 1571 3696 1646">
    <p class='ocr_par' dir='ltr' id='par_1_41' title="bbox 2014 1571 3696 1646">
     <span class='ocr_line' id='line_1_41' title="bbox 2014 1571 3696 1646; baseline 0.011 -20"><span class='ocrx_word' id='word_1_244' title='bbox 2014 1571 2212 1628; x_wconf 88' lang='lat' dir='ltr'>fuisse</span> <span class='ocrx_word' id='word_1_245' title='bbox 2244 1574 2622 1632; x_wconf 89' lang='lat' dir='ltr'>monachum.</span> <span class='ocrx_word' id='word_1_246' title='bbox 2653 1579 2765 1634; x_wconf 91' lang='lat' dir='ltr'>Sed</span> <span class='ocrx_word' id='word_1_247' title='bbox 2797 1596 2933 1636; x_wconf 92' lang='lat' dir='ltr'>cum</span> <span class='ocrx_word' id='word_1_248' title='bbox 2966 1582 3095 1638; x_wconf 91' lang='lat' dir='ltr'>sine</span> <span class='ocrx_word' id='word_1_249' title='bbox 3125 1585 3351 1642; x_wconf 88' lang='lat' dir='ltr'>ratione</span> <span class='ocrx_word' id='word_1_250' title='bbox 3382 1587 3565 1644; x_wconf 89' lang='lat' dir='ltr'>sohus</span> <span class='ocrx_word' id='word_1_251' title='bbox 3585 1589 3696 1646; x_wconf 88' lang='lat' dir='ltr'>hoc</span> 
     </span>
    </p>
   </div>
   <div class='ocr_carea' id='block_1_42' title="bbox 2014 1663 3693 1748">
    <p class='ocr_par' dir='ltr' id='par_1_42' title="bbox 2014 1663 3693 1748">
     <span class='ocr_line' id='line_1_42' title="bbox 2014 1663 3693 1748; baseline 0.011 -32"><span class='ocrx_word' id='word_1_252' title='bbox 2014 1663 2268 1731; x_wconf 84' lang='lat' dir='ltr'>scribat,</span> <span class='ocrx_word' id='word_1_253' title='bbox 2292 1679 2480 1736; x_wconf 86' lang='lat' dir='ltr'>neque</span> <span class='ocrx_word' id='word_1_254' title='bbox 2513 1667 2655 1722; x_wconf 90' lang='lat' dir='ltr'>adeo</span> <span class='ocrx_word' id='word_1_255' title='bbox 2693 1670 2975 1741; x_wconf 88' lang='lat' dir='ltr'>antiquus</span> <span class='ocrx_word' id='word_1_256' title='bbox 3008 1673 3105 1740; x_wconf 88' lang='lat' dir='ltr'>sit,</span> <span class='ocrx_word' id='word_1_257' title='bbox 3133 1691 3246 1730; x_wconf 91' lang='lat' dir='ltr'>non</span> <span class='ocrx_word' id='word_1_258' title='bbox 3281 1676 3489 1748; x_wconf 88' lang='lat' dir='ltr'>opinor</span> <span class='ocrx_word' id='word_1_259' title='bbox 3518 1678 3693 1735; x_wconf 82' lang='lat' dir='ltr'>fidem</span> 
     </span>
    </p>
   </div>
   <div class='ocr_carea' id='block_1_43' title="bbox 2016 1751 3714 1840">
    <p class='ocr_par' dir='ltr' id='par_1_43' title="bbox 2016 1751 3714 1840">
     <span class='ocr_line' id='line_1_43' title="bbox 2016 1751 3714 1840; baseline 0.011 -34"><span class='ocrx_word' id='word_1_260' title='bbox 2016 1751 2181 1824; x_wconf 86' lang='lat' dir='ltr'>apud</span> <span class='ocrx_word' id='word_1_261' title='bbox 2235 1751 2424 1809; x_wconf 90' lang='lat' dir='ltr'>ullum</span> <span class='ocrx_word' id='word_1_262' title='bbox 2475 1757 2713 1824; x_wconf 89' lang='lat' dir='ltr'>mereri;</span> <span class='ocrx_word' id='word_1_263' title='bbox 2749 1760 3074 1830; x_wconf 80' lang='lat' dir='ltr'>praesertim</span> <span class='ocrx_word' id='word_1_264' title='bbox 3105 1779 3239 1818; x_wconf 90' lang='lat' dir='ltr'>cum</span> <span class='ocrx_word' id='word_1_265' title='bbox 3292 1764 3714 1840; x_wconf 85' lang='lat' dir='ltr'>Hermangum,</span> 
     </span>
    </p>
   </div>
   <div class='ocr_carea' id='block_1_44' title="bbox 2019 1841 3692 1928">
    <p class='ocr_par' dir='ltr' id='par_1_44' title="bbox 2019 1841 3692 1928">
     <span class='ocr_line' id='line_1_44' title="bbox 2019 1841 3692 1928; baseline 0.011 -33"><span class='ocrx_word' id='word_1_266' title='bbox 2019 1841 2426 1910; x_wconf 89' lang='lat' dir='ltr'>Contractum,</span> <span class='ocrx_word' id='word_1_267' title='bbox 2443 1844 2543 1915; x_wconf 89' lang='lat' dir='ltr'>qui</span> <span class='ocrx_word' id='word_1_268' title='bbox 2583 1846 2908 1902; x_wconf 86' lang='lat' dir='ltr'>Bernonem</span> <span class='ocrx_word' id='word_1_269' title='bbox 2933 1851 3112 1918; x_wconf 90' lang='lat' dir='ltr'>novit,</span> <span class='ocrx_word' id='word_1_270' title='bbox 3138 1851 3609 1928; x_wconf 85' lang='lat' dir='ltr'>magistrumque</span> <span class='ocrx_word' id='word_1_271' title='bbox 3632 1857 3692 1914; x_wconf 90' lang='lat' dir='ltr'>in</span> 
     </span>
    </p>
   </div>
   <div class='ocr_carea' id='block_1_45' title="bbox 2016 1930 3693 2013">
    <p class='ocr_par' dir='ltr' id='par_1_45' title="bbox 2016 1930 3693 2013">
     <span class='ocr_line' id='line_1_45' title="bbox 2016 1930 3693 2013; baseline 0.01 -27"><span class='ocrx_word' id='word_1_272' title='bbox 2016 1931 2210 2003; x_wconf 87' lang='lat' dir='ltr'>Augia</span> <span class='ocrx_word' id='word_1_273' title='bbox 2241 1930 2467 2000; x_wconf 89' lang='lat' dir='ltr'>habuit,</span> <span class='ocrx_word' id='word_1_274' title='bbox 2493 1937 2551 1988; x_wconf 90' lang='lat' dir='ltr'>et</span> <span class='ocrx_word' id='word_1_275' title='bbox 2579 1934 2834 1991; x_wconf 83' lang='lat' dir='ltr'>Annales</span> <span class='ocrx_word' id='word_1_276' title='bbox 2853 1937 3179 2013; x_wconf 85' lang='lat' dir='ltr'>Augienses</span> <span class='ocrx_word' id='word_1_277' title='bbox 3201 1942 3542 2000; x_wconf 88' lang='lat' dir='ltr'>Germanice</span> <span class='ocrx_word' id='word_1_278' title='bbox 3576 1944 3693 2002; x_wconf 86' lang='lat' dir='ltr'>elu-</span> 
     </span>
    </p>
   </div>
   <div class='ocr_carea' id='block_1_46' title="bbox 2018 2020 3689 2104">
    <p class='ocr_par' dir='ltr' id='par_1_46' title="bbox 2018 2020 3689 2104">
     <span class='ocr_line' id='line_1_46' title="bbox 2018 2020 3689 2104; baseline 0.01 -30"><span class='ocrx_word' id='word_1_279' title='bbox 2018 2020 2299 2076; x_wconf 88' lang='lat' dir='ltr'>cubratos</span> <span class='ocrx_word' id='word_1_280' title='bbox 2343 2021 2785 2096; x_wconf 89' lang='lat' dir='ltr'>Arnoldumque</span> <span class='ocrx_word' id='word_1_281' title='bbox 2816 2025 3088 2084; x_wconf 83' lang='lat' dir='ltr'>Wienem</span> <span class='ocrx_word' id='word_1_282' title='bbox 3136 2036 3530 2104; x_wconf 88' lang='lat' dir='ltr'>repugnantes</span> <span class='ocrx_word' id='word_1_283' title='bbox 3579 2033 3689 2091; x_wconf 87' lang='lat' dir='ltr'>ha-</span> 
     </span>
    </p>
   </div>
   <div class='ocr_carea' id='block_1_47' title="bbox 2016 2109 3688 2182">
    <p class='ocr_par' dir='ltr' id='par_1_47' title="bbox 2016 2109 3688 2182">
     <span class='ocr_line' id='line_1_47' title="bbox 2016 2109 3688 2182; baseline 0.01 -18"><span class='ocrx_word' id='word_1_284' title='bbox 2016 2109 2173 2175; x_wconf 87' lang='lat' dir='ltr'>heat,</span> <span class='ocrx_word' id='word_1_285' title='bbox 2200 2109 2298 2181; x_wconf 91' lang='lat' dir='ltr'>qui</span> <span class='ocrx_word' id='word_1_286' title='bbox 2330 2127 2601 2182; x_wconf 79' lang='lat' dir='ltr'>expresse</span> <span class='ocrx_word' id='word_1_287' title='bbox 2635 2116 2929 2170; x_wconf 86' lang='lat' dir='ltr'>testantur</span> <span class='ocrx_word' id='word_1_288' title='bbox 2970 2116 3293 2174; x_wconf 90' lang='lat' dir='ltr'>Bernonem</span> <span class='ocrx_word' id='word_1_289' title='bbox 3326 2120 3688 2180; x_wconf 86' lang='lat' dir='ltr'>Prumiensis</span> 
     </span>
    </p>
   </div>
   <div class='ocr_carea' id='block_1_48' title="bbox 2017 2197 3688 2269">
    <p class='ocr_par' dir='ltr' id='par_1_48' title="bbox 2017 2197 3688 2269">
     <span class='ocr_line' id='line_1_48' title="bbox 2017 2197 3688 2269; baseline 0.01 -17"><span class='ocrx_word' id='word_1_290' title='bbox 2017 2197 2267 2252; x_wconf 78' lang='lat' dir='ltr'>ccenobii</span> <span class='ocrx_word' id='word_1_291' title='bbox 2329 2199 2687 2255; x_wconf 89' lang='lat' dir='ltr'>monachum</span> <span class='ocrx_word' id='word_1_292' title='bbox 2749 2201 2948 2258; x_wconf 89' lang='lat' dir='ltr'>fuisse.</span> <span class='ocrx_word' id='word_1_293' title='bbox 2987 2203 3143 2260; x_wconf 89' lang='lat' dir='ltr'>Obiit</span> <span class='ocrx_word' id='word_1_294' title='bbox 3199 2208 3438 2263; x_wconf 84' lang='lat' dir='ltr'>tandem</span> <span class='ocrx_word' id='word_1_295' title='bbox 3499 2211 3688 2269; x_wconf 90' lang='lat' dir='ltr'>bonus</span> 
     </span>
    </p>
   </div>
   <div class='ocr_carea' id='block_1_49' title="bbox 2016 2287 3688 2363">
    <p class='ocr_par' dir='ltr' id='par_1_49' title="bbox 2016 2287 3688 2363">
     <span class='ocr_line' id='line_1_49' title="bbox 2016 2287 3688 2363; baseline 0.01 -23"><span class='ocrx_word' id='word_1_296' title='bbox 2016 2287 2226 2354; x_wconf 79' lang='lat' dir='ltr'>Berno,</span> <span class='ocrx_word' id='word_1_297' title='bbox 2256 2287 2428 2344; x_wconf 88' lang='lat' dir='ltr'>annis</span> <span class='ocrx_word' id='word_1_298' title='bbox 2469 2292 2527 2343; x_wconf 89' lang='lat' dir='ltr'>et</span> <span class='ocrx_word' id='word_1_299' title='bbox 2573 2289 2800 2344; x_wconf 90' lang='lat' dir='ltr'>meritis</span> <span class='ocrx_word' id='word_1_300' title='bbox 2850 2309 3014 2362; x_wconf 67' lang='lat' dir='ltr'>aeque</span> <span class='ocrx_word' id='word_1_301' title='bbox 3063 2299 3356 2363; x_wconf 86' lang='lat' dir='ltr'>maturus,</span> <span class='ocrx_word' id='word_1_302' title='bbox 3392 2314 3507 2353; x_wconf 91' lang='lat' dir='ltr'>non</span> <span class='ocrx_word' id='word_1_303' title='bbox 3560 2300 3688 2358; x_wconf 88' lang='lat' dir='ltr'>sine</span> 
     </span>
    </p>
   </div>
   <div class='ocr_carea' id='block_1_50' title="bbox 2015 2377 3682 2456">
    <p class='ocr_par' dir='ltr' id='par_1_50' title="bbox 2015 2377 3682 2456">
     <span class='ocr_line' id='line_1_50' title="bbox 2015 2377 3682 2456; baseline 0.009 -26"><span class='ocrx_word' id='word_1_304' title='bbox 2015 2381 2175 2431; x_wconf 88' lang='lat' dir='ltr'>certa</span> <span class='ocrx_word' id='word_1_305' title='bbox 2206 2393 2431 2449; x_wconf 74' lang='lat' dir='ltr'>magna:</span> <span class='ocrx_word' id='word_1_306' title='bbox 2456 2377 2791 2432; x_wconf 86' lang='lat' dir='ltr'>sanctitatis</span> <span class='ocrx_word' id='word_1_307' title='bbox 2813 2379 3088 2451; x_wconf 87' lang='lat' dir='ltr'>opinione</span> <span class='ocrx_word' id='word_1_308' title='bbox 3115 2401 3267 2438; x_wconf 90' lang='lat' dir='ltr'>anno</span> <span class='ocrx_word' id='word_1_309' title='bbox 3287 2385 3500 2442; x_wconf 87' lang='lat' dir='ltr'>Christi</span> <span class='ocrx_word' id='word_1_310' title='bbox 3524 2389 3682 2456; x_wconf 86' lang='grc'>1048,</span> 
     </span>
    </p>
   </div>
   <div class='ocr_carea' id='block_1_51' title="bbox 2015 2465 3686 2535">
    <p class='ocr_par' dir='ltr' id='par_1_51' title="bbox 2015 2465 3686 2535">
     <span class='ocr_line' id='line_1_51' title="bbox 2015 2465 3686 2535; baseline 0.01 -17"><span class='ocrx_word' id='word_1_311' title='bbox 2015 2482 2054 2519; x_wconf 92' lang='lat'>11</span> <span class='ocrx_word' id='word_1_312' title='bbox 2090 2466 2228 2521; x_wconf 91' lang='lat' dir='ltr'>ldus</span> <span class='ocrx_word' id='word_1_313' title='bbox 2258 2465 2443 2533; x_wconf 85' lang='lat' dir='ltr'>Junii,</span> <span class='ocrx_word' id='word_1_314' title='bbox 2469 2471 2525 2521; x_wconf 90' lang='lat' dir='ltr'>et</span> <span class='ocrx_word' id='word_1_315' title='bbox 2555 2465 2612 2521; x_wconf 89' lang='lat' dir='ltr'>in</span> <span class='ocrx_word' id='word_1_316' title='bbox 2645 2470 2700 2521; x_wconf 89' lang='lat' dir='ltr'>S.</span> <span class='ocrx_word' id='word_1_317' title='bbox 2736 2467 2912 2524; x_wconf 84' lang='lat' dir='ltr'>Marci</span> <span class='ocrx_word' id='word_1_318' title='bbox 2937 2487 2970 2526; x_wconf 92' lang='lat' dir='ltr'>a</span> <span class='ocrx_word' id='word_1_319' title='bbox 2993 2488 3056 2527; x_wconf 90' lang='lat' dir='ltr'>se</span> <span class='ocrx_word' id='word_1_320' title='bbox 3077 2477 3412 2531; x_wconf 90' lang='lat' dir='ltr'>constructa</span> <span class='ocrx_word' id='word_1_321' title='bbox 3444 2476 3686 2535; x_wconf 86' lang='lat' dir='ltr'>basilica</span> 
     </span>
    </p>
   </div>
   <div class='ocr_carea' id='block_1_52' title="bbox 2013 2554 2483 2612">
    <p class='ocr_par' dir='ltr' id='par_1_52' title="bbox 2013 2554 2483 2612">
     <span class='ocr_line' id='line_1_52' title="bbox 2013 2554 2483 2612; baseline 0.002 -4"><span class='ocrx_word' id='word_1_322' title='bbox 2013 2554 2348 2611; x_wconf 88' lang='lat' dir='ltr'>tumulatus</span> <span class='ocrx_word' id='word_1_323' title='bbox 2374 2559 2483 2612; x_wconf 88' lang='lat' dir='ltr'>est.</span> 
     </span>
    </p>
   </div>
   <div class='ocr_carea' id='block_1_53' title="bbox 1374 2903 2555 2995">
    <p class='ocr_par' dir='ltr' id='par_1_53' title="bbox 1374 2903 2555 2995">
     <span class='ocr_line' id='line_1_53' title="bbox 1374 2903 2555 2995; baseline 0.003 -7"><span class='ocrx_word' id='word_1_324' title='bbox 1374 2903 1838 2990; x_wconf 72' lang='grc' dir='ltr'><strong>ΝΟΤΙΤΙΑ</strong></span> <span class='ocrx_word' id='word_1_325' title='bbox 1895 2905 2555 2995; x_wconf 81' lang='lat' dir='ltr'>LITTERARIA</span> 
     </span>
    </p>
   </div>
   <div class='ocr_carea' id='block_1_54' title="bbox 917 3081 3005 3159">
    <p class='ocr_par' dir='ltr' id='par_1_54' title="bbox 917 3081 3005 3159">
     <span class='ocr_line' id='line_1_54' title="bbox 917 3081 3005 3159; baseline 0.002 -23"><span class='ocrx_word' id='word_1_326' title='bbox 917 3083 1108 3156; x_wconf 87' lang='lat' dir='ltr'>(Apud</span> <span class='ocrx_word' id='word_1_327' title='bbox 1140 3081 1352 3150; x_wconf 90' lang='lat' dir='ltr'>Oudin,</span> <span class='ocrx_word' id='word_1_328' title='bbox 1391 3082 1684 3140; x_wconf 84' lang='lat' dir='ltr'>Comment.</span> <span class='ocrx_word' id='word_1_329' title='bbox 1711 3082 1775 3140; x_wconf 81' lang='lat' dir='ltr'>dc</span> <span class='ocrx_word' id='word_1_330' title='bbox 1803 3083 2174 3156; x_wconf 81' lang='lat' dir='ltr'>Scriptoribus</span> <span class='ocrx_word' id='word_1_331' title='bbox 2205 3092 2258 3142; x_wconf 84' lang='lat' dir='ltr'>ct</span> <span class='ocrx_word' id='word_1_332' title='bbox 2283 3087 2500 3159; x_wconf 81' lang='lat' dir='ltr'>scriptis</span> <span class='ocrx_word' id='word_1_333' title='bbox 2533 3085 2719 3142; x_wconf 82' lang='lat' dir='ltr'>cccles.</span> <span class='ocrx_word' id='word_1_334' title='bbox 2755 3085 2825 3155; x_wconf 89' lang='lat' dir='ltr'>II,</span> <span class='ocrx_word' id='word_1_335' title='bbox 2853 3086 3005 3158; x_wconf 87' lang='lat'>598.)</span> 
     </span>
    </p>
   </div>
   <div class='ocr_carea' id='block_1_55' title="bbox 305 3442 3671 3519">
    <p class='ocr_par' dir='ltr' id='par_1_55' title="bbox 305 3442 3671 3519">
     <span class='ocr_line' id='line_1_55' title="bbox 305 3442 3671 3519; baseline 0.001 -13"><span class='ocrx_word' id='word_1_336' title='bbox 305 3451 522 3516; x_wconf 90' lang='lat' dir='ltr'>Berno,</span> <span class='ocrx_word' id='word_1_337' title='bbox 545 3445 742 3519; x_wconf 69' lang='lat' dir='ltr'>Augiae</span> <span class='ocrx_word' id='word_1_338' title='bbox 775 3443 983 3500; x_wconf 81' lang='lat' dir='ltr'>Divitis</span> <span class='ocrx_word' id='word_1_339' title='bbox 1013 3443 1214 3511; x_wconf 88' lang='lat' dir='ltr'>abbas,</span> <span class='ocrx_word' id='word_1_340' title='bbox 1239 3443 1462 3498; x_wconf 88' lang='lat' dir='ltr'>exstitit</span> <span class='ocrx_word' id='word_1_341' title='bbox 1491 3442 1746 3515; x_wconf 89' lang='lat' dir='ltr'>primum</span> <span class='ocrx_word' id='word_1_342' title='bbox 1779 3457 1900 3498; x_wconf 89' lang='lat' dir='ltr'>mo-</span> <span class='ocrx_word' id='word_1_343' title='bbox 1931 3443 1974 3510; x_wconf 88' lang='lat' dir='ltr'>C</span> <span class='ocrx_word' id='word_1_344' title='bbox 2008 3445 2190 3511; x_wconf 86' lang='lat' dir='ltr'>ctum,</span> <span class='ocrx_word' id='word_1_345' title='bbox 2219 3443 2544 3500; x_wconf 90' lang='lat' dir='ltr'>monastico</span> <span class='ocrx_word' id='word_1_346' title='bbox 2566 3444 2794 3502; x_wconf 88' lang='lat' dir='ltr'>cucullo</span> <span class='ocrx_word' id='word_1_347' title='bbox 2816 3445 3034 3503; x_wconf 91' lang='lat' dir='ltr'>ibidem</span> <span class='ocrx_word' id='word_1_348' title='bbox 3057 3445 3354 3516; x_wconf 90' lang='lat' dir='ltr'>indutum,</span> <span class='ocrx_word' id='word_1_349' title='bbox 3377 3456 3671 3510; x_wconf 82' lang='lat' dir='ltr'>monaste-</span> 
     </span>
    </p>
   </div>
   <div class='ocr_carea' id='block_1_56' title="bbox 227 3531 1901 3604">
    <p class='ocr_par' dir='ltr' id='par_1_56' title="bbox 227 3531 1901 3604">
     <span class='ocr_line' id='line_1_56' title="bbox 227 3531 1901 3604; baseline -0.006 -7"><span class='ocrx_word' id='word_1_350' title='bbox 227 3539 467 3597; x_wconf 89' lang='lat' dir='ltr'>nachus</span> <span class='ocrx_word' id='word_1_351' title='bbox 507 3535 694 3593; x_wconf 89' lang='lat' dir='ltr'>sancti</span> <span class='ocrx_word' id='word_1_352' title='bbox 743 3532 894 3591; x_wconf 90' lang='lat' dir='ltr'>Galli</span> <span class='ocrx_word' id='word_1_353' title='bbox 925 3534 984 3588; x_wconf 93' lang='lat' dir='ltr'>in</span> <span class='ocrx_word' id='word_1_354' title='bbox 1019 3533 1351 3604; x_wconf 84' lang='lat' dir='ltr'>Germania,</span> <span class='ocrx_word' id='word_1_355' title='bbox 1385 3531 1605 3588; x_wconf 89' lang='lat' dir='ltr'>ordinis</span> <span class='ocrx_word' id='word_1_356' title='bbox 1653 3531 1766 3588; x_wconf 91' lang='lat' dir='ltr'>divi</span> <span class='ocrx_word' id='word_1_357' title='bbox 1798 3537 1901 3588; x_wconf 87' lang='lat' dir='ltr'>Be-</span> 
     </span>
    </p>
   </div>
   <div class='ocr_carea' id='block_1_57' title="bbox 227 3619 1905 3694">
    <p class='ocr_par' dir='ltr' id='par_1_57' title="bbox 227 3619 1905 3694">
     <span class='ocr_line' id='line_1_57' title="bbox 227 3619 1905 3694; baseline -0.006 -8"><span class='ocrx_word' id='word_1_358' title='bbox 227 3626 480 3693; x_wconf 88' lang='lat' dir='ltr'>nedicti,</span> <span class='ocrx_word' id='word_1_359' title='bbox 508 3625 609 3681; x_wconf 92' lang='lat' dir='ltr'>ubi</span> <span class='ocrx_word' id='word_1_360' title='bbox 639 3639 775 3680; x_wconf 89' lang='lat' dir='ltr'>cum</span> <span class='ocrx_word' id='word_1_361' title='bbox 806 3622 906 3678; x_wconf 93' lang='lat' dir='ltr'>diu</span> <span class='ocrx_word' id='word_1_362' title='bbox 939 3622 1050 3678; x_wconf 89' lang='lat' dir='ltr'>sub</span> <span class='ocrx_word' id='word_1_363' title='bbox 1081 3621 1393 3694; x_wconf 86' lang='lat' dir='ltr'>disciplina</span> <span class='ocrx_word' id='word_1_364' title='bbox 1425 3619 1674 3694; x_wconf 86' lang='lat' dir='ltr'>regulari</span> <span class='ocrx_word' id='word_1_365' title='bbox 1705 3619 1905 3676; x_wconf 91' lang='lat' dir='ltr'>lauda-</span> 
     </span>
    </p>
   </div>
   <div class='ocr_carea' id='block_1_58' title="bbox 225 3709 1905 3784">
    <p class='ocr_par' dir='ltr' id='par_1_58' title="bbox 225 3709 1905 3784">
     <span class='ocr_line' id='line_1_58' title="bbox 225 3709 1905 3784; baseline -0.005 -10"><span class='ocrx_word' id='word_1_366' title='bbox 225 3717 436 3775; x_wconf 81' lang='lat' dir='ltr'>biliter</span> <span class='ocrx_word' id='word_1_367' title='bbox 465 3714 797 3781; x_wconf 86' lang='lat' dir='ltr'>militasset,</span> <span class='ocrx_word' id='word_1_368' title='bbox 824 3715 998 3784; x_wconf 88' lang='lat' dir='ltr'>atque</span> <span class='ocrx_word' id='word_1_369' title='bbox 1021 3711 1288 3767; x_wconf 91' lang='lat' dir='ltr'>animum</span> <span class='ocrx_word' id='word_1_370' title='bbox 1312 3709 1702 3766; x_wconf 89' lang='lat' dir='ltr'>scientiatum</span> <span class='ocrx_word' id='word_1_371' title='bbox 1726 3711 1905 3767; x_wconf 92' lang='lat' dir='ltr'>musi-</span> 
     </span>
    </p>
   </div>
   <div class='ocr_carea' id='block_1_59' title="bbox 224 3797 1901 3873">
    <p class='ocr_par' dir='ltr' id='par_1_59' title="bbox 224 3797 1901 3873">
     <span class='ocr_line' id='line_1_59' title="bbox 224 3797 1901 3873; baseline -0.006 -8"><span class='ocrx_word' id='word_1_372' title='bbox 224 3824 354 3873; x_wconf 88' lang='lat' dir='ltr'>ces,</span> <span class='ocrx_word' id='word_1_373' title='bbox 372 3810 506 3861; x_wconf 90' lang='lat' dir='ltr'>tum</span> <span class='ocrx_word' id='word_1_374' title='bbox 530 3801 1066 3861; x_wconf 88' lang='lat' dir='ltr'>ecclesiasticarum</span> <span class='ocrx_word' id='word_1_375' title='bbox 1108 3799 1490 3857; x_wconf 89' lang='lat' dir='ltr'>historiarum</span> <span class='ocrx_word' id='word_1_376' title='bbox 1531 3797 1901 3870; x_wconf 84' lang='lat' dir='ltr'>excoluisset,</span> 
     </span>
    </p>
   </div>
   <div class='ocr_carea' id='block_1_60' title="bbox 225 3887 1903 3964">
    <p class='ocr_par' dir='ltr' id='par_1_60' title="bbox 225 3887 1903 3964">
     <span class='ocr_line' id='line_1_60' title="bbox 225 3887 1903 3964; baseline -0.005 -9"><span class='ocrx_word' id='word_1_377' title='bbox 225 3898 437 3954; x_wconf 87' lang='lat' dir='ltr'>clarus</span> <span class='ocrx_word' id='word_1_378' title='bbox 482 3892 708 3949; x_wconf 89' lang='lat' dir='ltr'>meritis</span> <span class='ocrx_word' id='word_1_379' title='bbox 761 3891 834 3948; x_wconf 92' lang='lat' dir='ltr'>ad</span> <span class='ocrx_word' id='word_1_380' title='bbox 886 3889 1181 3946; x_wconf 90' lang='lat' dir='ltr'>abbatiam</span> <span class='ocrx_word' id='word_1_381' title='bbox 1230 3889 1427 3962; x_wconf 87' lang='lat' dir='ltr'>Augiae</span> <span class='ocrx_word' id='word_1_382' title='bbox 1477 3887 1682 3944; x_wconf 87' lang='lat' dir='ltr'>Divitis</span> <span class='ocrx_word' id='word_1_383' title='bbox 1725 3906 1903 3964; x_wconf 91' lang='lat' dir='ltr'>prope</span> 
     </span>
    </p>
   </div>
   <div class='ocr_carea' id='block_1_61' title="bbox 223 3979 1902 4050">
    <p class='ocr_par' dir='ltr' id='par_1_61' title="bbox 223 3979 1902 4050">
     <span class='ocr_line' id='line_1_61' title="bbox 223 3979 1902 4050; baseline -0.005 -6"><span class='ocrx_word' id='word_1_384' title='bbox 223 3982 647 4044; x_wconf 84' lang='lat' dir='ltr'>Constantiam</span> <span class='ocrx_word' id='word_1_385' title='bbox 670 3981 742 4040; x_wconf 87' lang='lat' dir='ltr'>ad</span> <span class='ocrx_word' id='word_1_386' title='bbox 773 3980 1066 4045; x_wconf 79' lang='lat' dir='ltr'>Rhenum,</span> <span class='ocrx_word' id='word_1_387' title='bbox 1093 3995 1246 4034; x_wconf 91' lang='lat' dir='ltr'>anno</span> <span class='ocrx_word' id='word_1_388' title='bbox 1281 3979 1419 4034; x_wconf 89' lang='grc'>1014</span> <span class='ocrx_word' id='word_1_389' title='bbox 1449 3980 1902 4050; x_wconf 89' lang='lat' dir='ltr'>promotus.Quo</span> 
     </span>
    </p>
   </div>
   <div class='ocr_carea' id='block_1_62' title="bbox 223 4067 1902 4148">
    <p class='ocr_par' dir='ltr' id='par_1_62' title="bbox 223 4067 1902 4148">
     <span class='ocr_line' id='line_1_62' title="bbox 223 4067 1902 4148; baseline -0.005 -16"><span class='ocrx_word' id='word_1_390' title='bbox 223 4082 376 4148; x_wconf 87' lang='lat' dir='ltr'>ergo</span> <span class='ocrx_word' id='word_1_391' title='bbox 422 4077 683 4144; x_wconf 88' lang='lat' dir='ltr'>tempore</span> <span class='ocrx_word' id='word_1_392' title='bbox 714 4069 1000 4126; x_wconf 86' lang='lat' dir='ltr'>Henricus</span> <span class='ocrx_word' id='word_1_393' title='bbox 1030 4069 1078 4124; x_wconf 93' lang='lat' dir='ltr'>II</span> <span class='ocrx_word' id='word_1_394' title='bbox 1106 4071 1162 4124; x_wconf 93' lang='lat' dir='ltr'>et</span> <span class='ocrx_word' id='word_1_395' title='bbox 1190 4069 1490 4124; x_wconf 84' lang='lat' dir='ltr'>Conradus</span> <span class='ocrx_word' id='word_1_396' title='bbox 1522 4067 1570 4123; x_wconf 92' lang='lat' dir='ltr'>II</span> <span class='ocrx_word' id='word_1_397' title='bbox 1602 4084 1668 4123; x_wconf 88' lang='lat' dir='ltr'>ac</span> <span class='ocrx_word' id='word_1_398' title='bbox 1715 4067 1902 4141; x_wconf 91' lang='lat' dir='ltr'>primo</span> 
     </span>
    </p>
   </div>
   <div class='ocr_carea' id='block_1_63' title="bbox 222 4155 1902 4234">
    <p class='ocr_par' dir='ltr' id='par_1_63' title="bbox 222 4155 1902 4234">
     <span class='ocr_line' id='line_1_63' title="bbox 222 4155 1902 4234; baseline -0.004 -14"><span class='ocrx_word' id='word_1_399' title='bbox 222 4161 469 4221; x_wconf 77' lang='lat' dir='ltr'>Henrici</span> <span class='ocrx_word' id='word_1_400' title='bbox 495 4160 569 4217; x_wconf 90' lang='lat' dir='ltr'>III</span> <span class='ocrx_word' id='word_1_401' title='bbox 592 4159 995 4234; x_wconf 89' lang='lat' dir='ltr'>quinquennio</span> <span class='ocrx_word' id='word_1_402' title='bbox 1021 4157 1230 4214; x_wconf 88' lang='lat' dir='ltr'>claruit</span> <span class='ocrx_word' id='word_1_403' title='bbox 1251 4157 1457 4224; x_wconf 90' lang='lat' dir='ltr'>Berno,</span> <span class='ocrx_word' id='word_1_404' title='bbox 1477 4155 1578 4229; x_wconf 90' lang='lat' dir='ltr'>qui</span> <span class='ocrx_word' id='word_1_405' title='bbox 1601 4155 1830 4214; x_wconf 90' lang='lat' dir='ltr'>Henrici</span> <span class='ocrx_word' id='word_1_406' title='bbox 1855 4158 1902 4213; x_wconf 92' lang='grc' dir='ltr'>ΙΙ</span> 
     </span>
    </p>
   </div>
   <div class='ocr_carea' id='block_1_64' title="bbox 221 4245 1900 4320">
    <p class='ocr_par' dir='ltr' id='par_1_64' title="bbox 221 4245 1900 4320">
     <span class='ocr_line' id='line_1_64' title="bbox 221 4245 1900 4320; baseline -0.004 -10"><span class='ocrx_word' id='word_1_407' title='bbox 221 4250 601 4310; x_wconf 88' lang='lat' dir='ltr'>coronationi</span> <span class='ocrx_word' id='word_1_408' title='bbox 634 4265 696 4307; x_wconf 87' lang='lat' dir='ltr'>se</span> <span class='ocrx_word' id='word_1_409' title='bbox 726 4247 1063 4304; x_wconf 81' lang='lat' dir='ltr'>interfuisse</span> <span class='ocrx_word' id='word_1_410' title='bbox 1093 4247 1219 4320; x_wconf 90' lang='lat' dir='ltr'>ipse</span> <span class='ocrx_word' id='word_1_411' title='bbox 1251 4245 1442 4318; x_wconf 87' lang='lat' dir='ltr'>inquit</span> <span class='ocrx_word' id='word_1_412' title='bbox 1463 4263 1587 4319; x_wconf 89' lang='lat' dir='ltr'>cap.</span> <span class='ocrx_word' id='word_1_413' title='bbox 1613 4247 1648 4301; x_wconf 89' lang='lat'>2</span> <span class='ocrx_word' id='word_1_414' title='bbox 1676 4247 1749 4302; x_wconf 81' lang='lat' dir='ltr'>De</span> <span class='ocrx_word' id='word_1_415' title='bbox 1779 4248 1900 4320; x_wconf 91' lang='lat' dir='ltr'>qui-</span> 
     </span>
    </p>
   </div>
   <div class='ocr_carea' id='block_1_65' title="bbox 223 4335 1902 4408">
    <p class='ocr_par' dir='ltr' id='par_1_65' title="bbox 223 4335 1902 4408">
     <span class='ocr_line' id='line_1_65' title="bbox 223 4335 1902 4408; baseline -0.004 -10"><span class='ocrx_word' id='word_1_416' title='bbox 223 4341 469 4398; x_wconf 83' lang='lat' dir='ltr'>busdam</span> <span class='ocrx_word' id='word_1_417' title='bbox 498 4339 657 4395; x_wconf 82' lang='lat' dir='ltr'>rebus</span> <span class='ocrx_word' id='word_1_418' title='bbox 694 4338 764 4394; x_wconf 82' lang='lat' dir='ltr'>ad</span> <span class='ocrx_word' id='word_1_419' title='bbox 801 4338 990 4395; x_wconf 69' lang='lat' dir='ltr'>missae</span> <span class='ocrx_word' id='word_1_420' title='bbox 1036 4337 1283 4408; x_wconf 79' lang='lat' dir='ltr'>ofﬁcium</span> <span class='ocrx_word' id='word_1_421' title='bbox 1328 4335 1716 4408; x_wconf 72' lang='lat' dir='ltr'>spectantibus.</span> <span class='ocrx_word' id='word_1_422' title='bbox 1752 4337 1902 4403; x_wconf 91' lang='lat' dir='ltr'>Quid</span> 
     </span>
    </p>
   </div>
   <div class='ocr_carea' id='block_1_66' title="bbox 224 4423 1904 4498">
    <p class='ocr_par' dir='ltr' id='par_1_66' title="bbox 224 4423 1904 4498">
     <span class='ocr_line' id='line_1_66' title="bbox 224 4423 1904 4498; baseline -0.004 -10"><span class='ocrx_word' id='word_1_423' title='bbox 224 4435 440 4489; x_wconf 84' lang='lat' dir='ltr'>autem</span> <span class='ocrx_word' id='word_1_424' title='bbox 471 4428 533 4484; x_wconf 93' lang='lat' dir='ltr'>in</span> <span class='ocrx_word' id='word_1_425' title='bbox 566 4431 742 4485; x_wconf 90' lang='lat' dir='ltr'>cantu</span> <span class='ocrx_word' id='word_1_426' title='bbox 761 4425 1031 4483; x_wconf 81' lang='lat' dir='ltr'>Ecclesiae</span> <span class='ocrx_word' id='word_1_427' title='bbox 1067 4423 1418 4498; x_wconf 82' lang='lat' dir='ltr'>praestiterit,</span> <span class='ocrx_word' id='word_1_428' title='bbox 1444 4425 1675 4480; x_wconf 91' lang='lat' dir='ltr'>docebit</span> <span class='ocrx_word' id='word_1_429' title='bbox 1698 4426 1904 4482; x_wconf 74' lang='lat' dir='ltr'>Ecker—</span> 
     </span>
    </p>
   </div>
   <div class='ocr_carea' id='block_1_67' title="bbox 223 4513 1901 4588">
    <p class='ocr_par' dir='ltr' id='par_1_67' title="bbox 223 4513 1901 4588">
     <span class='ocr_line' id='line_1_67' title="bbox 223 4513 1901 4588; baseline -0.003 -10"><span class='ocrx_word' id='word_1_430' title='bbox 223 4519 468 4579; x_wconf 81' lang='lat' dir='ltr'>bardus</span> <span class='ocrx_word' id='word_1_431' title='bbox 494 4515 706 4573; x_wconf 90' lang='lat' dir='ltr'>Junior</span> <span class='ocrx_word' id='word_1_432' title='bbox 749 4515 809 4570; x_wconf 92' lang='lat' dir='ltr'>in</span> <span class='ocrx_word' id='word_1_433' title='bbox 843 4514 978 4571; x_wconf 89' lang='lat' dir='ltr'>Vita</span> <span class='ocrx_word' id='word_1_434' title='bbox 1006 4513 1070 4568; x_wconf 90' lang='lat' dir='ltr'>B.</span> <span class='ocrx_word' id='word_1_435' title='bbox 1106 4513 1346 4572; x_wconf 82' lang='lat' dir='ltr'>Notkeri</span> <span class='ocrx_word' id='word_1_436' title='bbox 1374 4513 1626 4586; x_wconf 90' lang='lat' dir='ltr'>Balbuli,</span> <span class='ocrx_word' id='word_1_437' title='bbox 1651 4531 1776 4588; x_wconf 89' lang='lat' dir='ltr'>cap.</span> <span class='ocrx_word' id='word_1_438' title='bbox 1814 4517 1901 4574; x_wconf 93' lang='lat'>10.</span> 
     </span>
    </p>
   </div>
   <div class='ocr_carea' id='block_1_68' title="bbox 222 4591 1903 4677">
    <p class='ocr_par' dir='ltr' id='par_1_68' title="bbox 222 4591 1903 4677">
     <span class='ocr_line' id='line_1_68' title="bbox 222 4591 1903 4677; baseline -0.004 -10"><span class='ocrx_word' id='word_1_439' title='bbox 222 4607 534 4668; x_wconf 89' lang='lat' dir='ltr'>Gerardus</span> <span class='ocrx_word' id='word_1_440' title='bbox 561 4607 820 4664; x_wconf 84' lang='lat' dir='ltr'>Joannes</span> <span class='ocrx_word' id='word_1_441' title='bbox 840 4603 1088 4662; x_wconf 89' lang='lat' dir='ltr'>Vossius</span> <span class='ocrx_word' id='word_1_442' title='bbox 1113 4602 1214 4659; x_wconf 91' lang='lat' dir='ltr'>lib.</span> <span class='ocrx_word' id='word_1_443' title='bbox 1239 4619 1300 4671; x_wconf 89' lang='lat'>11,</span> <span class='ocrx_word' id='word_1_444' title='bbox 1325 4620 1452 4676; x_wconf 82' lang='lat' dir='ltr'>cap.</span> <span class='ocrx_word' id='word_1_445' title='bbox 1482 4604 1570 4672; x_wconf 87' lang='grc'>44,</span> <span class='ocrx_word' id='word_1_446' title='bbox 1595 4619 1729 4677; x_wconf 89' lang='lat' dir='ltr'>pag.</span> <span class='ocrx_word' id='word_1_447' title='bbox 1756 4591 1903 4661; x_wconf 88' lang='lat' dir='ltr'>mihi</span> 
     </span>
    </p>
   </div>
   <div class='ocr_carea' id='block_1_69' title="bbox 223 4691 1903 4765">
    <p class='ocr_par' dir='ltr' id='par_1_69' title="bbox 223 4691 1903 4765">
     <span class='ocr_line' id='line_1_69' title="bbox 223 4691 1903 4765; baseline -0.003 -9"><span class='ocrx_word' id='word_1_448' title='bbox 223 4697 364 4765; x_wconf 84' lang='lat'>367,</span> <span class='ocrx_word' id='word_1_449' title='bbox 391 4695 542 4754; x_wconf 85' lang='lat' dir='ltr'>falso</span> <span class='ocrx_word' id='word_1_450' title='bbox 569 4695 727 4752; x_wconf 90' lang='lat' dir='ltr'>hunc</span> <span class='ocrx_word' id='word_1_451' title='bbox 758 4695 1084 4750; x_wconf 88' lang='lat' dir='ltr'>Bernonem</span> <span class='ocrx_word' id='word_1_452' title='bbox 1108 4691 1246 4748; x_wconf 86' lang='lat' dir='ltr'>facit</span> <span class='ocrx_word' id='word_1_453' title='bbox 1267 4691 1564 4749; x_wconf 89' lang='lat' dir='ltr'>Hincmari</span> <span class='ocrx_word' id='word_1_454' title='bbox 1597 4693 1903 4751; x_wconf 85' lang='lat' dir='ltr'>Remensis</span> 
     </span>
    </p>
   </div>
   <div class='ocr_carea' id='block_1_70' title="bbox 2013 3531 3672 3612">
    <p class='ocr_par' dir='ltr' id='par_1_70' title="bbox 2013 3531 3672 3612">
     <span class='ocr_line' id='line_1_70' title="bbox 2013 3531 3672 3612; baseline 0.008 -25"><span class='ocrx_word' id='word_1_455' title='bbox 2013 3531 2083 3586; x_wconf 89' lang='lat' dir='ltr'>rii</span> <span class='ocrx_word' id='word_1_456' title='bbox 2107 3532 2320 3589; x_wconf 66' lang='lat' dir='ltr'>scholae</span> <span class='ocrx_word' id='word_1_457' title='bbox 2351 3535 2696 3606; x_wconf 61' lang='lat' dir='ltr'>praeposuit;</span> <span class='ocrx_word' id='word_1_458' title='bbox 2728 3536 2800 3592; x_wconf 90' lang='lat' dir='ltr'>de</span> <span class='ocrx_word' id='word_1_459' title='bbox 2831 3554 2946 3609; x_wconf 92' lang='lat' dir='ltr'>quo</span> <span class='ocrx_word' id='word_1_460' title='bbox 2979 3536 3153 3592; x_wconf 90' lang='lat' dir='ltr'>etiam</span> <span class='ocrx_word' id='word_1_461' title='bbox 3187 3537 3432 3612; x_wconf 87' lang='lat' dir='ltr'>intelligi</span> <span class='ocrx_word' id='word_1_462' title='bbox 3459 3541 3672 3600; x_wconf 89' lang='lat' dir='ltr'>debent</span> 
     </span>
    </p>
   </div>
   <div class='ocr_carea' id='block_1_71' title="bbox 2012 3623 3668 3698">
    <p class='ocr_par' dir='ltr' id='par_1_71' title="bbox 2012 3623 3668 3698">
     <span class='ocr_line' id='line_1_71' title="bbox 2012 3623 3668 3698; baseline 0.008 -22"><span class='ocrx_word' id='word_1_463' title='bbox 2012 3638 2140 3694; x_wconf 69' lang='lat' dir='ltr'>qua:</span> <span class='ocrx_word' id='word_1_464' title='bbox 2162 3623 2525 3680; x_wconf 84' lang='lat' dir='ltr'>Eckerardus</span> <span class='ocrx_word' id='word_1_465' title='bbox 2558 3623 2731 3680; x_wconf 87' lang='lat' dir='ltr'>habet</span> <span class='ocrx_word' id='word_1_466' title='bbox 2753 3641 2935 3698; x_wconf 88' lang='lat' dir='ltr'>supra</span> <span class='ocrx_word' id='word_1_467' title='bbox 2955 3627 3168 3682; x_wconf 89' lang='lat' dir='ltr'>citatus</span> <span class='ocrx_word' id='word_1_468' title='bbox 3200 3627 3258 3682; x_wconf 92' lang='lat' dir='ltr'>in</span> <span class='ocrx_word' id='word_1_469' title='bbox 3282 3627 3413 3684; x_wconf 91' lang='lat' dir='ltr'>Vita</span> <span class='ocrx_word' id='word_1_470' title='bbox 3432 3630 3668 3689; x_wconf 86' lang='lat' dir='ltr'>Notkeri</span> 
     </span>
    </p>
   </div>
   <div class='ocr_carea' id='block_1_72' title="bbox 2011 3711 3668 3792">
    <p class='ocr_par' dir='ltr' id='par_1_72' title="bbox 2011 3711 3668 3792">
     <span class='ocr_line' id='line_1_72' title="bbox 2011 3711 3668 3792; baseline 0.008 -27"><span class='ocrx_word' id='word_1_471' title='bbox 2011 3711 2260 3780; x_wconf 89' lang='lat' dir='ltr'>Balbuli,</span> <span class='ocrx_word' id='word_1_472' title='bbox 2281 3729 2406 3784; x_wconf 90' lang='lat' dir='ltr'>cap.</span> <span class='ocrx_word' id='word_1_473' title='bbox 2436 3714 2520 3768; x_wconf 93' lang='lat'>10.</span> <span class='ocrx_word' id='word_1_474' title='bbox 2546 3714 2615 3769; x_wconf 90' lang='lat' dir='ltr'>Et</span> <span class='ocrx_word' id='word_1_475' title='bbox 2635 3730 2776 3770; x_wconf 90' lang='lat' dir='ltr'>sane</span> <span class='ocrx_word' id='word_1_476' title='bbox 2797 3718 3030 3787; x_wconf 90' lang='lat' dir='ltr'>tempus</span> <span class='ocrx_word' id='word_1_477' title='bbox 3053 3716 3334 3773; x_wconf 91' lang='lat' dir='ltr'>Bernonis</span> <span class='ocrx_word' id='word_1_478' title='bbox 3355 3719 3668 3792; x_wconf 86' lang='lat' dir='ltr'>Augiensis</span> 
     </span>
    </p>
   </div>
   <div class='ocr_carea' id='block_1_73' title="bbox 2012 3800 3670 3883">
    <p class='ocr_par' dir='ltr' id='par_1_73' title="bbox 2012 3800 3670 3883">
     <span class='ocr_line' id='line_1_73' title="bbox 2012 3800 3670 3883; baseline 0.006 -27"><span class='ocrx_word' id='word_1_479' title='bbox 2012 3800 2242 3857; x_wconf 90' lang='lat' dir='ltr'>abbatis</span> <span class='ocrx_word' id='word_1_480' title='bbox 2262 3818 2396 3857; x_wconf 91' lang='lat' dir='ltr'>cum</span> <span class='ocrx_word' id='word_1_481' title='bbox 2415 3806 2582 3859; x_wconf 60' lang='lat' dir='ltr'>aetate</span> <span class='ocrx_word' id='word_1_482' title='bbox 2599 3803 2897 3859; x_wconf 86' lang='lat' dir='ltr'>Hincmari</span> <span class='ocrx_word' id='word_1_483' title='bbox 2918 3804 3224 3862; x_wconf 84' lang='lat' dir='ltr'>Remensis</span> <span class='ocrx_word' id='word_1_484' title='bbox 3246 3806 3670 3883; x_wconf 84' lang='lat' dir='ltr'>archiepiscopi</span> 
     </span>
    </p>
   </div>
   <div class='ocr_carea' id='block_1_74' title="bbox 2013 3890 3672 3967">
    <p class='ocr_par' dir='ltr' id='par_1_74' title="bbox 2013 3890 3672 3967">
     <span class='ocr_line' id='line_1_74' title="bbox 2013 3890 3672 3967; baseline 0.007 -22"><span class='ocrx_word' id='word_1_485' title='bbox 2013 3890 2258 3962; x_wconf 88' lang='lat' dir='ltr'>ejusque</span> <span class='ocrx_word' id='word_1_486' title='bbox 2279 3891 2632 3964; x_wconf 89' lang='lat' dir='ltr'>discipulatu</span> <span class='ocrx_word' id='word_1_487' title='bbox 2660 3895 2814 3951; x_wconf 86' lang='lat' dir='ltr'>stare</span> <span class='ocrx_word' id='word_1_488' title='bbox 2840 3908 3215 3965; x_wconf 89' lang='lat' dir='ltr'>nequaquam</span> <span class='ocrx_word' id='word_1_489' title='bbox 3238 3899 3448 3967; x_wconf 87' lang='lat' dir='ltr'>potest.</span> <span class='ocrx_word' id='word_1_490' title='bbox 3469 3897 3672 3956; x_wconf 86' lang='lat' dir='ltr'>Exstat</span> 
     </span>
    </p>
   </div>
   <div class='ocr_carea' id='block_1_75' title="bbox 2013 3978 3672 4054">
    <p class='ocr_par' dir='ltr' id='par_1_75' title="bbox 2013 3978 3672 4054">
     <span class='ocr_line' id='line_1_75' title="bbox 2013 3978 3672 4054; baseline 0.003 -20"><span class='ocrx_word' id='word_1_491' title='bbox 2013 3979 2086 4034; x_wconf 89' lang='lat' dir='ltr'>ab</span> <span class='ocrx_word' id='word_1_492' title='bbox 2107 3995 2172 4035; x_wconf 91' lang='lat' dir='ltr'>eo</span> <span class='ocrx_word' id='word_1_493' title='bbox 2204 3979 2457 4052; x_wconf 88' lang='lat' dir='ltr'>scriptus</span> <span class='ocrx_word' id='word_1_494' title='bbox 2486 3978 2718 4036; x_wconf 90' lang='lat' dir='ltr'>libellus</span> <span class='ocrx_word' id='word_1_495' title='bbox 2738 3981 2816 4036; x_wconf 83' lang='lat' dir='ltr'>De</span> <span class='ocrx_word' id='word_1_496' title='bbox 2844 3981 3167 4054; x_wconf 81' lang='lat' dir='ltr'>quibusdam</span> <span class='ocrx_word' id='word_1_497' title='bbox 3197 3985 3358 4039; x_wconf 81' lang='lat' dir='ltr'>rebus</span> <span class='ocrx_word' id='word_1_498' title='bbox 3388 3985 3460 4040; x_wconf 85' lang='lat' dir='ltr'>ad</span> <span class='ocrx_word' id='word_1_499' title='bbox 3486 3989 3672 4046; x_wconf 67' lang='lat' dir='ltr'>missa:</span> 
     </span>
    </p>
   </div>
   <div class='ocr_carea' id='block_1_76' title="bbox 2012 4069 3667 4147">
    <p class='ocr_par' dir='ltr' id='par_1_76' title="bbox 2012 4069 3667 4147">
     <span class='ocr_line' id='line_1_76' title="bbox 2012 4069 3667 4147; baseline 0.005 -24"><span class='ocrx_word' id='word_1_500' title='bbox 2012 4069 2257 4139; x_wconf 82' lang='lat' dir='ltr'>ofﬁcium</span> <span class='ocrx_word' id='word_1_501' title='bbox 2281 4069 2704 4140; x_wconf 79' lang='lat' dir='ltr'>pertinentibus,</span> <span class='ocrx_word' id='word_1_502' title='bbox 2729 4069 2921 4126; x_wconf 90' lang='lat' dir='ltr'>editus</span> <span class='ocrx_word' id='word_1_503' title='bbox 2951 4070 3210 4141; x_wconf 89' lang='lat' dir='ltr'>primum</span> <span class='ocrx_word' id='word_1_504' title='bbox 3237 4071 3392 4128; x_wconf 89' lang='lat' dir='ltr'>inter</span> <span class='ocrx_word' id='word_1_505' title='bbox 3419 4074 3667 4147; x_wconf 88' lang='lat' dir='ltr'>scripto-</span> 
     </span>
    </p>
   </div>
   <div class='ocr_carea' id='block_1_77' title="bbox 2013 4156 3668 4225">
    <p class='ocr_par' dir='ltr' id='par_1_77' title="bbox 2013 4156 3668 4225">
     <span class='ocr_line' id='line_1_77' title="bbox 2013 4156 3668 4225; baseline 0.006 -14"><span class='ocrx_word' id='word_1_506' title='bbox 2013 4172 2106 4212; x_wconf 92' lang='lat' dir='ltr'>res</span> <span class='ocrx_word' id='word_1_507' title='bbox 2127 4156 2208 4213; x_wconf 91' lang='lat' dir='ltr'>De</span> <span class='ocrx_word' id='word_1_508' title='bbox 2239 4157 2449 4214; x_wconf 89' lang='lat' dir='ltr'>divinis</span> <span class='ocrx_word' id='word_1_509' title='bbox 2475 4156 2704 4225; x_wconf 78' lang='lat' dir='ltr'>ofﬁciis,</span> <span class='ocrx_word' id='word_1_510' title='bbox 2728 4157 2973 4215; x_wconf 90' lang='lat' dir='ltr'>collatus</span> <span class='ocrx_word' id='word_1_511' title='bbox 3004 4160 3076 4215; x_wconf 91' lang='lat' dir='ltr'>ad</span> <span class='ocrx_word' id='word_1_512' title='bbox 3108 4176 3252 4216; x_wconf 90' lang='lat' dir='ltr'>mss.</span> <span class='ocrx_word' id='word_1_513' title='bbox 3277 4161 3444 4217; x_wconf 90' lang='lat' dir='ltr'>codd.</span> <span class='ocrx_word' id='word_1_514' title='bbox 3470 4163 3668 4221; x_wconf 88' lang='lat' dir='ltr'>studio</span> 
     </span>
    </p>
   </div>
   <div class='ocr_carea' id='block_1_78' title="bbox 2011 4244 3666 4320">
    <p class='ocr_par' dir='ltr' id='par_1_78' title="bbox 2011 4244 3666 4320">
     <span class='ocr_line' id='line_1_78' title="bbox 2011 4244 3666 4320; baseline 0.006 -20"><span class='ocrx_word' id='word_1_515' title='bbox 2011 4249 2069 4301; x_wconf 87' lang='lat' dir='ltr'>et</span> <span class='ocrx_word' id='word_1_516' title='bbox 2089 4261 2230 4301; x_wconf 90' lang='lat' dir='ltr'>cura</span> <span class='ocrx_word' id='word_1_517' title='bbox 2251 4244 2581 4301; x_wconf 89' lang='lat' dir='ltr'>Melchioris</span> <span class='ocrx_word' id='word_1_518' title='bbox 2603 4246 2899 4320; x_wconf 88' lang='lat' dir='ltr'>Hittorpii,</span> <span class='ocrx_word' id='word_1_519' title='bbox 2921 4247 3170 4305; x_wconf 66' lang='lat' dir='ltr'>Coloniae</span> <span class='ocrx_word' id='word_1_520' title='bbox 3196 4250 3332 4305; x_wconf 89' lang='lat'>1568</span> <span class='ocrx_word' id='word_1_521' title='bbox 3352 4254 3409 4306; x_wconf 92' lang='lat' dir='ltr'>et</span> <span class='ocrx_word' id='word_1_522' title='bbox 3430 4250 3666 4310; x_wconf 77' lang='lat' dir='ltr'>Parisiis</span> 
     </span>
    </p>
   </div>
   <div class='ocr_carea' id='block_1_79' title="bbox 2016 4334 3663 4412">
    <p class='ocr_par' dir='ltr' id='par_1_79' title="bbox 2016 4334 3663 4412">
     <span class='ocr_line' id='line_1_79' title="bbox 2016 4334 3663 4412; baseline 0.004 -22"><span class='ocrx_word' id='word_1_523' title='bbox 2016 4335 2172 4399; x_wconf 86' lang='lat'>1610,</span> <span class='ocrx_word' id='word_1_524' title='bbox 2197 4351 2328 4408; x_wconf 88' lang='lat' dir='ltr'>pag.</span> <span class='ocrx_word' id='word_1_525' title='bbox 2354 4334 2451 4391; x_wconf 78' lang='grc'>664</span> <span class='ocrx_word' id='word_1_526' title='bbox 2489 4334 2550 4390; x_wconf 91' lang='lat' dir='ltr'>in</span> <span class='ocrx_word' id='word_1_527' title='bbox 2583 4335 2738 4392; x_wconf 90' lang='lat' dir='ltr'>folio.</span> <span class='ocrx_word' id='word_1_528' title='bbox 2766 4337 2907 4394; x_wconf 90' lang='lat' dir='ltr'>Item</span> <span class='ocrx_word' id='word_1_529' title='bbox 2939 4337 3197 4394; x_wconf 90' lang='lat' dir='ltr'>Venetiis</span> <span class='ocrx_word' id='word_1_530' title='bbox 3224 4338 3468 4396; x_wconf 91' lang='lat' dir='ltr'>seorsim</span> <span class='ocrx_word' id='word_1_531' title='bbox 3505 4341 3663 4412; x_wconf 84' lang='lat'>1572,</span> 
     </span>
    </p>
   </div>
   <div class='ocr_carea' id='block_1_80' title="bbox 2012 4423 3666 4499">
    <p class='ocr_par' dir='ltr' id='par_1_80' title="bbox 2012 4423 3666 4499">
     <span class='ocr_line' id='line_1_80' title="bbox 2012 4423 3666 4499; baseline 0.006 -21"><span class='ocrx_word' id='word_1_532' title='bbox 2012 4423 2074 4478; x_wconf 94' lang='lat' dir='ltr'>in</span> <span class='ocrx_word' id='word_1_533' title='bbox 2106 4425 2158 4492; x_wconf 91' lang='lat'>8,</span> <span class='ocrx_word' id='word_1_534' title='bbox 2183 4441 2317 4480; x_wconf 93' lang='lat' dir='ltr'>cum</span> <span class='ocrx_word' id='word_1_535' title='bbox 2347 4423 2478 4481; x_wconf 85' lang='lat' dir='ltr'>aliis</span> <span class='ocrx_word' id='word_1_536' title='bbox 2500 4425 2764 4496; x_wconf 90' lang='lat' dir='ltr'>ejusdem</span> <span class='ocrx_word' id='word_1_537' title='bbox 2795 4427 3144 4499; x_wconf 88' lang='lat' dir='ltr'>argumenti.</span> <span class='ocrx_word' id='word_1_538' title='bbox 3168 4428 3314 4484; x_wconf 87' lang='lat' dir='ltr'>Hinc</span> <span class='ocrx_word' id='word_1_539' title='bbox 3341 4428 3666 4488; x_wconf 89' lang='lat' dir='ltr'>translatus</span> 
     </span>
    </p>
   </div>
   <div class='ocr_carea' id='block_1_81' title="bbox 2013 4511 3663 4590">
    <p class='ocr_par' dir='ltr' id='par_1_81' title="bbox 2013 4511 3663 4590">
     <span class='ocr_line' id='line_1_81' title="bbox 2013 4511 3663 4590; baseline 0.005 -23"><span class='ocrx_word' id='word_1_540' title='bbox 2013 4512 2071 4568; x_wconf 90' lang='lat' dir='ltr'>in</span> <span class='ocrx_word' id='word_1_541' title='bbox 2100 4511 2515 4570; x_wconf 89' lang='lat' dir='ltr'>Bibliothecam</span> <span class='ocrx_word' id='word_1_542' title='bbox 2556 4513 2789 4570; x_wconf 90' lang='lat' dir='ltr'>Patrum</span> <span class='ocrx_word' id='word_1_543' title='bbox 2823 4514 3096 4572; x_wconf 87' lang='lat' dir='ltr'>editionis</span> <span class='ocrx_word' id='word_1_544' title='bbox 3122 4516 3470 4574; x_wconf 88' lang='lat' dir='ltr'>Parisiensis</span> <span class='ocrx_word' id='word_1_545' title='bbox 3504 4519 3663 4590; x_wconf 87' lang='lat'>1575,</span> 
     </span>
    </p>
   </div>
   <div class='ocr_carea' id='block_1_82' title="bbox 2012 4601 3662 4678">
    <p class='ocr_par' dir='ltr' id='par_1_82' title="bbox 2012 4601 3662 4678">
     <span class='ocr_line' id='line_1_82' title="bbox 2012 4601 3662 4678; baseline 0.004 -21"><span class='ocrx_word' id='word_1_546' title='bbox 2012 4607 2170 4658; x_wconf 90' lang='lat' dir='ltr'>tomo</span> <span class='ocrx_word' id='word_1_547' title='bbox 2216 4601 2307 4670; x_wconf 94' lang='lat' dir='ltr'>IV,</span> <span class='ocrx_word' id='word_1_548' title='bbox 2341 4601 2449 4658; x_wconf 93' lang='lat' dir='ltr'>col.</span> <span class='ocrx_word' id='word_1_549' title='bbox 2482 4604 2616 4672; x_wconf 88' lang='lat'>572;</span> <span class='ocrx_word' id='word_1_550' title='bbox 2670 4604 2808 4660; x_wconf 88' lang='lat' dir='ltr'>anni</span> <span class='ocrx_word' id='word_1_551' title='bbox 2858 4605 3016 4673; x_wconf 84' lang='lat'>1589,</span> <span class='ocrx_word' id='word_1_552' title='bbox 3051 4609 3209 4662; x_wconf 80' lang='lat' dir='ltr'>torno</span> <span class='ocrx_word' id='word_1_553' title='bbox 3250 4605 3346 4674; x_wconf 91' lang='lat' dir='ltr'>VI,</span> <span class='ocrx_word' id='word_1_554' title='bbox 3379 4607 3491 4664; x_wconf 88' lang='lat' dir='ltr'>col.</span> <span class='ocrx_word' id='word_1_555' title='bbox 3534 4609 3662 4678; x_wconf 87' lang='lat'>709,</span> 
     </span>
    </p>
   </div>
   <div class='ocr_carea' id='block_1_83' title="bbox 2013 4691 3663 4766">
    <p class='ocr_par' dir='ltr' id='par_1_83' title="bbox 2013 4691 3663 4766">
     <span class='ocr_line' id='line_1_83' title="bbox 2013 4691 3663 4766; baseline 0.003 -18"><span class='ocrx_word' id='word_1_556' title='bbox 2013 4707 2166 4748; x_wconf 77' lang='lat' dir='ltr'>anno</span> <span class='ocrx_word' id='word_1_557' title='bbox 2204 4693 2361 4761; x_wconf 88' lang='grc'>1610,</span> <span class='ocrx_word' id='word_1_558' title='bbox 2391 4691 2607 4748; x_wconf 91' lang='lat' dir='ltr'>ibidem</span> <span class='ocrx_word' id='word_1_559' title='bbox 2639 4697 2800 4750; x_wconf 89' lang='lat' dir='ltr'>tome</span> <span class='ocrx_word' id='word_1_560' title='bbox 2831 4693 2898 4760; x_wconf 88' lang='lat' dir='ltr'>X,</span> <span class='ocrx_word' id='word_1_561' title='bbox 2929 4710 3061 4766; x_wconf 87' lang='lat' dir='ltr'>pag.</span> <span class='ocrx_word' id='word_1_562' title='bbox 3090 4696 3225 4763; x_wconf 87' lang='lat'>697;</span> <span class='ocrx_word' id='word_1_563' title='bbox 3257 4694 3530 4752; x_wconf 90' lang='lat' dir='ltr'>editionis</span> <span class='ocrx_word' id='word_1_564' title='bbox 3559 4697 3663 4753; x_wconf 91' lang='lat' dir='ltr'>Co-</span> 
     </span>
    </p>
   </div>
   <div class='ocr_carea' id='block_1_84' title="bbox 225 4778 3662 4882">
    <p class='ocr_par' dir='ltr' id='par_1_84' title="bbox 225 4778 3662 4882">
     <span class='ocr_line' id='line_1_84' title="bbox 225 4778 3662 4882; baseline -0 -39"><span class='ocrx_word' id='word_1_565' title='bbox 225 4784 658 4858; x_wconf 85' lang='lat' dir='ltr'>archiepiscopi</span> <span class='ocrx_word' id='word_1_566' title='bbox 682 4781 1171 4855; x_wconf 89' lang='lat' dir='ltr'>discipulum,cui</span> <span class='ocrx_word' id='word_1_567' title='bbox 1191 4782 1271 4837; x_wconf 93' lang='lat' dir='ltr'>rei</span> <span class='ocrx_word' id='word_1_568' title='bbox 1291 4781 1507 4838; x_wconf 90' lang='lat' dir='ltr'>indicio</span> <span class='ocrx_word' id='word_1_569' title='bbox 1507 4798 1654 4882; x_wconf 43' lang='lat' dir='ltr'>‘esse</span> <span class='ocrx_word' id='word_1_570' title='bbox 1676 4782 1906 4882; x_wconf 76' lang='lat' dir='ltr'>videtur</span> <span class='ocrx_word' id='word_1_571' title='bbox 1933 4817 1980 4882; x_wconf 69' lang='grc' dir='ltr'>Β</span> <span class='ocrx_word' id='word_1_572' title='bbox 2009 4778 2484 4882; x_wconf 46' lang='lat' dir='ltr'>leniensis.1618,</span> <span class='ocrx_word' id='word_1_573' title='bbox 2518 4781 2730 4882; x_wconf 64' lang='lat' dir='ltr'>smcplo</span> <span class='ocrx_word' id='word_1_574' title='bbox 2764 4798 2865 4882; x_wconf 80' lang='lat' dir='ltr'>seu</span> <span class='ocrx_word' id='word_1_575' title='bbox 2907 4786 3064 4882; x_wconf 44' lang='lat' dir='ltr'>tom-0</span> <span class='ocrx_word' id='word_1_576' title='bbox 3095 4783 3186 4849; x_wconf 86' lang='lat' dir='ltr'>XI,</span> <span class='ocrx_word' id='word_1_577' title='bbox 3221 4799 3362 4882; x_wconf 53' lang='lat' dir='ltr'>pag;</span> <span class='ocrx_word' id='word_1_578' title='bbox 3384 4785 3487 4882; x_wconf 68' lang='lat'>51;</span> <span class='ocrx_word' id='word_1_579' title='bbox 3520 4784 3662 4882; x_wconf 78' lang='lat' dir='ltr'>item</span> 
     </span>
    </p>
   </div>
   <div class='ocr_carea' id='block_1_85' title="bbox 224 4869 3660 4950">
    <p class='ocr_par' dir='ltr' id='par_1_85' title="bbox 224 4869 3660 4950">
     <span class='ocr_line' id='line_1_85' title="bbox 224 4869 3660 4950; baseline -0.001 -18"><span class='ocrx_word' id='word_1_580' title='bbox 224 4875 487 4950; x_wconf 77' lang='lat' dir='ltr'>epistola</span> <span class='ocrx_word' id='word_1_581' title='bbox 523 4873 712 4948; x_wconf 89' lang='lat' dir='ltr'>ipsius</span> <span class='ocrx_word' id='word_1_582' title='bbox 760 4871 1058 4928; x_wconf 86' lang='lat' dir='ltr'>Hincmari</span> <span class='ocrx_word' id='word_1_583' title='bbox 1111 4871 1182 4926; x_wconf 91' lang='lat' dir='ltr'>ad</span> <span class='ocrx_word' id='word_1_584' title='bbox 1234 4875 1476 4927; x_wconf 67' lang='lat' dir='ltr'>Eneam</span> <span class='ocrx_word' id='word_1_585' title='bbox 1507 4871 1898 4928; x_wconf 88' lang='lat' dir='ltr'>Parisiensem</span> <span class='ocrx_word' id='word_1_586' title='bbox 1933 4869 1975 4882; x_wconf 79' lang='lat'><strong><em>&quot;</em></strong></span> <span class='ocrx_word' id='word_1_587' title='bbox 2009 4869 2354 4926; x_wconf 86' lang='lat' dir='ltr'>Parisiensis</span> <span class='ocrx_word' id='word_1_588' title='bbox 2407 4872 2544 4926; x_wconf 90' lang='lat' dir='ltr'>anni</span> <span class='ocrx_word' id='word_1_589' title='bbox 2595 4873 2752 4940; x_wconf 88' lang='grc'>1624,</span> <span class='ocrx_word' id='word_1_590' title='bbox 2786 4875 2944 4927; x_wconf 86' lang='lat' dir='ltr'>tome</span> <span class='ocrx_word' id='word_1_591' title='bbox 2993 4871 3058 4939; x_wconf 89' lang='lat' dir='ltr'>X,</span> <span class='ocrx_word' id='word_1_592' title='bbox 3089 4889 3224 4945; x_wconf 90' lang='lat' dir='ltr'>pag.</span> <span class='ocrx_word' id='word_1_593' title='bbox 3255 4873 3388 4940; x_wconf 88' lang='lat'>697;</span> <span class='ocrx_word' id='word_1_594' title='bbox 3423 4873 3660 4946; x_wconf 56' lang='lat' dir='ltr'>Lugdu-</span> 
     </span>
    </p>
   </div>
   <div class='ocr_carea' id='block_1_86' title="bbox 227 4956 1898 5039">
    <p class='ocr_par' dir='ltr' id='par_1_86' title="bbox 227 4956 1898 5039">
     <span class='ocr_line' id='line_1_86' title="bbox 227 4956 1898 5039; baseline -0.003 -17"><span class='ocrx_word' id='word_1_595' title='bbox 227 4966 602 5039; x_wconf 86' lang='lat' dir='ltr'>episcopum,</span> <span class='ocrx_word' id='word_1_596' title='bbox 621 4979 798 5036; x_wconf 91' lang='lat' dir='ltr'>quam</span> <span class='ocrx_word' id='word_1_597' title='bbox 829 4979 899 5017; x_wconf 83' lang='lat' dir='ltr'>ex</span> <span class='ocrx_word' id='word_1_598' title='bbox 927 4960 1208 5016; x_wconf 89' lang='lat' dir='ltr'>Vaticana</span> <span class='ocrx_word' id='word_1_599' title='bbox 1235 4956 1586 5016; x_wconf 88' lang='lat' dir='ltr'>bibliotheca</span> <span class='ocrx_word' id='word_1_600' title='bbox 1613 4961 1898 5017; x_wconf 89' lang='lat' dir='ltr'>Baronius</span> 
     </span>
    </p>
   </div>
   <div class='ocr_carea' id='block_1_87' title="bbox 229 5049 1897 5123">
    <p class='ocr_par' dir='ltr' id='par_1_87' title="bbox 229 5049 1897 5123">
     <span class='ocr_line' id='line_1_87' title="bbox 229 5049 1897 5123; baseline -0.003 -11"><span class='ocrx_word' id='word_1_601' title='bbox 229 5053 416 5112; x_wconf 79' lang='lat' dir='ltr'>refert</span> <span class='ocrx_word' id='word_1_602' title='bbox 439 5053 502 5108; x_wconf 89' lang='lat' dir='ltr'>in</span> <span class='ocrx_word' id='word_1_603' title='bbox 530 5051 875 5120; x_wconf 88' lang='lat' dir='ltr'>Annalibus,</span> <span class='ocrx_word' id='word_1_604' title='bbox 910 5051 981 5106; x_wconf 91' lang='lat' dir='ltr'>ad</span> <span class='ocrx_word' id='word_1_605' title='bbox 1031 5066 1252 5106; x_wconf 90' lang='lat' dir='ltr'>annum</span> <span class='ocrx_word' id='word_1_606' title='bbox 1284 5051 1410 5120; x_wconf 88' lang='lat'>912,</span> <span class='ocrx_word' id='word_1_607' title='bbox 1443 5049 1660 5105; x_wconf 89' lang='lat' dir='ltr'>Verum</span> <span class='ocrx_word' id='word_1_608' title='bbox 1701 5055 1897 5123; x_wconf 90' lang='lat' dir='ltr'>aperte</span> 
     </span>
    </p>
   </div>
   <div class='ocr_carea' id='block_1_88' title="bbox 229 5129 1898 5211">
    <p class='ocr_par' dir='ltr' id='par_1_88' title="bbox 229 5129 1898 5211">
     <span class='ocr_line' id='line_1_88' title="bbox 229 5129 1898 5211; baseline -0.001 -13"><span class='ocrx_word' id='word_1_609' title='bbox 229 5142 484 5202; x_wconf 82' lang='lat' dir='ltr'>Vossius</span> <span class='ocrx_word' id='word_1_610' title='bbox 513 5141 736 5206; x_wconf 87' lang='lat' dir='ltr'>fallitur</span> <span class='ocrx_word' id='word_1_611' title='bbox 765 5145 822 5197; x_wconf 89' lang='lat' dir='ltr'>et</span> <span class='ocrx_word' id='word_1_612' title='bbox 853 5129 1018 5204; x_wconf 89' lang='lat' dir='ltr'>fallit,</span> <span class='ocrx_word' id='word_1_613' title='bbox 1053 5139 1109 5194; x_wconf 90' lang='lat' dir='ltr'>id</span> <span class='ocrx_word' id='word_1_614' title='bbox 1140 5139 1297 5194; x_wconf 90' lang='lat' dir='ltr'>enim</span> <span class='ocrx_word' id='word_1_615' title='bbox 1332 5138 1777 5211; x_wconf 87' lang='lat' dir='ltr'>intelligendum</span> <span class='ocrx_word' id='word_1_616' title='bbox 1809 5143 1898 5196; x_wconf 90' lang='lat' dir='ltr'>est</span> 
     </span>
    </p>
   </div>
   <div class='ocr_carea' id='block_1_89' title="bbox 231 5227 1892 5293">
    <p class='ocr_par' dir='ltr' id='par_1_89' title="bbox 231 5227 1892 5293">
     <span class='ocr_line' id='line_1_89' title="bbox 231 5227 1892 5293; baseline -0.003 -3"><span class='ocrx_word' id='word_1_617' title='bbox 231 5235 305 5290; x_wconf 87' lang='lat' dir='ltr'>de</span> <span class='ocrx_word' id='word_1_618' title='bbox 337 5233 601 5290; x_wconf 89' lang='lat' dir='ltr'>Bernone</span> <span class='ocrx_word' id='word_1_619' title='bbox 631 5230 813 5287; x_wconf 91' lang='lat' dir='ltr'>altero</span> <span class='ocrx_word' id='word_1_620' title='bbox 875 5227 1044 5284; x_wconf 89' lang='lat' dir='ltr'>annis</span> <span class='ocrx_word' id='word_1_621' title='bbox 1101 5232 1337 5283; x_wconf 89' lang='lat' dir='ltr'>centum</span> <span class='ocrx_word' id='word_1_622' title='bbox 1397 5228 1646 5293; x_wconf 88' lang='lat' dir='ltr'>seniore,</span> <span class='ocrx_word' id='word_1_623' title='bbox 1681 5227 1892 5286; x_wconf 89' lang='lat' dir='ltr'>abbate</span> 
     </span>
    </p>
   </div>
   <div class='ocr_carea' id='block_1_90' title="bbox 239 5316 1894 5396">
    <p class='ocr_par' dir='ltr' id='par_1_90' title="bbox 239 5316 1894 5396">
     <span class='ocr_line' id='line_1_90' title="bbox 239 5316 1894 5396; baseline -0.004 -18"><span class='ocrx_word' id='word_1_624' title='bbox 239 5323 434 5396; x_wconf 89' lang='lat' dir='ltr'>primo</span> <span class='ocrx_word' id='word_1_625' title='bbox 462 5319 867 5378; x_wconf 87' lang='lat' dir='ltr'>Cluniacensis</span> <span class='ocrx_word' id='word_1_626' title='bbox 888 5316 1287 5389; x_wconf 67' lang='lat' dir='ltr'>Ecclesiae,qui</span> <span class='ocrx_word' id='word_1_627' title='bbox 1317 5333 1468 5372; x_wconf 83' lang='lat' dir='ltr'>anno</span> <span class='ocrx_word' id='word_1_628' title='bbox 1497 5319 1602 5372; x_wconf 87' lang='grc'>912</span> <span class='ocrx_word' id='word_1_629' title='bbox 1632 5317 1894 5390; x_wconf 85' lang='lat' dir='ltr'>Burgun-</span> 
     </span>
    </p>
   </div>
   <div class='ocr_carea' id='block_1_91' title="bbox 233 5405 1892 5484">
    <p class='ocr_par' dir='ltr' id='par_1_91' title="bbox 233 5405 1892 5484">
     <span class='ocr_line' id='line_1_91' title="bbox 233 5405 1892 5484; baseline -0.003 -17"><span class='ocrx_word' id='word_1_630' title='bbox 233 5413 391 5468; x_wconf 86' lang='lat' dir='ltr'>diam</span> <span class='ocrx_word' id='word_1_631' title='bbox 424 5414 650 5484; x_wconf 86' lang='lat' dir='ltr'>petens,</span> <span class='ocrx_word' id='word_1_632' title='bbox 673 5409 734 5465; x_wconf 91' lang='lat' dir='ltr'>in</span> <span class='ocrx_word' id='word_1_633' title='bbox 767 5407 1029 5466; x_wconf 88' lang='lat' dir='ltr'>coenobio</span> <span class='ocrx_word' id='word_1_634' title='bbox 1057 5405 1373 5476; x_wconf 87' lang='lat' dir='ltr'>Balmensi,</span> <span class='ocrx_word' id='word_1_635' title='bbox 1401 5423 1433 5462; x_wconf 92' lang='lat' dir='ltr'>a</span> <span class='ocrx_word' id='word_1_636' title='bbox 1465 5423 1528 5462; x_wconf 88' lang='lat' dir='ltr'>se</span> <span class='ocrx_word' id='word_1_637' title='bbox 1559 5423 1744 5478; x_wconf 87' lang='lat' dir='ltr'>nuper</span> <span class='ocrx_word' id='word_1_638' title='bbox 1768 5407 1892 5462; x_wconf 87' lang='lat' dir='ltr'>fun-</span> 
     </span>
    </p>
   </div>
   <div class='ocr_carea' id='block_1_92' title="bbox 2008 4960 3659 5033">
    <p class='ocr_par' dir='ltr' id='par_1_92' title="bbox 2008 4960 3659 5033">
     <span class='ocr_line' id='line_1_92' title="bbox 2008 4960 3659 5033; baseline 0.003 -20"><span class='ocrx_word' id='word_1_639' title='bbox 2008 4960 2206 5015; x_wconf 89' lang='lat' dir='ltr'>nensis</span> <span class='ocrx_word' id='word_1_640' title='bbox 2266 4961 2422 5026; x_wconf 88' lang='lat'>1677,</span> <span class='ocrx_word' id='word_1_641' title='bbox 2456 4964 2612 5016; x_wconf 82' lang='lat' dir='ltr'>torno</span> <span class='ocrx_word' id='word_1_642' title='bbox 2656 4960 2852 5028; x_wconf 80' lang='lat' dir='ltr'>XVIII,</span> <span class='ocrx_word' id='word_1_643' title='bbox 2886 4976 3017 5033; x_wconf 90' lang='lat' dir='ltr'>pag.</span> <span class='ocrx_word' id='word_1_644' title='bbox 3051 4961 3140 5016; x_wconf 87' lang='lat'>56.</span> <span class='ocrx_word' id='word_1_645' title='bbox 3178 4962 3335 5017; x_wconf 89' lang='lat' dir='ltr'>Idem</span> <span class='ocrx_word' id='word_1_646' title='bbox 3381 4961 3659 5018; x_wconf 90' lang='lat' dir='ltr'>ornatiori</span> 
     </span>
    </p>
   </div>
   <div class='ocr_carea' id='block_1_93' title="bbox 2007 5047 3659 5123">
    <p class='ocr_par' dir='ltr' id='par_1_93' title="bbox 2007 5047 3659 5123">
     <span class='ocr_line' id='line_1_93' title="bbox 2007 5047 3659 5123; baseline 0.002 -20"><span class='ocrx_word' id='word_1_647' title='bbox 2007 5047 2316 5104; x_wconf 89' lang='lat' dir='ltr'>Latinitate</span> <span class='ocrx_word' id='word_1_648' title='bbox 2373 5048 2645 5121; x_wconf 88' lang='lat' dir='ltr'>expolivit</span> <span class='ocrx_word' id='word_1_649' title='bbox 2699 5049 2892 5104; x_wconf 87' lang='lat' dir='ltr'>Vitam</span> <span class='ocrx_word' id='word_1_650' title='bbox 2935 5051 2992 5105; x_wconf 91' lang='lat' dir='ltr'>S.</span> <span class='ocrx_word' id='word_1_651' title='bbox 3041 5049 3294 5106; x_wconf 88' lang='lat' dir='ltr'>Udalrici</span> <span class='ocrx_word' id='word_1_652' title='bbox 3346 5051 3659 5123; x_wconf 88' lang='lat' dir='ltr'>Augustini</span> 
     </span>
    </p>
   </div>
   <div class='ocr_carea' id='block_1_94' title="bbox 2004 5137 3659 5210">
    <p class='ocr_par' dir='ltr' id='par_1_94' title="bbox 2004 5137 3659 5210">
     <span class='ocr_line' id='line_1_94' title="bbox 2004 5137 3659 5210; baseline 0.002 -17"><span class='ocrx_word' id='word_1_653' title='bbox 2004 5137 2278 5210; x_wconf 88' lang='lat' dir='ltr'>episcopi,</span> <span class='ocrx_word' id='word_1_654' title='bbox 2303 5154 2477 5210; x_wconf 90' lang='lat' dir='ltr'>quam</span> <span class='ocrx_word' id='word_1_655' title='bbox 2504 5139 2682 5194; x_wconf 89' lang='lat' dir='ltr'>habes</span> <span class='ocrx_word' id='word_1_656' title='bbox 2705 5138 2859 5210; x_wconf 92' lang='lat' dir='ltr'>apud</span> <span class='ocrx_word' id='word_1_657' title='bbox 2883 5139 3121 5194; x_wconf 91' lang='lat' dir='ltr'>Surium</span> <span class='ocrx_word' id='word_1_658' title='bbox 3145 5139 3239 5195; x_wconf 87' lang='lat' dir='ltr'>die</span> <span class='ocrx_word' id='word_1_659' title='bbox 3263 5141 3292 5194; x_wconf 91' lang='grc'>4</span> <span class='ocrx_word' id='word_1_660' title='bbox 3313 5139 3474 5194; x_wconf 91' lang='lat' dir='ltr'>Julii.</span> <span class='ocrx_word' id='word_1_661' title='bbox 3499 5140 3659 5196; x_wconf 88' lang='lat' dir='ltr'>Hanc</span> 
     </span>
    </p>
   </div>
   <div class='ocr_carea' id='block_1_95' title="bbox 2004 5227 3656 5300">
    <p class='ocr_par' dir='ltr' id='par_1_95' title="bbox 2004 5227 3656 5300">
     <span class='ocr_line' id='line_1_95' title="bbox 2004 5227 3656 5300; baseline 0.003 -18"><span class='ocrx_word' id='word_1_662' title='bbox 2004 5229 2198 5282; x_wconf 91' lang='lat' dir='ltr'>autem</span> <span class='ocrx_word' id='word_1_663' title='bbox 2260 5231 2391 5282; x_wconf 89' lang='lat' dir='ltr'>ante</span> <span class='ocrx_word' id='word_1_664' title='bbox 2449 5227 2771 5283; x_wconf 88' lang='lat' dir='ltr'>Bernonem</span> <span class='ocrx_word' id='word_1_665' title='bbox 2831 5228 3310 5300; x_wconf 88' lang='lat' dir='ltr'>conscripserunt</span> <span class='ocrx_word' id='word_1_666' title='bbox 3368 5228 3464 5284; x_wconf 90' lang='lat' dir='ltr'>alii</span> <span class='ocrx_word' id='word_1_667' title='bbox 3517 5230 3656 5298; x_wconf 91' lang='lat' dir='ltr'>duo,</span> 
     </span>
    </p>
   </div>
   <div class='ocr_carea' id='block_1_96' title="bbox 2003 5315 3655 5391">
    <p class='ocr_par' dir='ltr' id='par_1_96' title="bbox 2003 5315 3655 5391">
     <span class='ocr_line' id='line_1_96' title="bbox 2003 5315 3655 5391; baseline 0.004 -22"><span class='ocrx_word' id='word_1_668' title='bbox 2003 5331 2250 5386; x_wconf 89' lang='lat' dir='ltr'>quorum</span> <span class='ocrx_word' id='word_1_669' title='bbox 2283 5315 2507 5388; x_wconf 88' lang='lat' dir='ltr'>primus</span> <span class='ocrx_word' id='word_1_670' title='bbox 2532 5332 2860 5389; x_wconf 83' lang='lat' dir='ltr'>anonymus</span> <span class='ocrx_word' id='word_1_671' title='bbox 2884 5335 2986 5373; x_wconf 92' lang='lat' dir='ltr'>seu</span> <span class='ocrx_word' id='word_1_672' title='bbox 3009 5319 3302 5374; x_wconf 89' lang='lat' dir='ltr'>Gerardus</span> <span class='ocrx_word' id='word_1_673' title='bbox 3333 5319 3655 5391; x_wconf 83' lang='lat' dir='ltr'>presbyter,</span> 
     </span>
    </p>
   </div>
   <div class='ocr_carea' id='block_1_97' title="bbox 2001 5404 3658 5478">
    <p class='ocr_par' dir='ltr' id='par_1_97' title="bbox 2001 5404 3658 5478">
     <span class='ocr_line' id='line_1_97' title="bbox 2001 5404 3658 5478; baseline 0.004 -18"><span class='ocrx_word' id='word_1_674' title='bbox 2001 5404 2187 5460; x_wconf 87' lang='lat' dir='ltr'>sancti</span> <span class='ocrx_word' id='word_1_675' title='bbox 2217 5404 2467 5460; x_wconf 83' lang='lat' dir='ltr'>Udalrici</span> <span class='ocrx_word' id='word_1_676' title='bbox 2518 5405 2873 5478; x_wconf 88' lang='lat' dir='ltr'>discipulus;</span> <span class='ocrx_word' id='word_1_677' title='bbox 2924 5407 3087 5475; x_wconf 89' lang='lat' dir='ltr'>alter,</span> <span class='ocrx_word' id='word_1_678' title='bbox 3131 5408 3509 5464; x_wconf 87' lang='lat' dir='ltr'>Gebehardus</span> <span class='ocrx_word' id='word_1_679' title='bbox 3539 5411 3658 5466; x_wconf 89' lang='lat' dir='ltr'>Au-</span> 
     </span>
    </p>
   </div>
   <div class='ocr_carea' id='block_1_98' title="bbox 233 5494 3661 5571">
    <p class='ocr_par' dir='ltr' id='par_1_98' title="bbox 233 5494 3661 5571">
     <span class='ocr_line' id='line_1_98' title="bbox 233 5494 3661 5571; baseline 0 -14"><span class='ocrx_word' id='word_1_680' title='bbox 233 5503 391 5570; x_wconf 86' lang='lat' dir='ltr'>dato,</span> <span class='ocrx_word' id='word_1_681' title='bbox 423 5501 685 5558; x_wconf 89' lang='lat' dir='ltr'>Odonem</span> <span class='ocrx_word' id='word_1_682' title='bbox 727 5499 1128 5554; x_wconf 89' lang='lat' dir='ltr'>Turonensem</span> <span class='ocrx_word' id='word_1_683' title='bbox 1175 5495 1470 5563; x_wconf 89' lang='lat' dir='ltr'>clericum,</span> <span class='ocrx_word' id='word_1_684' title='bbox 1505 5494 1802 5551; x_wconf 89' lang='lat' dir='ltr'>musicum</span> <span class='ocrx_word' id='word_1_685' title='bbox 1835 5502 1891 5552; x_wconf 89' lang='lat' dir='ltr'>et</span> <span class='ocrx_word' id='word_1_686' title='bbox 1998 5497 2285 5567; x_wconf 87' lang='lat' dir='ltr'>gustanus</span> <span class='ocrx_word' id='word_1_687' title='bbox 2332 5495 2662 5568; x_wconf 87' lang='lat' dir='ltr'>episcopus,</span> <span class='ocrx_word' id='word_1_688' title='bbox 2697 5496 2797 5568; x_wconf 92' lang='lat' dir='ltr'>qui</span> <span class='ocrx_word' id='word_1_689' title='bbox 2847 5499 3121 5554; x_wconf 84' lang='lat' dir='ltr'>eumdem</span> <span class='ocrx_word' id='word_1_690' title='bbox 3155 5514 3388 5571; x_wconf 87' lang='lat' dir='ltr'>quoque</span> <span class='ocrx_word' id='word_1_691' title='bbox 3435 5496 3661 5558; x_wconf 89' lang='lat' dir='ltr'>vidisse</span> 
     </span>
    </p>
   </div>
   <div class='ocr_carea' id='block_1_99' title="bbox 235 5585 1886 5652">
    <p class='ocr_par' dir='ltr' id='par_1_99' title="bbox 235 5585 1886 5652">
     <span class='ocr_line' id='line_1_99' title="bbox 235 5585 1886 5652; baseline -0.004 -3"><span class='ocrx_word' id='word_1_692' title='bbox 235 5590 712 5652; x_wconf 84' lang='lat' dir='ltr'>archidiaconum</span> <span class='ocrx_word' id='word_1_693' title='bbox 742 5585 1104 5652; x_wconf 80' lang='lat' dir='ltr'>Turonensis</span> <span class='ocrx_word' id='word_1_694' title='bbox 1155 5585 1421 5643; x_wconf 72' lang='lat' dir='ltr'>Ecclesiae</span> <span class='ocrx_word' id='word_1_695' title='bbox 1471 5602 1622 5642; x_wconf 90' lang='lat' dir='ltr'>anno</span> <span class='ocrx_word' id='word_1_696' title='bbox 1665 5585 1765 5641; x_wconf 86' lang='lat'>901</span> <span class='ocrx_word' id='word_1_697' title='bbox 1803 5586 1886 5642; x_wconf 88' lang='lat' dir='ltr'>fa-</span> 
     </span>
    </p>
   </div>
   <div class='ocr_carea' id='block_1_100' title="bbox 1997 5581 3667 5684">
    <p class='ocr_par' dir='ltr' id='par_1_100' title="bbox 1997 5581 3667 5684">
     <span class='ocr_line' id='line_1_100' title="bbox 1997 5581 3667 5684; baseline 0.002 -44"><span class='ocrx_word' id='word_1_698' title='bbox 1997 5582 2205 5657; x_wconf 89' lang='lat' dir='ltr'>potuit.</span> <span class='ocrx_word' id='word_1_699' title='bbox 2241 5581 2322 5640; x_wconf 89' lang='lat' dir='ltr'>De</span> <span class='ocrx_word' id='word_1_700' title='bbox 2369 5582 2461 5640; x_wconf 92' lang='lat' dir='ltr'>his</span> <span class='ocrx_word' id='word_1_701' title='bbox 2507 5585 2898 5684; x_wconf 78' lang='lat' dir='ltr'>anterioribus</span> <span class='ocrx_word' id='word_1_702' title='bbox 2946 5587 3029 5647; x_wconf 87' lang='lat' dir='ltr'>ita</span> <span class='ocrx_word' id='word_1_703' title='bbox 3057 5587 3358 5646; x_wconf 82' lang='lat' dir='ltr'>Gerardus</span> <span class='ocrx_word' id='word_1_704' title='bbox 3394 5585 3667 5654; x_wconf 66' lang='lat' dir='ltr'>Joannes</span> 
     </span>
    </p>
   </div>
  </div>
