4026 6184
453 271 602 340 1051

1634 271 1897 336 BERNO
1937 270 2183 336 ABBAS
2225 271 2668 338 AUGIENSIS.

3638 285 3756 350 1052

447 409 696 471 Vossius
732 407 836 468 lib.
863 427 926 468 ιιι
956 405 1036 466 De
1078 403 1372 466 historicis
1425 401 1671 476 Latinis,
1703 409 1866 482 parte
1902 423 1985 476 Iv;
2019 405 2098 464 De
2127 409 2183 478 Α
2211 403 2571 483 ineleganter
2607 405 2826 484 scripta
2862 411 3010 479 erat,
3042 405 3278 469 nitidius
3323 413 3651 490 ornatiusque
3686 433 3758 478 sx-

450 500 755 560 Historicis
785 497 1196 574 praetermissis
1225 515 1352 571 cap.
1384 497 1439 565 5,
1473 514 1530 571 p.
1557 498 1684 553 764.

507 615 550 648 .‹‹
574 592 646 648 At
673 589 898 647 Ottonis
929 589 950 646 Ι
980 591 1037 645 et
1065 588 1114 645 II
1141 587 1505 661 temporibus
1539 586 1646 642 fuit
1677 586 1727 642 is
1747 586 2100 656 (Gerhardus)

448 681 549 756 qui
571 680 800 754 primus
820 679 918 736 sed
939 677 1070 734 rudi
1089 676 1238 750 stylo
1257 674 1891 733 conscribilavitVitam
1913 676 2100 732 sancti

447 768 700 828 Udalrici
731 766 986 841 episcOpi
1021 765 1368 838 Augustani.
1397 767 1638 822 {Etatem
1679 765 1917 833 indicat,
1943 765 2099 838 quod

447 875 581 916 cum
610 857 722 914 hac
769 857 827 913 S.
861 855 1129 913 Udalrico
1160 857 1539 911 conversatus
1570 853 1763 922 fuerit,
1797 855 1896 926 qui
1947 871 2100 910 anno

445 945 658 1004 Christi
694 947 800 1001 924
838 945 1148 1018 episcopus
1194 945 1380 1000 factus
1429 948 1536 1010 est,
1573 946 1748 1017 atque
1797 961 1948 1000 anno
1994 943 2100 999 973

444 1055 501 1094 ιν
529 1037 726 1093 Nonas
764 1034 910 1092 Julii
953 1033 1116 1100 obiit,
1143 1032 1516 1106 episcopatus
1545 1032 1636 1090 sui
1666 1049 1820 1089 anno
1842 1035 1932 1100 50,
1962 1049 2098 1088 cum

443 1143 632 1182 annos
655 1127 724 1180 84
751 1124 1008 1180 vixisset.
1040 1125 1124 1180 Ex
1161 1123 1271 1178 hoc
1321 1122 1601 1194 scriptore
1649 1139 1758 1178 sua
1788 1122 1844 1176 in
1875 1121 2006 1178 Vita
2035 1122 2094 1178 S.

444 1214 697 1272 Udalrici
725 1214 1052 1271 hauserunt
1073 1211 1450 1269 chehardus
1477 1209 1788 1284 episcopus
1816 1213 2101 1284 Augusta-

443 1321 556 1360 nus
587 1308 646 1360 et
672 1303 870 1377 Augiaa
907 1301 1108 1370 abbas,
1141 1299 1242 1373 qui
1285 1299 1346 1355 in
1377 1316 1444 1356 ea
1475 1297 1848 1356 elaborarunt
1873 1303 1938 1356 ut
1968 1317 2096 1372 quae

442 1392 660 1449 rustica
691 1393 944 1446 dictione
972 1391 1043 1446 ab
1069 1405 1358 1462 anonymo
1383 1387 1548 1461 prius
1576 1405 1850 1462 expressa
1878 1393 2094 1457 essent,

442 1504 472 1533 ‹‹
505 1499 570 1538 se
597 1481 926 1554 elegantius
969 1478 1325 1553 politiusque
1356 1477 1683 1550 composita
1711 1477 1909 1550 plures
1939 1478 2096 1534 oble-

441 1573 693 1638 ctarent;
727 1573 904 1642 atque
931 1569 1014 1624 ita
1044 1571 1286 1642 egerunt
1311 1571 1378 1624 ut
1399 1567 1529 1624 fons
1559 1567 1687 1640 ipse
1717 1567 1969 1623 multum
2001 1584 2097 1624 ne-

439 1657 903 1734 gligeretur,imo
925 1657 1148 1730 aliquot
1167 1656 1396 1713 saeculis
1413 1656 2094 1728 nesciretur,usquedum

437 1748 678 1851 tandem
723 1747 1088 1851 incognitum
1144 1745 1376 1818 reperit,
1409 1752 1583 1845 atque
1637 1745 1920 1851 litterar‘i‘o
1967 1746 2090 1802 orbi
2123 1784 2170 1851 Β

439 1836 654 1894 obtulit
681 1838 910 1894 Marcus
953 1834 1280 1903 Welserus;
1315 1851 1449 1890 nam
1484 1834 1534 1890 is
1563 1833 1790 1907 primus
1837 1832 1997 1889 illam
2031 1837 2086 1889 S.

438 1925 693 1982 Udalrici
721 1924 917 1980 Vitam
949 1941 980 1980 e
1008 1922 1266 1980 tenebris
1299 1922 1470 1988 eruit,
1493 1939 1560 1978 ac
1587 1921 1805 1994 publici
1831 1921 1986 1994 juris
2018 1923 2092 1979 fe-

435 2013 573 2072 cit.»
597 2013 756 2070 Idem
787 2029 919 2086 pag.
951 2015 1058 2068 766
1090 2031 1104 2069 ε
1134 2035 1156 2064 σι
1191 2011 1452 2086 ίΕῳιεΙίε
1481 2011 1775 2068 Dietmaro
1825 2011 1935 2068 fuit
1982 2011 2089 2069 Ge-

436 2104 699 2160 bhardus
713 2104 1018 2176 Augustan
1027 2119 1096 2160 us
1109 2101 1546 2176 episcopus,qui
1563 2117 1716 2158 anno
1735 2101 1873 2156 1006
1889 2101 2091 2158 sedere

437 2191 630 2267 ccepit,
663 2209 730 2249 ac
780 2191 1065 2249 novennio
1121 2189 1390 2248 Ecclesiae
1447 2190 1698 2264 praefuit.
1741 2191 1839 2246 Est
1893 2194 2090 2248 autem

439 2281 786 2339 Gebhardus
844 2280 960 2350 ille,
991 2281 1093 2354 qui
1147 2279 1454 2336 ecclesiam
1501 2280 1560 2336 S.
1611 2280 1758 2334 Afrae
1805 2296 1840 2336 a
1889 2283 2090 2336 sancto

439 2370 708 2429 Udalrico
733 2373 1112 2437 exstructam,
1138 2369 1238 2424 ubi
1260 2371 1318 2424 et
1348 2366 1578 2440 sepeliri
1601 2367 1880 2436 voluerat,
1905 2368 2091 2426 addu-

438 2460 548 2518 ctis
595 2477 664 2517 eo
704 2464 762 2515 S.
785 2458 1081 2516 Benedicti
1125 2457 1449 2526 monachis,
1475 2456 1535 2512 in
1584 2456 2004 2513 monasterium
2035 2461 2094 2513 et

356 2541 365 2549 ”
439 2549 735 2607 abbatiam
769 2547 1071 2605 convertit.
1097 2551 1176 2604 De
1205 2547 1314 2604 hoc
1355 2545 1629 2619 superius
1659 2545 1914 2602 diximus
1936 2547 2092 2619 quod

438 2639 638 2696 Vitam
658 2638 720 2696 S.
743 2636 1018 2707 Udalrici,
1035 2653 1162 2710 quae
1189 2635 1260 2693 ab
1287 2636 1416 2708 ejus
1439 2633 1647 2708 aequali
1680 2633 1894 2692 rustice
1914 2638 2093 2708 atque

2210 498 2508 572 presserit,
2543 497 2628 555 uti
2677 503 2735 556 et
2759 516 2794 556 a
2817 500 3078 558 Bernone
3105 500 3371 574 Augiensi
3415 503 3594 561 abbate
3629 508 3759 580 paulo

2209 591 2342 660 post
2359 587 2580 644 factum
2599 589 2810 645 iterum
2831 589 3762 665 fuit.ScripsitquoqueBernoVitam

2207 680 2264 732 S.
2299 675 2620 750 Meginardi
2680 678 2937 752 episcopi
2992 683 3050 736 et
3102 681 3390 753 martyris,
3429 698 3582 754 quam
3627 686 3765 742 edidit

2207 764 2465 821 Joannes
2487 765 2766 822 Mabillon
2789 767 3010 824 Saecula
3039 768 3112 823 ιν
3132 769 3463 825 Sanctorum
3483 773 3664 830 ordinis
3679 776 3766 831 divi

2209 853 2501 910 Benedicti
2533 858 2690 910 tomo
2721 857 2792 927 Il,
2823 873 2955 930 pag.
2985 857 3057 913 63
3087 861 3144 913 et
3172 873 3332 930 seqq.
3353 859 3572 915 Exstant
3591 879 3767 934 quoque

2209 941 2360 998 inter
2390 959 2533 999 mss.
2568 943 2794 1000 codices
2837 944 3272 1018 philosophicas
3313 945 3636 1004 bibliotheca
3659 950 3766 1007 Pau-

2205 1029 2338 1088 lina:
2361 1032 2702 1106 Lipsiensis,
2727 1034 3072 1106 repositorio
3107 1025 3492 1108 philosophica
3521 1039 3566 1103 1,
3592 1039 3709 1095 serie
3729 1044 3768 1108 2,

2207 1119 2266 1175 in
2293 1120 2460 1176 libris
2501 1121 2932 1180 mathematicis
2964 1128 3020 1180 et
3055 1124 3452 1180 astronomicis
3474 1124 3528 1180 in
3555 1125 3683 1196 folio,
3704 1145 3772 1184 ao-

2205 1209 2333 1266 dice
2356 1211 2427 1266 30
2453 1227 2466 1266 :
2492 1213 2757 1268 Bernonis
2790 1213 3004 1269 abbatis
3026 1213 3310 1282 Augiensis
3338 1215 3540 1270 libellus
3564 1219 3770 1273 lanarius.

2206 1299 2460 1371 Ejusdem
2486 1301 2950 1373 Antiphanarium
2998 1307 3051 1358 el
3097 1303 3320 1358 Musica.
3360 1302 3551 1359 Codice
3574 1305 3774 1361 3t:Ber-

2204 1389 2367 1444 nonis
2395 1389 2616 1456 Nasica,
2636 1391 2878 1447 Libellus
2902 1394 3173 1459 tonarius,
3199 1391 3531 1448 Monachardi
3551 1410 3776 1462 mensura;

2205 1475 2421 1550 quibus
2469 1477 2770 1551 opusculis
2813 1479 2873 1535 in
2917 1481 3144 1537 musica
3176 1489 3234 1537 et
3287 1485 3454 1537 cantu
3507 1481 3777 1540 excelluisse

2205 1569 2452 1634 constat,
2477 1567 2607 1624 Haec
2635 1567 2977 1626 Joachimus
3013 1568 3274 1626 Fellerus
3305 1571 3362 1626 in
3395 1569 3638 1644 Catalogo
3671 1589 3776 1628 mss.

2203 1655 2473 1712 codicum
2504 1655 2866 1714 bibliothecae
2915 1658 3170 1715 Paulinae
3203 1658 3532 1732 Lipsiensis,
3556 1659 3778 1734 impresso

2203 1759 2334 1818 pag.
2357 1745 2464 1800 328
2490 1745 2658 1802 codd.
2681 1747 2752 1801 30
2778 1751 2835 1803 et
2855 1748 2918 1804 31
2947 1747 3225 1804 editionis
3260 1750 3414 1818 1686,
3438 1749 3622 1822 Lipsiae
3647 1750 3694 1805 in
3717 1751 3778 1805 16.

2197 1834 2397 1906 Agunt
2433 1834 2506 1890 de
2554 1835 2815 1892 Bernone
2863 1836 3074 1893 abbate
3119 1837 3422 1912 Augiensi,
3453 1839 3548 1911 qui
3593 1838 3780 1895 decessit

2199 1938 2352 1979 anno
2382 1923 2581 1996 gratias
2615 1925 2773 1993 1045,
2795 1942 2874 1981 vn
2902 1927 3042 1982 ldus
3086 1926 3378 1995 Januarii,
3403 1943 3530 1984 cum
3557 1927 3779 2001 Augiense

2199 2012 2624 2068 monasterium
2673 2013 2844 2070 annis
2874 2014 2944 2068 39
2975 2015 3244 2082 rexisset,
3271 2015 3550 2072 Gerardus
3591 2017 3781 2072 Joannes

2197 2100 2443 2158 Vossius
2467 2101 2568 2157 lib.
2602 2119 2644 2157 ιι
2687 2103 2768 2159 De
2812 2103 3110 2161 historicis
3161 2105 3408 2174 Latinis,
3439 2123 3557 2179 cap.
3586 2107 3660 2172 44,
3685 2121 3780 2178 ρας,

2199 2189 2344 2246 mihi
2375 2191 2500 2246 367.
2532 2191 2651 2265 Ego
2683 2191 2808 2264 ipse
2852 2192 2910 2248 in
2941 2193 3366 2266 Supplementa
3395 2192 3696 2251 Bellarmini
3729 2197 3782 2248 De

2199 2278 2586 2352 scriptoribus
2649 2281 3066 2339 ecclesiasticis
3127 2300 3288 2340 anno
3341 2285 3495 2353 1030,
3539 2300 3654 2357 pag.
3693 2284 3783 2338 327.

2201 2367 2552 2425 Guillelmus
2583 2372 2768 2426 Cavus
2801 2371 2858 2426 in
2893 2371 3149 2428 Historia
3190 2373 3278 2428 rei
3327 2371 3601 2431 litterariae
3626 2372 3686 2428 ad
3707 2387 3782 2427 an-

2201 2475 2345 2514 num
2379 2459 2537 2528 1014,
2569 2475 2702 2533 pag.
2733 2461 2858 2516 599.
2891 2460 3180 2518 Antonius
3220 2462 3576 2530 Possevinus,
3605 2467 3730 2518 temo
3751 2458 3782 2514 Ι.

2201 2549 2532 2621 Apparatus
2565 2549 2737 2616 sacri,
2769 2550 2944 2607 verba
2973 2551 3150 2608 Berno
3177 2551 3349 2610 abbas
3378 2552 3666 2624 Augiensis.

1266 2977 1754 3072 ΝΟΤΙΤΙΑ
1813 2964 2516 3070 LITTEBARIA
2579 2979 3032 3073 ALTERA

1181 3159 1535 3233 (Bernardus
1564 3157 1788 3226 Pezius,
1825 3157 2124 3214 Thesaurus
2152 3157 2373 3227 Anecd.,
2405 3162 2560 3216 tam-
2583 3159 2677 3228 IV,
2712 3161 2874 3218 Praef.
2908 3180 2965 3235 p.
2997 3170 3125 3232 vn.)

509 3451 591 3508 De
619 3449 738 3506 vita
779 3451 838 3504 et
865 3446 1101 3521 scriptis
1149 3444 1432 3503 Bernonis
1481 3443 1710 3501 abbatis
1755 3444 2088 3518 Augiensis,
2121 3447 2166 3516 C
2203 3443 2347 3502 mini
2374 3444 2608 3513 habere,
2637 3445 2914 3518 quintum
2939 3446 3094 3503 diem
3124 3447 3498 3505 Dominicum
3527 3441 3792 3520 specialiter

439 3553 616 3613 quem
639 3537 976 3611 Sigebertus
999 3534 1440 3592 Gemblacensis
1461 3535 1518 3590 in
1543 3533 1786 3590 humana
1813 3540 1870 3591 et
1900 3535 2094 3591 divina

436 3629 670 3687 scientia
705 3627 971 3682 claruisse
1012 3624 1238 3692 scribit,
1270 3641 1442 3681 nemo
1487 3623 1816 3680 accuratius
1861 3623 2092 3698 elegan-

438 3717 628 3774 tiusve
651 3714 1013 3789 egitJoanne
1033 3715 1228 3788 Egone
1249 3713 1308 3769 in
1333 3712 1482 3770 libro
1503 3712 1582 3769 De
1601 3713 1744 3768 viris
1765 3711 2092 3770 illustribus

437 3806 636 3880 Augia:
666 3803 892 3872 Divitis,
914 3807 1079 3878 parte
1112 3821 1176 3870 η,
1207 3819 1334 3876 cap.
1365 3805 1434 3858 27
1463 3802 1605 3875 (vide
1629 3802 1842 3874 supra).
1875 3803 1954 3859 Eo
1985 3802 2092 3858 ita-

439 3913 557 3970 que
583 3894 862 3972 lectorem
901 3892 1003 3966 qui
1045 3891 1217 3966 plura
1264 3893 1336 3949 de
1382 3892 1666 3962 Bernone,
1698 3907 1852 3947 anno
1882 3890 2094 3948 Christi

443 3985 583 4041 1049
620 3982 918 4052 defuncto,
951 3999 1125 4038 nosse
1169 3981 1352 4054 cupit,
1385 3980 1763 4038 remittimus.
1792 3981 1895 4036 Hic
1943 3981 2091 4036 dun-

439 4077 600 4130 taxat
613 4073 684 4129 de
701 4073 831 4144 ejus
847 4070 1148 4145 opusculis
1167 4087 1322 4128 nunc
1343 4069 1604 4144 primum
1645 4068 1806 4143 prelo
1825 4068 2095 4126 commis-

376 4197 399 4213 ρ
439 4161 525 4220 sis
574 4161 979 4218 tractabimus.
1011 4161 1227 4217 Eorum
1285 4158 1541 4232 primum
1599 4163 1690 4215 est
1743 4157 2092 4231 inscriptum

437 4250 676 4308 Ariboni
700 4249 1136 4323 archiepiscopo
1161 4248 1521 4322 Moguntina,
1546 4248 1648 4321 qui
1678 4247 1942 4304 Ecclesiae
1973 4265 2092 4304 sua

441 4341 514 4396 ab
537 4356 692 4396 anno
713 4339 944 4396 circiter
969 4339 1110 4394 1020
1128 4354 1316 4410 usque
1341 4338 1413 4394 ad
1439 4338 1570 4393 1031
1607 4337 1854 4410 praefuit,
1880 4341 1944 4393 ut
1968 4337 2090 4394 Nic.

441 4427 741 4487 Serrarius
772 4427 950 4484 tradit
979 4428 1112 4484 Rer.
1145 4427 1500 4500 Moguntiac.
1527 4425 1630 4481 lib.
1663 4443 1718 4494 v,
1751 4443 1809 4499 p.
1829 4425 1958 4481 729.
1993 4425 2092 4482 Ar-

443 4520 791 4593 gumentum
838 4515 972 4572 libri
1019 4521 1146 4573 est:
1174 4517 1428 4588 Qualiter
1471 4515 1739 4572 Adventus
1783 4515 2006 4572 Domini
2033 4532 2093 4572 eo

439 4623 589 4664 anno
617 4606 886 4662 celebrari
929 4605 1122 4663 debeat
1149 4623 1253 4680 quo
1287 4607 1556 4663 Nativitas
1587 4605 1815 4662 Domini
1857 4605 2094 4662 secunda

437 4698 588 4771 feria
615 4694 1008 4759 evenerit.Qua
1034 4695 1106 4752 de
1137 4712 1197 4752 re
1223 4711 1338 4752 non
1367 4712 1488 4752 una
1515 4698 1640 4752 erat
1666 4699 1794 4751 tum
1825 4693 2092 4750 omnium

441 4784 735 4844 sententia
765 4801 833 4840 τα
857 4783 932 4840 Ut
973 4782 1157 4856 enim,
1187 4783 1382 4856 inquit
1424 4784 1608 4840 Berno
1659 4783 1732 4838 ad
1777 4783 2091 4840 Aribonem

441 4892 570 4950 cap.
599 4875 652 4945 1,
686 4873 969 4948 apertius,
1003 4875 1160 4930 unde
1205 4889 1558 4947 quaeramus,
1612 4888 1918 4946 agnoscas,
1957 4871 2093 4928 inti-

302 4969 324 4978 '
442 4981 697 5030 mamus,
717 4963 872 5037 quod
903 4967 1102 5020 tamen
1144 4963 1272 5034 jam
1304 4962 1528 5018 dudum
1559 4965 1615 5016 te
1645 4960 1824 5016 latere
1853 4960 2098 5018 minime

442 5051 768 5110 credimus:
785 5052 1251 5126 quotiescunque
1265 5051 1487 5108 Natalis
1506 5049 1734 5107 Domini
1755 5049 1814 5105 in
1837 5051 2097 5107 secunda

443 5141 608 5210 feria,
629 5139 787 5197 velut
813 5140 876 5196 in
907 5141 1180 5214 praesenti
1210 5157 1386 5207 anno,
1417 5139 1693 5208 evenerit,
1725 5155 1976 5213 magnus
2004 5157 2096 5196 er-

443 5247 542 5286 ror
570 5243 674 5302 per
701 5229 992 5286 Ecclesias
1034 5231 1135 5288 Dei
1169 5247 1230 5288 se
1273 5229 1550 5296 infundit,
1583 5227 1717 5286 aliis
1764 5229 2096 5286 dicentibus

445 5335 560 5376 non
583 5316 794 5374 debere
815 5318 947 5392 plus
969 5336 1145 5392 quam
1167 5325 1422 5392 quatuor
1439 5319 1566 5375 dies
1594 5317 1931 5375 Dominicos
1959 5335 2095 5376 cum

442 5409 574 5484 ipsa
604 5405 1005 5464 sacratissima
1035 5408 1351 5465 Dominicae
1372 5408 1706 5465 Nativitatis
1729 5406 1926 5481 vigilia
1947 5407 2095 5464 cele-

439 5497 632 5578 brari;
682 5493 814 5552 aliis
863 5513 995 5554 vero
1027 5513 1058 5554 e
1089 5497 1324 5572 regione
1371 5497 1858 5555 contendentibus
1907 5497 2096 5571 magis

446 5589 712 5666 oportere
734 5590 986 5660 quatuor
1003 5585 1210 5662 plenas
1227 5587 1628 5646 hebdomadas
1642 5587 1970 5644 Adventum
1989 5587 2098 5644 Do-

2199 3533 2411 3608 vigiliae
2441 3533 2674 3590 Domini
2699 3533 3037 3592 dedicantes
3070 3555 3082 3593 :
3118 3536 3358 3594 nullum
3387 3536 3560 3604 aliud,
3588 3537 3644 3591 ut
3664 3531 3786 3588 inve-

2201 3624 2418 3696 stigare
2443 3622 2765 3696 potuimus,
2787 3623 3145 3682 defensionis
3175 3643 3302 3683 sua)
3330 3627 3706 3700 argumentum
3726 3617 3792 3674 vel

2202 3713 2491 3770 rationem
2519 3711 2821 3782 habentes,
2851 3713 2964 3770 nisi
2998 3719 3064 3770 ut
3087 3713 3187 3770 illa
3221 3720 3477 3788 quatuor
3503 3711 3793 3782 ofticia,qua

2202 3801 2263 3857 in
2293 3799 2738 3858 nocturnalibus
2765 3802 3213 3876 Antiphanariis
3246 3804 3625 3870 inveniuntur,
3651 3797 3718 3854 vel
3741 3796 3796 3852 le-

2201 3890 2426 3948 ctiones
2445 3895 2784 3946 sanctorum
2800 3891 3258 3966 Evangeliorum
3275 3911 3382 3951 nec
3400 3909 3510 3950 non
3529 3894 3582 3948 et
3592 3882 3794 3963 Apostoii

2201 3978 2434 4052 plenius
2473 3979 2929 4052 adimpleantur.
2955 4003 2982 4030 ››
3007 3981 3194 4038 Berno
3248 3983 3432 4056 priori
3475 3973 3794 4039 sententiain

2151 4057 2161 4071 “
2201 4068 2312 4126 hac
2330 4067 2614 4142 opuscula
2631 4069 2872 4138 accedit,
2887 4086 3136 4144 eamque
3153 4073 3506 4129 auctoritate
3518 4064 3796 4127 celebrium-

2203 4173 2318 4231 que
2362 4155 2753 4214 Ecclesiarum
2801 4159 3229 4216 consuetudine
3260 4161 3580 4218 conﬁrmat.
3609 4149 3794 4227 Egregia

2202 4251 2343 4304 sunt
2369 4263 2437 4304 ea
2467 4246 2684 4319 quibus
2724 4247 2930 4320 capitis
2955 4249 3201 4305 secundi
3234 4249 3668 4324 disputationem
3691 4255 3793 4298 con-

2201 4335 2388 4392 cludit
2421 4351 2434 4390 :
2463 4357 2492 4387 «
2513 4335 2680 4392 Hunc
2711 4353 2954 4406 marem,
2981 4336 3194 4410 inquit,
3217 4343 3341 4396 tota
3370 4353 3532 4412 pene,
3554 4339 3613 4392 ut
3637 4333 3794 4390 fertur.

2201 4425 2472 4482 observat
2502 4423 2688 4480 Gallia
2716 4441 2782 4481 ac
2825 4425 2958 4498 ipsa
2997 4425 3202 4487 civitas
3250 4428 3532 4495 Romana,
3556 4419 3793 4497 quondam

2169 4515 2411 4571 .mundi
2450 4514 2711 4584 domina,
2744 4519 2811 4572 ut
2857 4532 2962 4589 per
3009 4517 3425 4576 veracissimos
3467 4516 3795 4578 relatam,»

2201 4604 2489 4678 praecipue
2520 4609 2731 4661 sanctae
2762 4605 3181 4664 recordationis
3211 4605 3596 4664 Adalboldum
3620 4598 3793 4674 episco-

2201 4711 2364 4768 pum,
2397 4693 2500 4767 qui
2531 4693 2768 4768 scriptis
2812 4694 3030 4752 nostris
3077 4694 3378 4769 pulsatus,
3411 4696 3594 4752 Ramm
3616 4685 3796 4764 positus

2204 4783 2312 4840 hoc
2359 4782 2684 4856 requisivit,
2719 4783 3061 4852 didicimus,
3087 4786 3365 4858 quamvis
3408 4786 3615 4857 postea,
3644 4770 3794 4832 ηοεάο

2205 4890 2323 4945 qua
2352 4872 2424 4928 de
2449 4888 2648 4929 causa.
2680 4871 2850 4929 aliter
2891 4877 3150 4946 agerent,
3176 4874 3512 4932 Placentina
3537 4876 3725 4930 tamen,
3749 4862 3797 4915 ιιι

2203 4961 2328 5035 ipse
2359 4978 2466 5036 ego
2497 4961 2701 5018 eodem
2733 4961 2793 5017 in
2823 4966 3084 5036 tempore
3108 4968 3168 5020 et
3197 4963 3489 5020 audiendo
3516 4963 3571 5016 et
3595 4948 3794 5011 videndo

2204 5050 2467 5126 cognovi,
2489 5049 2740 5123 aliisque
2770 5050 2946 5107 Italiae
2976 5051 3313 5110 civitatibus
3337 5051 3580 5124 antiqua:
3607 5040 3795 5102 institu-

2202 5139 2381 5197 tionis
2402 5138 2664 5214 regulam
2693 5139 3081 5197 servantibus.
3106 5141 3216 5198 Sed
3241 5145 3301 5198 et
3321 5141 3500 5199 abbas
3517 5133 3791 5206 Herigerus,

2202 5228 2294 5286 vir
2322 5245 2440 5286 non
2464 5245 2654 5301 parva:
2679 5227 3045 5285 auctoritatis
3072 5229 3288 5286 nostris
3314 5225 3673 5302 temporibus,
3691 5230 3794 5291 pro-

2203 5319 2398 5392 prium
2431 5334 2608 5392 super
2638 5317 2748 5374 hac
2780 5335 2839 5374 re
2867 5317 3133 5375 libellum
3157 5317 3505 5392 composuit,
3535 5315 3589 5370 in
3614 5304 3794 5392 quatit

2203 5390 2477 5464 asserunt
2495 5390 2598 5479 qui
2616 5405 2786 5463 illum
2806 5406 3092 5482 legerunt,
3107 5390 3468 5481 probabilius
3487 5390 3792 5482 argumentis

2204 5515 2304 5555 eos
2323 5495 2615 5554 convincit
2630 5499 2832 5553 contra
2847 5497 3084 5554 Patrum
3104 5497 3376 5554 instituta
3389 5509 3569 5569 agere,
3582 5485 3670 5560 qui
3687 5481 3792 5556 plu!

2205 5603 2385 5661 quam
2407 5589 2660 5661 quatuor
2677 5585 3012 5646 Dominicos
3041 5587 3164 5646 dies
3180 5587 3478 5645 Adventus
3496 5571 3792 5692 Dominam-
