4054 6158
288 241 452 308 1053

1690 230 2332 304 PROLEGOMENA.

3590 253 3744 320 1054

282 382 523 441 labrare
571 367 942 436 contendunt;
978 401 999 429 ιι
1028 338 1418 463 ’Adalbolbus
1456 368 1569 432 hic
1614 368 1649 432 a
1685 375 1949 469 bernone
1978 372 2036 440 Α
2065 364 2304 469 nianae:
2342 398 2371 428 «
2394 376 2477 434 De
2497 371 2951 442 incerto'aut'em
2972 383 3202 459 jejunio
3223 384 3484 455 Quatuor
3502 394 3744 469 Tempd.

283 473 573 531 laudatus
603 467 726 526 sine
755 467 931 524 dubio
962 468 1205 525 celebris
1238 460 1340 523 ille
1362 465 1675 540 episcopus
1694 463 1949 535 Ultraje-

285 562 515 622 ctensis
530 563 640 627 est,
660 555 827 627 cujus
844 557 1185 630 opusculum
1210 562 1293 613 De
1313 555 1704 613 crassitudine
1720 553 1952 626 Spherae

286 657 436 710 tom.
474 649 574 717 Ill,
605 648 767 721 parte
812 662 874 713 II,
907 647 1197 704 edidimus
1229 648 1535 717 (Patrolog.
1569 648 1611 699 t.
1643 642 1950 710 CXXXIX).

286 744 471 799 Porro
489 732 747 812 Herigeri
771 734 997 793 abbatis
1028 736 1382 793 Laubiensis
1413 737 1485 792 de
1515 731 1788 807 praesenti
1819 748 1955 787 con-

288 829 579 888 troversia
606 820 866 891 libellus,
898 839 930 878 a
959 824 1117 881 nullo
1158 826 1321 898 quod
1354 824 1613 881 sciamus
1642 822 1956 893 hucusque

288 920 677 984 memoratus,
693 911 926 985 penitus
942 914 1225 972 excidisse
1242 914 1493 970 videtur.
1512 911 1795 968 Bernonis
1816 927 1959 982 opu-

291 1008 532 1067 sculum
553 1000 817 1077 sequitur
846 1002 1177 1075 Rescriptum
1208 1002 1487 1060 Aribonis
1509 998 1956 1072 archiepiscopi,

289 1099 353 1156 in
389 1114 511 1170 quo
542 1096 672 1151 bene
697 1098 748 1149 et
772 1091 1065 1163 artiﬁciose
1109 1095 1374 1162 inventis,
1405 1093 1602 1165 Optime
1656 1089 1953 1162 dispositis,

288 1186 537 1262 facunde
555 1183 795 1249 elocutis,
828 1185 883 1237 et
906 1190 1174 1253 postremo
1204 1183 1375 1255 ﬁrma
1416 1181 1682 1237 memoria
1704 1195 1956 1252 pronun-

293 1278 475 1342 tiatis,
510 1291 582 1332 ex
610 1273 795 1329 animo
821 1274 972 1345 favet
996 1273 1265 1328 Bernonis
1295 1272 1639 1340 tractatibus,
1673 1274 1726 1326 et
1770 1270 1820 1324 si
1848 1285 1961 1341 qua

293 1367 400 1423 illa
429 1372 510 1421 est
533 1361 883 1437 pontiﬁcatus
921 1362 1138 1418 tantilli
1185 1362 1503 1429 auctoritas,
1536 1360 1674 1432 ejus,
1703 1360 1845 1415 sicut
1874 1374 1962 1414 ro-

291 1455 468 1527 gavit,
496 1468 727 1509 manum
754 1453 832 1507 eis
855 1453 1107 1525 imponit.
1131 1450 1334 1507 Prodit
1361 1449 1713 1523 opusculum
1744 1465 1813 1505 ex
1839 1464 1956 1504 ms.

291 1545 428 1602 cod.
454 1541 658 1615 inclyti
689 1540 1025 1597 monasterii
1047 1541 1107 1598 S.
1132 1538 1553 1596 Emmerammi
1577 1538 1962 1595 Ratisbonen-

292 1633 380 1691 sis
400 1632 461 1689 in
483 1632 957 1703 4,sexcentorum
987 1646 1306 1687 annorum.
1322 1629 1483 1685 Idem
1512 1628 1770 1685 vidimus
1789 1628 1850 1683 in
1873 1644 1961 1684 ec-

2063 481 2216 521 rum
2266 466 2423 523 hanc
2473 468 2887 529 certitudinem
2937 473 3257 536 statuimus
3297 483 3362 538 ut
3398 481 3449 539 si
3478 466 3746 543 Kalendas

2061 553 2281 610 Martii
2306 555 2366 611 in
2391 562 2600 629 quarta
2632 559 2774 617 feria
2810 562 2928 620 sive
2976 569 3149 622 antea
3191 570 3507 642 evenerint,
3540 575 3745 632 eadem

2063 641 2459 703 hebdomada
2477 649 2773 719 jejunium
2806 652 3146 712 celebretur.
3161 658 3219 713 Si
3244 662 3440 716 autem
3472 663 3745 721 Kalendae

2065 731 2284 789 Martii
2306 735 2363 790 in
2384 737 2650 808 quintam
2682 741 2887 799 feriam
2915 749 3015 800 aut
3043 750 3266 803 sextam
3300 754 3402 805 aut
3421 752 3744 812 Sabbatum

2064 819 2529 914 distenduntur,
2546 828 2603 883 in
2624 836 2964 903 sequentem
2992 835 3422 896 hebdomadam
3444 842 3745 914 jejunium

2066 910 2411 972 differatur.
2436 916 2625 973 Simili
2659 936 2891 994 quoque
2915 925 3090 981 modo
3120 928 3168 982 si
3202 910 3469 986 Kalendé
3500 910 3659 989 .lunii
3683 934 3744 991 in

2066 1007 2361 1073 quartam
2395 1005 2596 1063 feriam
2621 1014 2722 1065 aut
2742 1015 2911 1068 antea
2942 1016 3257 1087 evenerint,
3273 1017 3331 1073 in
3351 1020 3745 1096 subsequente

2066 1089 2457 1184 hebdomade
2490 1097 2788 1169 jejunium
2836 1101 3177 1161 celebretur.
3210 1108 3278 1163 Et
3305 1108 3355 1165 si
3382 1109 3442 1166 in
3472 1089 3742 1184 quintam

2069 1178 2299 1277 feriam
2327 1187 2430 1239 aut
2461 1191 2682 1277 sextam
2715 1194 2816 1246 aut
2860 1192 3184 1251 Sabbatum
3233 1178 3559 1273 contigerit,
3583 1204 3742 1277 jeju-

2071 1269 2255 1327 nium
2285 1272 2344 1328 in
2376 1275 2608 1332 tertiam
2657 1276 3091 1339 hebdomadam
3140 1269 3485 1345 reservetur.
3518 1269 3605 1347 Et.
3631 1269 3743 1349 hoc

2073 1360 2394 1418 sciendum
2412 1368 2501 1421 est
2521 1368 2676 1438 quod
2693 1368 2742 1424 si
2765 1372 3000 1441 quando
3014 1373 3313 1445 jejunium
3336 1379 3557 1436 mensis
3576 1382 3740 1438 Junii

2072 1448 2143 1504 in
2166 1451 2366 1543 vigilia
2388 1453 2754 1516 Pentecostes
2776 1461 3103 1518 secundum
3121 1466 3459 1537 praedictam
3477 1470 3741 1543 regulam

2074 1541 2358 1610 evenerit,
2412 1561 2530 1600 non
2587 1546 2668 1602 ibi
2717 1546 3136 1609 celebrandum
3196 1555 3325 1622 erit,
3357 1558 3459 1613 sed
3503 1541 3570 1614 in
3612 1559 3745 1632 ipsa

2073 1628 2454 1721 hebdomade
2508 1634 2754 1692 solemni
2789 1638 3178 1707 Pentecostes,
3213 1664 3242 1692 »
3268 1648 3376 1700 etc.
3409 1647 3544 1712 Quae
3574 1628 3742 1721 ipsis-

290 1721 485 1780 clesim
502 1718 855 1777 cathedralis
871 1718 1271 1793 Frisingensis
1302 1718 1680 1774 membraneo
1709 1716 1959 1816 volumi-
1994 1749 2041 1816 Β
2077 1719 2239 1775 sima
2263 1720 2547 1816 Bernonis
2568 1727 2758 1816 nostri
2778 1726 2887 1783 hac
2906 1729 2979 1784 de
2998 1745 3060 1784 re
3081 1730 3347 1790 doctrina
3365 1739 3455 1791 est
3473 1716 3743 1795 toto—fere

288 1827 389 1878 ne,
406 1811 580 1882 cujus
598 1809 964 1865 characteres
995 1812 1232 1864 aetatem
1256 1806 1534 1864 Bernonis
1557 1806 1792 1878 assequi
1809 1806 1966 1863 vide-

286 1901 528 1958 bantur.
1466 1968 1473 1979 ⁸
1492 1917 1496 1920 ~

364 1989 632 2046 Alterum
665 1987 948 2043 Bernonis
979 1986 1215 2042 abbatis
1237 1984 1783 2058 opusculum,quod
1806 2001 1965 2043 nunc

289 2079 472 2155 primi
491 2077 621 2134 luce
647 2076 959 2142 donamus,
975 2075 1324 2132 inscribitur
1338 2074 1401 2129 in
1419 2090 1554 2129 mox
1570 2074 1743 2129 citato
1765 2073 1965 2130 codice

290 2167 497 2227 Sancti
526 2163 1059 2223 Emmerammensi
1097 2181 1109 2219 :
1146 2165 1305 2221 Ratio
1362 2163 1636 2234 generalis
1691 2162 1756 2217 de
1798 2163 1963 2220 initio

290 2260 560 2316 adventus
591 2257 816 2312 Domini
843 2253 1139 2310 secundum
1177 2252 1559 2308 auctoritatem
1608 2251 1817 2306 Hilarii
1842 2254 1962 2323 epi-

291 2350 471 2421 scOpi,
493 2344 730 2403 tametsi
748 2361 922 2401 nemo
941 2347 1205 2399 veterum
1237 2340 1698 2398 recentiorumve
1716 2339 1960 2413 scripto-

293 2455 429 2494 rum
462 2437 575 2494 sub
592 2435 703 2491 hoc
720 2432 893 2489 titulo
924 2431 1096 2488 istius
1122 2428 1732 2487 commentatiunculae
1745 2430 1961 2485 Berno-

294 2526 488 2583 nianse
519 2521 879 2582 meminerit.
913 2523 1111 2577 Tenue
1155 2520 1398 2593 quidem
1451 2518 1561 2573 hoc
1607 2517 1959 2591 opusculum

291 2620 404 2686 est,
436 2616 563 2685 sed,
596 2617 665 2670 ut
710 2626 1040 2686 speramus,
1089 2609 1233 2667 viris
1287 2606 1555 2674 eruditis,
1600 2607 1831 2664 duabus
1888 2608 1960 2664 de

293 2705 496 2764 causis
526 2702 958 2779 gratissimum.
992 2699 1185 2755 Primo
1223 2698 1385 2755 enim
1433 2696 1685 2770 excerpit
1738 2694 1958 2753 librum

295 2793 736 2872 OfﬁciorumS.
750 2788 1013 2857 Hilarii,
1025 2788 1288 2863 gloriosi
1314 2787 1599 2844 Ecclesiae
1628 2786 1891 2843 auctoris
1903 2795 1960 2842 et

293 2885 563 2945 doctoris
582 2881 815 2951 eximii,
832 2880 891 2936 id
913 2883 1004 2936 est
1022 2878 1282 2952 episcopi
1300 2875 1462 2933 illius
1482 2874 1845 2932 celeberrimi
1866 2875 1956 2930 Pi-

294 2972 636 3040 ctaviensis,
651 2972 823 3044 cujus
844 2972 1041 3026 tamen
1070 2967 1205 3023 libri
1237 2965 1404 3023 nulla
1428 2966 1582 3037 apud
1606 2964 1956 3038 scriptorum

295 3062 838 3122 ecclesiasticorum
858 3056 1325 3114 nomenclatores
1354 3053 1638 3112 memoria
1667 3059 1953 3126 superest.

2077 1809 2389 1897 opusculo,
2414 1814 2737 1884 praesertim
2762 1831 2889 1888 cap.
2917 1818 2968 1883 4,
2994 1820 3150 1890 quod
3171 1819 3320 1877 vide.
3346 1823 3463 1879 Hoc
3484 1842 3742 1897 opuscu-

2074 1896 2204 1954 lum
2235 1916 2304 1954 ex
2334 1905 2667 1972 pervetusto
2706 1904 2904 1960 codice
2948 1908 3328 1966 membraneo
3373 1896 3737 1972 celeberrimi

2074 1990 2421 2045 monasterii
2456 1992 2982 2050 Benedictoburani
3013 1997 3307 2070 excepi,in
3339 2001 3634 2061 calamum
3657 2004 3739 2061 div

2074 2081 2271 2133 ctante
2331 2080 2733 2137 eruditissimo
2790 2086 2847 2138 et
2891 2084 3254 2143 amicissimo
3311 2089 3478 2146 Patre
3532 2092 3735 2151 Carolo

2073 2166 2546 2238 Meichelbeckio,
2580 2170 2673 2225 cui
2707 2171 2911 2228 multis
2942 2173 3132 2231 titulis
3184 2180 3383 2234 noster
3434 2180 3735 2239 Thesaurus

2072 2254 2392 2313 obstrictus
2424 2262 2537 2315 est.
2579 2258 2737 2315 Idem
2771 2266 2972 2332 postea
3000 2263 3178 2320 etiam
3208 2264 3401 2322 inveni
3432 2267 3492 2323 in
3537 2270 3735 2328 codice

2070 2341 2397 2415 imperialis
2431 2348 2771 2405 monasterii
2803 2350 2873 2406 ad
2908 2351 2965 2408 S.
2997 2353 3523 2426 Emmerammum,
3555 2377 3736 2433 supra

2070 2430 2350 2501 citato,ex
2382 2452 2497 2508 quo
2528 2435 2975 2511 prologum,qui
2997 2439 3057 2496 in
3082 2442 3281 2499 codice
3312 2430 3731 2507 Benedictobu-

2068 2536 2214 2577 rano
2246 2522 2712 2592 desiderabatur,
2744 2526 3031 2600 supplevi.

2139 2610 2172 2666 J
2177 2610 2440 2669 obannes
2452 2613 2811 2673 Trithemius
2823 2617 2904 2673 De
2915 2618 3303 2691 scriptoribus
3314 2623 3729 2685 ecclesiasticis

2067 2713 2198 2770 cap.
2232 2699 2328 2755 3U
2365 2702 2479 2757 tria
2510 2703 2757 2758 Bernoni
2783 2720 2960 2776 opera
2987 2706 3197 2763 tribuit
3224 2709 3439 2781 quibus
3461 2710 3727 2772 musicen

2066 2785 2402 2858 illustrarit,
2460 2789 2730 2848 videlicet
2784 2794 2850 2849 de
2902 2795 3109 2852 Μειδὶοα
3161 2813 3258 2854 seu
3317 2800 3475 2857 Tonis
3524 2802 3622 2859 lib.
3652 2805 3722 2873 II,

2068 2891 2321 2948 quorum
2354 2878 2583 2951 primus
2614 2879 2856 2954 incipiat
2882 2901 2894 2938 :
2921 2882 3111 2941 Omnis
3136 2887 3313 2956 igitur
3330 2891 3602 2961 regularis
3618 2893 3720 2951 No.

2064 2966 2143 3021 De
2172 2968 2554 3025 instrumentis
2581 2972 2810 3028 musicae
2840 2973 2935 3028 lib.
2970 2975 3014 3035 Ι.
3048 2975 3220 3046 cujus
3249 2975 3483 3034 initium
3508 2998 3522 3037 :
3545 2978 3723 3039 Missi?

2064 3070 2189 3110 cam
2233 3072 2347 3113 non
2390 3073 2503 3114 esse
2549 3066 2776 3116 contem.
2812 3061 2880 3116 Et
2939 3067 3016 3118 De
3056 3079 3313 3122 mensura
3367 3070 3723 3129 monochordi

212 3190 219 3197 -
293 3117 711 3225 hei—adspaqu
729 3148 1054 3207 antefinem
1072 3117 1956 3204 novamnobisAurelianensem
1986 3117 2029 3187 (ἶ
2067 3142 2165 3198 lib.
2196 3148 2248 3214 ι,
2281 3147 2453 3219 cujus
2497 3145 2728 3203 nullum
2774 3117 3331 3210 exordium

290 3242 610 3316 synodum,
633 3240 695 3297 in
726 3255 846 3312 qua
875 3238 949 3294 de
974 3235 1234 3310 legitimo
1260 3236 1588 3291 Adventum
1620 3232 1846 3290 Domini
1868 3233 1956 3289 in-

293 3328 554 3387 choandi
588 3328 703 3384 ritu
734 3329 930 3384 actum
962 3325 1060 3392 sit,
1091 3323 1359 3390 recludit,
1391 3323 1563 3394 cujus
1592 3319 1771 3388 nulla,
1798 3320 1954 3392 quod

292 3418 576 3491 equidem
596 3416 802 3484 sciam,
825 3415 979 3488 apud
1002 3412 1383 3471 conciliorum
1405 3416 1462 3468 et
1472 3410 1827 3484 synodorum
1842 3408 1955 3465 col-

287 3509 545 3566 lectores
573 3507 795 3563 mentio
815 3504 1097 3577 injicitur.
1130 3503 1284 3559 Adeo
1313 3500 1461 3557 nihil
1492 3499 1659 3556 facile
1683 3501 1952 3572 antiquo-

288 3616 431 3655 rum
463 3599 979 3655 monumentorum
1014 3592 1409 3666 spernendum
1441 3594 1548 3647 est.
1966 3655 1986 3669 κ

367 3686 597 3761 Dialogi
628 3692 713 3744 De
742 3689 1015 3757 Quatuor
1057 3686 1406 3755 Temporum
1436 3680 1718 3756 jejuniis,
1750 3682 1885 3745 etc.,
1917 3695 1952 3735 a

285 3781 563 3836 Bernone
600 3774 840 3832 Ariboni
883 3771 1317 3845 archiepiscopo
1350 3768 1717 3842 Moguntiaco
1748 3768 1948 3837 dicati,

282 3869 712 3941 argumentum
729 3864 824 3921 bis
841 3862 1032 3919 verbis
1063 3861 1404 3935 Sigebertus
1434 3858 1870 3916 Gcmblacensis
1887 3857 1945 3913 in

282 3957 445 4013 libro
474 3955 554 4012 De
603 3952 988 4026 scriptoribus
1032 3948 1262 4019 eccles.,
1296 3966 1422 4023 cap.
1455 3949 1578 4015 456,
1609 3946 1946 4020 complexus

280 4050 384 4105 est
416 4065 429 4103 :
465 4069 494 4095 «
527 4045 637 4102 Sed
663 4060 780 4100 non
813 4040 1148 4115 prraateribo
1180 4039 1332 4113 quod
1365 4038 1602 4109 scripsit
1621 4036 1851 4109 (Berno)
1875 4036 1946 4091 de

274 4135 536 4211 jejuniis
566 4136 823 4201 Quatuor
853 4129 1317 4204 Temporum,de
1333 4128 1549 4200 quibus
1581 4125 1945 4181 celebrandis

283 4231 385 4284 est
426 4226 581 4280 inter
631 4221 850 4279 multos
906 4217 1292 4283 dissonantia,
1323 4217 1464 4272 dum
1494 4212 1591 4270 alii
1619 4213 1943 4269 secundum

279 4312 818 4373 considerationem
850 4314 1204 4383 temporum,
1226 4306 1296 4362 ad
1320 4303 1616 4378 jejunium
1643 4306 1863 4375 quartae
1884 4304 1945 4358 et

280 4409 471 4463 sexta
500 4402 652 4460 ferite
683 4399 981 4473 accipiunt
1009 4397 1134 4453 dies
1175 4393 1495 4462 Februarii,
1527 4392 1616 4448 vel
1663 4392 1818 4461 Maii,
1852 4389 1939 4447 vel

2065 3248 2195 3289 mos
2240 3234 2390 3292 duos
2439 3234 2669 3293 libellos
2698 3240 2757 3293 et
2783 3237 3059 3296 ultimum
3093 3258 3279 3298 unum
3321 3260 3564 3316 prorsus
3588 3263 3719 3305 esse

2062 3320 2340 3396 idemque
2369 3341 2518 3398 opus
2538 3325 2912 3384 vehementer
2939 3328 3226 3403 suspicor.
3258 3331 3422 3389 Certe
3449 3333 3717 3407 Sigeber—

2061 3413 2159 3467 tus
2190 3412 2631 3472 Gemblacensis
2660 3415 2741 3472 De
2770 3417 3158 3491 scriptoribus
3189 3420 3392 3478 eccles.
3426 3439 3555 3496 cap.
3588 3424 3713 3495 156,

2062 3499 2143 3555 ita
2163 3501 2234 3557 de
2255 3502 2507 3560 inventis
2526 3504 2769 3561 musicis
2790 3507 3070 3564 Bernonis
3101 3508 3379 3582 loquitur,
3395 3515 3461 3567 ut
3488 3529 3557 3569 ex
3585 3515 3715 3587 ejus

2057 3590 2252 3647 verbis
2284 3591 2417 3664 quis
2439 3609 2589 3667 aegre
2620 3594 2791 3666 plura
2820 3596 3083 3666 ejusdem
3107 3599 3179 3654 de
3200 3599 3293 3655 his
3322 3601 3608 3673 opuscula
3625 3620 3717 3659 ex-

2058 3679 2269 3734 tundat
2300 3696 2314 3735 :
2350 3701 2379 3731 «
2410 3681 2691 3738 Prmtereo
2733 3699 2820 3748 ea,
2855 3684 3047 3757 inquit
3091 3686 3446 3760 Sigebertus,
3479 3706 3606 3762 quae
3638 3692 3710 3748 de

2058 3766 2320 3824 humana
2375 3769 2620 3825 scientia
2669 3771 2922 3843 scripsit,
2955 3772 3014 3827 in
3063 3773 3279 3845 quibus
3328 3775 3546 3833 eminet
3600 3778 3709 3836 hoc

2058 3856 2212 3928 quod
2232 3857 2292 3913 in
2311 3862 2433 3914 arte
2455 3857 2683 3915 musica
2712 3859 3058 3932 praepollens
3088 3862 3161 3918 de
3189 3862 3408 3936 regulis
3439 3867 3712 3939 sympho-

2058 3943 2289 4001 niarum
2330 3951 2388 4002 et
2436 3951 2708 4003 tonorum
2757 3948 3015 4020 scripsit,
3059 3954 3118 4005 et
3161 3951 3315 4022 quod
3360 3951 3419 4007 in
3467 3970 3709 4012 mensu-

2056 4034 2238 4089 rando
2318 4034 2712 4091 monochordo
2767 4035 2922 4092 ultra
3010 4036 3273 4110 regulam
3341 4039 3543 4109 Boetii,
3602 4044 3705 4100 sed

2054 4138 2299 4178 assensu
2331 4122 2575 4178 minoris
2604 4123 2801 4180 Boetio
2844 4124 3131 4183 Guidonis
3174 4128 3487 4200 supposuit
3517 4147 3702 4188 unum

2051 4213 2258 4266 tonum
2289 4211 2939 4285 tetrachordohypaton,
2973 4218 3049 4281 et,
3083 4218 3285 4271 contra
3344 4233 3519 4274 usum
3577 4235 3701 4277 ma-

2043 4299 2265 4370 jorum,
2299 4299 2358 4354 in
2387 4299 2513 4371 ipso
2555 4301 3135 4376 tetrachordobypato
3184 4304 3430 4361 inseruit
3480 4305 3703 4365 utiliter

2051 4405 2493 4462 synemmenon.
2530 4411 2558 4439 ››
2589 4390 2703 4446 Nec
2751 4390 2868 4446 nisi
2919 4392 2991 4447 de
3030 4408 3147 4448 uno
3177 4393 3247 4449 de
3278 4394 3504 4452 musica
3527 4412 3700 4468 opere

280 4491 746 4570 Septembris,et
766 4487 1019 4546 Sabbato
1050 4487 1111 4543 in
1140 4484 1422 4542 Kalendis
1443 4480 1817 4556 proveniente
1833 4485 1941 4536 ter-
1969 4496 2017 4561 D
2049 4477 2333 4570 {Bernonis
2389 4479 2512 4570 agit
2558 4480 2900 4570 Anon‘ymus
2954 4479 3306 4570 Mellicensis
3357 4482 3430 4540 de
3485 4484 3695 4558 Script.

280 4588 522 4645 minent
562 4580 898 4656 jejunium;
946 4577 1043 4634 alii
1102 4592 1235 4631 vero
1294 4573 1421 4630 sine
1472 4570 1936 4670 consideratione

277 4683 620 4750 temporum
667 4688 783 4727 non
826 4669 1100 4741 jejunant
1129 4664 1261 4759 nisi
1277 4666 1488 4759 quarta
1517 4665 1582 4759 et
1605 4662 1767 4759 sexta
1794 4659 1939 4759 feria

269 4746 496 4842 jejunii
525 4779 660 4820 cum
689 4761 817 4834 ipso
865 4757 1117 4850 sabbato
1149 4748 1815 4850 inhiartionvelllunio,
1847 4746 1936 4850 vel

276 4838 521 4914 Octobri
544 4850 897 4926 proveniant.
914 4847 983 4902 Et
1011 4845 1188 4901 talem
1202 4838 1714 4937 jejunandiritu'm
1736 4840 1932 4937 aucto-

278 4947 475 5004 rizant
531 4941 720 5009 multi,
756 4943 813 4996 et
872 4935 1119 4992 maxime
1173 4934 1486 4996 Teutones,
1518 4928 1611 4983 his
1653 4927 1934 4982 Bernonis

279 5035 543 5110 scriptis.
578 5054 607 5083 »
637 5032 812 5088 Porro
860 5025 1001 5100 quid
1049 5023 1222 5079 Aribo
1262 5018 1510 5110 Bernoni
1544 5017 1617 5074 ad
1647 5016 1755 5072 hoc
1785 5031 1931 5086 opu-

280 5108 517 5184 sculum
532 5138 635 5195 pro
644 5135 806 5177 more
817 5112 1198 5195 rescripsprit,
1218 5108 1425 5166 nullibi
1444 5108 1749 5178 hucusque
1766 5120 1928 5177 repe-

280 5177 771 5271 rimustiaratum
796 5177 1095 5263 tamen-iii
1104 5199 1382 5257 habuisse
1411 5197 1557 5253 satis
1597 5197 1826 5252 constat
1860 5211 1928 5249 ex

280 5302 529 5361 concilio
554 5291 1108 5371 Salegunstadiensi,
1142 5306 1294 5346 anno
1323 5287 1550 5385 1022
1603 5300 1781 5385 causa
1831 5283 1922 5385 di-

279 5393 542 5467 sciplinae
579 5385 977 5446 ecclesiasticae
1009 5382 1082 5438 ab
1111 5379 1362 5437 Aribone
1410 5376 1721 5467 celebrato,
1752 5376 1922 5467 cujus

278 5464 603 5556 capitulum
634 5476 957 5534 secundum
986 5470 1079 5529 his
1109 5470 1299 5527 verbis
1330 5470 1682 5556 conceptum,
1697 5464 1921 5556 legitur

278 5552 421 5631 ιοὶιι.
451 5570 528 5627 v1
556 5566 793 5638 Concil.,
824 5567 989 5638 parte
1046 5580 1086 5633 ι,
1142 5560 1249 5618 col.
1310 5560 1416 5616 828
1471 5556 1606 5613 edit.
1668 5552 1917 5611 Hardui-

2048 4567 2264 4623 Eccles.
2298 4585 2424 4640 cap.
2457 4568 2546 4634 81,
2576 4566 2676 4623 ubi
2720 4568 2820 4639 huj
2838 4569 3072 4624 usmodi
3120 4570 3350 4629 abbatis
3393 4572 3700 4647 Augiensis

2044 4657 2299 4730 elogium
2331 4656 2507 4712 texit:
2542 4678 2572 4706 «
2605 4657 2790 4713 Berno
2825 4657 3113 4725 musicus,
3145 4659 3235 4714 vir
3288 4659 3423 4732 pius
3481 4678 3548 4717 ac
3593 4663 3696 4718 do-

2047 4750 2197 4815 ctus,
2230 4746 2291 4801 in
2320 4745 2674 4801 monasterio
2713 4745 3019 4802 Prumensi
3049 4747 3159 4803 sub
3202 4747 3528 4804 monastioa
3556 4765 3694 4821 pro-

2033 4835 2297 4903 ,fessione
2327 4833 2545 4907 deguit,
2580 4850 2756 4906 quem
2806 4835 3183 4905 postmodum
3232 4835 3515 4891 Henricus
3553 4836 3693 4894 Pius
3766 4854 3793 4885 ο
3888 4894 3897 4903 ,

2044 4924 2362 4997 imperator
2406 4923 2676 4979 abbatem
2708 4922 2906 4996 Augize
2939 4923 3260 4979 constituit.
3294 4923 3402 4988 Qui
3454 4930 3689 4998 gratan-

2040 5018 2129 5070 ter
2177 5016 2452 5086 acceptus
2508 5030 2541 5067 a
2594 5011 2870 5068 fratribus
2927 5012 3227 5084 dispersos
3286 5011 3602 5087 recollegit,
3635 5019 3692 5072 et

2039 5121 2073 5160 a
2121 5104 2429 5175 Lamperto
2484 5100 2912 5157 Constantiensi
2970 5101 3242 5174 episcopo
3292 5108 3687 5174 consecratus,

2038 5209 2255 5266 magna
2301 5191 2551 5264 insignis
2594 5191 2809 5262 pietate
2834 5205 2901 5245 ae
2949 5188 3196 5246 scientia
3242 5191 3473 5264 praefuit
3518 5194 3690 5251 annis

2035 5281 2449 5355 quadraginta.
2483 5280 2588 5336 Hic
2636 5277 2876 5351 scripsit
2923 5277 3143 5337 librum
3198 5280 3278 5336 De
3323 5280 3694 5341 institutione

2033 5372 2375 5437 missarum,
2408 5374 2466 5426 et
2495 5370 2576 5425 De
2611 5368 2839 5425 musica
2865 5385 3016 5442 opus
3046 5369 3621 5441 praastantissimum.
3660 5397 3689 5425 ››

2029 5468 2116 5518 Ita
2148 5459 2501 5517 Mellicensis
2552 5460 2913 5531 Anonymus,
2945 5456 3115 5530 plura
3164 5458 3237 5514 de
3285 5456 3511 5515 musica
3551 5459 3697 5536 Ber.

2028 5551 2198 5611 nonis
2263 5566 2439 5622 opera
2508 5548 2814 5621 ignorans.
2878 5546 2991 5604 Sed
3051 5546 3171 5603 sive
3225 5547 3360 5604 libri
3416 5551 3494 5602 De
3553 5564 3697 5612 mu-
