4054 6158
453 273 605 338 1055

1526 265 1916 330 BERNONIS
1958 264 2292 330 ABBA'I‘IS
2332 269 2766 333 AUGIENSIS.

3652 285 3775 346 l056

447 409 571 472 sica
603 427 708 469 seu
737 403 895 467 tonis
922 408 980 464 et
1001 404 1073 464 de
1120 399 1514 465 monochordo
1561 399 1714 460 inter
1742 417 1804 460 se
1834 397 2096 458 distincti
2127 399 2183 470 Α
2280 401 2497 460 Verum
2530 403 2652 462 haec
2675 404 2748 463 de
2767 405 3048 482 Theogeri
3069 407 3288 467 Musica
3315 427 3424 468 non
3445 411 3552 470 nisi
3567 414 3778 476 inciden-

449 505 590 571 sint,
624 505 693 558 ut
717 498 845 556 vult
889 495 1271 562 Trithe‘mius,
1307 493 1428 550 sive
1458 506 1598 564 non,
1627 509 1775 566 opus
1816 492 2098 549 Bernonis

448 599 527 650 De
557 591 715 649 tonis
751 591 937 646 exstat
978 585 1038 641 in
1083 583 1277 641 codice
1305 582 1643 651 Mellicensi,
1676 583 1906 655 signato
1940 598 2096 638 nunc

449 684 535 741 Iit.
562 682 632 748 N,
663 691 828 735 num.
863 678 916 742 3,
953 686 1068 732 non
1098 674 1211 731 nisi
1245 672 1458 730 saeculo
1487 687 1579 742 xv,
1605 676 1662 729 et
1690 671 1929 743 quidem
1960 687 2096 743 per-

447 782 627 844 quam
659 765 941 839 ﬂagitiose
971 768 1226 820 exarato.
1260 762 1519 819 Alterum
1560 762 1824 833 ejusdem
1858 761 2094 817 Tonarii

445 856 776 930 exemplum
807 857 1071 911 servatur
1098 853 1156 908 in
1190 853 1388 908 codice
1431 852 1807 907 membraneo
1839 853 2093 924 Tegern-

444 947 634 1005 seensi
663 945 1120 1018 quingentorum
1152 941 1382 997 circiter
1412 956 1722 996 annorum.
1755 940 1936 1012 Cujus
1968 957 2093 996 mo~

444 1035 684 1094 nasterii
705 1038 928 1092 veteres
947 1030 1466 1105 praestantissimos
1491 1028 1672 1086 libros
1698 1030 1839 1085 dum
1871 1034 2095 1085 excute-

442 1133 662 1192 remus‘,
694 1124 1009 1180 incidimus
1033 1121 1210 1177 etiam
1242 1119 1301 1174 in
1335 1119 1493 1174 aliud
1522 1119 1820 1192 egregium
1848 1119 1926 1174 De
1954 1135 2092 1174 mu-

441 1215 566 1272 sica
593 1232 742 1287 opus
771 1211 1053 1286 Theogeri
1085 1227 1187 1267 seu
1231 1208 1482 1281 Dietgeri
1514 1224 1545 1262 e
1577 1207 1793 1264 nostris
1835 1209 2091 1281 episc0pi

443 1302 826 1369 Meten.sis-,de
845 1317 960 1373 quo
993 1302 1332 1371 Anonymus
1358 1295 1707 1352 Mellicensis
1730 1297 1809 1352 De
1838 1296 2092 1369 Scripto-

442 1391 607 1449 ribus
625 1391 811 1447 ceclrs
858 1409 981 1460 cap.
1014 1390 1147 1443 109:
1185 1409 1213 1437 «
1235 1386 1536 1459 Dietgerus
1565 1385 1768 1453 abbas,
1801 1403 1836 1440 a
1866 1386 2091 1442 Latinis

440 1481 800 1554 Theogorus,
835 1496 868 1534 a
895 1475 1274 1534 Theotunicis
1323 1475 1680 1547 quibusdam
1729 1473 2089 1531 Theokarius

337 1590 340 1592 ·
440 1569 653 1636 dict'us,
669 1567 888 1625 dem-ini
901 1564 1202 1621 Wilhelmi
1226 1563 1456 1619 abbatis
1470 1563 1951 1636 (Hirsaugiensis)
1968 1564 2087 1634 pri-

439 1675 538 1714 mo
550 1656 897 1730 discipulus.
915 1654 1194 1710 deindein
1211 1651 1564 1707 monasterio
1577 1652 1635 1706 S.
1653 1651 1880 1724 Georgii
1906 1653 2088 1709 abbas

439 1747 744 1813 tertius,ac
757 1745 992 1800 tandem
1013 1741 1289 1841 Metensis
1306 1740 1638 1841 episcopus,
1665 1739 2090 1841 aliquantisper
2117 1775 2166 1841 B

436 1835 846 1893 administrate
877 1831 1170 1904 episcopio
1201 1828 1467 1901 sepultus
1497 1833 1586 1884 est
1606 1829 1665 1883 in
1690 1829 1982 1885 Cluniaco.
2018 1832 2088 1886 Et

435 1925 540 1983 hic’
563 1937 794 1996 quoque
843 1924 1154 1978 tractatum
1189 1934 1374 1974 unum
1402 1923 1480 1973 De
1513 1916 1739 1973 musica
1769 1917 1991 1986 scribit,
2025 1918 2086 1974 in

433 2023 552 2086 quo
581 2014 654 2070 de
673 2013 804 2084 ejus
836 2010 1165 2066 inventione
1190 2013 1248 2064 et
1274 2007 1535 2063 numeris
1567 2024 1632 2062 ac
1664 2007 2085 2079 propositioni-

430 2103 545 2159 bus
567 2102 740 2172 juxta
786 2099 1184 2156 arithmeticos
1228 2095 1478 2152 breviter
1507 2095 1770 2168 quidem,
1805 2097 1905 2151 sed
1939 2097 2085 2152 satis

432 2189 726 2249 subtiliter
755 2189 896 2261 agit.
928 2211 956 2238 η
989 2188 1103 2242 Nec
1135 2202 1257 2240 rem
1301 2184 1500 2240 lectori
1546 2188 1746 2239 nostro
1792 2183 2084 2256 ingratam

433 2295 543 2336 nos
574 2277 828 2334 facturos
857 2291 1186 2348 speramus,
1220 2273 1269 2329 si
1301 2273 1730 2345 integrum,qui
1765 2273 1953 2328 brevis
1973 2278 2080 2337 est,

432 2365 819 2440 Theogeri-ani
852 2363 1044 2437 operis
1093 2361 1403 2436 prologum
1430 2362 1540 2416 hoc
1569 2361 1692 2417 loco
1723 2361 2080 2418 dederimus.

432 2458 519 2514 Ea
545 2469 680 2513 eum
710 2454 891 2527 igitur
919 2469 987 2508 ex
1019 2451 1215 2508 codice
1241 2450 1663 2523 Tegernseensi
1701 2468 1713 2505 ε

709 2543 928 2614 Incipit
959 2543 1194 2598 Musica
1225 2540 1518 2612 Theogeri
1545 2539 1811 2610 episcopi.

506 2633 903 2707 «Pythagoras
915 2629 1464 2704 philosophusapud
1479 2629 1707 2684 Graecos
1721 2629 1947 2701 primus
1961 2647 2084 2686 mu-

431 2723 563 2783 sica
585 2722 730 2780 artis
760 2724 1018 2793 repertor
1048 2717 1228 2776 fuisse
1259 2716 1475 2792 legitur
1499 2733 1511 2772 :
1536 2716 1855 2773 translator
1884 2722 2082 2784 autem

429 2812 716 2872 deseritur
743 2809 982 2866 Boetius
1011 2823 1220 2881 genere
1251 2811 1308 2862 et
1338 2805 1579 2863 scientia
1607 2805 1994 2874 clarissimus,
2025 2811 2083 2864 et

430 2902 692 2976 ejusdem
725 2899 870 2957 artis
896 2898 1218 2956 secundum
1253 2911 1633 2951 numerorum
1676 2896 2081 2968 proportiones

428 2991 737 3065 indagator
780 2986 1301 3060 profundissimus.
1337 2983 1525 3041 Guido
1573 3001 1704 3039 vero
1757 2985 2078 3040 monachus

427 3079 650 3140 etsti‘tit
677 3094 888 3134 vocum
936 3075 1317 3147 investigator
1345 3072 1851 3146 diligentissimus.
1881 3075 2081 3130 Exstat

427 3173 628 3228 autem
655 3165 1114 3224 Monochordum
1145 3142 1326 3234 hujus
1352 3142 1497 3218 artis
1527 3166 1944 3234 argumentum
1966 3163 2078 3218 evi-
2108 3142 2151 3210 C

427 3255 1052 3326 dentissimum,cujus
1069 3252 1246 3310 etiam
1277 3252 1584 3308 institutor
1611 3251 1838 3322 primus
1867 3251 2081 3308 dicitur

427 3346 804 3420 supradictus
824 3344 1154 3401 Graecorum
1177 3339 1622 3413 philosophus.»
1647 3339 1853 3411 Incipit
1881 3341 2074 3413 Opus:

429 3434 893 3496 Moaochordum
936 3441 1136 3488 autem
1163 3435 1248 3485 est
1281 3429 1564 3485 musicum
1606 3430 2078 3496 instrumentum,

427 3525 583 3598 quod
601 3520 967 3579 naturaliter
979 3526 1040 3576 et
1049 3519 1406 3594 sufﬁcienter
1433 3517 1758 3590 antiquitus
1779 3520 2082 3575 constabat

431 3619 560 3669 octo
585 3610 841 3679 chordis,
872 3613 982 3664 etc.

1563 3923 2158 4086 BERN

2210 496 2298 548 ter
2327 499 2784 552 commemorata
2812 497 2930 554 sint
2959 498 3264 556 occasione
3302 502 3524 557 Tonarii
3551 505 3780 566 Bernonis

2203 581 2536 654 Augiensis,
2573 586 2743 656 cujus
2791 587 3004 658 operis,
3037 602 3169 644 cum
3219 590 3497 647 veteribus
3544 594 3716 665 ﬁguris
3739 605 3782 653 et

2204 671 2526 744 peregrinis
2577 673 2903 730 litterarum
2949 693 3013 733 ac
3055 682 3324 733 notarum
3368 680 3637 748 ductibus,
3664 701 3780 755 quos

2204 761 2551 833 typographi
2585 763 2765 818 nostri
2815 765 3111 837 aegerrime
3141 765 3462 833 imitentur,
3493 769 3782 828 distinctum

2203 855 2261 904 et
2293 850 2514 922 pictum
2549 851 2643 920 sit,
2676 869 2790 908 non
2821 853 2932 910 nisi
2961 854 3266 927 prologum
3307 855 3399 911 hic
3444 857 3600 914 edere
3634 859 3784 916 visum

2203 939 2334 994 fuit.

2275 1029 2533 1085 Joannes
2565 1029 2926 1088 Trithemius
2954 1032 3128 1088 etiam
3160 1033 3440 1090 Bernonis
3465 1034 3659 1090 librum
3683 1037 3786 1110 Epi-

2202 1116 2488 1174 stolarum
2522 1119 2594 1174 ad
2621 1119 2878 1178 diversos
2910 1120 3133 1189 laudat,
3166 1139 3342 1194 quem
3372 1123 3596 1195 quidam
3624 1127 3787 1182 amico-

2202 1223 2334 1262 rum
2358 1213 2692 1286 noOstrorum
2726 1210 3062 1282 nuperrime
3089 1211 3148 1266 in
3182 1211 3493 1284 percelebri
3522 1214 3785 1270 Germania

2201 1294 2556 1352 bibliotheca
2585 1297 2818 1353 detexit.

2274 1385 2465 1457 Magni
2499 1386 2780 1442 momenti
2813 1392 2952 1443 sunt
2980 1389 3240 1460 epistolae
3273 1391 3563 1458 Bernonis,
3592 1409 3786 1464 preser-

2198 1472 2306 1528 tim
2341 1491 2587 1529 numero
2619 1475 2948 1540 undecima,
2984 1478 3080 1532 ubi
3131 1495 3360 1536 errores
3416 1480 3639 1537 Joannis
3687 1486 3786 1539 Cas-

2200 1561 2347 1617 siani
2369 1563 2524 1618 circa
2556 1563 2798 1621 liberum
2835 1566 3144 1622 arbitrium
3169 1585 3238 1637 ex
3261 1569 3590 1626 Cassiodoro
3617 1576 3665 1626 et
3683 1572 3789 1627 Pro-

2198 1669 2368 1722 spero
2412 1652 2529 1708 late
2572 1653 2824 1725 exponit,
2858 1659 2915 1710 et
2945 1679 2972 1706 «
3005 1655 3376 1725 Cassianum,
3407 1659 3586 1714 virum
3611 1658 3722 1715 licet
3747 1677 3789 1716 ιιι

2200 1739 2332 1796 aliis
2364 1741 2770 1812 probatum,in
2802 1743 2910 1800 hac
2941 1749 3104 1816 parte
3127 1747 3263 1817 jure
3299 1746 3628 1819 culpatum»
3652 1749 3790 1805 fuisse

2197 1828 2515 1885 concludit.
2551 1831 2622 1886 Ut
2653 1833 2796 1888 adeo
2845 1832 2980 1888 hinc
3031 1833 3198 1889 facile
3247 1835 3490 1909 colligas
3532 1837 3790 1894 monachos

2196 1919 2542 1974 auctoritate
2575 1919 2836 1976 Cassiani
2870 1939 2982 1978 non
3018 1940 3207 1996 usque
3239 1941 3310 1981 eo
3339 1929 3524 1982 motos
3553 1927 3722 1993 fuisse,
3746 1933 3792 1983 ut

2195 2025 2266 2062 ex
2285 2008 2413 2076 ejus
2436 2007 2886 2077 Collationibus,
2905 2029 3052 2083 quas
3069 2018 3357 2084 perpetuo
3378 2015 3436 2069 in
3461 2016 3702 2071 manibus
3721 2016 3791 2070 ha-

2196 2095 2433 2164 bebant,
2469 2114 2587 2153 una
2615 2114 2746 2152 cum
2805 2117 2958 2154 sanae
2990 2099 3270 2156 doctrinae
3305 2103 3452 2160 lacte
3479 2104 3639 2160 etiam
3666 2103 3789 2161 Pela-

2195 2183 2400 2257 gianos
2447 2190 2550 2241 aut
2597 2187 3093 2260 Semipelagianos
3135 2205 3368 2246 errores
3407 2192 3570 2265 vulgo
3596 2193 3790 2249 imbibe-

2196 2278 2346 2340 rent,
2375 2275 2530 2344 quod
2566 2292 2751 2347 nuper
2773 2276 2878 2343 vir,
2910 2275 3058 2333 alias
3105 2278 3519 2338 celeberrimus
3545 2282 3627 2337 Jo.
3656 2283 3790 2338 Fran-

2194 2362 2386 2418 ciscus
2409 2363 2706 2431 Buddeus,
2724 2364 2782 2420 in
2799 2366 3108 2421 Academia
3130 2370 3362 2425 Ienensi
3395 2371 3584 2426 doctor
3613 2371 3787 2427 theolo-

2194 2451 2323 2523 gize,
2358 2453 2414 2507 in
2451 2453 2924 2510 Institutionibus
2981 2455 3318 2531 Thcologiae
3367 2459 3685 2532 Dogmatica
3712 2459 3786 2515 lib.

2194 2557 2278 2607 ιιι,
2313 2557 2363 2596 c.
2395 2545 2450 2608 2,
2484 2558 2600 2598 non
2631 2541 2755 2597 sine
2785 2547 3125 2600 sanctorum
3171 2546 3230 2600 in
3276 2547 3530 2604 Ecclesia
3557 2547 3789 2604 catholica

2192 2629 2451 2685 virorum
2483 2647 2548 2685 ac
2580 2631 2941 2704 integrorum
2968 2633 3243 2689 ordinum
3280 2635 3496 2707 injuria
3523 2636 3786 2693 contendit.

2192 2718 2374 2785 Quale
2399 2719 2555 2774 enim
2573 2722 2663 2774 est
2683 2718 2856 2774 illud:
2889 2740 2909 2769 ι
2929 2721 3165 2777 Factum
3179 2721 3235 2777 id
3253 2725 3629 2797 cumprimis»
3648 2723 3786 2794 (scili-

2190 2812 2281 2863 cet
2292 2813 2354 2862 ut
2365 2807 2698 2881 Pelagiani
2708 2824 2932 2865 errores
2945 2811 3006 2866 in
3017 2812 3143 2867 dies
3159 2810 3346 2869 latius
3355 2814 3788 2884 serperent)«cum

2189 2895 2404 2953 saeculo
2416 2914 2514 2952 XIII
2534 2896 2878 2954 Franciscus
2896 2902 3069 2971 atque
3089 2900 3437 2959 Dominicus
3453 2921 3618 2959 novos
3635 2917 3789 2958 mona-

2189 2985 2432 3042 chorum
2466 2987 2721 3052 ordines,
2757 2987 2858 3058 qui
2892 3004 3167 3061 magnam
3199 2990 3478 3065 deinceps
3505 2993 3561 3047 in
3582 2990 3790 3048 Ecclesia

2189 3074 2454 3131 Romana
2485 3074 2880 3132 celebritatem
2925 3078 3223 3136 consecuti
3256 3086 3419 3150 sunt,
3450 3080 3788 3141 instituerent.

2186 3163 2488 3220 Dominico
2519 3164 2676 3220 enim
2711 3165 3026 3222 Cassianus
3057 3168 3314 3225 maxime
3329 3187 3390 3226 se
3402 3168 3787 3242 probavit;hinc

2189 3256 2264 3321 et,
2281 3256 2348 3307 ut
2375 3253 2503 3324 ejus
2529 3251 2744 3325 placita
2764 3253 3028 3310 certatim
3050 3255 3111 3310 in
3133 3258 3510 3315 monasteriis
3529 3256 3786 3314 resuscita-

2189 3345 2409 3408 rentur,
2423 3343 2630 3408 ell‘ecit,
2643 3365 2668 3391 η
2681 3347 2789 3399 etc.
2807 3342 3168 3401 Doletamico
3181 3345 3238 3401 in
3255 3364 3320 3404 re
3333 3347 3785 3404 litterariaistaex-

2189 3429 2590 3487 cidisseWide
2604 3431 2980 3488 Edmundum
3015 3429 3504 3504 Martene,virum
3534 3435 3716 3510 pietate
3739 3448 3786 3488 ac

2189 3519 2517 3576 eruditione
2565 3519 2874 3586 celebrem,
2907 3522 2967 3576 in
3007 3525 3445 3582 Commentario
3471 3526 3528 3582 in
3559 3522 3787 3596 Regulam

2189 3609 2248 3666 S.
2286 3609 2605 3678 Benedicti,
2633 3625 2766 3682 pag.
2804 3612 2869 3665 10
2899 3615 2956 3666 et
2984 3613 3073 3668 24.

2185 3921 2708 4088 ONIS

1745 4206 2530 4338 LIBELLUS

903 4437 1006 4498 DE
1051 4431 1513 4507 QUIBUSDAM
1561 4432 1817 4493 REBUS
1863 4432 1966 4492 AD
2011 4431 2273 4493 MISSE
2314 4431 2689 4494 OFFICIUM
2731 4432 3369 4498 PERTINENTIBUS

1379 4673 1388 4684 κ
1473 4591 1756 4662 (Biblioth.
1789 4594 1892 4648 vet.
1926 4591 2080 4646 Patr.
2113 4594 2257 4647 tom.
2289 4589 2486 4660 XVIII,
2519 4605 2654 4664 pag.
2684 4589 2798 4662 56.)

1927 4749 2342 4763 ,—

965 4851 1194 4908 CAPUT
1236 4850 1351 4920 PR)
1361 4849 1548 4907 MUM.

429 4947 692 5019 Qualiter
711 4945 927 5019 priscis
955 4943 1353 5019 apostolorum
1383 4939 1741 5009 temporibus
1772 4939 2085 4995 missarum

927 5013 1251 5072 celebritas
1289 5021 1585 5085 ageretur.

508 5124 688 5196 Igitur
716 5123 776 5177 in
806 5121 1043 5177 exordio
1093 5119 1389 5176 nascentis
1428 5116 1696 5174 Ecclesia:
1729 5134 1841 5172 non
1871 5132 1936 5172 eo
1969 5132 2084 5188 quo

437 5229 594 5270 nunc
617 5211 788 5267 modo
799 5209 882 5266 vel
903 5209 1106 5264 ordine
1123 5225 1290 5265 sacra
1301 5207 1746 5264 celebrabantur
1767 5205 2083 5261 missarum

439 5299 742 5365 solemnia,
777 5303 921 5353 teste
970 5297 1144 5352 etiam
1197 5297 1540 5354 beatissimo
1592 5294 1868 5367 Gregorio
1912 5311 2084 5366 papa,

438 5391 539 5464 qui
573 5390 721 5445 inter
751 5385 937 5441 multa
965 5403 1093 5457 quae
1124 5388 1423 5442 constituit
1463 5385 1648 5456 utilia,
1681 5401 1813 5439 cum
1848 5383 1906 5438 in
1938 5383 2084 5438 cele-

439 5479 701 5546 bratione
728 5474 1066 5542 missarum,
1093 5478 1218 5530 tum
1249 5476 1425 5532 etiam
1459 5477 1516 5531 in
1548 5473 1708 5531 vario
1740 5471 2088 5528 ecclesiasti-

442 5585 641 5630 carum
672 5579 870 5625 rerum
912 5580 1026 5622 usu
1056 5564 1129 5620 ad
1162 5564 1588 5622 conficiendum
1618 5579 1831 5635 corpus
1860 5565 1915 5616 et
1945 5577 2086 5617 sun-

2113 4851 2160 4916 D
2192 4848 2432 4921 guinem
2461 4850 2696 4918 Christi,
2729 4851 3051 4907 orationem
3085 4850 3450 4908 Dominicam
3471 4847 3594 4906 fecit
3622 4845 3785 4900 decan-

2193 4938 2484 5008 tari,sicut
2500 4941 2571 4996 de
2587 4958 2652 4996 eo
2672 4940 2956 5013 scriptum
2978 4943 3065 4996 est
3081 4958 3093 4996 z
3111 4941 3444 4997 Orationem
3477 4933 3781 4995 Dominicam

2194 5043 2329 5088 mox
2359 5031 2491 5099 post
2520 5044 2804 5084 canonem
2835 5046 3011 5102 super
3047 5029 3303 5086 hostiam
3337 5026 3554 5086 censuit
3580 5018 3781 5080 recitari.

2193 5115 2272 5171 De
2290 5117 2398 5172 hoc
2415 5120 2472 5172 et
2487 5116 2558 5172 de
2575 5116 2704 5172 aliis
2718 5133 2852 5172 cum
2871 5117 3156 5191 quosdam
3190 5131 3549 5173 murmurare
3569 5107 3779 5168 sentiret.

2195 5204 2475 5276 pissimus
2499 5205 2666 5261 Pater
2686 5206 2840 5262 inter
2865 5207 2980 5262 alia
3011 5215 3125 5262 nbn
3154 5205 3497 5280 dedignatus
3517 5207 3596 5260 est
3622 5198 3780 5291 hui"?-

2196 5295 2353 5349 modi
2381 5295 2666 5350 rationem
2696 5297 2956 5363 reddere,
2989 5296 3189 5351 dicens
3221 5313 3233 5350 :
3268 5296 3585 5352 Orationem
3620 5288 3777 5343 Domi-

2195 5382 2386 5440 nicam
2417 5383 2632 5439 idcirco
2667 5401 2798 5440 mox
2829 5389 2959 5458 post
2985 5401 3213 5458 precem
3245 5385 3511 5450 dicimus,
3537 5379 3654 5453 quia
3682 5386 3778 5428 mos

2195 5472 2592 5545 apostolorum
2619 5472 2726 5527 fuit
2745 5473 3096 5546 utadipsam
3124 5473 3487 5530 solummodo
3512 5465 3776 5525 orationem

2197 5561 2510 5618 oblationis
2539 5561 2790 5618 hostiam
2822 5569 3244 5621 consecrarent.
3280 5564 3346 5619 Et
3376 5560 3530 5619 valde
3557 5553 3680 5612 mihi
3710 5550 3776 5603 in-
