4054 6158
426 293 581 354 1039

1503 287 1898 349 BERNONIS
1943 287 2274 351 ABBATlS
2318 289 2759 354 AUGIENSIS.

3629 298 3752 361 l060

425 427 525 483 illo
552 424 949 499 capitulo.Sed
969 441 1101 479 cum
1125 427 1393 479 sanctum
1413 421 1753 494 Gregorium
1779 438 2073 494 nusquam
2104 426 2159 492 Α
2189 423 2363 496 paulo
2394 428 2524 496 post
2558 441 2570 478 :
2607 424 2766 479 Sicut
2795 424 2974 497 igitur
3017 425 3325 493 orationes,
3350 426 3426 481 ita
3467 431 3520 482 et
3555 427 3754 501 hymnos

425 517 692 589 legamus
721 517 914 588 ipsum
948 513 1230 585 hymnum
1255 511 1821 578 interdixisse,liceat
1838 516 2072 568 nostros

424 623 658 678 quoque
688 609 863 659 testes
893 602 1133 658 idoneos
1165 601 1676 672 introducere,quo
1697 617 1900 656 eorum
1922 601 2078 657 testi-

421 695 620 750 monio
649 693 834 766 possit
855 690 1463 763 probari,utrumnam
1475 691 1609 760 jure
1640 689 1849 744 debeat
1868 690 2080 747 decan-

421 783 555 838 tari.
589 781 733 836 Nam
765 795 899 834 cum
940 781 1227 851 scriptum
1264 779 1338 834 sit
1374 797 1385 834 :
1423 781 1482 833 In
1533 795 1629 833 ore
1671 779 1921 833 duorum
1971 783 2076 834 aut

419 870 599 926 trium
659 869 897 924 testium
950 871 1066 923 stat
1115 884 1287 923 omne
1337 867 1580 923 verbum
1641 867 1854 938 (Matth.
1887 867 2069 937 xvni),

420 961 586 1033 prius
612 961 905 1031 proferam
937 957 1106 1024 duos,
1132 957 1342 1013 deinde
1367 954 1607 1012 multos.
1632 955 1893 1027 Denique
1917 954 2075 1011 Tele-

420 1049 677 1121 sphorus
706 1063 878 1119 papa,
912 1063 946 1101 a
976 1046 1146 1101 beato
1178 1046 1342 1100 Petro
1373 1050 1631 1111 octavus,
1666 1043 1970 1099 constituit
2009 1048 2074 1099 ut

421 1144 558 1194 ante
587 1135 940 1193 sacrificium
972 1135 1229 1207 hymnus
1270 1134 1561 1190 diceretur
1610 1132 1928 1206 angelicas,
1963 1133 2072 1188 hoc

420 1232 550 1284 est:
586 1226 777 1284 Gloria
823 1225 884 1280 in.
939 1225 1181 1280 excelsis
1230 1228 1366 1280 Deo.
1393 1223 1652 1288 Qualiter
1698 1223 1826 1292 ejus
1866 1221 2074 1277 debeat

418 1317 574 1374 credi
600 1313 1221 1380 testimoni0,testatur
1248 1313 1591 1384 martyrium
1615 1311 1767 1383 quod
1793 1310 2073 1366 sustinuit

418 1423 521 1478 pro
555 1405 821 1462 Domino.
858 1402 936 1456 De
964 1401 1317 1474 Symmacho
1349 1417 1582 1473 quoque
1625 1418 1774 1472 papa
1814 1401 1894 1454 ita
1923 1399 2070 1472 legi-

421 1511 588 1550 mus:
610 1493 709 1547 Hic
741 1491 1049 1547 constituit
1082 1495 1144 1543 ut
1177 1490 1336 1544 omni
1369 1489 1462 1544 die
1481 1490 1784 1544 Dominica
1803 1489 1890 1544 vel
1914 1493 2073 1543 nata-

418 1583 562 1638 litiis
581 1585 900 1652 martyrum
919 1580 1124 1635 Gloria
1141 1580 1198 1634 in
1220 1580 1458 1636 excelsis
1480 1578 1735 1651 hymnus
1757 1578 2064 1634 diceretur.

418 1674 596 1744 Cujus
628 1669 958 1726 sanctitatis
987 1668 1071 1723 vir
1088 1668 1198 1724 iste
1228 1669 1422 1733 fuerit,
1446 1669 1515 1723 de
1539 1667 1708 1724 bonis
1731 1669 1858 1739 ejus
1881 1666 2068 1739 operi-

416 1763 530 1818 bus
561 1777 687 1832 quae
711 1759 862 1825 fecit,
878 1773 945 1813 ex
971 1757 1117 1813 libro
1139 1756 1510 1829 Dialogorum
1533 1756 1723 1829 legere
1739 1755 2068 1812 volentibus

415 1851 561 1908 satis
607 1848 873 1921 liquebit.
909 1847 1015 1902 Ubi
1060 1848 1266 1902 beatus
1317 1863 1468 1918 papa
1518 1846 1832 1918 Gregorius
1875 1849 2074 1900 narrat

420 1940 580 2012 quod
610 1938 849 2011 quidam
881 1936 1232 1992 Paschasius
1255 1940 1468 1992 sanctas
1501 1935 1773 1990 Romanae
1805 1932 2073 1988 Ecclesia:

415 2029 861 2094 diaconus,cum
896 2026 1042 2081 tanti
1070 2025 1258 2081 meriti
1294 2025 1448 2097 apud
1481 2025 1665 2080 Deum
1688 2027 1841 2080 esset
1864 2028 1928 2078 ut
1949 2022 2074 2094 qui-

419 2119 557 2174 dam
608 2116 1188 2181 daemoniacus,tacta
1210 2115 1338 2184 ejus
1371 2118 1501 2186 post
1548 2116 1795 2168 mortem
1827 2111 2074 2168 dalnati-

428 2223 516 2272 ea,
541 2223 574 2261 a
601 2205 860 2260 daemone
888 2205 965 2258 sit
994 2203 1279 2258 liberatus
1316 2219 1327 2258 :
1362 2207 1555 2257 tamen
1589 2201 1728 2273 quia
1756 2202 1899 2256 tanti
1933 2218 2073 2273 pon-

409 2295 588 2349 tiﬁcis
618 2292 968 2348 ordinationi
1004 2291 1236 2357 restitit,
1271 2291 1508 2346 cuidam
1542 2290 1813 2362 religioso
1859 2291 1980 2345 viro
2012 2290 2070 2344 in

411 2381 768 2456 purgatoriis
797 2381 985 2452 pomis
1015 2381 1397 2447 constitutus,
1432 2397 1546 2434 non
1599 2396 1702 2451 per
1750 2378 2068 2445 somnium,

410 2473 513 2528 sed
547 2469 855 2526 visibilitcr
882 2469 1250 2540 apparuit,ac
1273 2485 1376 2540 pro
1401 2485 1515 2540 qua
1553 2467 1724 2539 culpa
1755 2468 1873 2523 hazc
1906 2473 2069 2540 pate-

411 2565 573 2618 retur
604 2559 878 2615 innotuit.
914 2559 1056 2613 Ecce
1088 2559 1158 2613 de
1208 2557 1316 2613 hoc
1367 2557 1584 2628 hymno
1641 2557 1905 2629 angelico
1951 2558 2066 2612 duo

411 2655 587 2706 testes
619 2647 837 2704 inventi
872 2653 1009 2704 sunt
1041 2646 1256 2712 idonei,
1291 2646 1390 2718 qui
1439 2664 1472 2701 a
1521 2646 1776 2712 nemine,
1806 2650 1870 2700 ut
1902 2651 2062 2718 puto,

409 2743 661 2812 possunt
691 2736 1074 2802 refelli.Quod
1108 2736 1155 2791 si
1183 2735 1375 2790 adhuc
1407 2735 1616 2790 tertius
1639 2735 2064 2806 quaeritur,non

402 2830 529 2900 jam
563 2827 876 2892 unius,sed
907 2823 1208 2897 sexaginta
1249 2824 1657 2896 episcoporum
1710 2824 1766 2877 in
1801 2823 2063 2878 medium

409 2919 634 2992 prefcro
651 2914 1076 2984 testimonium,
1091 2914 1190 2985 qui
1218 2914 1275 2967 in
1294 2918 1502 2984 quarto
1522 2912 1798 2968 Toletano
1819 2912 2062 2968 concilio

407 3008 545 3081 (Tot.
579 3022 728 3063 conc.
751 3022 812 3072 11,
840 3021 966 3076 pag.
999 3004 1149 3074 730),
1182 3002 1239 3057 in
1272 3003 1508 3058 nomine
1541 3001 1770 3057 Domini
1814 3017 2060 3073 congre-

408 3095 549 3169 gati,
581 3100 700 3150 tam
735 3109 911 3166 super
941 3093 1050 3148 hoc
1095 3109 1273 3164 quam
1319 3109 1497 3164 super
1544 3091 1674 3146 aliis
1718 3090 2060 3162 hujusmodi

2101 1804 2148 1868 B

2187 514 2243 568 in
2277 513 2511 568 laudem
2546 513 2642 569 Dei
2674 514 3046 586 compositos,
3081 513 3278 570 nullus
3308 517 3611 572 nostrorum
3641 517 3756 574 ulte-

2186 602 2310 657 rius
2335 601 2644 674 improbet,
2680 603 2779 658 sed
2830 603 2951 674 pari
3001 603 3173 659 modo
3222 601 3407 659 Gallia
3435 601 3509 677 [in
3546 605 3757 680 Gallicia]

2185 691 2583 764 Hispaniaque
2613 690 2920 758 celebrent,
2953 692 3189 764 sintque
3226 694 3759 752 excommunicatione

2184 779 2476 852 plectendi
2525 781 2624 851 qui
2682 781 2890 854 hymos
2932 780 3168 852 rejieere
3217 781 3428 836 fuerint
3473 782 3605 836 ausi.
3634 786 3761 841 Unde

2185 873 2427 925 sanctus
2455 870 2626 926 Pater
2655 869 3000 925 Benedictus
3027 871 3200 940 jubet
3246 887 3352 925 nos
3398 871 3680 927 monachos
3705 875 3758 929 ad

2183 973 2389 1014 omnes
2418 958 2715 1031 regulares
2732 976 2940 1015 cursus
2971 958 3263 1014 celebrare
3294 959 3532 1031 hymnos
3552 978 3675 1032 quos
3693 963 3764 1019 ille

2182 1052 2350 1102 vocat
2376 1047 2813 1103 Ambrosianos.
2843 1048 2928 1103 Ad
2961 1047 3082 1108 haec
3131 1051 3320 1118 potest
3361 1047 3560 1120 aliquis
3598 1050 3763 1118 dicere,

2181 1139 2324 1190 tunc
2356 1136 2635 1207 temporis
2665 1134 2859 1191 Gallos
2880 1139 2935 1192 et
2962 1136 3252 1209 Hispanos
3284 1136 3342 1192 in
3366 1137 3651 1194 missarum
3671 1157 3767 1194 sun-

2183 1240 2316 1278 rum
2335 1224 2666 1280 celebritate
2679 1225 2832 1280 nond
2843 1242 2940 1280 um
2955 1224 3236 1283 habuisse
3245 1243 3422 1282 usum
3433 1232 3624 1282 sancta:
3635 1227 3764 1284 Rom.

2182 1308 2470 1364 Ecclesiae.
2505 1311 2665 1376 Quod
2698 1315 2755 1365 et
2786 1327 2892 1365 nos
2927 1327 3040 1366 non
3075 1328 3381 1385 negamus.
3415 1313 3658 1369 Testatur
3687 1313 3766 1371 hoc

2183 1397 2365 1453 abbas
2389 1399 2858 1464 Ililduvinus,vir
2886 1399 2945 1454 in
2977 1399 3176 1455 divina
3206 1399 3331 1472 lege
3354 1401 3599 1473 apprime
3617 1404 3766 1458 erudi-

2180 1486 2366 1553 tus,in
2393 1504 2460 1542 ea
2481 1487 2724 1560 epistola
2744 1505 2920 1560 quam
2943 1489 3013 1544 ad
3029 1489 3390 1544 Ludovicum
3427 1490 3768 1562 imperatorem

2181 1575 2394 1631 direxit
2423 1593 2527 1649 pro
2559 1578 2827 1648 passione
2857 1583 3198 1633 sanctorum
3231 1582 3545 1651 martyrum
3566 1579 3769 1651 Dionysii

2181 1669 2240 1720 et
2265 1665 2557 1721 sociorum
2576 1667 2723 1738 ejus.
2743 1667 2842 1722 ubi
2869 1667 3021 1722 inter
3041 1667 3157 1723 alia
3191 1685 3320 1740 quae
3360 1685 3474 1724 suae
3511 1669 3770 1725 narrationi

2180 1753 2527 1810 videbantur
2548 1771 2806 1827 congrua
2835 1754 2955 1811 haec
2987 1756 3199 1828 adjecit
3225 1774 3238 1812 :
3269 1755 3373 1812 Cui
3417 1757 3688 1829 astipulari
3710 1758 3772 1812 vi-

2184 1843 2398 1898 dentur
2426 1843 2824 1915 antiquissimi
2874 1849 2931 1900 et
2974 1845 3158 1901 nimia
3188 1849 3476 1902 vetustate
3505 1862 3633 1920 pene
3667 1863 3774 1903 con-

2185 1932 2405 2002 sumpti
2438 1931 2712 1988 missales
2742 1933 2895 1998 libri,
2929 1933 3300 1990 continentes
3334 1935 3520 1991 missa:
3564 1935 3771 1991 ordinem
3833 1933 3836 1938 ’

2184 2036 2345 2076 more
2378 2020 2616 2088 Gallico,
2645 2021 2745 2094 qui
2796 2022 2866 2077 ab
2904 2021 3070 2078 initio
3122 2028 3370 2094 receptis
3421 2023 3547 2079 fidei
3591 2041 3710 2080 usus
3732 2024 3774 2079 in

2183 2108 2292 2164 hac
2324 2111 2668 2168 occidentali
2699 2111 2870 2184 plaga
2897 2115 2986 2168 est
3029 2111 3291 2181 habitus,
3326 2129 3613 2186 usquequo
3652 2118 3777 2170 teno-

2184 2215 2328 2268 rem,
2363 2217 2476 2272 quo
2508 2217 2665 2257 nunc
2697 2201 2897 2269 utitur,
2933 2201 3266 2258 Romanum
3300 2203 3568 2276 suscepit.
3601 2203 3654 2259 In
3681 2219 3776 2258 nos

2181 2289 2255 2343 tri
2311 2306 2544 2362 quoque
2596 2290 2935 2346 monasterii
2983 2290 3216 2346 archivo
3281 2291 3526 2348 habetur
3575 2291 3777 2348 Missalis

2181 2377 2352 2450 longe
2385 2379 2552 2434 aliter
2576 2380 2880 2435 ordinatus
2912 2396 3091 2451 quam
3127 2380 3406 2436 Romanae
3454 2380 3693 2437 Ecclesiae
3730 2397 3776 2436 se

2181 2468 2392 2524 habeat
2423 2486 2586 2524 usus.
2621 2469 2688 2524 Et
2713 2469 2865 2540 quod
2899 2469 2968 2524 iis
3002 2469 3285 2526 omnibus
3334 2472 3523 2542 majus
3565 2476 3643 2526 est
3674 2487 3774 2525 cum

2179 2575 2298 2612 una
2344 2559 2420 2614 sit
2470 2560 2635 2624 ﬁdes,
2670 2574 2804 2614 cum
2837 2575 3014 2629 super
3065 2558 3392 2614 missarum
3425 2559 3775 2625 celebratione,

2178 2647 2500 2702 Galliarum
2523 2647 2789 2703 Ecclesiae
2812 2665 2844 2702 a
2867 2648 3130 2703 Romana
3151 2648 3489 2704 discordent
3506 2649 3775 2720 Augustino

2177 2735 2514 2805 requirenti,
2550 2735 2863 2808 Gregorius
2894 2737 3198 2808 respondit
3232 2754 3246 2792 :
3282 2737 3450 2792 Novit
3496 2736 3775 2792 fraternitas

2173 2827 2275 2878 tua
2323 2824 2597 2878 Romana;
2642 2824 2904 2880 Ecclesiae
2947 2825 3464 2893 consuetudinem,
3495 2825 3550 2881 in
3595 2843 3692 2898 qua
3730 2841 3775 2880 se

2173 2912 2441 2968 meminit
2470 2913 2812 2968 enutritum.
2845 2913 2952 2969 Sed
2987 2911 3132 2968 mihi
3165 2913 3361 2986 placet
3400 2919 3463 2970 ut
3482 2915 3591 2970 sive
3618 2914 3667 2969 in
3692 2913 3775 2968 Ro-

2171 3017 2365 3068 mana,
2401 3001 2520 3057 sive
2570 3002 2628 3057 in
2679 3002 2936 3074 qualibet
2981 3003 3242 3058 Ecclesia
3292 3003 3510 3076 aliquid
3553 3000 3775 3060 invenisti

2170 3091 2324 3161 quod
2356 3089 2490 3162 plus
2521 3091 2905 3164 omnipotenti
2941 3091 3056 3147 Deo
3089 3092 3280 3164 possit
3313 3093 3550 3164 placere,
3575 3091 3773 3148 sollicite

408 3185 645 3260 hymnis
679 3181 1202 3257 promulgaverunt
1224 3181 1522 3236 decretum
1547 3197 1673 3252 cap.
1697 3183 1780 3234 t2.
1805 3180 1884 3235 De
1901 3179 2064 3250 hym-
2094 3170 2136 3237 C
2173 3178 2376 3250 eligas,
2397 3186 2453 3234 et
2482 3179 2800 3252 Anglorum
2834 3179 3122 3247 Ecclesiae,
3147 3197 3279 3253 qua
3311 3181 3501 3238 adhuc
3531 3197 3661 3237 nova
3692 3185 3775 3248 est,

409 3275 524 3342 nis,
562 3274 860 3346 inquiunt,
895 3271 1069 3326 etiam
1103 3270 1382 3326 canendis
1411 3273 1468 3325 et
1498 3269 1812 3324 Salvatoris
1842 3274 1898 3324 et
1927 3284 2064 3340 apo-

407 3363 692 3420 stolorum
723 3361 1011 3416 habemus
1043 3359 1398 3431 exemplum.
1436 3359 1582 3413 Nam
1613 3363 1670 3413 et
1713 3359 1838 3430 ipse
1871 3355 2065 3412 Domi-

409 3469 522 3508 nus
549 3451 833 3523 hymnum
867 3448 1083 3504 dixisse
1116 3448 1478 3520 perhibetur,
1510 3447 1781 3503 Matthaeo
1821 3463 2065 3518 evange-

409 3541 546 3596 lista
576 3542 825 3594 testante
861 3554 874 3592 :
907 3541 975 3592 Et
1005 3542 1215 3607 hymno
1242 3536 1694 3603 dicto,c.vierunt
1729 3537 1789 3592 iu
1819 3541 2071 3591 montem

412 3628 631 3685 Oliveti
659 3630 885 3694 (Matth.
919 3627 1075 3695 xxv).
1103 3625 1168 3679 Et
1200 3623 1417 3679 Paulus
1448 3624 1749 3696 apostolus
1781 3625 1851 3679 ad
1884 3623 2070 3696 Ephe-

411 3719 530 3775 sios
556 3715 926 3788 subscripsit,
951 3714 1150 3770 dicens
1187 3731 1200 3768 :
1235 3714 1564 3782 Implemini
1592 3713 1818 3783 Spiritu
1850 3721 2070 3782 saneto,

410 3812 700 3880 loquentes
722 3803 1134 3874 vobismetipsis
1154 3804 1213 3858 in
1235 3805 1473 3873 psalmis
1495 3812 1548 3858 et
1565 3804 1794 3873 hymnis
1815 3810 1868 3858 ct
1891 3801 2075 3858 conti.

407 3900 490 3958 cis
505 3895 902 3968 spiritualibus
919 3895 1228 3965 (Ephrem).
1251 3893 1318 3948 Et
1337 3893 1477 3964 quia
1495 3893 1809 3948 cernebant
1826 3889 2074 3946 nonnul—

410 3990 500 4045 los
530 3987 588 4041 in
604 3983 860 4040 Ecclesia
881 4000 979 4040 eos
1003 3983 1252 4056 hymnos
1280 3981 1685 4054 spernere,qui
1713 3981 1973 4036 humano
1993 3979 2076 4034 in-

410 4077 580 4152 genio
594 4075 943 4132 videbantur
971 4073 1026 4126 in
1050 4072 1284 4128 laudem
1326 4070 1724 4144 apostolorum
1758 4075 1814 4125 et
1847 4074 2069 4141 marty-

411 4181 542 4222 rum
578 4163 910 4234 triumphos
935 4160 1241 4232 compositi
1286 4176 1437 4227 esse,
1457 4159 1832 4216 vehementer
1863 4173 2071 4230 argue-

410 4256 554 4310 bant
582 4269 680 4310 eos
700 4251 1041 4323 hujusmodi
1067 4250 1548 4316 verbis,diccntes
1574 4268 1586 4303 :
1605 4249 1908 4321 Respuent
1930 4251 1985 4301 et
2004 4245 2072 4300 il-

411 4343 538 4398 lum
556 4358 692 4415 ergo
716 4342 787 4397 ab
811 4340 1150 4395 hominibus
1176 4339 1776 4411 compositum,quem
1811 4336 2073 4410 quotidie

411 4431 644 4504 publico
660 4431 999 4502 privatoque
1012 4428 1202 4484 officio
1223 4427 1282 4482 in
1299 4429 1413 4484 fine
1429 4427 1693 4483 omnium
1710 4426 2070 4498 psalmorum

2174 3268 2244 3322 ad
2282 3269 2456 3323 fidem
2489 3269 2857 3325 institutione
2889 3270 3199 3341 praecipua,
3226 3287 3361 3342 quae
3395 3271 3464 3326 de
3493 3270 3674 3326 multis
3707 3269 3779 3324 Ec-

2175 3355 2370 3412 clesiis
2401 3356 2670 3430 colligere
2700 3357 2962 3429 potuisti,
2995 3357 3302 3415 infundas.
3345 3360 3468 3415 Non
3515 3360 3656 3416 enim
3699 3373 3776 3429 pro

2177 3445 2322 3502 locis
2353 3463 2465 3514 res,
2498 3448 2598 3502 sed
2649 3465 2750 3518 pro
2783 3447 2953 3503 bonis
3003 3447 3178 3503 rebus
3210 3446 3346 3504 loca
3377 3449 3615 3505 amanda
3651 3450 3776 3503 sunt.

2176 3539 2259 3593 Ex
2288 3537 2540 3612 singulis
2569 3553 2704 3609 ergo
2733 3537 3067 3608 quibusque
3097 3536 3388 3606 ecclesiis,
3409 3555 3530 3610 quae
3558 3538 3658 3609 pia,
3681 3549 3776 3606 qua

2180 3624 2603 3696 religiosa,quae
2637 3629 2790 3679 recta
2809 3628 2950 3679 sunt
2969 3622 3237 3696 eligas,et.
3267 3623 3390 3680 haec
3411 3625 3573 3696 quasi
3593 3620 3778 3678 vasculo

2179 3713 2420 3768 collecta
2448 3714 2600 3784 apud
2628 3711 2946 3784 Anglorum
2980 3718 3205 3768 mentes
3259 3714 3319 3768 in
3352 3713 3778 3769 consuetudinem

2180 3807 2390 3858 vertas.
2415 3802 2514 3856 His
2546 3802 2689 3857 satis
2724 3801 3074 3857 instruimur
3103 3801 3392 3873 exemplis
3419 3801 3495 3857 nil
3527 3818 3622 3857 nos
3641 3799 3780 3855 delin-

2183 3908 2381 3964 quere,
2414 3891 2463 3945 si
2512 3907 2600 3956 ea,
2635 3908 2760 3962 quae
2818 3907 2887 3946 ex
2932 3890 3283 3946 auctoritate
3338 3892 3677 3963 pontificum,
3705 3885 3779 3959 qui

2183 3980 2352 4036 illum
2380 3984 2648 4037 sanctum
2681 3981 2869 4034 virum
2902 3983 3164 4051 tempore
3191 3985 3630 4051 praecesserunt,
3649 3976 3783 4033 insti«

2185 4074 2311 4125 tuta
2333 4069 2785 4141 suscepimus,et
2798 4068 2884 4123 vel
2907 4085 2976 4124 ex
2997 4067 3437 4124 Gallicanarum
3459 4067 3780 4124 ecclesiarum

2184 4159 2746 4232 autllispanicarum
2781 4175 2889 4213 usu
2922 4157 3509 4224 mutuavimus,ﬁdeli
3532 4156 3782 4213 devotione

2184 4266 2508 4315 servamus,
2528 4248 2827 4303 imitantes
2859 4246 3044 4318 ipsius
3076 4245 3405 4303 beatissimi
3437 4263 3588 4320 papae
3617 4242 3781 4318 praedi-

2183 4338 2430 4392 candam
2463 4335 2876 4392 humilitatem.
2911 4336 3018 4399 Qui
3065 4352 3198 4392 cum
3253 4335 3783 4409 reprehenderetura

2184 4425 2536 4497 quibusdam
2569 4425 2725 4496 quod
2766 4423 3015 4480 aliarum
3047 4423 3431 4480 ecclesiarum
3479 4439 3678 4480 morem
3714 4437 3782 4474 se-

412 4517 1119 4583 dicimus:Gloria,honor
1134 4517 1536 4574 PalrietFilio
1551 4515 2072 4589 etSpirituisancto
2101 4539 2149 4605 D
2182 4519 2478 4586 queretur,
2513 4513 2667 4570 inter
2697 4513 2810 4570 alia
2841 4513 3075 4582 fatetur,
3109 4514 3314 4569 dicens
3342 4529 3356 4568 :
3393 4515 3448 4569 Si
3504 4511 3633 4586 quid
3675 4507 3782 4605 boni

410 4609 470 4665 in
499 4609 712 4666 saecula
743 4609 1307 4663 saeculorum/tmen.
1341 4605 1448 4660 Pro
1479 4622 1593 4677 quo
1623 4623 1728 4661 nos
1751 4604 2019 4660 canimus
2052 4620 2065 4658 :

410 4698 612 4756 Gloria
632 4697 802 4753 Patri
815 4704 871 4752 et
892 4696 1038 4753 Filio
1053 4702 1108 4750 et
1128 4695 1375 4764 Spiritui
1387 4701 1586 4751 sancto
1601 4712 1778 4768 usque
1799 4697 1854 4750 in
1874 4697 2063 4765 ﬁnem.

411 4788 479 4844 Et
509 4792 642 4861 post
673 4787 794 4842 haec
824 4785 1104 4840 inferunt.
1158 4785 1304 4841 Nam
1337 4789 1396 4840 et
1448 4784 1543 4840 ille
1587 4784 1842 4857 hymnus
1890 4800 2065 4856 quem

412 4883 546 4933 nato
578 4876 637 4933 in
659 4892 834 4933 carne
863 4874 1093 4932 Christo
1123 4873 1316 4948 angeli
1367 4874 1704 4930 cecinerunt
1732 4891 1744 4929 :
1769 4874 1957 4930 Gloria
2007 4875 2067 4928 in

411 4967 636 5022 excelsis
657 4969 839 5034 Deo,et
857 4967 917 5022 in
937 4973 1085 5021 terra
1101 4981 1214 5038 pax
1233 4964 1548 5021 hominibus
1569 4964 1726 5021 bona?
1744 4964 2062 5028 voluntatis,

413 5055 713 5127 angelicas
734 5060 842 5112 est.
879 5054 1123 5128 Reliqua
1153 5072 1280 5128 quae
1314 5054 1392 5109 ibi
1426 5059 1755 5127 sequuntur
1794 5051 2064 5109 ecclesia-

413 5144 544 5200 stici
571 5145 834 5202 doctores
867 5149 1342 5218 composuerunt.
1377 5145 1526 5216 Ergo
1548 5161 1652 5199 nec
1679 5143 1790 5216 ipsi
1814 5144 1871 5198 in
1893 5139 2067 5198 eccle-

414 5233 520 5289 siis
551 5235 795 5290 canendi
826 5238 982 5303 sunt,
1000 5235 1136 5305 quia
1168 5235 1226 5290 in
1259 5238 1601 5291 sanctarum
1625 5233 2063 5305 Scripturarum

413 5322 556 5380 locis
607 5340 722 5379 non
769 5323 1163 5379 inveniuntur.
1196 5324 1642 5396 Componuntur
1698 5321 1892 5378 missa:
1945 5321 2064 5377 sive

414 5429 636 5489 preces,
668 5413 757 5470 vel
805 5412 1098 5468 orationes
1158 5414 1279 5469 sive
1338 5411 1899 5479 commendationes,
1961 5426 2064 5468 seu

415 5519 627 5561 manus
648 5501 1147 5576 impositiones,ex
1178 5501 1392 5574 quibus
1418 5503 1465 5558 si
1499 5501 1659 5558 nulla
1681 5502 2067 5557 deeantantur

413 5595 475 5662 in
506 5593 1023 5666 Ecclesiayvacaut
1053 5591 1244 5652 ofﬁcia
1291 5591 1490 5652 omnia
1531 5591 1944 5652 ecclesiastica.
1994 5591 2064 5650 Et

2178 4605 2266 4659 vel
2319 4603 2448 4676 ipsa
2493 4603 2763 4659 videlicet
2809 4602 3477 4675 Constautinopolitana,
3515 4600 3596 4657 vel
3641 4599 3784 4655 altera

2179 4693 2437 4749 Ecclesia
2469 4693 2664 4761 habet,
2690 4708 2794 4765 ego
2825 4696 2881 4748 et
2910 4692 3166 4749 minores
3196 4709 3362 4749 meos
3393 4707 3538 4764 quos
3565 4690 3629 4746 ab
3649 4685 3782 4743 illici-

2179 4782 2257 4838 tis
2287 4781 2608 4854 prohibebo
2641 4782 2700 4836 in
2733 4782 2883 4838 bono
2913 4781 3130 4838 imitari
3163 4785 3408 4854 paratus
3437 4776 3782 4837 sum.Stultus

2175 4876 2266 4928 est
2296 4871 2452 4928 enim
2485 4871 2585 4942 qui
2617 4869 2678 4926 in
2719 4888 2784 4928 eo
2817 4886 2879 4927 se
2927 4871 3188 4944 primum
3241 4869 3534 4926 existimat
3579 4869 3636 4924 ut
3661 4865 3782 4920 bona

2176 4977 2304 5032 qua:
2350 4959 2558 5017 viderit
2615 4960 2838 5017 discere
2894 4963 3254 5017 contemnat.
3287 4959 3438 5016 Nam
3485 4958 3532 5014 si
3583 4954 3781 5020 ideo,ut

2175 5066 2328 5124 saepe
2345 5049 2763 5118 dictum,illum
2781 5049 3113 5123 angelicum
3137 5049 3427 5122 hymnum
3449 5043 3782 5120 prohibemur

2176 5139 2237 5195 in
2269 5141 2490 5197 festivis
2511 5139 2719 5197 diebus
2743 5156 2949 5197 canere
2985 5154 3050 5195 eo
3077 5139 3233 5211 quod
3271 5138 3649 5196 Romanorum
3675 5144 3778 5203 pre-

2177 5229 2394 5302 sbyteri
2443 5247 2557 5286 non
2612 5229 2802 5286 solent
2849 5245 2984 5285 eum
3035 5245 3260 5296 canere,
3296 5240 3602 5300 possumus
3633 5213 3779 5277 simili

2175 5321 2348 5376 modo
2397 5322 2527 5392 post
2578 5318 2960 5392 Evangelium
2993 5317 3329 5392 symbolum
3377 5315 3625 5381 reticere,
3653 5302 3778 5382 quod

2176 5409 2425 5465 Romani
2479 5424 2668 5481 usque
2727 5409 2799 5464 ad
2845 5408 2967 5464 haec
3025 5412 3290 5481 tempora
3341 5405 3482 5462 diva
3528 5394 3777 5458 memoria

2177 5499 2405 5555 Henrici
2437 5499 2811 5572 imperatoris
2844 5498 3004 5555 nullo
3039 5499 3211 5555 modo
3241 5493 3582 5552 cecinerunt.
3602 5486 3697 5544 Sed
3719 5497 3775 5572 an

2176 5590 2378 5648 eodem
2410 5571 2748 5665 interrogati
2778 5607 2880 5648 cur
2913 5590 2992 5648 ita
3024 5591 3278 5664 agerent,
3312 5601 3403 5646 me
3432 5595 3611 5641 coram
3656 5571 3776 5650 assi;
