4026 6184
216 352 384 416 1061.

1534 352 1636 413 DE
1681 348 1987 415 OFFICIO
2036 348 2318 414 MISSIE.

3476 353 3632 417 1062

215 490 431 545 stente.
466 485 661 542 audivi
685 501 785 541 eos
803 482 1147 557 hujusmodi
1165 499 1513 558 responsum
1530 484 1878 555 reddere,vi-
1904 487 1956 554 Α
1990 490 2121 559 post
2167 490 2429 543 octavam
2477 489 2867 554 Pentecostes,
2894 484 3026 544 aliis
3056 504 3086 543 e
3117 488 3348 561 regione
3397 492 3637 544 conten-

216 576 611 648 delicet,quod
646 575 910 631 Romana
934 573 1191 630 Ecclesia
1222 591 1336 629 non
1370 574 1575 631 fuisset
1604 574 1871 647 aliquan-

218 666 293 722 do
325 664 449 721 ulla
477 664 768 721 haereseos
799 663 933 718 fasce
966 662 1308 731 infecta,sed
1331 663 1655 720 secundum
1686 664 1873 720 sancti

218 754 375 812 Petri
406 753 735 810 doctrinam
763 751 823 807 in
855 750 1147 808 soliditate
1176 752 1471 809 catholica
1498 753 1632 808 fidei
1653 770 1877 826 perma-

182 846 387 901 'neret
410 843 762 899 inconcussa
792 858 806 898 :
840 846 895 898 et
924 841 1056 897 ideo
1100 842 1292 916 magis
1339 841 1432 897 his
1479 843 1875 899 necessarium

219 950 354 991 esse
383 931 527 989 illud
557 930 887 1005 symbolum
920 931 1134 1004 saepius
1165 932 1453 987 cantando
1485 932 1874 1004 frequentare,

180 1038 189 1089 ὲ
219 1023 323 1095 qui
356 1021 671 1095 aliquando
704 1019 823 1076 ulla
852 1019 1058 1075 haeresi
1109 1025 1426 1093 potuerunt
1473 1022 1775 1078 maculari.
1808 1024 1881 1078 At

175 1120 179 1163 :
219 1111 499 1169 dominus
524 1111 843 1183 imperator
873 1127 990 1166 non
1020 1114 1192 1167 antea
1220 1110 1393 1169 desiit
1414 1128 1591 1184 quam
1614 1112 1879 1169 omnium

172 1216 175 1225 '
221 1218 516 1259 consensu
548 1200 605 1255 id
632 1199 871 1256 domino
900 1199 1203 1256 Benedicto
1226 1200 1544 1274 apostolico
1566 1202 1877 1275 persuasit,

154 1288 165 1337 Γ
222 1295 288 1346 ut
319 1290 393 1346 ad
413 1287 709 1363 publicam
728 1289 971 1344 missam
990 1287 1133 1344 illud
1153 1290 1661 1347 decantarent.Sed
1682 1296 1880 1359 utrum

147 1364 153 1381 ’
219 1379 377 1435 hanc
402 1378 888 1435 consuetudinem
920 1383 1150 1434 servent
1196 1378 1388 1434 adhuc
1438 1373 1730 1437 affirmare
1766 1398 1881 1437 non

221 1468 548 1542 possimus,
600 1466 739 1539 quia
788 1471 1011 1523 certum
1073 1484 1189 1523 non
1243 1473 1528 1524 tenemus.
1580 1469 1655 1524 Eo
1705 1472 1880 1526 etiam

222 1558 403 1614 modo
435 1560 681 1629 possunt
710 1557 882 1629 objici
915 1555 1101 1611 multa
1133 1574 1259 1629 qua:
1289 1562 1419 1630 post
1452 1558 1637 1614 sancti
1669 1559 1882 1632 Grego-

222 1647 297 1701 rii
351 1650 618 1718 tempora
664 1661 843 1701 causa
885 1645 1109 1701 decoris
1159 1645 1431 1702 videntur
1475 1648 1727 1703 adducta
1757 1648 1882 1720 [al.,

222 1735 502 1808 adjecta],
554 1750 690 1789 cum
735 1733 1091 1789 ascontrario
1140 1732 1451 1791 Psalmista
1499 1735 1698 1792 dicat:
1733 1737 1883 1810 Adji-

1981 575 2278 643 dentibus,
2309 576 2370 631 in
2400 576 2509 633 hac
2541 576 2929 645 solemnitate,
2950 576 3092 649 quia
3117 577 3368 650 Spiritus
3398 581 3637 637 sanctus

1983 683 2160 737 super
2188 665 2483 739 apostolos
2512 665 2572 721 in
2603 664 2822 739 linguis
2852 665 3041 739 igneis
3065 666 3478 739 at‘paruit,non
3503 665 3638 739 plus

1985 771 2162 827 quam
2194 758 2419 828 septem
2451 755 2576 811 dies
2606 756 2815 811 debere
2840 755 3088 828 expendi
3111 756 3283 826 juxta
3311 755 3464 811 dona
3484 756 3639 827 ejus~

1985 845 2119 900 dem
2152 844 2406 916 Spiritus
2432 844 2641 901 sancti.
2675 845 2785 900 Sed
2817 845 2888 901 ad
2920 844 3071 900 hanc
3100 844 3262 900 litem
3284 844 3436 900 inter
3453 848 3640 900 utras-

1958 949 2098 1006 ‘que
2126 937 2320 1006 partes
2348 933 2759 1001 dirimendam,
2792 933 2920 1006 ipso
2958 937 3159 990 sancto
3205 932 3428 1007 Spiritu
3472 934 3639 1006 adju-

1985 1023 2568 1091 vante,ostendamus
2583 1022 2677 1078 cui
2693 1023 2841 1095 parti
2860 1023 3069 1079 merito
3089 1024 3276 1080 favere
3297 1023 3637 1080 debeamus.

1987 1110 2135 1167 Nam
2167 1128 2302 1168 cum
2332 1116 2387 1167 S.
2421 1111 2786 1186 Augustinus
2812 1113 3014 1169 doctor
3040 1112 3311 1187 egregius
3332 1113 3404 1170 de
3427 1129 3644 1169 sermo-

1990 1218 2063 1257 ne
2094 1201 2328 1257 Domini
2359 1201 2417 1256 in
2450 1206 2647 1257 monte
2677 1200 2877 1257 habito
2908 1200 3257 1274 disputaret,
3289 1205 3346 1258 et
3375 1201 3642 1273 singulas

1988 1290 2383 1347 beatitudines
2412 1294 2636 1364 septem
2668 1291 2837 1346 donis
2867 1289 3117 1362 Spiritus
3137 1290 3324 1347 sancti
3345 1305 3644 1364 compara-

1991 1384 2079 1435 ret
2110 1396 2124 1435 :
2160 1397 2297 1436 nam
2328 1380 2521 1452 prima
2550 1379 2851 1435 beatitudo
2880 1378 3096 1451 incepit
3130 1396 3143 1435 :
3178 1381 3333 1436 Beati
3375 1395 3645 1452 pauperes

1989 1470 2212 1541 spiritu,
2244 1471 2505 1543 quoniam
2536 1471 2777 1540 ipsorum
2806 1476 2881 1525 est
2913 1485 3139 1541 regnum
3158 1469 3417 1524 calorum
3438 1468 3637 1540 (Matth.

1992 1559 2068 1629 v),
2106 1574 2240 1613 cum
2271 1558 2343 1613 ad
2377 1562 2638 1613 octavam
2669 1556 3015 1629 perveniret,
3046 1558 3129 1613 ita
3156 1556 3356 1612 intulit
3387 1573 3400 1613 :
3433 1556 3646 1613 Octava

1992 1650 2276 1720 tanquam
2306 1647 2377 1702 ad
2410 1650 2586 1718 caput
2615 1646 2784 1715 redit,
2819 1646 2957 1718 quia
3005 1649 3484 1703 consummatum
3514 1662 3644 1718 per-

1993 1736 2328 1808 fectumque
2357 1734 2613 1790 ostendit
2638 1739 2695 1790 et
2724 1734 3159 1807 probat.Itaque
3183 1734 3242 1790 in
3269 1734 3463 1808 prima
3481 1739 3539 1790 et
3559 1749 3647 1790 oc-

220 1827 375 1881 ciam
400 1839 564 1895 super
590 1839 805 1880 omnem
835 1822 1053 1879 laudem
1092 1827 1244 1879 tuam
1276 1824 1452 1895 (Psal.
1486 1826 1635 1895 cxx).
1670 1827 1741 1882 Et
1772 1826 1885 1881 mi-
1914 1860 1963 1925 B
1992 1830 2125 1881 tava
2154 1824 2525 1881 nominatum
2555 1827 2644 1879 est
2673 1840 2917 1897 regnum
2949 1823 3402 1880 cmlorum.Cum
3433 1822 3648 1880 dicitur

220 1929 362 1970 rum
390 1911 558 1968 valde
581 1911 811 1967 videtur
842 1928 977 1967 cum
1006 1915 1163 1968 certa
1188 1912 1263 1967 sit
1294 1912 1515 1969 ratione
1544 1913 1883 1985 discretum,

221 2001 372 2075 quid
404 2000 513 2057 soli
538 1999 710 2057 liceat
758 2001 1053 2073 episcopo,
1087 2018 1202 2055 non
1253 2005 1450 2057 autem
1500 2004 1836 2077 presbytero
1870 2022 1884 2061 :

218 2088 519 2158 videlicet,
553 2094 619 2146 ut
648 2090 718 2146 ad
752 2090 1091 2162 episcopum
1126 2091 1454 2163 pertineant
1491 2092 1889 2151 ordinationes

224 2180 602 2248 clericorum,
634 2177 1024 2235 dedicationes
1072 2178 1470 2250 ecclesiarum,
1504 2182 1653 2238 sacri
1704 2182 1889 2238 chris-

226 2270 412 2327 matis
435 2268 742 2339 confectio,
777 2268 849 2323 ad
882 2268 1144 2324 dandum
1175 2269 1457 2341 Spiritum
1506 2269 1889 2343 paracletum,

227 2375 405 2415 sacra
438 2357 738 2430 impositio
788 2373 1096 2423 manuum,
1129 2356 1269 2429 quid
1320 2356 1477 2413 aliud
1528 2375 1657 2415 esse
1706 2360 1894 2431 possit

226 2449 295 2505 in
354 2445 737 2503 sacramentis
785 2445 996 2501 divinis
1045 2447 1201 2519 quod
1251 2464 1365 2502 non
1417 2448 1493 2503 sit
1538 2449 1893 2521 presbyteris

229 2552 551 2593 commune
580 2552 715 2590 cum
760 2534 1071 2608 episcopis,
1106 2536 1395 2608 prarcipue
1444 2553 1577 2592 cum
1628 2537 1686 2592 id
1737 2539 1892 2610 quod

227 2624 796 2682 excellentissimum
827 2627 915 2680 est
946 2624 1003 2678 in
1036 2624 1309 2680 omnibus
1342 2627 1748 2695 sacramentis,
1766 2644 1896 2683 san-

224 2720 402 2771 ctum
432 2712 701 2769 videlicet
731 2730 943 2785 corpus
982 2718 1038 2769 et
1087 2714 1429 2786 sanguinem
1482 2715 1718 2785 Christi,
1751 2733 1894 2789 quo-

221 2803 384 2859 tidie
411 2802 564 2859 sicut
608 2801 887 2874 episcopi,
920 2801 1003 2857 ita
1053 2807 1111 2857 et
1160 2808 1501 2860 consecrent
1548 2806 1896 2878 presbyteri,

221 2908 348 2949 nec
378 2891 641 2948 sanctius
666 2891 743 2947 sit
770 2890 1004 2946 illorum
1038 2908 1213 2964 quam
1234 2892 1529 2948 -istorum..
1549 2893 1712 2949 Unde
1761 2912 1895 2950 san-

223 2985 375 3039 ctus
432 2980 820 3053 Hieronymus
888 2980 1029 3035 dicit
1083 2981 1154 3035 de
1212 2981 1424 3038 iisdem
1489 2984 1894 3056 presbyteris:

217 3070 304 3126 Hi
337 3084 594 3142 namque
622 3067 681 3122 in
709 3068 1111 3125 benedictione
1137 3086 1271 3124 cum
1322 3070 1611 3142 episcopis
1658 3088 1897 3127 consor-

218 3163 328 3213 tes
363 3161 505 3212 sunt
536 3156 952 3229 mysteriorum
985 3173 1050 3213 ac
1083 3157 1247 3213 nulla
1278 3158 1336 3213 in
1368 3160 1728 3216 conﬁciendo
1773 3178 1896 3217 cor-

220 3262 382 3322 pore
434 3245 654 3303 Christi
705 3262 771 3302 ac
818 3246 1107 3320 sanguine
1153 3247 1309 3303 inter
1348 3265 1451 3305 vos
1493 3253 1551 3305 et
1594 3250 1898 3323 episcopos
1928 3229 1971 3297 C

223 3335 532 3394 credenda
561 3335 842 3391 distantia
873 3336 1130 3409 est.quia
1150 3341 1208 3392 et
1226 3336 1644 3394 eucharistiam
1670 3339 1897 3412 pridem

221 3442 341 3500 per
368 3424 739 3498 presbyteros
771 3425 1162 3493 benedictum,
1197 3426 1248 3481 si
1274 3427 1594 3483 necessitas
1622 3428 1895 3502 exegerit,

224 3514 502 3586 accipere
551 3513 783 3570 debent.
818 3514 887 3569 Et
933 3518 1067 3586 post
1114 3531 1302 3587 pauca
1334 3533 1347 3571 :
1382 3516 1527 3571 Nam
1578 3516 1628 3573 si
1658 3518 1792 3590 quis
1822 3518 1895 3574 ad

223 3602 519 3675 injuriam
552 3606 799 3669 revocat,
835 3605 900 3657 ut
930 3605 1093 3674 putet
1123 3618 1239 3657 non
1272 3603 1480 3659 debere
1526 3621 1588 3660 se
1637 3605 1898 3678 accipere

223 3690 656 3752 eucharistiam
690 3706 869 3763 quam
902 3690 1204 3763 presbyter
1234 3691 1610 3760 benedicit,is
1643 3695 1896 3765 profecto

223 3795 548 3854 pervorsus
578 3781 668 3834 est
703 3796 716 3833 :
748 3778 992 3834 credens
1024 3778 1205 3835 Deum
1238 3780 1353 3836 duo
1384 3797 1627 3854 corpora
1657 3781 1897 3841 habuis-

223 3887 316 3937 se,
354 3884 543 3925 unum
572 3867 953 3940 majus,aliud
986 3867 1220 3937 minus;
1255 3870 1409 3942 quod
1433 3870 1743 3945 episcopus
1766 3889 1900 3929 con-

226 3960 361 4016 ﬁcit
386 3959 604 4031 majus,
638 3958 793 4031 quod
832 3959 1152 4031 presbyteri
1188 3959 1419 4031 minus;
1447 3961 1548 4033 qui
1597 3960 1897 4019 Christum

226 4051 313 4107 ita
344 4048 577 4115 dividit,
609 4047 722 4104 Deo
778 4047 1059 4118 injuriam
1106 4048 1263 4103 facit.
1297 4049 1484 4120 Super
1532 4048 1653 4106 haec
1701 4051 1900 4108 omnia

224 4152 374 4194 eum
403 4136 467 4192 in
500 4135 689 4208 capite
720 4134 857 4191 libri
885 4135 1403 4210 missalis,quando
1433 4138 1757 4212 presbyteri
1788 4140 1897 4196 Ro-

225 4226 400 4283 mani
435 4224 618 4282 Gloria
652 4227 711 4281 in
739 4226 968 4281 excelsis
1009 4230 1120 4282 Deo
1168 4242 1375 4283 canere
1424 4233 1481 4283 et
1526 4245 1642 4285 non
1692 4246 1898 4286 canere

226 4314 489 4382 soleant,
521 4312 775 4387 legimus
824 4312 1195 4370 solummodo
1239 4315 1657 4387 praztitulatum
1692 4334 1705 4373 :
1757 4335 1896 4374 nus-

228 4420 418 4479 quam
455 4406 652 4459 autem
687 4402 772 4459 vel
805 4419 840 4458 a
869 4403 1038 4459 beato
1069 4420 1219 4475 papa
1250 4404 1545 4476 Gregorio,
1578 4406 1667 4461 vel
1704 4406 1898 4480 aliquo

227 4496 579 4550 sanctorum
631 4492 870 4569 Patrum
922 4492 1095 4548 nobis
1137 4493 1514 4550 interdictum
1559 4500 1724 4568 puto,
1754 4497 1897 4568 quin

1998 1918 2193 1970 autem
2218 1932 2231 1969 :
2255 1912 2394 1978 Quis
2421 1929 2528 1969 nos
2558 1913 2855 1985 separabit
2885 1929 2919 1968 a
2949 1912 3272 1969 charitate?
3301 1911 3650 1969 tribulatio?

1997 2021 2071 2060 an
2102 2002 2414 2076 angustia'?
2440 2019 2515 2057 an
2545 2001 2873 2075 persecutio
2885 2000 2914 2056 ?
2930 2018 3003 2056 an
3031 2001 3214 2058 fames
3229 2001 3258 2057 ?
3272 2019 3347 2058 an
3370 2001 3607 2058 auditas
3622 2000 3651 2056 ‘?

1998 2110 2072 2148 an
2105 2090 2478 2165 periculum?
2508 2108 2580 2146 an
2614 2090 2879 2164 gladius;
2916 2092 3063 2147 Rom.
3088 2091 3209 2164 νιιι)
3243 2094 3467 2164 septem
3510 2092 3652 2147 sunt

2000 2198 2136 2255 ergo
2168 2198 2295 2253 quae
2324 2180 2637 2252 perficiunt
2659 2196 2672 2235 :
2698 2196 2836 2235 nam
2866 2184 3067 2237 octava
3094 2178 3463 2249 clariﬁcat,et
3492 2179 3650 2251 quod

2000 2270 2321 2343 perfectum
2351 2272 2440 2324 est
2469 2269 2830 2325 demonstrat
2860 2271 2925 2323 ut
2953 2285 3056 2340 per
3082 2267 3192 2325 hos
3218 2268 3436 2341 gradus
3474 2268 3653 2340 perfi-

2001 2360 2234 2414 ciantur
2260 2363 2317 2414 et
2354 2357 2568 2425 caeteri,
2598 2362 2880 2429 tanquam
2913 2374 2948 2413 a
2975 2358 3165 2429 capite
3206 2373 3442 2413 rursum
3489 2373 3653 2413 exor-

2004 2447 2449 2504 diens.Videtur
2472 2463 2609 2520 ergo
2640 2446 2784 2502 mihi
2811 2446 2988 2502 etiam
3020 2444 3375 2519 septiformis
3396 2445 3655 2518 operatio

2003 2536 2259 2609 Spiritus
2290 2536 2498 2603 sancti,
2530 2535 2602 2590 de
2632 2551 2749 2607 qua
2780 2534 2963 2591 Isaias
2993 2534 3254 2607 loquitur
3282 2537 3410 2605 (Isa.
3434 2534 3539 2606 x1),
3561 2533 3656 2589 his

1995 2625 2285 2698 gradibus
2303 2624 2728 2695 sententiisque
2745 2624 3157 2696 congruere.Et
3172 2627 3305 2696 post
3319 2622 3621 2695 aliquanta
3640 2640 3653 2679 :

2005 2714 2133 2769 Haec
2163 2719 2365 2769 octava
2392 2712 2833 2783 sententia,qum
2854 2712 2922 2767 ad
2949 2716 3122 2784 caput
3142 2712 3291 2767 redit
3310 2711 3658 2785 perfectum-

2004 2819 2117 2874 que
2148 2802 2447 2857 hominem
2474 2798 3047 2872 declarat,signiﬁcat
3067 2799 3310 2855 fortasse
3329 2803 3388 2855 et
3405 2798 3657 2855 circum-

2005 2890 2287 2946 cisionem
2318 2894 2519 2945 octava
2548 2888 2642 2943 die
2682 2887 2743 2943 in
2793 2887 2986 2943 Veteri
3035 2888 3430 2956 Testamento,
3462 2892 3520 2943 et
3547 2886 3657 2943 Do-
3734 2890 3745 2901 ‘

2006 2980 2150 3036 mini
2181 2977 2664 3035 resurrectionem
2695 2981 2827 3050 post
2853 2975 3311 3048 Sabbatum,qui
3338 2980 3427 3032 est
3458 2975 3659 3048 utique

2006 3073 2244 3125 octavus
2276 3068 2401 3123 dies
2430 3066 2704 3138 idemque
2727 3066 2956 3139 primus
2979 3065 3188 3132 dies,et
3208 3063 3659 3121 celebrationem

2007 3162 2341 3215 octavarum
2374 3156 2651 3212 feriarum
2683 3172 2830 3228 quas
2860 3155 2921 3211 in
2951 3154 3386 3228 regeneratione
3411 3153 3543 3210 novi
3564 3153 3666 3210 ho-

2009 3248 2187 3303 minis
2218 3245 2582 3303 celebramus
2613 3250 2671 3301 et
2701 3261 2944 3301 numero
2966 3245 3094 3317 ipso
3114 3243 3661 3300 Pentecostes.Nam

2007 3335 2334 3410 septenario
2357 3351 2602 3392 numero
2620 3334 2837 3407 septies
2854 3332 3385 3407 multiplicato,quo
3403 3331 3557 3387 fiunt
3582 3331 3660 3401 l9,

2007 3425 2175 3500 quasi
2224 3430 2460 3482 octavus
2506 3424 2761 3491 additur,
2794 3428 2860 3479 ut
2887 3425 2959 3479 50
2988 3422 3414 3495 compleantur,
3446 3425 3504 3477 et
3534 3423 3663 3477 tan-

2007 3532 2185 3588 quam
2204 3516 2474 3572 redeatur
2489 3515 2560 3571 ad
2582 3518 2781 3587 caput,
2806 3530 2923 3585 quo
2943 3512 3037 3568 die
3059 3511 3280 3568 missus
3299 3515 3389 3567 est
3407 3509 3661 3583 Spiritus

2007 3609 2269 3672 sanctus,
2313 3620 2428 3677 quo
2479 3604 2539 3659 in
2591 3618 2837 3676 regnum
2885 3600 3166 3658 caelorum
3214 3600 3574 3666 inducimur,
3606 3602 3665 3655 et
3738 3660 3741 3665 _

2007 3692 2409 3749 hereditatem
2439 3690 2845 3764 accipimus,et
2865 3690 3322 3759 consolamur,et
3341 3688 3661 3761 pascimur,

2007 3788 2063 3839 et
2095 3781 2561 3838 misericordiam
2609 3780 3047 3853 consequimur,
3089 3783 3147 3835 et
3193 3778 3572 3843 mundamur,
3606 3782 3663 3833 et

2008 3871 2405 3945 paciﬁcamur,
2439 3874 2615 3942 atque
2644 3869 2729 3924 ita
2757 3868 2996 3941 perfecti
3046 3884 3250 3924 omnes
3298 3868 3662 3924 extrinsecus

2007 3960 2200 4018 illatas
2232 3959 2531 4017 molestias
2561 3975 2666 4031 pro
2687 3958 2928 4014 veritate
2947 3961 3004 4013 et
3015 3957 3253 4029 justitia
3274 3957 3659 4013 sustinemus.

2008 4051 2086 4106 Ex
2111 4050 2205 4107 his
2231 4051 2290 4105 S.
2322 4047 2634 4122 Augustini
2663 4045 2857 4103 verbis
2902 4045 3124 4118 liquido
3173 4049 3365 4119 potest
3412 4043 3662 4116 intelligi

2009 4138 2149 4211 quid
2179 4138 2250 4195 de
2280 4137 2498 4194 octavis
2529 4136 2894 4192 Pentecostes
2932 4133 3120 4207 possit
3165 4133 3390 4188 sentiri.
3421 4133 3535 4188 Sed
3566 4132 3663 4186 in-

2007 4228 2179 4284 terim
2210 4227 2299 4282 vel
2330 4226 2579 4282 breviter
2598 4226 2670 4281 de
2690 4226 3057 4281 sacramento
3080 4222 3265 4278 nostri
3289 4220 3661 4294 baptismatis

2007 4315 2228 4389 aliquid
2257 4315 2591 4388 loquamur,
2625 4313 2780 4386 quod
2823 4313 2881 4368 in
2930 4311 3381 4368 similitudinem
3431 4309 3661 4380 mortis,

2007 4404 2344 4480 sepulturae,
2378 4402 2823 4461 resurrectionis
2853 4401 3069 4457 Christi
3109 4400 3352 4474 regitur,
3383 4398 3662 4472 Apostolo

2007 4499 2155 4552 teste
2185 4495 2287 4567 qui
2320 4494 2400 4549 ait
2432 4510 2445 4550 :
2481 4496 2807 4567 Quicunque
2836 4492 3106 4563 baptimti
3138 4505 3328 4546 sumus
3358 4491 3419 4545 in
3448 4490 3664 4547 Christo

228 4581 399 4639 omni
421 4580 516 4636 die
535 4580 841 4637 Dominica
863 4580 953 4638 vel
974 4581 1035 4636 in
1058 4585 1396 4639 sanctorum
1424 4584 1704 4640 natalitiis
1724 4584 1897 4641 liceat
1926 4603 1972 4668 Ι)
2004 4586 2149 4651 Iesu,
2183 4586 2245 4639 in
2274 4590 2447 4639 morte
2476 4584 2650 4655 ipsius
2680 4582 2942 4653 baptizati
2967 4579 3499 4652 sumus.Consepulti
3516 4580 3665 4634 enim

228 4670 411 4727 nobis
441 4686 593 4743 smpe
624 4670 848 4726 dictum
875 4670 1162 4744 hymnum
1185 4688 1392 4730 canere
1414 4673 1484 4728 ad
1510 4679 1895 4746 augmentum
1933 4667 1947 4668 ί
2004 4690 2194 4731 sumus
2222 4689 2348 4730 cum
2377 4673 2476 4728 illo
2501 4687 2604 4744 per
2635 4671 2963 4743 baptismum
2988 4672 3049 4725 in
3068 4676 3381 4737 mortem,ut
3400 4667 3663 4741 quomodo

227 4759 437 4818 laudis
468 4758 696 4816 divinas.

881 4849 1112 4907 CAPUT
1161 4851 1257 4907 III.

720 4939 797 4994 De
826 4943 1017 4995 octava
1056 4945 1417 4998 Pentecostes.

308 5026 415 5084 His
447 5025 532 5083 ita
563 5028 862 5100 utcunque
888 5028 1154 5102 digestis,
1188 5047 1304 5086 non
1354 5030 1624 5088 absimile
1671 5032 1902 5090 videtur

231 5114 288 5171 si
319 5115 467 5188 quid
499 5116 571 5172 de
600 5118 816 5175 octavis
844 5117 1218 5175 Pentecostes
1246 5118 1732 5193 loquamur.Nam
1756 5122 1897 5178 dum

232 5204 437 5261 adhuc
469 5205 624 5277 apud
645 5205 839 5262 Gallos
864 5222 1054 5263 essem
1078 5208 1582 5277 constitutus,non
1606 5209 1896 5268 modicam

233 5308 418 5365 super
448 5292 558 5349 bac
588 5309 649 5349 re
679 5295 1066 5366 quaestionem
1115 5297 1355 5370 cognovi
1403 5304 1661 5356 exortam
1692 5298 1752 5355 in
1783 5299 1899 5357 illis

232 5381 603 5455 regionibus,
663 5382 794 5441 aliis
850 5385 1287 5443 affirmantibus
1351 5388 1507 5460 quod
1567 5388 1646 5444 sit
1702 5390 1897 5444 Domi-

232 5471 383 5527 nica
414 5471 746 5530 Nativitatis
776 5490 843 5530 ac
874 5473 1360 5544 Resurrectionis,
1388 5476 1469 5534 ita
1493 5481 1784 5556 oporteret
1814 5495 1900 5536 ce-

230 5558 467 5619 lebrare
497 5565 554 5618 et
584 5567 818 5631 octavas
850 5563 1240 5635 Pentecostes,
1272 5566 1562 5641 praecipue
1610 5583 1745 5624 cum
1784 5585 1894 5625 saa-

230 5648 379 5734 pins
408 5651 466 5710 in
488 5650 708 5713 nostris
729 5652 1081 5714 ofﬁcialibus
1104 5654 1272 5715 libris
1293 5657 1579 5739 scriptum
1605 5656 1893 5734 legamus,

2007 4763 2255 4817 surrexit
2283 4760 2524 4816 Christus
2551 4775 2586 4813 a
2614 4759 2844 4814 mortuis
2868 4774 2972 4830 per
2996 4758 3235 4830 gloriam
3260 4758 3467 4825 Patris,
3501 4757 3581 4812 ita
3611 4759 3665 4812 et

2008 4868 2107 4908 nos
2137 4853 2198 4906 in
2226 4850 2469 4906 novitate
2496 4849 2624 4905 vita
2652 4848 3011 4903 ambulemus.
3041 4846 3106 4903 Si
3130 4848 3280 4904 enim
3306 4845 3666 4917 complantati

2007 4941 2145 5012 facti
2170 4955 2358 4995 sumus
2384 4936 2743 4993 similitudini
2769 4939 2965 4992 mortis
2994 4936 3132 5008 ejus,
3154 4935 3324 4991 simul
3342 4942 3394 4990 et
3422 4949 3663 4990 resurre-

2007 5030 2208 5085 ctionis
2237 5029 2443 5084 erimus
2471 5029 2644 5097 (Rom.
2678 5024 2781 5097 v1),
2814 5029 2870 5081 et
2899 5030 3129 5081 cetera.
3162 5022 3327 5079 Unde
3373 5027 3430 5079 et
3454 5023 3663 5079 beatus

2009 5135 2163 5192 papa
2192 5118 2305 5174 Leo
2340 5134 2352 5173 :
2386 5116 2451 5173 In
2482 5114 2876 5189 baptismatis,
2908 5113 3120 5186 inquit,
3153 5110 3355 5186 regula
3402 5115 3461 5168 et
3503 5126 3662 5167 mors

2007 5207 2320 5265 intervenit
2348 5205 2750 5263 interfectione
2779 5202 2999 5278 peccati
3021 5221 3035 5260 :
3056 5202 3419 5276 sepulturam
3440 5200 3662 5257 tridua-

2009 5315 2147 5354 nam
2178 5296 2445 5353 imitatur
2473 5294 2774 5363 dimersio,
2804 5297 2862 5351 et
2891 5294 2963 5350 ab
2997 5292 3168 5367 aquis
3198 5291 3661 5361 elevatio,resur-

2007 5387 2198 5461 gentis
2230 5385 2417 5442 instar
2445 5388 2534 5442 est
2554 5384 2626 5440 de
2649 5381 3107 5457 sepulcro,Unde
3127 5381 3454 5439 rectissime
3474 5378 3663 5438 sancti

2006 5477 2206 5534 Patres
2217 5476 2333 5532 duo
2345 5478 2574 5531 tantum
2587 5472 2854 5547 legitima
2865 5472 3210 5545 temporaad
3222 5471 3636 5545 baptizandum
3645 5510 3661 5538 ,

2005 5566 2057 5624 si
2089 5565 2253 5623 nulla
2272 5564 2592 5623 necessitas
2615 5561 3381 5633 intervenit,constituerunt
3405 5577 3418 5616 :
3442 5561 3660 5617 Sabba-

1993 5662 2131 5717 tum
2162 5655 2428 5717 videlicet
2451 5653 2687 5714 Pascha:
2708 5658 2765 5712 et
2785 5653 3105 5713 Sabbatum
3132 5648 3661 5715 PentecostesQua
