4054 6158
482 253 500 315 l
513 252 631 315 063
1551 246 1943 309 BERNONIS
1987 245 2083 306 AB

2187 245 2315 307 TIS
2359 244 2799 308 AUGIENSIS.
3662 243 3788 313 1068

476 391 725 457 utraque
752 400 860 458 per
888 385 1013 440 octo
1044 382 1169 440 dies
1198 380 1584 441 celebrantur.
1612 378 1816 437 Merito
1847 394 2121 451 consepe-
2151 380 2206 449 Α
2236 378 2294 435 in
2328 378 2709 447 Lectionario,
2744 394 2916 452 quem
2945 377 3161 439 librum
3188 378 3420 436 Comitis
3444 380 3791 454 appellantem

474 474 702 530 liunlur
730 473 954 530 Christo
986 470 1260 544 baptizati
1304 470 1363 526 in
1398 470 1673 526 Sabbato.
1707 472 1774 525 ut
1818 485 1954 525 cum
1997 468 2125 541 ipso
2234 467 2539 525 Dominica
2569 468 2776 541 quinta
2818 472 2953 525 ante
2996 468 3359 525 Nativitatem
3405 468 3629 541 Domini,
3655 489 3794 547 quam

470 564 705 620 valeant
733 578 1034 635 resurgere
1065 561 1158 617 die
1192 560 1513 617 Dominico.
1538 559 1704 615 Sicut
1723 558 1881 615 enim
1912 558 2128 613 Sabba—
2232 557 2567 615 Amalarius
2589 558 3069 631 praeparationem
3084 558 3368 615 Dominici
3381 560 3643 618 Adventus
3657 562 3794 621 nomi-

471 658 600 709 tum
630 650 892 725 requiem
920 649 1368 717 animarum,sic
1389 648 1739 706 Dominibus
1762 646 2015 719 dies,qui
2038 650 2127 703 est
2235 646 2412 702 navit.
2464 647 2681 704 Deinde
2726 647 3031 704 Dominica
3077 653 3285 720 quarta
3330 653 3455 707 ante
3496 648 3795 708 Nativitatem

469 742 696 817 primus
725 745 781 796 et
811 744 1067 807 octavus,
1093 738 1385 812 significat
1408 736 1893 793 resurrectionem
1926 752 2127 808 corpo-
2233 735 2487 806 Domini,
2521 736 2827 792 Dominica
2851 737 3020 793 tertia
3058 742 3193 793 ante
3222 738 3570 797 Nativitatem
3598 740 3796 810 Domini,

468 848 621 887 rum.
655 828 717 886 Si
746 830 903 885 enim
933 828 1074 885 certi
1123 827 1312 901 gratia
1358 826 1621 899 mysterii
1671 842 1775 898 per
1821 828 1948 881 octo
1997 825 2122 880 dies
2231 824 2537 881 Dominica
2570 827 2830 882 secunda
2860 830 2991 883 ante
3019 827 3388 884 Nativitatem
3416 827 3797 898 Domini,Domi-

465 923 665 976 noster
685 918 1019 991 baptismus
1059 916 1289 988 colitur,
1322 916 1403 972 ita
1451 920 1515 970 ut
1562 918 1760 971 octava
1805 914 1899 969 die
1945 913 2122 970 vesti-
2232 913 2364 970 nica
2381 914 2572 987 prima
2588 919 2721 971 ante
2739 915 3107 973 Nativitatem
3126 916 3442 984 Domini,ut
3458 934 3696 974 converso
3710 935 3796 977 mo-

464 1012 663 1065 menta
694 1010 997 1065 mutentur
1018 1005 1583 1078 baptizatorum,cur
1611 1020 1728 1059 non
1761 1002 1951 1076 magis
1972 1002 2120 1058 cele-
2230 1003 2305 1058 do
2336 1021 2463 1077 quae
2496 1004 2651 1076 apud
2684 1004 3101 1079 Hieronymum
3133 1006 3348 1061 dicitur
3374 1005 3550 1078 prima
3569 1006 3641 1062 vel
3658 1007 3797 1080 proxi-

464 1100 672 1155 bratur
700 1114 805 1172 per
833 1101 961 1152 octo
993 1096 1118 1151 dies
1142 1094 1473 1168 baptismus
1495 1091 1936 1167 apostolorum?
1957 1092 2121 1157 Quod
2230 1109 2328 1148 ma
2358 1096 2492 1148 ante
2523 1092 2897 1150 Nativitatem
2927 1093 3339 1168 Domini,apud
3361 1094 3670 1167 Gregorium
3685 1095 3797 1161 dica-

461 1188 620 1245 enim
653 1184 898 1260 apostoli
931 1200 1036 1258 per
1065 1185 1382 1240 adventum
1406 1181 1662 1255 Spiritus
1692 1180 1899 1251 sancti,
1929 1180 2029 1253 qui
2057 1180 2118 1237 in
2226 1183 2327 1236 tur
2356 1179 2659 1238 Dominica
2688 1185 2897 1255 quarta
2928 1184 2998 1239 de
3038 1184 3304 1239 Adventu
3354 1183 3585 1251 Domini,
3614 1201 3707 1240 non
3731 1185 3794 1240 in-

464 1277 602 1351 igne
631 1273 925 1351 apparuit,
959 1272 1233 1345 baptizati
1268 1275 1408 1327 sunt
1428 1272 1487 1326 in
1510 1270 1604 1326 die
1627 1274 1828 1327 sancto
1852 1270 2119 1326 Penteco-
2228 1269 2729 1342 convenienter,ut
2758 1288 2905 1341 reor,
2922 1276 3157 1344 propter
3187 1271 3441 1346 quinque
3466 1271 3624 1343 hujus
3648 1272 3796 1329 seculi

460 1370 602 1436 stes,
633 1368 884 1422 testatur
926 1364 986 1417 in
1039 1360 1347 1434 Evangelia
1391 1359 1651 1417 Joannes
1699 1359 1980 1432 Baptista,
2016 1358 2118 1432 qui
2226 1358 2516 1426 aetates,in
2548 1359 2765 1431 quibus
2795 1359 3103 1416 hominum
3128 1377 3317 1434 genus
3349 1362 3454 1418 sub
3477 1362 3607 1434 jugo
3632 1360 3780 1417 diabol

461 1454 890 1512 conﬂuentibus
920 1452 991 1507 ad
1024 1468 1086 1507 se
1116 1450 1305 1506 turbis
1334 1449 1417 1505 ait
1449 1465 1463 1504 :
1500 1453 1609 1520 Ego
1639 1449 1859 1521 quidem
1898 1464 1988 1504 vos
2016 1449 2116 1503 ba-
2226 1447 2522 1521 captivum
2553 1448 2883 1516 tenebatur,
2914 1466 3224 1522 quousque
3263 1467 3332 1507 ex
3360 1450 3573 1508 intacta:
3596 1449 3793 1523 Virginis

458 1546 605 1617 ptine
636 1545 697 1599 in
728 1559 866 1616 aqua
897 1541 1300 1612 panitentiam.
1331 1540 1446 1609 Qui
1492 1545 1673 1594 autem
1718 1545 1837 1610 post
1880 1553 1967 1593 me
1993 1554 2119 1593 ven-
2226 1540 2389 1592 utero
2420 1538 2715 1594 nascendo
2746 1538 2805 1594 in
2836 1554 3009 1595 carne
3040 1544 3365 1612 appareret,
3396 1540 3491 1613 qui
3520 1538 3683 1597 carnis
3707 1554 3796 1609 pec-

462 1643 618 1691 turus
641 1635 740 1701 est,
770 1633 969 1705 fortior
998 1645 1084 1685 me
1130 1636 1226 1696 est,
1260 1628 1415 1700 cujus
1464 1643 1575 1683 non
1618 1638 1739 1683 sum
1770 1626 1973 1696 dignus
2001 1627 2113 1682 σαι·
2225 1627 2355 1680 cata
2385 1640 2488 1696 per
2513 1624 2605 1679 sui
2650 1625 2909 1698 corporis
2961 1625 3219 1681 hostiam
3267 1625 3513 1684 aboleret
3545 1629 3596 1682 et
3618 1623 3793 1682 initium

458 1725 739 1779 ceamenta
762 1727 1000 1794 portare.
1033 1719 1155 1790 Ipse
1184 1734 1274 1774 vos
1324 1716 1621 1790 baptizabit
1648 1718 1709 1772 in
1736 1717 1952 1789 Spiritu
1980 1733 2114 1771 san-
2146 1755 2191 1794 η
2224 1717 2397 1769 sexta:
2428 1715 2730 1786 sequentis
2759 1713 2943 1770 aetatis
2975 1715 3367 1773 sanctificaret
3398 1732 3410 1773 :
3442 1714 3524 1772 vel
3548 1714 3666 1788 quia
3688 1714 3793 1770 inte-

456 1819 541 1868 cto
565 1818 617 1866 et
647 1812 773 1883 igne
794 1808 998 1879 (Matth.
1031 1807 1134 1880 ιιι).
1167 1807 1236 1861 Et
1262 1806 1386 1878 ipse
1435 1803 1717 1861 Dominus
1768 1805 1839 1861 ad
1881 1809 2114 1877 aposto-
2146 1802 2193 1821 "
2224 1802 2344 1858 rior
2374 1807 2573 1859 noster
2600 1802 2778 1859 homo
2807 1820 2912 1877 per
2941 1804 3203 1877 quinque
3234 1822 3440 1863 sensus
3464 1804 3692 1878 corporis
3710 1820 3796 1860 cor-

456 1899 544 1957 los
575 1898 656 1955 ait
688 1916 701 1954 :
733 1899 968 1956 Joannes
999 1895 1217 1970 quidem
1257 1895 1557 1969 baptizavit
1600 1911 1764 1967 aqua,
1795 1911 1885 1950 vos
1932 1902 2116 1950 autem
2223 1892 2538 1965 rumpitur,
2574 1892 2655 1947 ita
2682 1897 2747 1948 ut
2777 1892 2837 1949 in
2869 1892 3039 1950 nobis
3069 1910 3232 1950 mors
3263 1893 3678 1967 operetur,sicut
3698 1908 3793 1965 pro-

457 1987 885 2062 baptimbimirzi
912 1986 1123 2059 Spiritu
1151 1992 1335 2041 sancto
1364 2000 1475 2041 non
1501 1988 1624 2056 post
1651 1984 1851 2040 multos
1881 1984 1975 2038 hos
1998 1983 2114 2038 dies
2224 1980 2401 2054 pheta
2429 1981 2571 2036 dicit
2597 2000 2610 2038 :
2644 1981 2898 2038 Introivit
2924 1998 3069 2037 mors
3092 1998 3195 2055 per
3218 1984 3482 2054 fenestras
3518 1984 3789 2052 vestr-Mler.

452 2083 597 2148 (Act.
630 2080 693 2146 ι).
726 2076 807 2133 De
838 2092 953 2149 qua
983 2074 1220 2146 quidem
1249 2077 1461 2129 octavae
1494 2072 1861 2128 Pentecostes
1901 2071 2113 2127 solem-
2221 2070 2335 2141 IX);
2364 2072 2657 2142 quatenus
2686 2070 2744 2125 in
2775 2070 2869 2126 his
2917 2071 3181 2145 quinque
3230 2071 3664 2130 hebdomadibus
3690 2070 3791 2128 hor

455 2169 638 2224 nitate
668 2165 809 2221 dicit
837 2164 1076 2236 quidam
1115 2163 1316 2219 doctor
1366 2161 1596 2235 egregie
1641 2177 1654 2215 :
1708 2160 1959 2217 Octavus
1988 2159 2113 2215 dies
2223 2159 2437 2232 pitium
2484 2159 2700 2217 mentis
2746 2158 2829 2215 illi
2880 2161 3001 2234 regi
3044 2165 3243 2217 nostro
3292 2165 3638 2235 praeparetur,
3663 2174 3791 2233 quem

454 2260 564 2323 est,
596 2253 696 2326 qui
727 2258 783 2308 et
813 2253 1061 2325 primus,
1087 2252 1411 2307 secundum
1444 2251 1692 2307 formam
1715 2253 1842 2304 octo
1866 2249 2113 2305 beatitu-
2224 2248 2567 2321 prophetica
2593 2248 2762 2307 lectio
2793 2248 2853 2305 in
2876 2249 3005 2322 ipsa
3025 2248 3395 2307 hebdomada
3412 2250 3601 2323 quinta
3619 2248 3695 2305 his
3710 2264 3794 2305 ver-

458 2342 689 2401 dinum.
716 2341 911 2397 Prima
936 2339 1236 2395 beatitudo
1270 2337 1413 2393 dicit
1446 2356 1458 2393 :
1494 2337 1652 2393 Beati
1685 2354 1971 2411 pauperes
1992 2336 2111 2409 spi-
2220 2337 2314 2394 bis
2348 2339 2692 2411 pronuntiat
2732 2343 3043 2395 venturum
3080 2355 3092 2394 :
3126 2341 3259 2396 Ecce
3303 2340 3417 2396 dies
3460 2341 3677 2404 veniunt,
3699 2336 3793 2393 dicit

459 2429 882 2504 ritu,quoniam
913 2430 1176 2501 ipsorum
1207 2431 1296 2482 est
1318 2443 1562 2499 regnum
1586 2425 1863 2481 caelorum
1891 2427 2107 2499 (Matth.
2218 2428 2501 2495 Dominus,
2533 2436 2585 2483 et
2612 2428 2879 2484 suscitabo
2909 2428 3082 2484 David
3108 2445 3335 2500 germen
3355 2429 3575 2501 justum,
3594 2436 3793 2498 stragm-

456 2523 535 2595 v).
568 2519 784 2576 Octava
813 2519 895 2573 ita
928 2535 940 2573 :
978 2515 1133 2573 Beati
1164 2516 1263 2588 qui
1295 2515 1759 2588 persecutionem
1806 2514 2112 2587 patiuntur
2221 2518 2301 2571 bit
2332 2532 2449 2583 rex,
2480 2525 2532 2574 et
2557 2519 2776 2589 sapiens
2802 2518 2929 2585 erit,
2960 2525 3014 2573 et
3038 2518 3211 2589 faciet
3225 2518 3493 2590 judicium
3517 2521 3565 2573 et
3580 2516 3792 2589 justitiam

457 2612 694 2687 propter
713 2604 1317 2680 justitiam,quoniam
1344 2604 1609 2677 ipsorum
1630 2607 1716 2660 est
1738 2620 1983 2676 regnum
2004 2621 2111 2661 (ξω-
2218 2607 2280 2661 in
2310 2614 2457 2662 terra
2486 2606 2619 2675 (Jer.
2650 2609 2833 2674 xxm).
2866 2606 3318 2673 Quaternarium
3362 2624 3487 2664 vero
3527 2619 3788 2670 numerum,

455 2699 649 2757 lorum
676 2695 983 2772 (Ibid.).Ad
1016 2698 1385 2767 regeneratos
1433 2692 1730 2766 pertinent
1757 2692 1845 2747 ha:
1877 2697 2107 2750 senten-
2219 2711 2418 2767 quem,
2451 2699 2516 2750 ut
2547 2712 2727 2768 supra
2758 2695 2977 2752 notavit
3005 2701 3250 2753 sanctus
3276 2696 3589 2770 Gregorius,
3616 2695 3665 2749 in
3690 2708 3793 2764 qua-

456 2789 569 2857 tias,
604 2791 670 2843 ut
698 2787 799 2860 qui
833 2800 1119 2858 pauperes
1151 2787 1291 2839 sunt
1322 2782 1382 2837 in
1431 2781 1541 2837 hac
1588 2781 1706 2837 vita
1748 2787 1986 2856 propter
2015 2800 2108 2839 re-
2214 2787 2351 2838 tuor
2379 2783 2702 2840 Dominicis
2731 2784 2802 2839 de
2843 2784 3106 2840 Adventu
3157 2784 3389 2843 Domini
3416 2784 3602 2841 diebus
3626 2781 3791 2856 posui,

453 2894 638 2953 gnum
671 2875 1162 2946 cmlorum,usquc
1193 2872 1265 2928 ad
1298 2872 1474 2926 ﬁnem
1504 2870 1632 2926 vitae
1672 2875 2107 2943 perseverantes
2215 2871 2317 2927 tali
2369 2872 2665 2929 celebrant
2710 2878 3098 2941 sacramento,
3131 2878 3199 2930 ut
3244 2874 3434 2943 homo,
3466 2873 3556 2946 qui
3599 2876 3790 2944 quatuor

454 2968 594 3035 sint,
620 2969 684 3023 ut
712 2963 998 3037 accipiant
1025 2978 1271 3035 regnum
1295 2978 1399 3034 pro
1423 2977 1538 3033 quo
1560 2960 1654 3016 hic
1675 2959 2104 3017 laboraverunt.
2215 2961 2487 3017 consistit
2515 2960 2840 3028 elementis,
2868 2980 2971 3035 per
3010 2967 3269 3035 quatuor
3314 2961 3672 3020 hebdomadas
3695 2958 3787 3030 ejus

454 3056 792 3129 Baptismus
820 3070 953 3109 vero
982 3050 1427 3126 neOphytorum,
1461 3049 1730 3123 quamvis
1760 3048 1820 3105 in
1850 3049 2104 3107 Sabbato
2151 3123 2181 3129 μ
2214 3054 2508 3123 exspectet
2534 3051 2883 3119 Adventum,
2915 3068 3088 3124 quem
3116 3069 3223 3125 per
3260 3056 3376 3108 tres
3421 3051 3628 3108 ordines
3653 3048 3786 3103 librov

454 3123 759 3219 agatur,ad
782 3141 950 3197 illum
975 3123 1335 3214 baptismum
1367 3139 1621 3212 pertinet
1650 3155 1821 3211 quem
1860 3138 2108 3212 apostoli
2137 3123 2182 3195 C
2222 3156 2377 3205 rum.
2408 3139 2553 3213 legis
2584 3140 2824 3208 scilicet,
2858 3123 3301 3214 prophetarum,
3328 3140 3653 3214 psalmorum
3684 3136 3784 3195 olim

454 3236 804 3307 acceperunt
835 3231 894 3286 in
925 3230 1019 3285 die
1049 3233 1250 3286 sancto
1282 3229 1673 3294 Pentecostes,
1707 3228 1877 3300 cujus
1908 3232 2109 3284 octava
2217 3228 2599 3302 promissum,
2632 3233 2690 3286 et
2744 3247 2847 3303 per
2903 3235 3204 3302 quartum,
3253 3230 3312 3286 id
3366 3235 3467 3299 est,
3506 3226 3785 3302 principium

453 3326 542 3379 est
572 3322 699 3378 dies
729 3318 1035 3377 Dominica
1053 3333 1510 3391 sequens,quam
1533 3313 1790 3371 solemus
1815 3315 2108 3389 appellare
2216 3316 2533 3391 Evangelii,
2567 3316 2773 3391 angelo
2804 3322 3016 3375 sanctae
3037 3318 3234 3377 Maria
3257 3334 3480 3392 semper
3498 3314 3675 3390 virgini
3692 3329 3787 3369 con-

454 3415 688 3468 octavas
732 3409 1121 3464 Pentecostes.
1154 3407 1225 3461 Et
1271 3405 1482 3461 iterum
1532 3408 1665 3476 post
1721 3402 1919 3477 aliqua
1951 3421 1963 3459 :
1998 3404 2104 3462 Ce-
2216 3411 2453 3479 ceptum
2483 3425 2547 3464 ac
2580 3408 2900 3465 nativitatis
2929 3409 3058 3481 ejus
3087 3409 3358 3467 ordinem
3387 3405 3707 3477 narrante,ad
3723 3419 3785 3459 sa-

451 3500 714 3556 lebratur
745 3513 848 3570 per
878 3499 1100 3567 septem
1136 3494 1260 3549 dies
1282 3510 1430 3565 opus
1452 3492 1808 3565 septiformis
1830 3493 2103 3565 Spiritus,
2215 3494 2399 3552 lutem
2416 3496 2660 3552 humani
2676 3495 2907 3570 generis
2930 3497 3257 3557 certissime
3279 3497 3468 3555 sciunt
3483 3496 3604 3553 huic
3622 3491 3784 3551 mundo

454 3592 512 3644 et
539 3590 741 3642 octava
770 3585 865 3642 die
914 3582 1344 3640 consummatio
1374 3586 1431 3637 et
1458 3580 1771 3637 declaratio
1801 3586 1859 3638 et
1886 3582 2106 3656 glorifi-
2215 3587 2732 3659 praesentatumEt
2760 3602 2832 3642 ne
2860 3584 3092 3644 tantilla
3121 3587 3424 3659 parvitatis
3450 3601 3576 3642 mea:
3604 3583 3781 3640 attesta-

453 3675 602 3731 catio
633 3673 899 3747 ejusdem
932 3671 1143 3745 operis.
1176 3671 1338 3735 Quod
1370 3669 1418 3725 si
1449 3669 1531 3726 ita
1559 3674 1667 3736 est,
1699 3671 1906 3727 merito
1946 3689 2103 3729 eam-
2212 3674 2315 3744 tio,
2350 3691 2524 3747 quam
2560 3691 2628 3730 ex
2659 3674 2908 3732 aliorum
2939 3675 3128 3750 magis
3161 3692 3343 3750 quam
3371 3691 3437 3732 ex
3463 3672 3664 3748 propria
3686 3684 3781 3743 pro-

452 3766 585 3821 dem
618 3760 1097 3838 glorificatio'nem
1128 3759 1186 3815 in
1220 3757 1437 3816 nostris
1480 3758 1688 3815 ofﬁciis
1719 3758 1919 3815 recolit
1947 3765 2104 3817 octa-
2212 3762 2321 3819 tuli
2370 3764 2679 3833 sententia,
2727 3763 2992 3821 videatur
3040 3764 3520 3839 parvipendenda,
3555 3759 3778 3833 majorum

452 3870 525 3910 va
555 3853 701 3922 dies,
734 3868 862 3924 quae
891 3850 1043 3907 redit
1089 3849 1161 3906 ad
1208 3852 1404 3922 caput,
1439 3865 1567 3922 quae
1612 3852 1668 3905 et
1713 3848 1907 3921 prima
1952 3849 2100 3908 dies.
2212 3853 2370 3909 dicta
2401 3857 2693 3926 ponantur
2720 3851 2780 3909 in
2811 3852 3097 3924 medio,ut
3123 3851 3218 3910 vel
3244 3870 3312 3911 ex
3340 3854 3427 3911 his
3453 3850 3647 3924 liquido
3669 3860 3778 3903 com-

450 3944 655 4017 Itaque
717 3941 868 3999 sicut
931 3938 1355 3997 celebravimus
1422 3939 1792 4011 majestatem
1849 3938 2102 4012 Spiritus
2212 3942 2491 4016 probetur
2520 3958 2771 4015 quorum
2803 3958 2947 3997 usus
2976 3941 3189 3999 rectior
3219 3943 3509 4000 habeatur.
3528 3938 3608 3995 Ait
3626 3947 3779 4008 nempe

450 4032 638 4091 sancti
671 4032 728 4088 in
759 4031 1119 4095 Pentecoste,
1152 4027 1515 4085 celebremus
1558 4031 1614 4083 et
1643 4027 1703 4083 in
1729 4028 1947 4085 octavis
1976 4029 2101 4100 eju-
2210 4030 2542 4087 Amalarius
2572 4029 2901 4087 divinorum
2928 4029 3258 4089 ofﬁciorum
3281 4034 3552 4089 scrutator
3572 4043 3667 4084 non
3687 4039 3779 4079 con-

450 4122 618 4181 sdem
674 4119 1025 4183 festivitatis,
1067 4120 1358 4191 quatenus
1414 4115 1740 4190 saepissime
1796 4116 2102 4174 recolendo
2213 4120 2695 4176 temnendus:In
2717 4117 2975 4192 antiquis
3006 4100 3519 4179 libris‘Missalium
3545 4130 3595 4174 et
3620 4110 3779 4171 Lectio-

449 4212 578 4285 ejus
608 4211 780 4279 dona,
814 4208 1089 4281 dignetur
1128 4206 1385 4265 charitus
1432 4207 1560 4278 ejus
1590 4222 1653 4262 se
1682 4206 1982 4279 profusius
2011 4206 2101 4263 in-
2212 4209 2513 4265 uariorum
2548 4209 2833 4281 reperitur
2878 4207 3163 4281 scriptum
3199 4228 3214 4267 ε
3247 4206 3588 4266 hebdomada
3626 4201 3780 4275 quinta

450 4300 696 4358 fundere
726 4298 1001 4354 cordibus
1032 4296 1359 4352 nostris.Ex
1378 4293 1473 4351 his
1493 4294 1769 4351 omnibus
1792 4295 2105 4352 manifesta
2211 4301 2346 4353 ante
2376 4296 2745 4354 Nativitatem
2780 4297 3035 4356 Domini.
3070 4299 3337 4356 Totidem
3383 4297 3528 4355 enim
3569 4290 3780 4350 lectiones

449 4388 597 4445 ratio
627 4391 784 4462 patet
815 4387 970 4459 quod
1002 4385 1061 4441 hi
1095 4385 1191 4458 qui
1225 4388 1491 4441 octavam
1540 4382 1906 4441 Pentecostes
1953 4384 2102 4441 cele-
2212 4385 2500 4444 habemus
2534 4385 2593 4441 in
2618 4386 3067 4457 Lectionario,et
3086 4387 3331 4447 totidem
3347 4382 3784 4458 Evangeliaatem-

448 4477 626 4533 brant
656 4476 870 4531 rectius
898 4478 1082 4547 agunt
1111 4490 1289 4546 quam
1311 4472 1411 4546 qui
1436 4472 1545 4530 hoc
1570 4488 1738 4546 agere
1761 4472 2104 4546 nolunt.lgi-
2132 4492 2180 4558 Β
2211 4493 2349 4549 pore
2378 4479 2699 4533 memorato
2730 4492 2834 4549 per
2863 4475 2987 4533 dies
3013 4475 3352 4535 Dominicos
3387 4488 3557 4547 usque
3581 4470 3641 4529 ad

448 4570 549 4621 tur
568 4564 901 4637 justissime
931 4568 987 4618 et
1017 4562 1341 4618 rectissime
1373 4579 1408 4617 a
1436 4566 1639 4617 sancta
1669 4567 1853 4619 matre
1900 4562 2101 4620 catho-
2132 4549 2174 4558 —
2211 4564 2448 4621 vitatem
2501 4563 2754 4621 Domini.
2787 4565 3251 4637 Antiphonarius
3297 4566 3463 4622 habet
3504 4560 3602 4617 tria
3638 4549 3780 4612 cilicia

448 4653 565 4711 lica
608 4652 866 4709 Ecclesia
922 4657 1044 4707 toto
1100 4651 1237 4706 orbe
1287 4656 1575 4707 terrarum
1630 4650 1844 4710 diil‘usa
1891 4656 2102 4708 octavae
2212 4653 2449 4722 diurna,
2480 4656 2537 4709 et
2565 4657 2843 4726 quartum
2874 4653 2934 4709 in
2964 4653 3057 4709 die
3087 4652 3388 4711 Dominica
3415 4650 3509 4724 qui
3532 4640 3779 4715 vacatpoﬂ

448 4743 820 4801 Pentecostes
845 4739 1188 4799 solemnitas
1216 4740 1562 4810 celebratur,
1588 4746 1896 4798 veneratur
1926 4744 1983 4797 et
2013 4758 2103 4797 co-
2212 4742 2490 4799 lectiones
2522 4743 2862 4810 duodecim;
2896 4746 3183 4800 nocturna
3211 4760 3343 4801 vero
3368 4744 3610 4815 quatuor,
3628 4737 3679 4789 ut
3702 4743 3771 4784 su-

449 4831 676 4887 litur.Si
709 4831 844 4906 quis
876 4847 1007 4886 vero
1039 4828 1174 4886 huic
1197 4846 1350 4885 sana:
1372 4829 1709 4885 difﬁnitioni
1733 4831 2100 4900 contradicit,
2212 4831 2410 4904 perius
2440 4831 2580 4903 dixi,
2614 4849 2718 4905 per
2764 4831 2888 4889 dies
2918 4831 3276 4890 Dominicos.
3306 4834 3508 4889 Auctor
3548 4820 3775 4882 Lectionu-

452 4921 715 4993 ejusdem
748 4920 955 4978 matris
1004 4918 1268 4975 Ecclesia:
1317 4918 1603 4975 unitatem
1652 4919 1883 4976 scindit.
1918 4920 2103 4978 Finito
2213 4919 2284 4976 rii
2314 4921 2525 4977 excitat
2546 4920 2722 4977 ﬁdem
2743 4922 3004 4978 nostram
3023 4920 3097 4978 ad
3120 4920 3480 4979 recolendum
3500 4907 3687 4972 Domini
3705 4919 3773 4960 ηο-

450 5010 687 5067 tandem
718 5026 806 5080 eo,
842 5010 995 5083 quod
1030 5008 1315 5065 hactenus
1360 5007 1691 5077 utebamur,
1721 5026 2009 5078 sermone,
2042 5010 2109 5065 li—
2214 5008 2321 5066 stri
2349 5009 2491 5066 Jesu
2521 5007 2736 5067 Christi
2755 5009 2984 5067 venturi
3005 5008 3064 5067 in
3087 5012 3375 5068 mundum
3393 5000 3774 5089 proconiumpef

450 5100 550 5157 bet
578 5098 751 5156 aliam
784 5099 1073 5157 rationem
1104 5097 1400 5155 inchoare.
2214 5099 2476 5174 quinque
2506 5104 2704 5157 aetates
2733 5098 2961 5156 mundi.
2993 5101 3211 5156 Auctor
3239 5097 3479 5158 Missalis
3504 5089 3591 5167 qui
3629 5095 3769 5174 ηρωιζ

1092 5195 1326 5254 CAPUT
1369 5194 1464 5251 1V.
2214 5167 2400 5244 natur—
2436 5188 2693 5262 Gregoriz

2214 5167 2400 5244 natur—
2436 5187 2809 5262 Gregorialis,
2841 5193 2900 5244 et
2945 5185 3369 5260 Antiphonarii,
3403 5200 3500 5242 nos
3540 5173 3694 5262 tangit
3723 5167 3769 5221 ιιι

969 5277 1047 5333 De
1073 5277 1315 5333 Adventu
1344 5277 1582 5333 Domini.
2214 5276 2541 5334 recolamus
2560 5260 2940 5334 Nativitatem
2967 5276 3200 5333 Domini
3239 5274 3558 5335 celebratam
3580 5277 3662 5338 per
3683 5260 3769 5314 "'9

523 5364 828 5424 Dominica
856 5365 1048 5439 prima
1089 5364 1158 5421 de
1205 5365 1469 5422 Adventu
1516 5365 1770 5435 Domini,
1803 5365 2108 5424 Dominica
2214 5366 2447 5423 ordines
2470 5365 3007 5434 librorum,scilicet
3024 5363 3580 5448 legis,prophetarun_l
3598 5338 3768 5448 οξῐξδθξ

454 5455 731 5523 secunda,
764 5453 1069 5513 Dominica
1116 5454 1306 5524 tertia,
1357 5454 1658 5513 Dominica
1701 5460 1929 5531 quarta,
1977 5473 2107 5531 quae
2216 5472 2483 5525 morum;
2515 5472 2740 5514 necnon
2771 5459 2829 5513 et
2849 5471 2953 5530 per
2974 5457 3271 5529 quartum,
3294 5452 3351 5510 id
3369 5453 3469 5523 est,
3487 5442 3767 5531 principi?“

453 5520 726 5625 proxima
749 5546 838 5604 est
866 5545 1003 5604 ante
1042 5520 1415 5605 Nativitatem
1460 5520 1926 5605 Domini.-Aliter
1972 5520 2105 5603 vero
2216 5520 2532 5621 Evangelii,
2573 5545 2631 5603 in
2690 5562 2806 5625 quo
2849 5520 3137 5604 .narr-atur
3193 5520 3411 5606 Gabriel
