4026 6184
459 328 614 394 1067

1539 332 1929 395 BERNONIS
1973 324 2307 392 ABBATIS
2352 324 2789 393 A’UGIENSIS.

3627 340 3742 402 108

456 468 579 520 tam
612 461 937 520 ofﬁciorum
960 480 1136 537 quam
1167 467 1224 520 et
1253 465 1745 522 missarum.Nam
1764 465 1968 538 viginti
1993 470 2111 519 tres
2138 466 2191 531 Α
2223 463 2486 519 existere.
2526 466 2737 520 lterum
2774 463 2854 519 illi
2887 464 3223 537 evangelica:
3252 465 3472 535 lectioni,
3499 470 3579 525 ubi
3604 473 3747 528 Domi-

455 553 837 610 hebdoniada:
850 557 1227 626 eomputantu
1237 555 1368 620 r,ita
1381 555 2116 627 concordes,utaliquando

459 640 651 699 omnis
674 646 880 698 cantus
899 642 1168 699 videlicet
1184 644 1813 717 antophonarum,quae
1841 645 2118 700 dicuntur

458 730 754 799 introitus,
788 731 1161 803 gradualium
1175 733 1573 801 ,oii‘ertorium,
1609 733 2112 789 communionum.

458 836 592 876 cum
620 817 973 877 lectionibus
995 821 1329 894 apostolicis
1359 827 1418 878 et
1446 823 1791 896 evangelicis
1813 822 1893 877 ita
1917 836 2117 875 conve-

459 909 717 976 niant,ut
744 908 901 965 velut
931 912 1227 982 quoddam
1259 928 1546 984 organum
1580 910 1854 966 distantis
1882 910 2035 964 inter
2056 926 2117 965 se

402 1006 407 1007 ’
458 997 619 1053 vocis
668 999 1014 1054 concordem
1063 999 1468 1072 symphoniam
1525 1000 1793 1055 reddant.
1851 998 1919 1055 Ut
1958 998 2115 1053 enim

461 1084 711 1158 exempli
742 1086 931 1159 gratia
959 1103 1147 1160 pauca
1177 1105 1247 1144 ex
1274 1088 1548 1161 plurimis
1582 1090 1968 1161 proferamus,
1995 1086 2118 1158 pri-

461 1191 622 1231 mam
653 1175 1019 1232 Dominicam
1052 1181 1183 1250 post
1212 1183 1472 1233 octavam
1507 1178 1874 1233 Pcntecostes
1924 1177 2117 1231 inten-

462 1264 801 1333 damus,ubi
834 1265 1108 1322 introitus
1135 1267 1215 1322 ita
1243 1267 1451 1338 incipit
1482 1286 1494 1323 :
1533 1268 1778 1331 Domine,
1812 1269 1872 1321 in
1902 1274 1999 1320 tua
2018 1267 2121 1320 mi-

460 1354 764 1410 sericordia
790 1357 1007 1426 speravi
1038 1355 1423 1427 (Psal.xn),et
1452 1356 1892 1428 responsorium
1944 1371 1956 1408 ε
2013 1356 2120 1425 Ego

463 1442 606 1511 duci,
640 1445 876 1498 Domine
906 1444 1076 1515 (Psal.
1108 1445 1265 1515 xxx),
1298 1449 1354 1498 et
1380 1460 1530 1499 vers.
1562 1445 1757 1499 Beatus
1787 1445 1883 1515 qui
1914 1444 2119 1499 intelli-

465 1532 548 1600 git
590 1548 765 1603 super
809 1548 1041 1602 egenum
1079 1534 1253 1602 (Psal.
1306 1533 1444 1603 xu).
1502 1533 1810 1589 Offerenda
1840 1549 2118 1605 quoque:

464 1620 854 1677 Intende'voci
904 1622 1167 1677 orationis
1212 1637 1351 1679 mem
1400 1624 1568 1694 (Psal.
1618 1623 1697 1693 v).
1750 1622 1952 1678 Nonne
1998 1622 2124 1677 suis

466 1708 708 1765 vocibus
754 1708 984 1765 videtur
1026 1710 1155 1778 tibi;
1208 1710 1555 1783 prophetam
1605 1710 1663 1764 in
1712 1727 1849 1765 voce
1908 1727 2122 1783 paupe-

467 1798 549 1854 ris
601 1799 798 1853 Lazari
849 1797 940 1854 vel
995 1799 1053 1854 in
1103 1816 1353 1872 persona
1404 1805 1618 1856 sancte
1678 1799 1965 1867 Ecclesiae,
2017 1800 2124 1854 hoc

464 1888 703 1959 quidem
733 1891 994 1960 tempore
1025 1888 1299 1960 pauperis
1332 1894 1388 1943 et
1419 1890 1748 1958 afﬂictae,ad
1781 1894 1959 1944 Deum
1995 1905 2124 1959 pro-

462 1976 716 2034 clamare
747 1982 812 2031 ut
842 1977 901 2032 in
955 1977 1064 2032 hac
1112 1977 1370 2033 convalle
1419 1979 1811 2051 laerymarum
1853 1978 2126 2048 dignetur

470 2064 735 2122 misereri
785 2066 1185 2121 membrorum
1232 2069 1520 2121 suorum?
1550 2068 1618 2121 Et
1667 2067 1806 2137 quid
1860 2066 1986 2138 ipso
2033 2065 2125 2120 die

470 2152 638 2209 lectio
667 2153 932 2220 Joannis,
966 2153 1079 2208 nisi
1112 2158 1234 2208 tota
1261 2155 1562 2210 charitatis
1592 2155 1763 2209 melle
1818 2154 2125 2218 redundat,

474 2241 616 2295 dum
648 2240 834 2296 dicit:
871 2246 1014 2296 Deus
1061 2243 1324 2307 charitas,
1369 2248 1421 2299 el
1461 2245 1560 2314 qui
1605 2247 1792 2297 manet
1839 2246 1897 2297 in
1943 2243 2127 2296 chari-

476 2326 671 2395 tate,in
701 2330 805 2385 Deo
824 2337 1082 2399 manet,et
1111 2335 1257 2385 Deus
1288 2333 1348 2385 in.
1377 2348 1435 2387 eo
1466 2334 1513 2403 (I
1538 2332 1780 2402 Joanav)
1801 2332 1828 2386 ?
1859 2333 1927 2385 Et
1956 2330 2128 2402 paulo

473 2419 748 2491 superius
780 2434 792 2473 :
829 2423 970 2474 Deus
998 2419 1197 2474 dilexit
1238 2436 1354 2487 nos,
1386 2429 1438 2476 et
1475 2437 1574 2476 nos
1620 2420 1871 2475 debemus
1898 2422 2130 2475 invicem

472 2507 702 2579 diligere
749 2507 935 2579 (Ibid)
985 2509 1133 2572 Quid
1190 2512 1381 2564 autem
1433 2515 1704 2565 sanctum
1753 2507 2127 2581 Evangelium

474 2602 663 2665 sonat,
694 2592 807 2652 nisi
842 2601 904 2651 ut
934 2597 1005 2651 ad
1040 2596 1450 2653 misericordia:
1483 2615 1657 2671 opera
1689 2615 1794 2653 nos
1838 2601 2127 2670 provocet,

476 2687 711 2759 quando
742 2685 1018 2759 pauperis
1050 2686 1247 2741 Lazari
1282 2688 1625 2759 patientiam
1648 2687 1705 2741 in
1732 2688 1864 2741 sinu
1888 2686 2130 2742 Abralue

474 2779 907 2832 remuneratam
941 2778 999 2829 et
1029 2775 1228 2831 divitis
1260 2776 1495 2848 superbi
1544 2776 1845 2832 avaritiam
1879 2775 2133 2831 ostendit

474 2865 814 2920 damnatam
846 2867 997 2932 (Luc.
1030 2867 1145 2932 xw)
1165 2864 1192 2919 ?
1221 2865 1327 2920 Pro
1360 2865 1702 2935 hujusmodi
1750 2881 1810 2920 re
1859 2864 2131 2918 sacerdos

473 2952 640 3009 illum
673 2954 1018 3026 deprecatur
1047 2953 1145 3025 qui
1180 2958 1269 3009 est
1298 2954 1355 3008 in
1380 2972 1441 3009 se
1464 2954 1826 3026 Sperantium
1852 2952 2130 3009 fortitudo

412 3096 417 3107 ,
473 3047 540 3099 ut
568 3043 723 3099 adsit
752 3043 1218 3099 invocationibus
1274 3044 1491 3099 nostris
1546 3043 1865 3116 propitius;
1898 3047 1953 3097 et
1993 3042 2133 3114 quia

474 3132 601 3189 sine
627 3131 726 3187 illo
757 3131 905 3187 nihil
928 3136 1119 3203 potest
1143 3136 1343 3188 nostra
1360 3131 2134 3195 mortalisinﬁrmitas,sicut

2225 570 2337 607 nus
2369 559 2623 623 quatuor
2655 551 2841 608 millia
2860 553 3165 609 hominum
3196 558 3395 626 septem
3415 558 3620 628 panibus
3635 562 3751 633 cipi-

2225 640 2460 697 sciculis
2509 642 2711 713 paucis
2755 643 2934 714 pavit,
2988 642 3110 698 hinc
3159 642 3329 699 missa
3370 646 3755 719 congruitchus

2223 732 2377 803 cujus
2399 732 2745 803 providentia
2788 734 2849 787 in
2895 734 2985 788 sui
3008 731 3347 804 dispositione
3386 751 3481 790 non.
3518 737 3760 807 fallitumt

2223 820 2493 890 supplices
2544 836 2837 876 exoramus
2887 829 2948 876 ut
2993 824 3163 877 noxia
3209 831 3387 878 cuncta
3423 824 3689 891 submersas,
3723 834 3758 882 et

2226 910 2411 964 omnia
2440 910 2597 964 nobis
2626 913 2917 982 profutura
2947 910 3221 966 concedas.
3256 911 3481 967 Providit
3505 912 3630 968 enim
3652 914 3771 970 Deus

2227 997 2366 1069 quid
2411 997 2689 1053 esurienti
2723 998 2940 1071 pepulo
2971 1003 3126 1055 esset
3156 999 3597 1055 facturus.l\lerito
3622 1002 3762 1073 populi

2226 1085 2434 1141 divinze
2467 1085 2757 1160 largitatis
2789 1088 3002 1160 pabulo
3035 1087 3248 1157 refecti,
3295 1105 3416 1144 cum
3460 1088 3651 1144 Daniele
3673 1107 3765 1162 pro-

2227 1175 2403 1247 pheta
2434 1175 2745 1231 decantant
2774 1176 2887 1231 laeti
2927 1195 2940 1232 :
2973 1177 3151 1233 Sicuti
3179 1179 3233 1233 in
3264 1179 3539 1233 holocausta
3578 1181 3765 1234 arietum.

2229 1272 2481 1332 rogantes
2510 1267 2676 1319 utsic
2703 1266 2799 1336 ﬁat
2826 1267 3165 1338 sacriﬁcium
3211 1266 3268 1321 in
3310 1274 3558 1338 conspectu
3596 1266 3766 1332 Domini,

2228 1360 2288 1407 ut
2313 1353 2526 1423 placeat
2554 1354 2668 1408 sibi
2694 1356 2864 1426 (Dan.
2908 1355 3015 1425 III).
3049 1356 3119 1410 Et
3145 1353 3281 1426 quia
3321 1354 3432 1409 haec
3478 1354 3621 1409 verba
3642 1354 3695 1408 ad
3717 1353 3772 1408 lc-

2230 1439 2385 1512 galia
2416 1441 2784 1513 pertinebant
2807 1442 3177 1510 sacrificia,et
3198 1460 3263 1499 ea
3278 1459 3422 1498 nunc
3439 1441 3490 1498 in
3512 1441 3771 1519 mysterium

2231 1529 2490 1600 corporis
2522 1528 2735 1585 Christi
2767 1536 2825 1586 et
2855 1532 3164 1605 sanguinis
3188 1537 3323 1588 sunt
3347 1535 3548 1587 mutata
3564 1535 3776 1587 testantur

2238 1618 2415 1673 verba
2447 1625 2830 1692 sccreta,quze
2865 1621 2944 1675 ita
2970 1616 3258 1694 incipiunt
3290 1638 3301 1675 :
3333 1621 3565 1693 Deus,qui
3587 1620 3774 1689 legalium

2232 1704 2614 1779 differentiam
2673 1708 2978 1764 hostiarum
3022 1711 3195 1765 unius
3247 1710 3490 1780 sacriﬁcii
3534 1709 3779 1781 perfectione

2231 1796 2487 1850 sanxisti.
2523 1796 2606 1850 Illi
2639 1797 2952 1870 Evangelio
2984 1798 3045 1853 in
3076 1815 3194 1870 quo
3224 1798 3490 1854 Dominus
3517 1813 3661 1869 super
3682 1794 3777 1850 ciii-

2234 1887 2412 1937 tatem
2445 1884 2806 1941 Hierusalem
2839 1886 2991 1942 flevit
3025 1888 3178 1959 (Luc.
3211 1890 3322 1959 xm)
3352 1888 3465 1942 haec
3506 1886 3655 1942 oratio
3687 1899 3777 1938 con-

2234 1972 2391 2043 gruit
2421 1989 2433 2026 :
2472 1978 2638 2041 Deus,
2671 1977 2769 2045 qui
2796 1977 3244 2047 omnipotentiam
3287 1985 3427 2032 tuam
3462 1972 3684 2047 parcendo
3700 1986 3777 2025 mu-

2233 2062 2384 2117 :cime
2430 2071 2482 2118 et
2519 2064 2831 2118 miserando
2878 2067 3222 2136 manifestas,
3255 2065 3545 2136 multiplica
3575 2078 3700 2134 super
3722 2075 3781 2113 nos

2233 2151 2671 2207 miscricordiam
2699 2161 2850 2208 tuam
2882 2153 3029 2226 (Luc.
3062 2155 3247 2226 xvm).
3280 2153 3414 2209 lllus
3450 2151 3780 2225 Evangelium:

2237 2242 2350 2294 Duo
2399 2242 2661 2307 homines,
2693 2247 2747 2297 et
2796 2242 2897 2297 illa
2946 2243 3269 2315 apostolica
3313 2242 3491 2307 lectio,
3522 2258 3629 2315 qua
3655 2256 3706 2294 ea
3725 2237 3785 2290 die

2236 2328 2472 2402 legitur,
2504 2331 2650 2385 bene
2676 2332 3031 2387 concordant
3060 2333 3204 2387 dum
3233 2332 3525 2405 Apostolus
3553 2327 3786 2393 dicit:Ego

2238 2435 2361 2473 sum
2389 2420 2656 2474 minimus
2685 2421 3177 2493 apostolorum,qui
3204 2438 3310 2477 non
3336 2437 3449 2476 sum
3475 2419 3644 2489 dignus
3664 2414 3788 2471 veniri

2239 2508 2528 2578 apostolus,
2585 2511 2847 2580 quoniam
2904 2518 3218 2581 persecutus
3273 2527 3392 2565 sum
3444 2508 3689 2564 Ecclesium
3730 2500 3791 2558 Dei

2241 2599 2290 2668 (Ι
2319 2596 2436 2652 Cor.
2466 2596 2526 2667 ι).
2559 2598 2629 2651 Et
2658 2597 3009 2669 publicanus
3060 2617 3092 2654 a
3124 2599 3298 2672 longe
3329 2603 3501 2667 stans,
3528 2613 3615 2652 nec
3654 2590 3791 2649 oculos

2240 2686 2311 2740 ad
2345 2685 2553 2741 coelum
2589 2686 2796 2753 levare,
2829 2688 2928 2742 sed
2958 2688 3326 2760 percutiebat
3357 2698 3541 2760 pectus
3567 2680 3791 2748 suum,di-

2240 2792 2377 2831 cens
2411 2792 2423 2829 :
2457 2781 2599 2832 Deus
2623 2778 2895 2847 propitius
2923 2785 3032 2831 esto
3059 2778 3208 2833 mihi
3235 2777 3495 2849 peccaturi
3522 2775 3646 2845 (Luc.
3666 2770 3793 2837 XVIII).

2240 2863 2395 2918 Inter
2422 2863 2531 2918 hos
2561 2863 2792 2919 medius
2824 2868 2989 2920 stans
3019 2866 3294 2921 sacerdos
3324 2868 3443 2919 orat
3471 2868 3524 2917 at
3548 2862 3690 2917 dicit:
3712 2860 3796 2913 0m-

2238 2955 2490 3025 nipotens
2539 2954 2861 3024 sempiterna
2909 2959 3073 3020 Deus,
3124 2956 3243 3026 oqui
3296 2953 3607 3009 abundantia
3643 2947 3798 3023 pietatis

2240 3050 2349 3096 tua:
2377 3046 2429 3096 et
2459 3043 2660 3097 merita
2687 3043 2993 3114 supplicum
3022 3043 3241 3098 accedis
3266 3051 3317 3099 et
3347 3039 3800 3114 vola,ef]imdcsuper

2238 3147 2336 3185 nos
2364 3130 2799 3185 misericordiam
2828 3139 2997 3197 tuam,
3025 3139 3086 3186 ut
3146 3134 3398 3187 dimittas
3425 3146 3535 3203 qua:
3557 3124 3800 3184 conscientia

476 3238 582 3277 nec
613 3221 814 3277 Lazari
843 3220 969 3277 sine
1000 3222 1129 3292 ejus
1161 3221 1452 3292 adjutorio
1486 3223 1693 3294 potuit,
1715 3225 1947 3293 priestot
1969 3219 2138 3277 nobis
2168 3206 2213 3275 C
2251 3222 2462 3287 metuit,
2494 3228 2545 3275 et
2572 3221 2801 3291 adjicias
2842 3220 2984 3292 quod
3025 3223 3206 3277 oratio
3250 3238 3359 3277 non
3398 3219 3666 3294 praesumit.
3690 3214 3803 3269 Nunc

473 3310 757 3366 auxilium
788 3310 985 3382 gratiae
1030 3327 1150 3364 suae
1202 3314 1268 3365 ut
1317 3311 1375 3364 in
1419 3310 1805 3381 exsequendis
1838 3308 2133 3365 mandatis

472 3401 602 3471 ejus
631 3398 802 3454 illum
832 3398 1127 3471 diligendo
1161 3414 1231 3454 ex
1259 3402 1379 3454 toto
1413 3400 1607 3465 corde,
1640 3403 1695 3454 et
1742 3404 1865 3454 tota
1914 3399 2131 3459 anima.

473 3491 532 3542 et
555 3505 624 3543 ex
653 3486 929 3543 omnibus
960 3486 1270 3553 viribus,et
1296 3487 1631 3558 proximum
1666 3492 1932 3542 nostrum
1983 3487 2136 3543 sicut

481 3575 961 3647 nosmetipsos,et
990 3558 1290 3629 voluntate
1320 3574 1403 3629 illi
1437 3579 1491 3630 et
1522 3575 1743 3631 actione
1773 3564 2133 3647 placeamus,

481 3668 547 3720 ut
594 3664 948 3738 quandoque
996 3666 1130 3735 post
1176 3662 1355 3734 hujus
1385 3664 1514 3718 vita:
1563 3665 1883 3720 terminum
1913 3664 1971 3719 in
2000 3665 2131 3721 sinu

475 3754 716 3811 Abrahae
749 3752 989 3825 recepti,
1023 3752 1436 3825 unusquisque
1468 3758 1733 3809 nostrum
1765 3753 1895 3808 ltBtO
1944 3755 2135 3809 cordis

467 3843 663 3917 jubilo
694 3846 929 3899 cantare
958 3841 1148 3914 possit
1193 3858 1327 3897 cum
1375 3843 1589 3897 Lazaro
1624 3859 1635 3897 :
1672 3842 1917 3899 Narrabo
1947 3846 2135 3899 omnia

472 3933 733 3989 mirabila
765 3939 879 3998 tua,
913 3933 1143 3988 lwtabor
1170 3939 1221 3987 et
1249 3933 1530 3988 exsultabo
1561 3933 1617 3986 in
1651 3940 1734 3995 te;
1760 3933 2006 4004 psallam
2034 3949 2133 3988 no-

474 4024 619 4079 mini
647 4022 1057 4088 tuo,Altissime
1087 4022 1255 4093 (Psal.
1306 4021 1408 4091 1x).
1467 4021 1534 4075 Et
1582 4021 1639 4075 in
1694 4020 1851 4075 hunc
1892 4022 2131 4077 modum

473 4129 579 4187 per
602 4111 808 4184 viginti
841 4115 960 4166 tres
990 4109 1410 4176 hebdomadas,
1437 4110 1485 4163 si
1519 4109 1619 4165 illa
1649 4110 1831 4166 missa
1862 4110 2134 4183 superius

474 4200 825 4269 dicta,tertio
855 4199 982 4255 loco
1012 4198 1477 4271 prietermittitur
1507 4203 1608 4253 aut
1638 4200 1834 4254 omnia
1860 4216 1993 4254 cum
2014 4216 2135 4255 om-

474 4291 670 4360 nibus,
700 4293 801 4346 aut
829 4288 1027 4361 aliqua
1055 4303 1189 4342 cum
1222 4286 1537 4359 aliquibus,
1576 4288 1827 4343 maxime
1859 4289 2133 4354 autem,si

477 4380 786 4452 diligenter
816 4376 1146 4450 inspicitur,
1175 4376 1368 4431 missa:
1402 4376 1757 4432 concordant
1789 4394 1923 4431 cum
1955 4394 2132 4432 evan-

477 4468 678 4543 gelicis
704 4466 1071 4522 lectionibus.
1103 4466 1172 4520 Et
1220 4482 1292 4520 ne
1340 4463 1645 4537 multiplex
1694 4482 1886 4520 sermo
1934 4464 2132 4521 lectori

2243 3309 2546 3364 videamus
2576 3310 2647 3363 de
2677 3309 3021 3364 duodecima
3044 3310 3349 3365 Dominica
3367 3313 3491 3382 post
3508 3312 3696 3363 octavas
3713 3301 3804 3357 Pen-

2244 3401 2491 3452 tecostes
2524 3413 2649 3469 quae
2682 3399 2993 3454 concordia
3042 3399 3101 3454 in
3157 3400 3259 3455 illo
3311 3400 3492 3455 officio
3529 3412 3636 3453 esse
3660 3387 3802 3466 possit.

2244 3485 2391 3540 Nam
2424 3485 2482 3539 in
2514 3485 2822 3558 Evangelio
2854 3487 3183 3543 secundum
3218 3489 3472 3544 Marcum
3502 3504 3560 3541 eo
3598 3484 3673 3539 die
3708 3474 3802 3549 legi-

2247 3591 2400 3642 mus,
2437 3574 2688 3646 qualiter
2736 3575 3009 3630 adducunt
3047 3578 3282 3635 Domino
3302 3577 3519 3633 surdum
3540 3584 3585 3631 et
3600 3570 3806 3629 malum?!

2243 3663 2675 3734 deprecabantur
2706 3664 2865 3718 illum
2900 3671 2960 3719 ut
2988 3667 3238 3736 imponat
3264 3668 3357 3722 illi
3393 3681 3598 3729 manus;
3637 3664 3681 3714 et
3717 3656 3805 3728 post

2245 3769 2431 3823 pauca
2463 3770 2475 3807 :
2509 3755 2577 3807 Et
2593 3754 2779 3807 statim
2809 3760 3015 3824 apertae
3043 3760 3180 3810 sunt
3210 3772 3371 3812 aures
3401 3755 3511 3826 ejus
3553 3760 3597 3808 et
3636 3747 3805 3803 solutam

2244 3844 2320 3895 est
2352 3839 2631 3893 vinculum
2662 3840 2873 3908 linguae
2903 3840 3041 3911 ejus,
3073 3850 3125 3896 et
3157 3843 3476 3914 loquebatur
3520 3843 3641 3894 recte
3676 3833 3803 3905 (llam

2244 3928 2363 3999 vn).
2397 3928 2556 3991 Quod
2586 3926 2824 3984 intuens
2856 3928 3145 4001 Propheta
3197 3948 3267 3987 ex
3315 3946 3551 4003 persona
3584 3925 3807 3981 infirman-

2244 4018 2320 4072 tis
2353 4015 2590 4072 introitu
2620 4018 2967 4088 deprecatur
2995 4022 3203 4085 Deum,
3238 4020 3436 4075 dicens
3465 4035 3476 4073 :
3516 4018 3648 4079 Deus,
3674 4013 3719 4065 in
3741 4004 3804 4059 ad-

2234 4106 2508 4177 jutorium
2537 4121 2719 4160 meum
2749 4106 3000 4174 intemle;
3030 4106 3358 4177 Domine,ad
3401 4100 3719 4179 adjuvandus:
3752 4106 3807 4147 πει

2241 4197 2443 4266 festina
2473 4196 2640 4264 (Psal.
2676 4196 2844 4262 LXIX).
2880 4194 3163 4266 Congruit
3193 4197 3368 4251 etiam
3397 4193 3588 4250 titulus
3614 4184 3805 4259 ejusdem

2244 4283 2457 4355 psalmi
2484 4283 2587 4355 qui
2620 4283 2700 4337 ita
2730 4281 3179 4338 inscribiturzln
3213 4286 3391 4340 finem
3418 4280 3580 4340 David
3606 4278 3655 4333 in
3678 4284 3807 4330 reme‘

2243 4372 2649 4438 morationem,
2706 4387 2772 4426 eo
2821 4370 2976 4442 quod
3023 4372 3243 4426 salvum
3293 4389 3379 4428 me
3421 4374 3545 4443 fecit
3593 4364 3808 4453 Dominus:

2242 4460 2497 4517 Cernens
2530 4460 2801 4517 sacerdos
2827 4460 2977 4515 hanc
3010 4461 3340 4517 sanitatum
3372 4460 3601 4535 gratiam
3620 4469 3710 4511 non
3733 4447 3811 4504 nisi

477 4538 781 4613 fastidium
831 4555 1055 4627 gignat,
1118 4553 1527 4626 praetermissis
1593 4553 1886 4624 plurimis,
1946 4572 2131 4626 pauca
2159 4578 2208 4643 D
2243 4566 2311 4605 ex
2341 4550 2536 4605 divino
2567 4564 2808 4603 munere
2835 4547 3082 4615 evenire,
3131 4555 3263 4606 orat
3317 4552 3388 4606 ad
3437 4546 3707 4605 Dominum
3730 4538 3810 4643 hu:

476 4646 670 4703 adhuc
700 4644 966 4700 dicamus
996 4643 1106 4699 sub
1138 4640 1439 4714 exemplis.
1466 4640 1724 4706 Qualiter
1754 4642 1852 4697 illa
1881 4660 2125 4717 evange-

475 4735 590 4792 lica
618 4733 935 4806 lectio,qua
962 4731 1245 4787 Dominus
1267 4731 1432 4786 Petro
1456 4729 1719 4802 przedicit
1744 4731 1898 4786 :Noli
1918 4733 2135 4804 timere,

474 4843 544 4882 ex
571 4826 670 4880 hoc
686 4825 808 4898 jam
837 4822 1083 4879 homines
1110 4821 1221 4876 eris
1247 4821 1467 4891 capiens
1501 4837 1513 4874 :
1545 4826 1595 4873 et
1620 4819 1717 4873 ille
1754 4818 2036 4875 subductis
2067 4823 2137 4878 ad

476 4923 680 4972 terram
727 4913 981 4979 navibus,
1031 4928 1153 4967 cum
1209 4911 1373 4965 sociis
1416 4911 1532 4964 suis
1588 4916 1800 4964 secutus
1845 4913 1925 4963 est
1972 4911 2136 4966 illum

481 5005 630 5072 (Luc.
661 5007 737 5070 v),
771 5004 1053 5076 congruat
1082 4998 1329 5056 orationi
1360 4998 1575 5069 missae,
1609 5014 1723 5052 non
1768 4998 1859 5054 est
1885 4996 2137 5055 laborio-

478 5109 612 5149 sum
640 5092 1143 5164 investigare,quze
1176 5087 1514 5159 hujusmodi
1541 5086 1910 5158 componitur
1931 5104 2128 5159 prece:

477 5183 640 5247 Deus,
673 5183 770 5252 qui
797 5180 1154 5250 diligentibus
1186 5187 1236 5234 te
1267 5179 1403 5233 bona
1437 5176 1739 5231 invisibilia
1773 5179 2127 5247 prmparasti,

376 5339 388 5347 ,
478 5269 710 5341 infunde
730 5268 982 5324 cordibus
1009 5269 1212 5322 nostris
1243 5268 1329 5322 tui
1355 5266 1562 5320 amoris
1591 5264 1863 5336 affectum,
1894 5272 1957 5320 ut
1985 5274 2032 5321 te
2071 5267 2130 5321 in

479 5358 738 5414 omnibus
777 5372 942 5428 super
986 5357 1171 5410 omnia
1219 5355 1506 5426 diligentes
1551 5352 1943 5425 promissioncs
1988 5362 2129 5421 tuas,

479 5461 607 5522 qua?
635 5459 794 5501 omne
816 5443 1147 5499 desiderium
1174 5452 1869 5514 superant,eonsequamur.
1911 5443 1979 5498 Ut
2011 5443 2132 5500 haec

390 5560 395 5568 ·
480 5534 682 5595 omnia
712 5549 847 5590 eum
879 5531 1158 5606 apostolis
1189 5547 1521 5587 mereamur
1549 5530 2134 5605 consequi,hortatur

474 5624 589 5695 ’nos
620 5625 824 5683 Petrus
853 5622 912 5680 in
939 5620 1184 5679 lectione
1214 5637 1419 5703 omnes
1449 5619 1760 5679 unanimes
1781 5619 1839 5679 in
1872 5622 2132 5682 oratione

2230 4640 2495 4721 jusmodi
2529 4654 2695 4710 prece
2747 4653 2759 4691 :
2817 4637 3164 4709 Omnipotens
3196 4647 3249 4696 et
3274 4640 3572 4695 misericors
3610 4634 3739 4693 Deus.

2246 4713 2403 4800 cujus
2429 4744 2655 4783 munere
2684 4728 2848 4792 venit,
2876 4735 2936 4782 ut
2979 4728 3080 4782 tibi
3126 4745 3159 4783 a
3202 4728 3458 4799 fidelibus
3485 4727 3583 4781 tuis
3620 4721 3748 4790 digne

2248 4796 2604 4874 laudabiliter
2629 4817 2922 4882 serviatur,
2946 4816 3144 4885 tribue,
3177 4796 3509 4890 quaesumus,
3536 4811 3669 4869 nobis
3704 4813 3748 4861 ut
3766 4796 3812 4855 αδ

2239 4909 2629 4980 promissiones
2687 4912 2807 4960 tuas
2853 4907 2973 4960 sine
3019 4906 3322 4977 offensione
3375 4917 3651 4962 curramus.
3698 4890 3812 4980 Undc

2243 4979 2299 5053 et
2328 4997 2389 5051 in
2420 4995 2666 5051 lectione
2694 4993 3006 5066 Apostolus
3038 4995 3346 5066 profitetur
3386 4992 3637 5050 fiduciam
3672 4999 3719 5041 se
3740 4979 3809 5035 ba-

2242 5086 2378 5142 bere
2408 5102 2509 5158 per
2537 5083 2835 5140 Christum
2867 5083 2934 5138 ad
2968 5082 3172 5138 Deum.
3202 5084 3271 5138 Et
3300 5085 3359 5139 in
3391 5072 3811 5158 responsoriojam

2241 5157 2418 5249 quasi,
2442 5173 2633 5230 soluto
2660 5172 2871 5244 lingua:
2901 5171 3133 5228 vinculo
3156 5171 3444 5245 Propheta
3470 5169 3652 5227 laudes
3668 5178 3717 5219 se

2240 5247 2529 5338 promittit
2560 5262 2790 5328 referre,
2828 5260 3073 5317 dicendo
3109 5280 3121 5317 :
3151 5262 3482 5318 Benedicam
3510 5259 3756 5338 Dominum
3773 5247 3814 5298 in

2239 5336 2392 5410 omni
2420 5357 2676 5424 tempore,
2706 5366 2918 5422 semper
2965 5352 3084 5406 laus
3130 5351 3250 5422 ejus
3302 5353 3361 5406 in
3406 5366 3493 5407 ore
3519 5362 3639 5403 meo.
3673 5343 3718 5397 In
3741 5336 3813 5391 υθ-

2238 5446 2391 5500 mino
2440 5442 2761 5497 laudabitur
2803 5440 2992 5495 anima
3038 5455 3154 5496 mea
3200 5442 3375 5508 (Psal.
3408 5437 3612 5507 xxxui).
3663 5433 3713 5487 ln
3757 5424 3813 5477 1ο·

2241 5533 2431 5592 ctione
2485 5530 2878 5587 introducitur
2935 5546 3144 5587 nomen
3205 5528 3444 5604 Moysis,
3499 5531 3552 5583 et
3608 5524 3658 5579 in
3714 5512 3813 5571 οσθο

2241 5624 2440 5692 renda,
2466 5628 2716 5697 precatus
2746 5622 2823 5678 est
2874 5619 3076 5694 Moyses
3128 5620 3187 5674 in
3235 5621 3515 5692 conspectu
3537 5608 3727 5673 Domini
3742 5612 3817 5679 pro
