4026 6184
176 363 327 427 1069

1484 363 1585 425 DE
1629 361 1934 426 OFFICIO
1978 358 2264 425 MISSE.

3426 367 3585 429 i070

166 498 398 572 peccatis
436 496 630 568 populi
671 496 780 563 sui,
813 499 879 550 ut
922 495 1075 552 sicut
1119 496 1179 552 in
1224 496 1535 570 Evangelio
1578 512 1815 568 corpore
1844 500 1898 567 Α
1930 495 2018 552 vel
2042 513 2144 569 per
2160 501 2411 568 quatuor
2431 498 3013 556 hebdomadas.Nam
3035 498 3201 554 ﬁnita
3219 497 3590 555 hebdomada

169 586 489 651 inﬁrmum,
520 584 602 639 ita
641 584 736 640 hic
767 588 934 640 sanet
961 584 1250 642 Dominus
1282 585 1565 659 populum
1612 586 1669 640 in
1703 586 1824 640 ani-

164 693 259 732 ma
312 673 682 747 languidum.
732 673 897 729 Unde
953 672 1239 746 scriptum
1288 679 1425 731 est:
1459 675 1525 730 Et
1572 674 1822 746 placatus

161 768 336 838 [actus
363 770 444 819 est
469 764 735 818 Dominus
774 762 838 818 de
876 764 1245 833 malignitate,
1277 780 1441 835 quam
1468 763 1612 818 dixit
1641 764 1822 833 facere

158 853 356 927 populo
404 867 505 907 suo
532 851 724 920 (Exod.
756 854 955 918 xxxn).
989 852 1061 907 Et
1089 853 1147 906 in
1173 869 1345 908 versu
1377 870 1390 907 :
1432 853 1589 907 Dixit
1631 853 1818 907 Domi-

161 959 260 997 nus
291 941 362 997 ad
392 940 605 1013 Moysen
628 958 646 995 :
668 941 936 996 Invenisti
975 942 1214 1011 gratiam
1258 942 1317 995 in
1362 949 1648 1012 conspectu
1676 955 1817 1009 meo,

159 1040 209 1089 et
247 1033 358 1086 scio
407 1038 454 1085 te
493 1044 615 1100 prae
659 1029 916 1085 omnibus
947 1029 1142 1097 (Exod.
1174 1029 1395 1101 χχχιιι).
1427 1030 1523 1085 Sic
1571 1033 1818 1101 uterque

159 1118 414 1195 p0pulus
442 1117 584 1173 Novi
616 1134 681 1174 ac
707 1118 935 1178 Neteris
960 1119 1320 1175 Testamenti
1352 1122 1591 1174 curatus
1621 1118 1818 1172 divina

159 1210 581 1266 commemorat
607 1207 911 1274 beneﬁcia,
943 1206 1026 1262 ita
1055 1224 1272 1264 canens
1312 1224 1446 1263 cum
1478 1205 1768 1279 Propheta
1798 1222 1811 1261 :

156 1302 228 1356 De
255 1302 444 1371 fructu
484 1313 709 1368 operum
759 1303 999 1362 tuorum,
1025 1298 1268 1364 nomine,
1298 1296 1597 1353 satiabitur
1644 1300 1813 1361 terra,

156 1397 214 1445 ut
238 1389 439 1444 educas
462 1402 664 1459 panem
692 1384 759 1440 de
781 1392 948 1453 terra,
981 1393 1033 1441 et
1068 1387 1256 1441 vinum
1288 1385 1530 1455 latiﬁcet
1575 1400 1668 1439 cor
1712 1384 1813 1439 ho-

155 1479 324 1533 minis
354 1477 527 1548 (Psal.
562 1476 701 1544 c111).
727 1475 926 1540 Terra,
956 1491 1082 1546 qua
1112 1473 1172 1529 in
1208 1474 1396 1547 primo
1427 1472 1666 1528 homine
1693 1488 1815 1527 ma-

158 1567 371 1622 ledicta
399 1565 602 1637 Spinas
632 1567 691 1618 et
724 1561 972 1618 tribulos
1009 1563 1377 1636 germinavit,
1412 1578 1567 1617 nunc
1596 1559 1815 1615 calesti

153 1657 342 1711 imbre
372 1653 611 1727 perfusa
653 1669 719 1708 ac
752 1653 1037 1709 bonorum
1069 1668 1309 1725 operum
1350 1653 1543 1706 fructu
1578 1649 1808 1731 satiata,

149 1745 313 1801 illum
349 1759 561 1816 panem
594 1742 864 1814 producit
886 1740 986 1812 qui
1017 1742 1088 1796 de
1119 1740 1264 1796 calo
1290 1739 1616 1805 descendit,
1640 1740 1811 1809 cujus

148 1839 322 1907 gustu
346 1833 645 1908 reﬁcimur
665 1835 721 1887 et
739 1830 857 1886 vini
884 1830 1092 1902 poculo
1114 1830 1172 1885 in
1196 1829 1474 1903 mysterio
1498 1827 1806 1901 sanguinis

147 1922 362 1981 Christi
395 1925 689 1994 potamur,
714 1924 781 1975 ut
811 1918 1004 1974 oleum
1036 1920 1243 1975 divina
1274 1917 1688 1975 misericordia
1720 1917 1802 1972 fa-

147 2013 292 2068 ciem
326 2008 623 2065 interioris
649 2007 907 2063 hominis
937 2007 1221 2064 exhilaret
1250 2011 1307 2064 et
1336 2007 1505 2080 panis
1535 2006 1802 2078 ejusdem

147 2118 240 2157 cor
268 2099 534 2156 hominis
563 2098 887 2154 conﬁrmet.
914 2096 1001 2152 Illi
1031 2096 1342 2171 Evangelio
1364 2097 1464 2152 ubi
1487 2095 1802 2150 Dominum

147 2186 524 2262 legisperitus
551 2186 623 2241 de
664 2186 939 2241 mandato
977 2186 1316 2259 interrogat,
1350 2188 1407 2241 et
1436 2184 1533 2241 ille
1564 2200 1805 2257 respon-

149 2279 292 2335 dens
347 2276 494 2331 dixit
524 2293 536 2331 :
572 2275 783 2344 Diliges
828 2276 1131 2331 Dominum
1166 2276 1336 2330 Deum
1387 2279 1541 2329 tuum
1585 2290 1655 2328 ex
1700 2280 1805 2328 toto

148 2366 307 2423 corde
336 2374 450 2431 tuo,
479 2369 532 2420 et
560 2381 631 2419 ea:
650 2371 758 2420 tota
788 2366 977 2420 anima
1006 2367 1123 2429 tua,
1144 2367 1197 2418 et
1224 2379 1294 2418 ea:
1321 2364 1573 2418 omnibus
1594 2362 1806 2416 viribus

149 2458 277 2521 tuis,
313 2463 370 2511 et
393 2470 465 2509 ex
492 2455 644 2509 omni
685 2460 864 2509 mente
893 2460 1008 2519 tua,
1039 2460 1091 2508 et
1110 2455 1427 2525 proximum
1455 2457 1616 2505 tuum
1661 2452 1806 2505 sicut

148 2555 198 2601 te
225 2548 413 2617 ipsum
447 2543 663 2616 (Matth.
694 2542 866 2613 xxii);
898 2546 957 2597 et
998 2541 1405 2597 Samaritanus
1440 2524 1606 2596 curat
1636 2538 1802 2594 illum

145 2633 545 2698 vulneratum,
569 2634 626 2687 et
655 2630 976 2687 stabulario
996 2631 1096 2685 dat
1113 2634 1169 2686 et
1191 2628 1477 2702 promittit
1497 2628 1803 2700 pramium

145 2725 294 2793 (Luc.
320 2726 403 2791 ι),
431 2720 703 2793 congruit
731 2719 853 2775 hac
875 2719 1060 2775 oratio
1081 2720 1151 2775 ad
1175 2718 1491 2774 Dominum
1516 2735 1528 2772 :
1556 2718 1806 2788 Omnipo-

145 2818 254 2868 tens
285 2813 620 2883 sempiterne
650 2812 805 2876 Deus,
839 2808 909 2864 da
938 2809 1096 2865 nobis
1124 2808 1271 2879 ﬁdei,
1293 2809 1409 2880 spei
1437 2814 1488 2862 et
1514 2806 1804 2861 charitatis

143 2909 525 2974 augmentum,
555 2903 696 2955 etut
724 2914 1038 2954 mereamur
1066 2900 1283 2969 assequi
1322 2896 1462 2969 quod
1503 2897 1802 2967 promittis,

143 2993 228 3063 fac
253 3007 367 3046 nos
403 3004 590 3044 amare
643 2987 782 3061 quod
828 2988 1109 3060 pracipis.
1145 2987 1273 3041 Hac
1303 2991 1362 3041 et
1414 2985 1529 3042 alia
1559 3001 1686 3057 qua
1716 2982 1805 3038 vel

147 3078 567 3152 pratermissa,
588 3076 677 3133 vel
705 3077 861 3132 dicta
889 3080 1047 3143 sunt,
1069 3075 1158 3132 vel
1184 3092 1310 3148 qua
1337 3075 1529 3130 adhuc
1558 3076 1801 3140 restant,

144 3169 190 3225 si
219 3168 497 3240 diligenti
529 3184 670 3223 cura
699 3166 1099 3235 observentur,
1127 3164 1397 3219 concordi
1428 3165 1545 3220 ﬁne
1571 3164 1801 3219 conclu-

1934 601 2061 657 qua
2083 590 2269 657 vacat,
2294 586 2351 641 in
2379 587 2623 643 introitu
2656 588 2851 645 missa
2878 590 3082 644 cantor
3107 603 3309 660 pacem
3340 604 3373 641 a
3398 586 3589 643 Domi-

1931 690 2006 729 no
2040 679 2204 747 rogat
2234 679 2298 730 ut
2327 676 2622 749 propheta
2661 678 2792 748 ejus
2844 675 3043 732 ﬁdeles
3090 675 3482 732 inveniantur.
3518 676 3590 732 Et

1930 764 2304 835 responsoria
2345 766 2632 838 propheta
2666 765 2853 825 David
2880 784 2892 822 :
2923 767 3169 822 Latoius
3197 782 3319 820 sum
3350 763 3586 837 (inquit)

1930 852 2105 907 in-his
2132 868 2259 924 quae
2285 853 2432 909 dicta
2471 863 2599 911 sunt
2641 856 2786 911 mihi
2812 874 2834 911 .'
2862 857 2925 910 in
2953 854 3175 911 domum
3222 855 3449 911 Domini
3478 854 3585 909 ibi-

1927 956 2048 994 mus
2080 941 2251 1012 (Psal.
2284 942 2436 1013 cxxx)
2464 960 2478 999 :
2509 947 2567 999 et
2615 943 2673 998 in
2705 961 2876 1000 versu
2910 961 2923 999 :
2956 945 3080 999 Fiat
3114 959 3233 1015 pax
3277 944 3337 998 in
3384 944 3587 999 virtute

1927 1031 2022 1083 tua
2054 1028 2261 1101 (lbid.).
2297 1030 2360 1086 1n
2392 1031 2703 1104 Evangelio
2735 1033 2876 1088 facit
2903 1032 3192 1088 Dominus
3220 1032 3583 1088 mentionem

1925 1117 2221 1189 propheta
2253 1119 2493 1192 Moysis,
2518 1122 2717 1178 dicens
2746 1138 2760 1176 :
2790 1125 2976 1194 Super
3003 1120 3342 1177 cathedram
3364 1120 3581 1194 Moysis

1926 1206 2205 1263 sederunt
2231 1209 2444 1264 Scriba
2476 1215 2535 1266 et
2572 1210 2848 1266 Pharisai
2872 1210 3081 1283 (Matth.
3103 1209 3284 1283 xxm).
3317 1213 3580 1282 Sequens

1925 1293 2220 1353 offerenda
2250 1298 2331 1353 ita
2354 1298 2557 1371 incipit
2589 1316 2602 1355 :
2631 1299 3010 1371 Sanctificavit
3037 1299 3239 1372 Moyses
3267 1300 3446 1356 altare
3472 1301 3578 1355 Do-

1921 1382 2093 1447 mino,
2132 1386 2188 1437 et
2236 1384 2465 1455 primus
2516 1402 2720 1441 versus
2756 1403 2769 1440 :
2804 1388 3033 1443 Locutus
3075 1394 3155 1442 est
3198 1388 3465 1443 Dominus
3508 1386 3582 1442 ad

1922 1472 2188 1542 Moysen;
2218 1474 2514 1530 secundus
2543 1491 2751 1531 versus
2776 1492 2789 1531 :
2816 1475 3006 1532 Oravit
3030 1475 3233 1548 Moyses
3260 1471 3579 1531 Dominum:

1922 1557 1993 1612 Et
2006 1558 2062 1613 in
2078 1563 2489 1618 communione
2500 1563 2888 1620 hortaturnos
2900 1564 3215 1621 Psalmista
3233 1581 3369 1621 cum
3383 1563 3581 1638 Moyse

1921 1645 2122 1703 tollere
2151 1649 2397 1719 hostias,
2422 1657 2480 1708 et
2508 1652 2751 1709 introire
2782 1654 2842 1708 in
2869 1654 3018 1709 atria
3047 1653 3304 1723 Domini,
3338 1654 3582 1710 adorare

1920 1737 2236 1793 Dominum
2260 1740 2317 1795 in
2340 1740 2476 1796 aula
2496 1747 2699 1797 sancta
2719 1743 2849 1814 ejus
2868 1743 3043 1811 (Psal.
3062 1744 3289 1813 xcv).Et
3304 1742 3444 1815 quia
3463 1742 3579 1798 Deo

1923 1841 2025 1880 nec
2043 1826 2103 1881 in
2122 1828 2430 1896 sacriﬁcio,
2447 1847 2552 1886 nec
2569 1831 2629 1886 in
2646 1831 2940 1888 oblatione
2956 1831 3284 1889 hostiarum
3302 1831 3431 1887 sine
3448 1832 3579 1903 ejus

1914 1913 2202 1985 adjutorio
2236 1916 2460 1987 placere
2480 1936 2944 1992 possumus,nec
2975 1921 3034 1976 in
3060 1921 3209 1977 atria
3229 1921 3359 1992 ejus
3380 1920 3579 1976 introi-

1913 2018 1994 2070 re,
2024 2019 2127 2059 nec
2152 2004 2211 2059 in
2236 2006 2370 2062 aula
2392 2008 2520 2079 ejus
2545 2009 2788 2065 adorare
2807 2026 2966 2077 eum,
2982 2010 3192 2066 merito
3214 2010 3485 2066 sacerdos
3505 2025 3575 2066 ex

1913 2107 2021 2147 sua
2041 2096 2098 2148 et
2119 2098 2319 2150 nostra
2338 2112 2474 2152 voce
2500 2097 2707 2166 Deum,
2721 2099 3087 2171 deprecatur,
3106 2099 3336 2155 dicens:
3357 2099 3578 2167 Dirigat

1910 2180 2075 2237 corda
2094 2191 2303 2251 nostra,
2330 2189 2579 2252 Domine,
2594 2204 2920 2260 quasumus,
2933 2196 3047 2247 tua
3065 2190 3440 2244 miserationis
3456 2203 3577 2258 ope-

1912 2272 2077 2338 ratio,
2110 2274 2244 2343 quia
2272 2274 2377 2329 tibi
2401 2278 2522 2331 sine
2542 2276 2635 2347 [te]
2657 2278 2877 2348 placere
2903 2294 3015 2334 non
3048 2293 3358 2350 possumus.
3379 2278 3446 2331 In
3478 2290 3570 2331 se-

1914 2361 2115 2429 quenti
2138 2360 2441 2418 Dominica
2463 2363 2519 2419 in
2544 2364 2787 2421 introitu
2808 2365 3148 2422 consolatur
3172 2383 3280 2423 nos
3300 2366 3446 2438 ipse,
3473 2364 3566 2419 di-

1913 2463 2050 2503 cens
2063 2465 2076 2502 :
2091 2448 2254 2504 Salus
2263 2452 2455 2522 populi
2472 2468 2566 2523 ego
2580 2470 2723 2519 sum,
2738 2458 2795 2509 et
2814 2459 3038 2510 catera.
3055 2454 3219 2511 Unde
3237 2458 3294 2511 et
3309 2452 3370 2509 in
3387 2454 3570 2509 Evan-

1913 2534 2064 2608 gelio
2079 2554 2193 2593 non
2208 2538 2398 2595 solum
2412 2544 2582 2597 sanat
2598 2542 2986 2615 paralyticum
3001 2559 3176 2616 quem
3189 2543 3239 2600 ei
3251 2544 3570 2600 oll‘erebant

1904 2625 2198 2695 jacentem
2218 2627 2275 2683 in
2292 2628 2671 2695 lecto,verum
2693 2632 2872 2688 etiam
2889 2633 3137 2688 dimittit
3150 2631 3571 2704 peccata,sicut

1912 2714 2102 2770 eidem
2124 2716 2296 2771 dicit:
2317 2719 2557 2789 Conﬁdo,
2579 2721 2710 2791 ﬁili,
2735 2723 3095 2776 remit'untur
3114 2722 3219 2776 tibi
3232 2726 3451 2792 peccata
3472 2728 3571 2774 tua

1914 2805 2129 2875 (Matth.
2152 2807 2248 2876 Ix).
2266 2795 2427 2863 Unde
2450 2812 2507 2863 et
2528 2809 2735 2864 merito
2758 2825 2865 2865 nos
2887 2810 3203 2865 Dominum
3226 2808 3286 2863 in
3309 2807 3570 2864 oratione

1914 2893 2107 2949 missa
2139 2911 2435 2967 rogamus,
2462 2901 2526 2952 ut
2555 2898 2927 2971 omnipotens
2952 2902 3010 2954 et
3037 2898 3374 2955 misericors
3412 2897 3570 2954 Deus
3623 2936 3633 2951 ρ

1913 2981 2185 3038 universa
2215 2984 2383 3040 nobis
2405 2986 2775 3042 adversantia
2806 2986 3153 3060 propitiatus
3192 2985 3479 3055 excludat,
3501 2990 3569 3041 ut

1912 3070 2067 3127 sicut
2086 3072 2439 3145 paralyticus
2456 3090 2524 3129 ex
2548 3074 2921 3132 miseratione
2936 3076 3037 3132 Dei
3057 3075 3239 3132 libero
3255 3091 3462 3148 gressu
3484 3074 3569 3129 in-

1912 3161 2171 3229 cedebat,
2187 3163 2270 3216 ita
2289 3168 2345 3218 et
2369 3180 2473 3219 nos
2497 3167 2689 3221 mente
2710 3169 2766 3220 et
2787 3181 3027 3237 corpore
3046 3163 3298 3238 expediti
3321 3179 3448 3235 qua
3465 3162 3566 3219 Dei

146 3233 391 3321 duntur,
418 3255 467 3311 si
492 3259 689 3311 tamen
712 3254 857 3309 illud
880 3233 1159 3322 ofﬁcium,
1182 3253 1465 3308 Exsultate
1492 3253 1619 3317 Deo,
1641 3250 1803 3307 nullo
1833 3233 1881 3305 (ἶ
1916 3253 2054 3306 sunt
2083 3249 2283 3306 liberis
2314 3252 2610 3309 mentibus
2634 3233 3044 3326 exsequamur.
3068 3233 3138 3310 Et
3159 3252 3302 3326 quia
3324 3233 3568 3325 Aposto-

145 3348 385 3402 canitur
413 3345 506 3401 die
532 3342 854 3401 Dominico.
890 3342 1038 3398 Nam
1079 3359 1213 3397 cum
1243 3345 1461 3397 catera
1492 3339 1804 3396 Dominica

145 3453 270 3509 qua
304 3438 446 3508 post
464 3432 694 3505 jejunia
721 3436 948 3499 vacant,
967 3431 1244 3487 lectiones
1272 3435 1329 3487 et
1358 3428 1670 3502 Evangelia
1700 3428 1804 3483 ha-

147 3524 323 3580 beant
368 3522 707 3589 constituta,
735 3526 793 3577 et
822 3520 944 3577 hae
976 3520 1297 3587 Dominica,
1326 3536 1453 3590 qua
1483 3518 1579 3573 hic
1619 3522 1802 3581 vacat,

146 3613 221 3667 ita
249 3629 376 3668 non
407 3610 640 3677 habeat,
664 3610 800 3681 jure
839 3608 984 3664 illud
1026 3608 1283 3665 ofﬁcium
1318 3605 1804 3680 praetermittitur,

147 3706 209 3756 ut
250 3702 314 3757 in
373 3699 597 3755 caeteris
654 3699 965 3755 concordia
1021 3701 1365 3754 reservetur.
1399 3695 1458 3751 Si
1490 3694 1625 3767 quis
1672 3711 1806 3750 vero

145 3790 356 3863 objicit
386 3806 491 3845 cur
521 3786 780 3843 ofﬁcium
812 3792 1034 3860 quarta
1071 3786 1223 3842 feria
1270 3803 1385 3840 non
1417 3785 1512 3839 hic
1538 3783 1808 3839 similiter

146 3881 441 3944 cantetur,
466 3875 618 3932 sicut
638 3874 700 3931 in
724 3875 991 3931 Adventu
1013 3874 1241 3929 Domini
1265 3877 1322 3929 et
1342 3872 1400 3927 in
1428 3871 1808 3944 Quadragesi-

148 3983 260 4036 ma,
277 3966 717 4038 respondemus
737 3964 873 4036 quia
897 3980 1030 4019 cum
1054 3967 1306 4035 quatuor
1334 3961 1714 4017 hebdomada
1747 3960 1805 4014 in

147 4053 463 4111 Dominica
482 4054 746 4109 Adventu
778 4058 911 4109 ante
941 4051 1142 4108 Natale
1179 4050 1408 4107 Domini
1440 4050 1559 4106 sint
1583 4065 1809 4121 prano-

151 4148 301 4213 tata,
330 4148 392 4199 et
419 4142 479 4197 in
511 4142 973 4216 Quadragesima
1001 4158 1104 4214 per
1129 4139 1393 4213 singulos
1423 4138 1547 4194 dies
1577 4136 1810 4210 singula

149 4234 267 4289 sint
286 4231 491 4289 ofﬁcia
512 4231 850 4299 constituta,
868 4235 933 4286 ut
954 4231 1012 4285 in
1034 4231 1299 4285 Adventu
1326 4227 1555 4283 Domini
1579 4230 1806 4299 quarta,

149 4326 202 4376 et
228 4322 291 4377 in
314 4319 786 4394 Quadragesima
811 4319 1069 4375 secunda
1098 4317 1403 4373 Dominica
1431 4320 1656 4383 vacent,
1688 4331 1810 4370 me-

148 4412 258 4467 rito
289 4411 375 4466 ab
404 4408 812 4465 ecclesiasticis
840 4407 981 4463 viris
1024 4411 1115 4464 est
1144 4406 1529 4462 constitutum
1560 4402 1812 4476 qualiter

149 4498 232 4553 illi
262 4501 390 4555 duo
421 4498 545 4554 dies
575 4497 992 4570 supplerentur
1020 4513 1124 4570 per
1146 4495 1342 4551 ofﬁcia
1361 4498 1704 4566 quartarum
1737 4492 1813 4547 fe-

1913 3337 2008 3393 lus
2030 3340 2317 3417 quosdam
2342 3341 2413 3396 de
2434 3341 2650 3398 Scribis
2670 3343 2891 3400 sciebat
2921 3344 3074 3398 intra
3093 3358 3156 3399 se
3177 3341 3398 3399 dixisse
3421 3358 3434 3397 :
3462 3340 3567 3397 Hic

1914 3427 2305 3500 blasphemat,
2339 3430 2397 3485 in
2431 3430 2683 3503 epistola
2720 3449 2831 3488 sua
2879 3431 3293 3505 pramonebat,
3318 3430 3517 3486 dicens
3549 3445 3563 3485 :

1916 3516 2156 3588 Propter
2174 3518 2329 3589 quod
2357 3518 2666 3591 loquimini
2685 3521 2990 3577 veritatem
3009 3521 3419 3593 unusquisque
3429 3535 3567 3575 cum

1916 3605 2179 3677 proximo
2200 3611 2394 3675 suo,et
2414 3607 2593 3665 nolite
2614 3608 2808 3666 locum
2827 3610 2964 3667 dare
2985 3609 3444 3681 diabolo(Ephes.
3466 3611 3569 3678 Iv),

1914 3695 2133 3750 Deinde
2152 3697 2405 3752 occurrit
2433 3697 2534 3754 illa
2552 3698 2877 3763 Dominica;
2894 3699 2995 3755 ubi
3017 3698 3162 3754 illud
3187 3697 3568 3772 Evangelium

1915 3781 2150 3856 legitur,
2175 3784 2233 3839 in
2256 3802 2372 3858 quo
2395 3787 2636 3858 quidam
2659 3788 2730 3843 ad
2764 3788 2999 3860 nuptias
3021 3786 3124 3842 ﬁlii
3153 3787 3309 3860 regis
3338 3785 3569 3842 invitati

1915 3872 2296 3944 neglexerunt
2324 3876 2539 3942 venire,
2564 3877 2717 3932 sicut
2746 3877 3032 3950 scriptum
3061 3880 3188 3934 est:
3213 3877 3283 3932 Et
3301 3876 3572 3933 abierunt

1917 3961 2067 4017 alius
2093 3962 2150 4017 in
2172 3962 2369 4019 villam
2401 3980 2593 4031 suam,
2620 3965 2772 4021 alius
2793 3966 2862 4021 ad
2891 3964 3345 4038 negotiationem
3367 3981 3567 4032 suam;

1918 4049 2125 4122 reliqui
2157 4067 2291 4106 vero
2339 4056 2655 4108 tenuerunt
2698 4070 2895 4109 servos
2932 4054 3082 4125 ejus,
3108 4056 3165 4109 et
3213 4052 3572 4108 contumelia

1917 4138 2153 4195 atl'ectos
2211 4139 2571 4195 occiderunt.
2615 4142 2777 4207 Quod
2831 4159 2939 4198 nos
2997 4156 3320 4214 pracavere
3368 4140 3570 4197 volens

1915 4226 2251 4299 Apostolus,
2266 4227 2325 4282 in
2346 4228 2605 4299 Epistola
2621 4246 2729 4285 sua
2746 4230 3247 4297 admonet,dicens
3263 4247 3276 4285 :
3294 4230 3473 4285 Nolite
3488 4230 3573 4284 in-

1915 4316 2125 4371 ebriari
2148 4317 2296 4382 vino,
2321 4318 2381 4371 in
2410 4333 2513 4388 quo
2541 4326 2619 4373 est
2642 4319 2892 4386 luxuria,
2914 4319 3007 4375 sed
3028 4319 3341 4390 implemini
3359 4318 3573 4390 Spiritu

1916 4412 2100 4459 sancto
2122 4405 2334 4476 (Ephes.
2354 4410 2433 4473 v).
2458 4405 2564 4461 Ubi
2590 4407 2767 4463 etiam
2794 4407 2947 4464 inter
2965 4406 3424 4473 discumbentes,
3451 4421 3570 4473 rex,

1916 4493 2121 4549 videns
2150 4493 2447 4549 hominem
2481 4511 2595 4551 non
2619 4496 2898 4552 vestitum
2920 4500 3081 4553 veste
3102 4493 3372 4567 nuptiali,
3392 4493 3579 4567 jussit

147 4588 402 4644 viarum.
434 4588 507 4641 At
546 4602 679 4641 vero
726 4586 895 4641 ﬁnita
938 4585 1307 4640 Pentecostes
1337 4582 1724 4672 hebdomade,
1756 4584 1813 4635 et
1839 4605 1889 4672 D
1920 4598 2055 4637 eum
2081 4581 2279 4655 ligatis
2300 4582 2577 4640 manibus
2603 4589 2660 4640 et
2679 4584 2929 4658 pedibus
2958 4584 3192 4651 mittere
3220 4583 3281 4638 in
3302 4583 3577 4639 tenebras

147 4674 423 4747 sequenti
471 4673 774 4728 Dominica
830 4688 957 4744 qua
997 4676 1183 4739 vacat,
1213 4688 1326 4726 non
1368 4671 1494 4741 jam
1552 4666 1811 4724 ofﬁcium
1839 4666 1879 4672 “
1922 4670 2253 4742 exteriores,
2278 4670 2378 4726 ubi
2408 4671 2517 4727 erit
2543 4673 2715 4729 ﬂetus
2746 4677 2802 4728 et
2832 4672 3047 4728 stridor
3077 4671 3341 4728 dentium
3363 4672 3574 4742 (Matth.

94 4816 101 4823 .
146 4768 378 4835 quarta:
400 4762 556 4817 feria
582 4762 883 4834 repetitur,
899 4761 1000 4817 sed
1023 4760 1277 4833 Spiritus
1299 4758 1529 4815 Domini
1553 4757 1809 4823 canitur;

146 4850 227 4906 ita
246 4856 308 4907 et
334 4850 502 4905 ﬁnito
524 4850 759 4922 septimi
794 4849 1015 4906 mensis
1035 4848 1257 4920 jejunio
1288 4865 1404 4903 non
1431 4846 1811 4919 repetendum

149 4946 292 5009 puto
326 4944 552 5011 quarta
600 4940 753 4994 feria
787 4939 1069 5006 ofﬁcium,
1102 4939 1203 4993 sed
1238 4936 1447 5009 magis,
1480 4935 1526 4991 si
1579 4950 1815 4990 necesse

150 5027 329 5085 fuerit
354 5027 594 5100 aliquod
616 5027 875 5084 ofﬁcium
897 5026 1327 5083 observandum
1349 5030 1407 5081 et
1429 5040 1544 5079 non
1563 5023 1816 5079 occurrit

150 5115 359 5189 aliqua
389 5116 673 5173 festivitas
708 5120 1067 5187 sanctorum,
1100 5115 1315 5171 rectius
1353 5112 1565 5186 prioris
1595 5112 1815 5168 hebdo-

152 5207 347 5262 mada
377 5206 658 5274 ofﬁcium,
686 5205 839 5261 sicut
868 5203 1017 5261 solet
1046 5204 1169 5261 ﬁeri
1201 5203 1261 5259 in
1288 5202 1610 5260 Galliarum
1641 5200 1820 5257 eccle-

152 5294 280 5359 siis,
316 5296 624 5368 repetitur,
667 5311 847 5368 quam
903 5294 1214 5350 concordia
1260 5290 1706 5364 Evangeliorum
1764 5293 1821 5344 et

152 5382 490 5439 ofﬁciorum
530 5383 869 5456 dissipetur.
901 5382 1016 5439 Nec
1059 5383 1203 5438 satis
1245 5381 1446 5437 mirari
1479 5396 1628 5455 queo
1678 5378 1819 5451 quid

151 5488 353 5529 causa
378 5473 626 5530 obsistat
653 5489 761 5529 cur
785 5486 903 5529 non
934 5471 1108 5529 liceat
1132 5489 1318 5528 unum
1349 5469 1633 5535 ofﬁcium,
1657 5469 1705 5524 si
1736 5467 1819 5523 ita

150 5560 437 5629 evenerit,
461 5562 682 5620 cantari
713 5579 816 5636 per
836 5562 1007 5630 duas,
1031 5562 1187 5618 sicut
1215 5569 1273 5618 et
1296 5576 1475 5617 unam
1507 5557 1818 5615 historiam

150 5666 294 5712 cum
328 5652 453 5712 suis
484 5652 896 5728 responsoriis,
929 5650 1020 5708 vel
1058 5668 1160 5726 per
1189 5651 1358 5722 duas,
1390 5648 1479 5710 vel
1529 5665 1632 5726 per
1676 5652 1818 5725 tres,

1919 4760 2246 4830 χχιι).ουοὰ
2265 4761 2501 4816 intuens
2521 4761 2771 4833 populus
2789 4761 3077 4833 panitens
3097 4779 3110 4818 :
3127 4765 3306 4833 Super
3316 4761 3574 4831 ﬂumina,

1921 4847 2135 4920 inquit,
2156 4850 2398 4921 Babylon
2409 4852 2454 4904 is
2481 4849 2721 4905 sedimus
2749 4858 2800 4905 et
2827 4851 3075 4921 ﬂevimus
3102 4849 3235 4905 dum
3264 4848 3577 4905 recordare-

1922 4955 2050 4992 mur
2070 4940 2170 5003 tui,
2195 4938 2347 4993 Sion.
2364 4938 2432 4992 Et
2452 4943 2655 4994 cantor
2676 4938 2877 4995 volens
2901 4939 3139 4996 Justum
3159 4937 3428 4993 Judicem
3453 4934 3575 5009 pla-

1924 5042 2056 5082 care
2074 5031 2134 5082 et
2157 5026 2502 5082 benevolum
2526 5028 2787 5093 reddere,
2810 5026 3151 5099 hujusmodi
3172 5025 3366 5082 verbis
3395 5024 3576 5081 conﬁ-

1922 5115 2097 5170 tendo
2113 5114 2315 5186 incipit
2330 5132 2536 5172 canere
2555 5134 2568 5171 :
2590 5116 2788 5171 Omnia
2803 5131 2928 5187 quae
2941 5117 3124 5187 fecisti
3134 5116 3313 5184 nobis,
3328 5116 3575 5181 Domine,

1927 5206 1989 5259 in
2018 5220 2141 5261 vero
2155 5204 2368 5276 judicio
2395 5206 2743 5283 fecisti,quia
2766 5207 3113 5277 peccavimus
3144 5205 3249 5260 tibi
3266 5206 3433 5274 (Dan.
3466 5204 3577 5275 III),

1928 5297 1980 5349 et
2004 5297 2229 5349 catera.
2250 5294 2314 5350 In
2332 5294 2701 5366 responsorio
2716 5295 2841 5365 jam
2863 5294 3132 5367 aspirans
3155 5294 3225 5350 ad
3248 5293 3579 5351 convivium

1929 5382 2026 5437 Dei
2058 5382 2140 5437 ita
2171 5382 2363 5438 canit:
2390 5383 2548 5438 Oculi
2577 5385 2825 5439 omnium
2845 5384 2906 5438 in
2927 5387 2978 5440 te
2994 5387 3236 5456 sperant,
3260 5384 3507 5448 Domine,
3530 5390 3582 5438 et

1927 5479 1988 5527 tu
2006 5471 2105 5527 das
2136 5472 2252 5527 illis
2290 5488 2466 5527 escam
2497 5474 2557 5527 in
2586 5479 2822 5544 tempore
2850 5481 3149 5545 opportuno
3172 5472 3346 5546 (Psal.
3370 5471 3578 5544 CXLIV).

1929 5558 2169 5633 Propter
2196 5558 2316 5616 hac
2338 5560 2536 5616 omnia
2562 5563 2729 5634 rogat
2752 5562 3022 5620 sacerdos
3042 5561 3582 5636 piumjudicem,ut

1929 5648 2200 5710 ﬁdelibus
2222 5649 2346 5708 suis
2367 5647 2651 5725 largiatur
2671 5649 3099 5726 indulgentiam
3121 5650 3389 5726 placatus
3408 5652 3466 5706 et
3481 5662 3589 5731 pa,
