4054 6158
517 323 667 387 10³11

1593 315 1984 379 ΒΕΙὶΝΟΝΙΒ
2031 314 2366 381 ABBATIS
2419 318 2854 382 AUGlENSIS.

3681 301 3799 392 i079.

515 476 664 529 cem,
699 460 764 513 ut
794 453 1009 530 pariter
1037 452 1110 510 ab
1141 450 1417 508 omnibus
1447 445 1810 508 mundcntur
1838 451 2077 508 offensis
2105 447 2168 506 et
2194 452 2248 520 Α
2277 454 2451 508 Israel
2471 453 2681 525 (Ibid).
2706 454 2866 512 Unde
2895 455 3167 512 sacerdos
3208 454 3530 514 confidenter
3566 459 3799 519 Dominum

516 565 724 606 secura
738 545 848 602 sibi
867 545 1057 600 mente
1073 541 1421 598 deserviant.
1443 541 1510 596 Et
1531 541 1588 596 in
1611 541 2024 596 communione
2037 540 2166 612 jam

517 635 770 712 quadam
803 621 906 706 spe
931 649 1000 688 ex
1027 629 1223 687 divino
1256 647 1496 686 munere
1522 630 1812 702 Propheta
1844 630 2163 696 animatus,

516 743 586 782 ex
614 739 863 800 persona
887 720 1148 777 ﬁdelium
1175 718 1333 776 canit
1369 719 1536 774 laatus
1562 737 1574 774 :
1601 723 1872 776 Memento
1900 721 2052 775 verbi
2083 721 2170 774 tui

514 827 666 872 servo
695 820 804 882 tuo,
831 813 1075 880 Domine,
1109 812 1169 866 in
1207 826 1310 882 quo
1338 809 1483 864 mihi
1509 825 1656 881 spem
1697 809 1913 876 dedisti,
1937 811 2056 866 haec
2082 824 2170 862 me

513 903 790 962 consolata
817 908 894 958 est
917 903 980 957 in
1009 899 1326 956 humilitate
1342 915 1462 954 mea
1486 899 1654 970 (Psal.
1679 901 1894 966 cxvm).
1921 897 2166 954 Concor-

515 993 613 1050 dia
640 992 795 1048 inter
822 989 1132 1046 lectionem
1163 986 1556 1062 evangelicam
1583 991 1642 1042 et
1665 986 2066 1060 apostolicam,
2091 987 2170 1042 of-

513 1081 816 1140 ferendam
845 1084 902 1138 et
932 1079 1179 1135 missam
1209 1076 1269 1132 in
1299 1094 1366 1133 ea
1386 1094 1510 1150 qua:
1542 1074 1927 1148 subsequitur
1955 1075 2174 1130 hebdo-

514 1172 707 1241 mada,
741 1170 800 1226 in
831 1167 1140 1244 propatulo
1169 1171 1278 1224 est.
1303 1167 1447 1222 Nam
1473 1165 1531 1221 in
1553 1165 1862 1238 Evangelio
1885 1165 2170 1222 Dominus

513 1261 819 1318 inﬁrmum
851 1257 1040 1332 reguli
1068 1257 1256 1312 ﬁlium
1288 1260 1457 1312 sanat
1485 1255 1661 1327 (Joan.
1683 1257 1762 1322 v),
1789 1259 1848 1311 et
1879 1253 2174 1310 offerenda

515 1354 715 1408 narrat
743 1349 814 1405 de
845 1349 1010 1404 beato
1040 1347 1150 1404 Job
1182 1345 1434 1417 qualiter
1463 1348 1634 1400 Satan
1667 1361 1701 1400 a
1729 1343 1976 1400 Domino
2005 1342 2175 1416 petiit

517 1443 582 1496 ut
600 1441 850 1495 tentaret
869 1453 1004 1492 eum
1027 1437 1103 1504 et,
1127 1435 1266 1490 data
1289 1434 1341 1490 ei
1368 1437 1654 1506 potestate
1687 1433 1744 1488 in
1779 1432 2086 1488 facultates
2117 1435 2174 1487 et

518 1528 578 1584 in
595 1543 830 1584 carnem
847 1527 997 1598 ejus,
1011 1523 1270 1597 perdidit
1287 1539 1518 1578 omnem
1540 1522 1937 1578 substantiam
1959 1522 2172 1594 ipsius:

517 1621 575 1674 et
599 1615 772 1688 ﬁlios,
786 1630 1020 1672 carnem
1049 1629 1282 1685 quoque
1305 1613 1432 1684 ejus
1453 1612 1611 1684 gravi
1637 1610 1831 1666 ulcere
1850 1611 2174 1666 vulneravit

515 1707 662 1778 (Job.
691 1708 752 1775 ι).
775 1704 860 1760 Ad
894 1702 1289 1760 resistendum
1322 1700 1661 1772 hujusmodi
1697 1699 1948 1767 insidiis,
1981 1699 2175 1757 horta-

514 1797 614 1851 tur
636 1809 743 1850 nos
767 1790 1104 1868 Apostolus,
1127 1787 1394 1861 exemplo
1420 1789 1572 1845 beati
1601 1789 1732 1854 Job,
1765 1788 2078 1844 confortari
2111 1789 2169 1844 in

515 1883 762 1942 Domino
812 1884 871 1937 et
919 1879 976 1936 in
1009 1879 1270 1952 potentia
1317 1877 1550 1934 virtutis
1583 1879 1712 1950 ejus
1745 1892 1759 1932 :
1795 1877 2009 1936 Induite
2055 1895 2168 1946 vos,

513 1971 728 2044 inquit,
755 1977 1096 2027 armaturam
1123 1970 1242 2035 Dei,
1263 1976 1324 2024 ut
1350 1969 1566 2040 possitis
1583 1971 1729 2023 stare
1749 1968 2006 2023 adversus
2035 1968 2170 2023 insi-

511 2061 633 2118 dias
651 2059 864 2116 diaboli
885 2059 1098 2132 (Ephes.
1122 2061 1201 2128 v),
1226 2061 1283 2114 et
1309 2061 1534 2128 caetera,
1560 2073 1748 2129 usque
1773 2057 1844 2112 ad
1879 2057 2054 2112 ﬁnem
2087 2055 2167 2112 le—

515 2149 746 2206 ctionis.
778 2149 849 2204 Et
883 2147 945 2203 in
991 2145 1301 2219 Evangelia
1359 2145 1610 2218 legimus
1643 2164 1655 2201 :
1693 2146 1833 2213 Quia
1881 2153 2168 2218 postquam

513 2239 762 2309 cognovit
787 2244 964 2310 pater,
986 2238 1118 2308 quia
1146 2236 1248 2290 illa
1277 2235 1412 2291 hora
1449 2243 1674 2290 sanatus
1703 2242 1780 2289 est
1803 2251 1944 2305 puer
1973 2237 2032 2291 in.
2063 2252 2170 2308 qua

513 2327 660 2383 dixit
686 2328 740 2382 ei
767 2329 928 2384 Iesus
957 2343 976 2382 :
1004 2325 1187 2380 Filius
1219 2331 1345 2378 tuus
1395 2324 1544 2390 vivit,
1576 2323 1808 2379 credidit
1850 2325 1965 2396 ipse
1993 2329 2046 2380 et
2073 2325 2168 2381 do-

512 2423 635 2462 mus
663 2408 782 2478 ejus
827 2403 1258 2476 tota(Joan.1v).
1283 2403 1504 2459 Domus
1533 2403 1662 2474 ejus
1693 2402 2041 2476 intelligitur
2083 2405 2167 2460 fa-

515 2495 680 2551 milia
699 2496 850 2567 ejus.
874 2495 982 2550 Pro
1015 2511 1132 2567 qua
1161 2491 1404 2561 familia,
1429 2492 1485 2546 id
1517 2496 1625 2560 est,
1649 2491 1908 2548 Ecclesia
1936 2493 2008 2548 de
2036 2510 2170 2566 gen-

513 2581 725 2641 tilitate
745 2583 1008 2653 collecta,
1030 2585 1196 2656 rogat
1215 2581 1485 2638 sacerdos
1508 2581 1600 2636 his
1625 2581 1818 2637 verbis
1843 2597 1855 2636 :
1875 2584 2169 2638 Familiam

514 2681 688 2743 tuam,
729 2687 1068 2745 quaesumus,
1105 2673 1354 2739 Domine,
1384 2672 1646 2727 continua
1687 2672 1894 2742 pietate
1933 2673 2164 2740 custodi,

512 2771 576 2820 ut
603 2781 636 2818 a
663 2763 874 2819 cunctis
902 2761 1328 2817 adversitatibus
1366 2769 1414 2816 te
1451 2767 1764 2832 protegente
1791 2763 1862 2817 sit
1889 2762 2085 2831 libera,
2119 2771 2171 2819 et

514 2853 576 2909 in
602 2853 756 2908 bonis
785 2851 997 2907 actibus
1022 2857 1112 2906 tuo
1135 2851 1352 2906 nomini
1373 2851 1448 2906 sit
1471 2849 1675 2906 devota.
1700 2849 1760 2904 In
1796 2851 2168 2924 responsorio

515 2939 805 3014 Propheta
822 2937 1104 2996 beneﬁcia
1113 2938 1263 3012 justi
1280 2937 1313 2994 J
1319 2936 1508 2994 udicis
1530 2941 1992 3013 potestatemque
2013 2957 2168 2996 com-

511 3032 820 3099 memorat,
865 3029 1069 3084 dicens
1092 3045 1105 3083 :
1128 3029 1376 3096 Domine,
1409 3029 1689 3098 refugium
1699 3031 1878 3099 factus
1901 3045 1956 3084 es
1984 3030 2163 3086 nobis.

514 3119 684 3190 (Psal.
717 3119 964 3189 Lxxxrx),
996 3121 1130 3185 etc.,
1162 3133 1350 3190 usque
1397 3117 1470 3172 ad
1520 3117 1695 3196 ﬁnem
1749 3118 2164 3191 subsequentis

2276 545 2460 615 rogat,
2483 543 2685 598 dicens
2709 561 2722 598 :
2748 545 2884 599 Deus
2914 546 3192 617 refugium
3209 549 3436 601 nostrum
3461 554 3504 602 et
3521 549 3662 604 virtus
3677 552 3800 616 (Psal.

2275 630 2632 702 xnv),adesto
2648 634 2760 704 piis
2785 633 3041 691 Ecclesia?
3059 643 3174 691 tua?
3191 633 3716 710 precibus,auctoripsc
3729 640 3804 710 pie-

2275 721 2424 782 tatis,
2447 727 2498 775 et
2517 728 2728 791 praesta
2745 729 2808 776 ut
2826 721 2965 792 quod
2983 721 3218 794 ﬁdeliter
3230 724 3452 794 petimus
3471 725 3712 796 efﬁcaciter
3723 742 3804 782 con-

2275 823 2584 880 sequamur.
2608 808 2772 864 Tunc
2803 809 2956 864 enim
2983 809 3229 866 ﬁdeliter
3256 810 3510 884 petimus,
3531 812 3571 866 si
3591 815 3808 870 conservis

2279 895 2498 952 nostris
2525 896 2725 952 debita
2752 897 3173 965 dimiserimus,
3207 902 3271 954 ut
3299 903 3352 955 et
3381 917 3476 955 nos
3504 917 3533 956 a
3555 901 3727 958 nostris
3746 903 3810 959 de-

2277 984 2418 1040 bitis
2449 1001 2552 1056 per
2582 985 2896 1042 Dominum
2927 986 3146 1043 absolvi
3176 987 3478 1044 valeamus.
3506 989 3629 1044 Nam
3653 995 3698 1045 et
3717 1007 3812 1063 apo-

2279 1072 2488 1129 stolica
2510 1073 2680 1130 lectio
2707 1075 2777 1130 de
2799 1075 3157 1132 observanda
3187 1077 3439 1134 fraterna
3463 1077 3711 1134 charitatis
3727 1079 3814 1135 uni-

2279 1165 2396 1218 tate
2423 1163 2568 1219 satis
2600 1180 2706 1219 nos
2732 1164 3024 1232 admonet,
3057 1165 3200 1221 dum
3231 1163 3522 1238 Apostolus
3549 1167 3752 1238 seipsum
3775 1169 3812 1223 in

2279 1251 2611 1324 exemplum
2643 1269 2866 1326 ponens
2895 1253 3047 1309 inter
3066 1257 3272 1311 caetera
3291 1254 3372 1310 sic
3391 1255 3546 1311 dicit:
3570 1257 3698 1311 Testis
3715 1259 3815 1312 enim

2277 1341 2420 1396 mihi
2445 1349 2526 1397 est
2555 1343 2694 1398 Deus
2723 1343 2986 1414 quomodo
3011 1345 3234 1414 cupiam
3272 1359 3360 1400 vos
3399 1360 3562 1400 omnes
3588 1346 3638 1399 in
3659 1346 3816 1401 visceri-

2283 1431 2380 1484 bus
2409 1433 2543 1485 Jesu
2574 1431 2802 1487 Christi.
2824 1431 2891 1486 Et
2919 1430 3017 1487 hoc
3045 1447 3156 1498 oro,
3189 1442 3252 1488 ut
3279 1433 3506 1488 charitas
3530 1442 3676 1488 vestra
3695 1435 3817 1504 nugis

2280 1534 2346 1574 ac
2373 1521 2552 1588 magis
2581 1519 2818 1576 abundet
2845 1521 2904 1575 in
2934 1521 3166 1576 scientia
3195 1528 3247 1578 et
3271 1523 3327 1577 in
3349 1522 3491 1576 omni
3514 1530 3822 1592 scnsu,utpro-

2284 1608 2417 1663 betis
2443 1610 2678 1680 potiora,
2701 1616 2759 1664 ut
2803 1611 2924 1664 sitis
2951 1611 3176 1678 sinceri,
3209 1618 3260 1666 et
3287 1612 3404 1666 sine
3430 1609 3606 1682 oﬂ'snsa
3642 1612 3688 1665 in
3723 1609 3818 1665 dion

2283 1696 2506 1764 Christi,
2539 1699 2735 1769 repleti
2759 1700 2944 1770 fructu
2963 1699 3206 1770 justitiae
3231 1715 3329 1770 per
3353 1700 3522 1756 Iesum
3547 1697 3765 1756 Christum
3785 1701 3820 1752 is

2280 1786 2518 1854 gloriam
2545 1795 2596 1842 et
2627 1786 2843 1842 Iaudem
2871 1789 2970 1842 Dei
2997 1788 3266 1860 (Philipp.
3289 1787 3351 1860 ι).
3375 1789 3546 1854 Quam
3568 1785 3819 1842 charitatem

2280 1877 2656 1932 commendat
2684 1876 3142 1948 responsorium,
3179 1876 3381 1933 dicens
3408 1893 3422 1931 :
3451 1877 3569 1932 Ecce
3608 1888 3737 1948 quam
3768 1875 3822 1930 bo-

2275 1980 2434 2030 num,
2464 1973 2516 2020 et
2545 1982 2712 2038 quam
2750 1964 3078 2037 jucundum,
3111 1965 3363 2021 habitare
3401 1966 3584 2036 fratres
3623 1966 3671 2018 in
3709 1979 3823 2018 una.

2278 2053 2448 2124 (Psat.
2483 2055 2712 2125 caxxn).
2740 2053 2800 2109 In
2850 2053 3162 2122 offerenda,
3195 2053 3366 2110 beata
3405 2051 3612 2121 Esther,
3635 2050 3824 2108 Ecclesia

2277 2146 2484 2214 typum
2516 2159 2744 2214 gerens,
2777 2142 3091 2199 Dominum
3136 2147 3307 2216 rogat
3343 2141 3610 2198 recordari
3635 2141 3706 2196 sui
3728 2143 3826 2196 etut

2279 2231 2378 2286 det
2408 2247 2737 2286 sermonem
2771 2236 2989 2293 rectum
3038 2231 3098 2286 in
3151 2248 3220 2287 os
3251 2231 3398 2302 ejus.
3427 2231 3481 2286 Si
3525 2231 3660 2286 enim
3697 2233 3826 2285 rectus

2278 2337 2474 2376 sermo
2504 2320 2563 2375 in
2593 2337 2693 2376 ore
2726 2324 2923 2376 nostro
2954 2321 3240 2387 senuerit,
3261 2319 3522 2377 videlicet
3547 2322 3736 2392 peccata
3757 2333 3826 2371 no-

2278 2413 2401 2464 stra
2430 2409 2782 2475 conﬁtendo,
2805 2409 3162 2482 paenitendo,
3187 2409 3466 2482 proximis
3491 2406 3677 2464 nostris
3695 2405 3829 2462 debita

2277 2497 2648 2566 remittendo,
2663 2497 2862 2554 statim
2883 2498 2942 2553 in
2966 2499 3386 2555 communione
3405 2497 3499 2554 illa
3517 2498 3578 2553 ad
3596 2513 3684 2552 nos
3697 2493 3828 2550 divina

2277 2586 2555 2660 dirigitur
2581 2587 2930 2660 promissio:
2963 2589 3094 2644 Dico
3125 2587 3297 2654 vobis,
3327 2587 3577 2658 gaudium
3599 2592 3662 2641 est
3683 2581 3829 2652 angelis

2273 2677 2378 2732 Dei
2404 2693 2572 2748 super
2598 2692 2708 2732 uno
2756 2684 3032 2748 peccatore
3069 2678 3453 2748 paenitentiam
3495 2683 3662 2745 agente
3684 2669 3828 2745 (latth.

2275 2768 2412 2834 xvr).
2438 2764 2517 2819 De
2549 2764 2828 2820 vicesima
2857 2769 3052 2820 autem
3083 2765 3266 2821 tertia
3310 2763 3606 2828 Dominica,
3627 2758 3830 2833 quoniam

2273 2852 2517 2908 tractavi
2545 2851 2604 2907 in
2631 2853 2886 2926 quadam
2919 2851 3169 2926 epistola
3197 2870 3378 2926 quam
3405 2853 3472 2909 ad
3499 2851 3756 2908 Aribonem
3777 2861 3834 2902 ar

2275 2941 2715 3014 chiepiscopum
2744 2943 2814 2998 de
2844 2943 3106 2998 Adventu
3139 2942 3374 2999 Domini
3417 2937 3701 3013 composui,
3724 2947 3829 2991 nunc

2273 3029 2499 3102 aliquid
2525 3031 2716 3086 dicere
2747 3029 3118 3104 supersedeo.

2915 3118 3150 3176 CAPUT
3193 3119 3292 3176 VI.

509 3223 735 3265 versus.
769 3207 934 3264 Unde
961 3211 1021 3263 et
1049 3210 1252 3263 cantor
1295 3207 1355 3262 in
1393 3195 1633 3262 introitu
1667 3207 1978 3264 conﬁtetur
2007 3209 2162 3281 quod
2193 3195 2236 3264 C
2348 3210 2506 3266 Inter
2533 3209 2654 3265 hth
2685 3225 2800 3266 non
2831 3208 3013 3265 otiose
3043 3210 3413 3280 querendum
3444 3213 3576 3282 puto
3593 3223 3680 3262 cur
3693 3204 3835 3260 auctor

459 3303 466 3310 ’
512 3298 573 3353 in
602 3297 900 3353 voluntate
930 3296 1162 3351 Domini
1195 3295 1465 3351 universa
1492 3295 1611 3350 sint
1631 3297 1840 3368 posita,
1863 3303 1920 3353 et
1943 3315 2056 3354 non
2089 3299 2165 3354 sit

512 3386 614 3460 qui
642 3385 829 3459 possit
858 3384 1128 3441 resistere
1158 3384 1288 3456 ejus
1316 3384 1622 3440 voluntati.
1653 3386 1714 3440 In
1751 3388 2163 3444 communione

512 3489 748 3546 quoque
775 3473 1066 3544 Propheta
1099 3488 1167 3528 ex
1214 3489 1465 3544 persona
1511 3473 1660 3529 beati
1689 3475 1800 3530 Joh
1833 3475 1918 3530 vel
1948 3481 2161 3532 sancta!

510 3561 804 3628 Ecclesiae,
828 3560 1195 3616 multimodis
1217 3561 1720 3633 persecutionibus
1742 3565 2008 3632 subdita),
2037 3571 2164 3622 orat

511 3650 584 3708 ad
607 3649 943 3717 Dominum,
967 3650 1204 3706 dicens:
1243 3653 1302 3706 In
1332 3651 1570 3706 salutari
1605 3660 1694 3708 tuo
1725 3657 1913 3708 anima
1941 3671 2080 3723 mea,
2113 3664 2166 3710 et

511 3743 574 3796 in
602 3740 762 3796 verbo
793 3747 884 3796 tuo
913 3740 1313 3812 supersperavi,
1329 3740 1544 3812 quando
1563 3743 1733 3812 facies
1753 3741 1818 3797 de
1832 3759 2165 3816 persequen-

511 3829 656 3886 tibus
684 3845 772 3884 me
805 3829 1102 3903 judicium.
1135 3831 1324 3903 Iniqui
1344 3831 1614 3902 persecuti
1662 3840 1790 3888 sunt
1833 3848 1936 3897 me,
1961 3833 2162 3904 adjuva

507 3935 615 3987 me,
647 3919 873 3975 Domine
899 3921 1040 3974 Deus
1079 3935 1231 3975 meus
1260 3920 1430 3988 (Psal.
1456 3921 1672 3993 cxvm).
1695 3921 1860 3976 Nunc
1897 3927 2164 3994 superest

507 4010 740 4064 tantum
770 4008 837 4062 ut
865 4006 1133 4062 dicamus
1163 4006 1235 4062 de
1264 4005 1568 4062 Dominica
1599 4007 1878 4080 vigesima
1906 4009 2164 4064 secunda

507 4101 642 4170 post
659 4099 893 4153 octavas
923 4095 1290 4152 Pentecostes
1321 4113 1498 4168 quam
1522 4097 1984 4154 convenientiam
2015 4097 2158 4154 illud

509 4184 770 4243 ofﬁcium
793 4189 982 4242 totum
1005 4201 1138 4240 cum
1161 4184 1473 4257 Evangelio
1496 4185 1728 4252 habeat,
1754 4186 1813 4242 in
1837 4203 1952 4259 quo
1975 4187 2161 4245 intro-

509 4274 748 4332 ducitur
776 4289 1028 4348 persona
1070 4273 1246 4346 regis,
1279 4274 1380 4346 qui
1413 4273 1593 4330 voluit
1619 4275 1904 4332 rationem
1949 4293 2162 4350 ponere

507 4377 644 4418 cum
667 4361 850 4426 servis
875 4360 1132 4418 suis.Cui
1153 4379 1288 4417 cum
1305 4361 1537 4418 oblatus
1553 4366 1708 4418 esset
1721 4365 1949 4420 debitor
1962 4367 2160 4423 decem

508 4451 763 4507 millium
783 4451 1162 4520 talentorum,
1186 4467 1292 4508 nec
1312 4451 1556 4507 haberet
1577 4453 1732 4508 unde
1754 4453 2039 4522 redderet,
2059 4455 2165 4511 mi-

508 4542 701 4596 sertus
730 4539 879 4611 ejus,
903 4538 1129 4595 dimisit
1159 4539 1209 4595 ei
1239 4539 1521 4596 debitum.
1543 4541 1650 4596 Sed
1683 4541 1821 4615 quia
1850 4541 1946 4598 ille
1977 4543 2164 4601 noluit

507 4627 770 4684 misereri
790 4626 1051 4684 conservi
1070 4627 1184 4695 sui,
1199 4627 1383 4685 iratus
1399 4628 1702 4697 Dominus,
1721 4631 1981 4687 debitum
2006 4635 2156 4705 quod

505 4716 752 4788 dimisit,
777 4715 1006 4790 repetit,
1026 4715 1385 4790 tradiditque
1414 4734 1547 4773 eum
1580 4719 1918 4787 tortoribus,
1943 4723 2159 4793 quoad-

505 4821 694 4880 usque
721 4807 993 4864 redderet
1043 4805 1381 4863 universum
1429 4807 1691 4863 debitum
1735 4809 1946 4877 (Matth.
1971 4812 2152 4884 xvm).

504 4896 626 4960 Quo
657 4895 774 4951 haec
805 4894 1084 4968 parabola
1130 4896 1352 4964 tendat,
1386 4895 1670 4952 Dominus
1703 4898 2010 4956 manifeste
2059 4901 2156 4956 de-

505 4986 756 5054 nuntiat,
775 4986 974 5042 dicens
996 5003 1008 5040 :
1027 4985 1119 5042 Sic
1133 4993 1184 5040 et
1204 4987 1368 5040 Pater
1383 5001 1536 5042 meus
1555 4987 1787 5043 cazlestis
1799 4989 1967 5060 faciet
1985 4989 2152 5056 vobis,

503 5073 553 5127 si
580 5089 684 5128 non
717 5076 1042 5130 remiseritis
1077 5075 1450 5145 unusquisque
1488 5075 1658 5145 fratri
1685 5093 1780 5131 suo
1810 5077 1875 5132 de
1903 5077 2157 5135 cordibus

503 5164 696 5217 vestris
723 5162 932 5235 (Ibid).
961 5162 1147 5226 Quam
1179 5163 1530 5220 sententiam
1563 5163 1846 5236 Propheta
1879 5167 2156 5238 pertime-

504 5264 694 5319 scens,
727 5251 787 5306 in
819 5251 1062 5306 introitu
1094 5251 1310 5308 clamat
1341 5253 1411 5306 ad
1457 5253 1786 5310 Dominum.
1820 5253 2020 5312 dicens
2048 5273 2061 5311 :
2093 5255 2157 5313 Si

503 5339 822 5412 iniquitates
867 5340 1248 5408 observaveris,
1286 5342 1533 5410 Domine,
1570 5345 1820 5414 Domine,
1851 5347 1973 5417 quis
1995 5347 2156 5402 susti-

502 5427 656 5482 nebit
672 5427 844 5497 (Psal.
867 5426 1092 5498 CXXIX)?
1112 5427 1180 5482 Et
1209 5429 1487 5500 quoniam
1520 5431 1741 5487 sciebat
1764 5447 1899 5488 eum
1919 5433 2152 5504 justum

493 5515 758 5594 judicem
799 5531 952 5587 esse,
984 5513 1094 5572 hac
1119 5533 1256 5576 voce
1303 5519 1579 5580 studebat
1622 5536 1756 5576 eum
1806 5519 2153 5580 benevolum

495 5608 761 5672 reddere.
793 5607 962 5684 Quia,
994 5605 1203 5685 inquit,
1234 5608 1382 5685 apud
1424 5613 1476 5667 te
1517 5611 1836 5684 propitiatio
1885 5619 1981 5686 est,
2013 5611 2152 5672 Deus

2271 3299 2598 3355 ofﬁciorum
2629 3298 3036 3354 tantummodo
3080 3298 3296 3370 viginti
3343 3299 3455 3354 tria
3497 3297 3631 3353 inter
3668 3297 3830 3348 octavas

2272 3388 2640 3444 Pentecostes
2659 3391 2717 3444 et
2741 3388 3068 3442 Adventum
3089 3386 3632 3458 Domini,ordinator
3645 3397 3748 3440 vero
3766 3379 3830 3434 Le-

2270 3476 2539 3532 ctionarii
2559 3475 2764 3549 viginti
2787 3475 3048 3548 quinque
3072 3474 3362 3533 lectiones
3383 3472 3638 3549 posuerit,
3649 3465 3834 3540 exceptis

2269 3564 2365 3620 his
2395 3582 2521 3637 qua:
2555 3565 2614 3619 in
2645 3570 2848 3620 octava
2873 3564 3250 3622 Pentecostes
3293 3570 3350 3623 et
3391 3561 3665 3622 Dominica
3688 3555 3830 3631 quinta

2271 3658 2407 3709 ante
2427 3653 2798 3709 Nativitatem
2823 3652 3072 3722 Domini,
3097 3657 3158 3708 et
3185 3653 3248 3708 in
3274 3658 3475 3710 sancta
3502 3649 3738 3708 Trinitate
3757 3641 3830 3713 legi

2271 3741 2479 3798 solent.
2504 3744 2638 3808 Quae
2671 3741 2719 3797 si
2751 3741 2955 3814 viginti
2986 3741 3253 3814 quinque
3278 3743 3584 3808 adduntur,
3603 3749 3742 3794 xmn
3762 3746 3831 3786 nu-

2272 3847 2471 3888 merus
2490 3830 2866 3903 ailimpletur.
2882 3830 2990 3896 Qui
3013 3831 3207 3887 ofﬁcia
3225 3831 3528 3896 ordinavit,
3549 3823 3831 3884 embolisma-

2270 3919 2354 3976 les
2378 3937 2562 3976 annos
2594 3919 2652 3974 in
2675 3919 3128 3976 decennovenali
3149 3921 3316 3994 cyclo
3339 3917 3590 3984 attendit,
3611 3917 3660 3971 in
3679 3910 3831 3985 quibus

2270 4009 2494 4065 Pascha
2523 4007 2752 4066 tardius
2781 4008 2929 4065 solet
2970 4025 3302 4077 occurrere,
3334 4015 3390 4066 et
3419 4007 3653 4064 breviora
3673 4008 3834 4070 tempo-

2271 4115 2401 4154 rum
2436 4097 2626 4172 spatia
2653 4097 2805 4154 inter
2833 4101 3064 4154 octavas
3105 4101 3478 4156 Pentecostes
3507 4100 3556 4153 et
3591 4093 3832 4150 Adventum

2271 4187 2503 4243 Domini
2535 4187 2850 4253 conﬁcere;
2885 4185 3032 4241 alter
3056 4201 3190 4244 vero
3223 4201 3579 4252 communes,
3609 4183 3658 4238 in
3683 4176 3834 4251 quibus

2271 4277 2477 4332 eadem
2505 4275 2803 4332 Paschalis
2833 4274 3118 4331 festivitas
3148 4275 3445 4332 maturius
3465 4267 3722 4330 consuevit
3744 4276 3834 4336 prO°

2270 4365 2490 4422 venire.
2514 4365 2789 4421 Dicamus
2820 4365 2928 4420 sub
2951 4364 3241 4438 exemplo,
3259 4365 3490 4438 quando
3535 4361 3738 4418 ultimus
3756 4356 3836 4406 ter-

2273 4453 2472 4510 minus
2495 4453 2789 4528 paschalis
2813 4469 2909 4509 xw
2938 4451 3218 4510 Kalendis
3249 4454 3406 4521 Maii,
3437 4456 3494 4508 et
3517 4451 3630 4523 ipse
3653 4439 3834 4528 Pasch?

2193 4567 2240 4633 Β
2271 4542 2346 4598 lis
2379 4525 2514 4599 dies
2526 4543 2772 4616 septimo
2806 4542 3095 4598 Kalendas
3115 4543 3388 4633 ejusdem
3415 4538 3618 4633 mensis
3633 4525 3836 4633 occurri},

2273 4632 2375 4705 qui
2391 4613 2703 4705 diligenter
2721 4635 3058 4704 computare
3076 4613 3349 4702 voluerit,
3368 4647 3480 4688 non
3500 4628 3619 4702 plus
3635 4613 3836 4696 quamvi-

2269 4721 2416 4794 ginti
2437 4725 2556 4776 tres
2579 4719 2978 4777 hebdomadas
2999 4719 3074 4776 ab
3095 4719 3314 4776 Octava
3343 4718 3678 4776 Pentecostes
3699 4715 3835 4801 “5??

2267 4791 2340 4865 ad
2361 4810 2687 4866 Adventum
2713 4809 2941 4864 Domini
2972 4809 3236 4866 invenire
3265 4809 3492 4882 poterit.
3513 4807 3578 4862 Et
3599 4805 3667 4858 ita
3682 4791 3834 4888 accidit

2267 4905 2333 4954 ut
2351 4900 2636 4970 cilicium,
2653 4900 2880 4955 Domine
2901 4900 2960 4954 in
2981 4903 3096 4966 tua,
3118 4899 3450 4956 necessario
3471 4895 3658 4952 debeat
3672 4887 3833 4944 canta“

2266 4989 2324 5044 in
2359 4989 2488 5062 ipsa
2510 4993 2719 5045 octava:
2742 4988 3108 5045 Pentecostes
3129 4977 3726 5072 hebdomada.0uando

2263 5057 2554 5134 terminus
2575 5077 2747 5150 primi
2767 5077 2996 5134 Pascha;
3013 5077 3364 5134 duodecimo
3375 5071 3646 5132 Kalendas
3657 5057 3832 5150 Αρτῌίιν

2264 5167 2462 5240 ipsum
2479 5148 2612 5224 vero
2629 5171 2898 5223 sanctum
2919 5165 3142 5222 Pascha
3162 5167 3363 5223 statim
3381 5167 3440 5221 in
3457 5148 3832 5240 crastinumboc

2263 5239 2353 5314 est
2376 5275 2417 5313 ιι
2450 5257 2738 5314 Kalendas
2762 5255 2978 5328 Aprilis
3008 5256 3221 5326 evenit,
3245 5261 3390 5312 tunc
3427 5253 3498 5310 ab
3527 5253 3700 5306 octava
3722 5239 3831 5295 Pw"

2262 5349 2513 5404 tecostes
2530 5363 2715 5419 usque
2735 5345 2808 5401 ad
2837 5345 3165 5402 Adventum
3188 5344 3437 5412 Domini,
3450 5336 3733 5411 completur
3752 5337 3831 5419 ull-

2262 5452 2462 5491 merus
2484 5416 2692 5509 viginti
2723 5437 2851 5490 octo
2876 5433 3400 5502 hebdomadarum,
3416 5432 3577 5503 juxta
3593 5416 3826 5516 οοωρξιξι·

2259 5524 2480 5582 tionem
2498 5521 2864 5594 Lectionarii,
2881 5523 3096 5599 dignus
3113 5523 3368 5599 profecto
3385 5515 3831 5608 numerumqpi‘lq-

2261 5615 2350 5676 ter
2377 5613 2485 5671 has
2515 5588 2917 5671 solemnitates
2943 5588 3195 5691 épiritus
3223 5610 3411 5670 sancti
3439 5613 3493 5670 et
3521 5594 3719 5664 Domini
3741 5588 3824 5648 Ad-
