4026 6184
189 328 342 392 10⁸73

1493 330 1595 395 DE
1639 328 1950 396 OFFlCIO
1993 330 2278 397 MISSIE.

3436 334 3598 408 1074

179 467 390 523 ventus
421 459 651 522 medius
675 460 1073 538 incedat,quia
1103 481 1216 523 non
1249 461 1440 523 solum
1454 465 1625 539 juxta
1646 463 1826 539 hujus
1855 468 1913 536 Α
1939 465 2307 539 temporibus
2338 466 2494 524 anni.
2524 468 2632 527 Ver
2660 473 2752 528 est
2773 468 3088 529 humidum
3126 477 3186 530 et
3231 471 3508 544 calidum,
3539 475 3600 536 et

180 555 387 612 mundi
437 553 753 628 sapientes,
786 571 853 611 eo
900 556 1056 627 quod
1107 555 1373 628 partibus
1401 555 1526 613 suis
1556 555 1838 612 consistat

178 645 472 720 perfectus
501 661 629 700 esse
658 643 1251 716 dignoscitur,verum
1280 646 1456 703 etiam
1489 645 1677 718 magis
1697 663 1837 718 pro-

176 740 307 809 pter
337 736 771 790 sacramentum
801 733 1158 806 septiformis
1190 735 1387 807 gratiae
1409 739 1465 790 et
1493 734 1835 808 evangelica

176 822 632 882 doctrinae.Nam
662 821 992 894 septenario
1018 826 1224 895 quater
1255 823 1429 879 ducto
1458 824 1517 878 in
1545 824 1692 879 hanc
1716 840 1839 896 per-

177 913 446 972 fectionis
476 928 774 968 summam
796 912 1169 977 excrescit,ut
1198 912 1351 968 sicut
1384 910 1653 968 senarius
1686 913 1839 969 infra

175 1002 511 1068 denarium,
540 1001 619 1056 ita
647 1004 705 1056 et
733 1000 843 1056 iste
885 999 1041 1055 infra
1084 1001 1493 1071 centenarium
1523 1018 1834 1057 numerum

175 1094 471 1168 perfectus
502 1089 1019 1155 inveniatur.Quod
1052 1090 1308 1161 prudens
1330 1089 1646 1146 calculator
1669 1090 1835 1147 facile

172 1182 502 1255 intelligere
532 1178 797 1252 quibit,si
830 1178 1085 1251 partium
1106 1178 1234 1250 ejus
1256 1179 1573 1235 divisiones
1595 1170 1839 1252 diligén-

172 1278 265 1330 ter
293 1274 352 1327 in
383 1286 569 1326 unum
591 1266 993 1341 eolligit.Nulli
1014 1282 1148 1322 vero
1171 1268 1418 1323 dubium
1443 1269 1584 1341 quin
1609 1273 1833 1340 septem

173 1365 249 1420 ad
282 1360 566 1434 Spiritum
592 1361 882 1424 sanctum,
920 1361 1172 1428 quatuor
1211 1373 1345 1412 vero
1378 1358 1710 1429 pertineant
1761 1358 1833 1413 ad

173 1449 556 1524 Evangelium
580 1467 594 1517 ;
618 1446 757 1519 quia
774 1464 876 1519 per
892 1446 1291 1518 septiformem
1309 1446 1559 1519 gratiam
1582 1445 1833 1518 Spiritus

171 1539 364 1600 sancti
393 1537 744 1612 praedicatur
771 1535 1149 1608 Evangelium
1198 1552 1299 1607 per
1347 1539 1600 1609 quatuor
1630 1536 1832 1608 plagas

172 1629 408 1687 mundi.
438 1627 496 1682 Si
525 1625 659 1698 quis
686 1641 822 1680 vero
855 1623 1212 1680 contentiose
1243 1628 1489 1681 conatus
1537 1624 1712 1680 fuerit
1744 1642 1830 1679 re-

170 1715 720 1792 prehendere,quod
752 1713 813 1768 in
844 1713 1136 1785 praedictis
1157 1713 1366 1769 ofﬁciis
1391 1731 1505 1770 non
1525 1730 1689 1785 aeque
1713 1730 1832 1768 om-

170 1810 274 1865 nia
304 1806 582 1864 omnibus
610 1821 679 1861 ex
707 1807 828 1859 toto
858 1802 1574 1875 conveniant,hujusmodi
1598 1818 1833 1874 respon.

1948 555 2010 611 in
2039 572 2105 612 eo
2137 555 2384 613 facimus
2415 575 2600 615 unum
2623 560 2921 633 jejunium
2939 566 3001 617 ut
3018 561 3371 621 elementum
3393 564 3602 624 humo-

1947 645 2029 700 ris
2061 644 2120 700 in
2150 645 2319 701 nobis
2348 647 2767 720 castigetur,ne
2796 651 3125 708 consentiat
3154 652 3310 710 falsae
3342 654 3599 727 pulchri-

1947 734 2132 789 tucini
2164 734 2423 791 veris.Ex
2452 736 2697 793 humore
2728 738 2882 794 enim
2907 744 2963 795 et
2983 740 3171 798 calore
3192 742 3455 800 nascitur
3475 744 3604 817 pul-

1947 822 2215 879 chritudo
2248 827 2431 879 terrae.
2463 826 2651 882 A‘Istas
2699 828 2857 884 sicca
2902 833 2991 885 est
3035 835 3093 886 et
3142 829 3349 899 calida,
3382 832 3441 889 in
3482 851 3603 906 qua

1892 956 1899 961 .
1945 911 2197 968 alterum
2220 912 2517 984 jejunium
2550 915 2797 972 facimus
2816 921 2880 974 ut
2897 919 3216 993 castigetur
3241 921 3599 981 elementum

1946 1001 2156 1058 caloris
2188 1002 2249 1057 in
2281 1002 2547 1071 nobis,ne
2581 1007 3190 1065 consentiatincendio
3211 1011 3599 1069 carnali.Ter-

1947 1092 2096 1147 tium
2130 1092 2195 1147 fit
2217 1092 2515 1164 jejunium
2562 1093 2623 1149 in
2668 1099 2974 1160 autumno,
3008 1099 3109 1171 qui
3136 1104 3226 1156 est
3254 1100 3503 1173 frigidus
3540 1105 3599 1160 et

1944 1180 2163 1256 siccus1
2170 1198 2261 1256 ω
2293 1180 2487 1254 aliquo
2516 1181 2797 1256 languore
2828 1184 3009 1242 animi
3040 1204 3375 1246 arescamus
3396 1207 3461 1247 ac
3493 1191 3600 1247 de-

1946 1270 2285 1337 ﬂuanTﬁs,et
2312 1270 2680 1327 inveniamur
2708 1273 2834 1329 sine
2855 1274 3205 1349 pinguedine
3224 1277 3333 1336 olei
3354 1278 3412 1335 in
3433 1284 3599 1337 aeter-

1945 1376 2018 1414 no
2072 1359 2447 1416 tabernaculo
2498 1377 2510 1416 :
2563 1362 2781 1417 etenim
2832 1362 2929 1419 illo
2979 1370 3235 1438 tempore
3279 1385 3596 1443 congrega-

1944 1465 2077 1503 mus
2128 1465 2243 1520 quo
2295 1448 2563 1504 fruamur
2605 1449 2665 1504 in
2714 1449 2930 1508 futuro.
2982 1454 3266 1518 Quartum
3297 1458 3595 1529 jejunium

1943 1537 2006 1592 fit
2034 1537 2092 1591 in
2124 1537 2333 1603 hieme,
2366 1555 2494 1610 quae
2544 1542 2635 1594 est
2679 1540 2892 1613 frigida
2922 1546 2979 1598 et
3007 1543 3274 1614 humida,
3308 1563 3380 1601 ne
3410 1564 3595 1603 mem-

1940 1627 2047 1682 bra
2077 1631 2276 1683 nostra
2296 1627 2454 1682 ﬂuxu
2481 1632 2655 1700 atque
2677 1627 2818 1684 luxu
2846 1630 3145 1688 solvantur
3166 1633 3225 1689 in
3248 1651 3599 1694 commessa-

1940 1715 2201 1771 tionibus
2257 1720 2314 1771 et
2370 1716 2790 1788 potationibus,
2840 1723 2898 1774 et
2947 1738 3050 1793 per
3095 1722 3205 1778 hoc
3267 1723 3599 1799 negligatur

1940 1819 2105 1859 amor
2132 1804 2253 1860 Dei.
2283 1806 2356 1860 At
2384 1806 2524 1877 quia
2548 1808 2809 1872 Quatuor
2837 1811 3103 1883 tempora
3152 1828 3445 1869 annorum
3489 1830 3597 1872 nos

167 1916 307 1956 sum
340 1914 374 1951 a
404 1892 801 1966 B.Augustino
833 1891 1297 1964 percipiatzNon
1320 1908 1460 1947 sane
1480 1891 1678 1948 omnia
1699 1908 1827 1963 quae
1864 1891 1907 1905 “’
1938 1891 2268 1964 impediunt
2319 1895 2390 1949 ad
2452 1911 2713 1951 amorem
2767 1897 2858 1962 [ab
2906 1901 3125 1971 amore]
3173 1900 3299 1969 Dei,
3346 1907 3598 1974 quatuor

167 1992 342 2063 gesta
367 1987 700 2049 narrantur,
734 1979 956 2052 aliquid
987 1979 1163 2035 etiam
1196 1979 1527 2052 signiﬁcare
1567 1980 1828 2052 putanda
1927 1982 2158 2052 jejunia
2188 1982 2580 2055 facimus,per
2595 1983 2831 2056 singula
2852 2003 3097 2059 quaeque
3128 1991 3395 2063 tempora
3417 2006 3593 2048 suum

166 2080 334 2142 sunt,
366 2075 469 2129 Sed
502 2075 736 2145 Propter
765 2068 867 2125 illa
898 2085 1024 2141 qua3
1068 2068 1290 2141 aliqum
1339 2069 1693 2141 Signiﬁcant:
1723 2069 1826 2124 Μ’
1927 2072 2246 2142 jejunium.
2280 2074 2742 2146 unumqnodque
2781 2092 2886 2147 pro
2935 2093 3043 2132 suo
3093 2081 3373 2152 tempore.
3405 2079 3595 2137 Simili

165 2167 417 2223 duntur.
448 2160 582 2217 Solo
612 2159 767 2215 enim
796 2174 1028 2213 vomere
1060 2161 1213 2212 terra
1244 2156 1668 2229 proscinditur;
1722 2158 1823 2213 sed
1935 2161 2107 2215 modo
2139 2160 2351 2215 diurna
2381 2160 2674 2217 curricula
2702 2167 2955 2234 quatuor
3001 2183 3109 2222 nos
3161 2166 3491 2240 impediunt
3520 2171 3593 2226 ab

166 2259 237 2310 nt
264 2253 376 2309 hoc
408 2249 533 2306 ﬁeri
562 2246 749 2314 possit
777 2247 952 2302 etiam
979 2249 1184 2302 cetera
1204 2245 1379 2301 aratri
1403 2246 1666 2301 membra
1687 2249 1826 2301 sunt
1933 2265 2133 2303 amore
2164 2248 2385 2304 scilicet
2405 2249 3141 2321 cmlestium,matutinum,
3174 2256 3587 2324 meridianum,

163 2339 597 2400 necessaria.Et
624 2335 736 2392 soli
766 2335 927 2390 nervi
948 2334 1009 2390 in
1031 2333 1271 2390 citharis
1287 2338 1462 2405 atque
1482 2333 1582 2405 huj
1594 2333 1824 2390 usmodi

155 2430 321 2487 vasis
354 2426 597 2485 musicis
627 2429 902 2498 aptantur
950 2423 1020 2478 ad
1070 2426 1328 2488 cantum,
1376 2422 1476 2478 sed
1525 2427 1590 2478 ut
1637 2423 1821 2495 aptari

156 2519 397 2593 possint
425 2518 630 2571 insunt
651 2518 708 2570 et
729 2516 934 2568 caetera
956 2510 1015 2566 in
1033 2510 1415 2583 compagibus
1445 2527 1818 2583 organorum,

158 2625 297 2681 quas
330 2623 447 2663 non
477 2603 886 2678 percutiuntur
905 2617 939 2656 a
960 2599 1433 2667 canentibus,sed
1455 2616 1522 2654 ea
1543 2617 1669 2671 quae
1692 2617 1819 2672 per-

154 2713 347 2753 cussa
374 2698 669 2759 resonant,
702 2690 797 2746 his
825 2689 1360 2745 connectuntur.lta
1393 2688 1451 2743 in
1482 2689 1823 2761 prophetica

158 2784 418 2842 historia
446 2783 722 2838 dicuntur
737 2778 913 2835 etiam
931 2777 1127 2850 aliqua
1148 2793 1274 2849 quas
1293 2776 1439 2832 nihil
1461 2777 1819 2850 significant,

156 2874 271 2931 sed
304 2871 663 2944 quibusdam
695 2867 1030 2924 adhareant
1058 2882 1186 2937 qua:
1217 2865 1552 2938 signiﬁcant
1579 2869 1637 2921 et
1677 2884 1819 2938 quo-

155 2961 485 3019 dammodo
517 2957 861 3031 religantur.

797 3052 1027 3109 CAPUT
1065 3051 1187 3107 VII.

521 3137 596 3192 De
623 3135 842 3207 jejunio
880 3140 1115 3207 quatuor
1150 3138 1472 3205 temporum.

1929 2338 2352 2409 vespertinum,
2387 2343 2760 2396 nocturnum.
2800 2341 2903 2397 Per
2950 2342 3073 2400 hac
3112 2345 3289 2401 etiam
3332 2346 3597 2418 quotidie

1931 2426 2003 2480 ab
2065 2441 2262 2481 amore
2317 2431 2666 2482 aeternorum
2712 2429 3049 2488 retrahitur.
3121 2434 3186 2489 In
3234 2451 3590 2508 unoquoque

1932 2518 2050 2570 tres
2072 2515 2198 2570 dies
2219 2516 2532 2581 sunt.Quia
2553 2520 3019 2591 unumquodque
3037 2524 3271 2595 tempus
3291 2527 3408 2580 tres
3431 2540 3596 2581 men-

1931 2619 2025 2659 ses
2056 2603 2249 2671 habet,
2282 2621 2387 2675 pro
2421 2622 2772 2677 unoquoque
2803 2625 3004 2665 mense
3035 2610 3255 2683 singuli
3291 2612 3419 2669 dies
3438 2614 3591 2686 jeju-

1932 2692 2028 2748 nio
2061 2698 2496 2749 consecrantur.
2529 2695 2602 2749 At
2630 2712 2761 2752 vero
2793 2697 2933 2768 quia
2962 2699 3311 2769 quotidiana
3354 2706 3592 2773 peccata

1931 2784 2269 2853 aggravant,
2304 2798 2417 2836 non
2451 2783 2670 2837 sufﬁcit
2699 2800 2885 2840 unum
2909 2785 3208 2856 jejunium
3241 2804 3345 2859 per
3374 2806 3589 2853 unum-

1931 2870 2208 2941 quodque
2238 2874 2567 2942 tempus,ac
2580 2887 2684 2943 per
2698 2871 2807 2928 hoc
2828 2875 3339 2948 quadragesimale
3359 2879 3593 2951 tempus

1931 2956 2289 3027 inducimus,
2322 2975 2438 3030 quo
2473 2959 2815 3030 quotidiana
2844 2968 3083 3034 peccata
3112 2964 3589 3038 afﬂigantur.Ea—

1931 3046 2064 3102 dem
2090 3063 2223 3102 vero
2253 3048 2512 3114 Quatuor
2542 3052 2872 3121 temporum
2895 3051 3127 3122 jejunia
3154 3052 3250 3109 his
3273 3053 3481 3113 diebus
3505 3072 3598 3112 so-

1932 3134 2056 3193 lent
2094 3134 2393 3204 celebrari,
2426 3136 2648 3193 scilicet
2696 3141 2905 3210 quarta
2956 3139 3120 3209 feria,
3180 3146 3342 3199 sexta
3366 3147 3424 3200 et
3449 3144 3591 3201 Sab-

232 3225 554 3285 Terminos
579 3206 750 3281 rectae
775 3206 913 3284 ﬁdei
946 3225 1279 3293 sanctaque
1309 3220 1582 3278 doctrinae
1612 3238 1821 3293 posue-
1854 3206 1901 3274 C
1935 3223 2090 3279 bato.
2128 3223 2259 3279 Ideo
2287 3230 2515 3294 quarta,
2548 3224 2689 3296 quia
2714 3206 2898 3282 :Iudaei
2931 3226 2990 3282 in
3021 3243 3091 3283 ea
3106 3206 3375 3286 fecerunt
3404 3231 3593 3289 consi-

160 3323 311 3374 runt
324 3316 402 3371 ab
419 3315 587 3371 initio
600 3314 801 3370 Patres
828 3310 1273 3383 catholici,quos
1293 3311 1532 3366 omnino
1562 3310 1725 3367 nefas
1742 3314 1831 3366 est

160 3402 641 3478 tranagrediﬁed
666 3406 723 3458 et
744 3400 939 3456 multae
953 3400 1406 3456 consuetudines
1426 3398 1828 3456 ecclesiasticae

159 3492 554 3551 inveniuntur
578 3509 612 3547 a
632 3489 851 3547 sanctis
878 3489 1149 3545 Patribus
1173 3488 1323 3543 infra
1349 3488 1639 3544 canonica:
1661 3504 1830 3560 regu-

163 3583 230 3639 lae
248 3582 541 3638 terminos
558 3577 1071 3644 constitutae,sicut
1092 3582 1232 3633 sunt
1252 3578 1549 3633 Adventus
1575 3576 1829 3641 Domini,

160 3669 636 3745 Beptuagesima,
692 3666 1086 3741 Sexagesima,
1128 3666 1647 3739 Quinquagesima,
1679 3668 1832 3733 Qua-

165 3759 531 3833 dragesima,
562 3755 773 3812 litania
818 3755 1025 3826 major,
1078 3754 1203 3811 dies
1254 3754 1645 3827 Rogationum
1698 3758 1835 3810 ante

164 3845 594 3904 Ascensionem
614 3842 1075 3916 Domini,vigiliae
1088 3843 1480 3916 quorumdam
1497 3848 1833 3899 sanctorum

164 3953 275 3994 nec
299 3950 425 3992 non
443 3938 502 3990 et
516 3932 637 3988 haec
662 3933 794 4005 ipsa
820 3934 1080 3998 Quatuor
1100 3937 1431 4005 temporum
1452 3933 1834 4005 jejunia,quae

167 4040 289 4099 pra
320 4022 602 4080 manibus
629 4021 939 4090 habentur,
955 4020 1185 4093 aliaque
1200 4021 1477 4093 perplura
1490 4038 1617 4094 quae
1640 4022 1839 4078 omnia

162 4117 304 4188 jure
328 4115 613 4186 perpetuo
640 4111 865 4183 absque
887 4110 1007 4166 ulla
1027 4110 1491 4183 transgressione
1509 4111 1677 4166 nobis
1699 4114 1840 4166 sunt

168 4201 548 4260 observanda
577 4217 643 4255 ac
676 4216 779 4272 pro
809 4198 937 4272 lege
966 4198 1469 4265 tenenda,dicente
1499 4204 1698 4255 sancto
1727 4202 1839 4255 Au-

170 4291 423 4365 gustino
440 4289 513 4346 ad
535 4288 892 4345 Casuladum
921 4288 1325 4359 presbyterum
1343 4288 1414 4343 de
1436 4288 1663 4359 jejunio
1695 4289 1838 4344 Sab-

172 4381 297 4437 bati
339 4395 354 4434 :
389 4378 454 4433 In
486 4378 580 4433 his
607 4377 765 4434 enim
798 4378 993 4445 rebus,
1018 4377 1091 4432 de
1116 4377 1331 4449 quibus
1365 4375 1511 4432 nihil
1543 4382 1699 4433 certa
1730 4382 1841 4433 sta-

174 4470 295 4526 tuit
326 4467 633 4539 Scriptura
660 4466 879 4533 divina,
906 4482 1035 4522 mos
1065 4465 1264 4538 pepuli
1298 4465 1399 4522 Dei
1439 4465 1525 4522 vel
1574 4466 1845 4522 instituta

1936 3310 2081 3367 lium
2115 3315 2181 3367 ut
2209 3312 2535 3368 occiderent
2562 3312 2897 3384 Christum;
2931 3319 3112 3385 sexta,
3132 3317 3409 3389 quoniam
3439 3318 3593 3375 occi-

1937 3400 2151 3456 derunt
2165 3417 2299 3456 eum
2317 3418 2329 3467 ;
2354 3402 2703 3469 Sabbato,ex
2723 3403 3068 3471 auctoritate
3080 3409 3295 3468 sanctae
3316 3407 3591 3466 Romana

1938 3487 2226 3556 Ecclesiae,
2258 3489 2629 3545 concluditur
2672 3491 2989 3562 jejunium,
3024 3497 3260 3566 propter
3291 3494 3592 3553 tristitiam

1941 3576 2341 3649 apostolorum
2373 3594 2551 3649 quam
2601 3579 2673 3634 de
2722 3583 2907 3636 morte
2955 3581 3141 3638 nostri
3190 3583 3595 3657 Redemptoris

1940 3667 2297 3734 habuerunt,
2320 3666 2472 3722 sicut
2502 3667 2877 3726 Innocentius
2897 3687 3049 3743 papa
3078 3671 3140 3727 in
3169 3672 3296 3729 suis
3324 3672 3594 3733 Decreta-

1942 3754 2098 3812 libus
2129 3759 2343 3810 narrat.
2364 3755 2638 3823 Sabbato,
2672 3756 3277 3830 inquitjejunandum
3298 3776 3427 3819 esse
3448 3760 3597 3818 ratio

1944 3843 2384 3901 evidentissima
2412 3845 2947 3903 demonstrat.Nam
2967 3847 3016 3903 si
3037 3849 3195 3904 diem
3225 3848 3598 3909 Dominicum

1945 3934 2017 3989 ob
2041 3932 2432 3988 venerabilem
2466 3933 2951 3990 resurrectionem
2981 3935 3213 3991 Domini
3244 3939 3429 3995 nostri
3459 3939 3599 3996 Jesu

1925 4020 2163 4092 Christi
2192 4037 2307 4076 non
2339 4020 2530 4076 solum
2576 4022 2636 4076 in
2686 4021 2910 4077 Pascha
2949 4023 3335 4095 celebramus,
3362 4043 3600 4083 verum-

1946 4109 2123 4166 etiam
2171 4125 2273 4181 per
2311 4108 2574 4182 singulos
2605 4108 2855 4166 circulos
2881 4109 3381 4168 hebdomadarum
3412 4113 3602 4186 ipsius

1947 4197 2062 4254 diei
2092 4197 2408 4267 imaginem
2434 4198 2902 4269 frequentamus,
2935 4215 3002 4255 ac
3030 4198 3081 4255 si
3112 4204 3274 4257 sexta
3304 4201 3448 4258 feria
3467 4218 3600 4274 pro-

1948 4291 2078 4360 pter
2105 4284 2439 4358 passionem
2472 4286 2702 4342 Domini
2725 4288 3090 4358 jejunamus,
3109 4289 3428 4346 Sabbatum
3451 4307 3601 4363 pra:—

1950 4375 2273 4431 termittere
2304 4391 2417 4429 non
2450 4375 2752 4443 debemus,
2786 4376 2886 4447 qui
2916 4376 3068 4433 inter
3093 4377 3396 4434 tristitiam
3427 4382 3605 4450 atque

1950 4463 2212 4519 lwtitiam
2258 4464 2541 4535 temporis
2590 4462 2751 4519 illius
2799 4464 3086 4522 inclusus.
3142 4466 3205 4522 In
3255 4483 3371 4539 quo
3427 4467 3605 4523 etiam

174 4559 480 4631 Majorum
510 4572 615 4629 pro
643 4555 770 4629 lege
801 4554 1053 4612 tenenda
1082 4560 1240 4610 sunt.
1265 4554 1500 4610 Accedit
1528 4554 1702 4610 etiam
1734 4554 1843 4610 hoc
1873 4577 1921 4640 Β
1952 4553 2207 4608 Sabbato
2238 4551 2598 4608 consecratio
2621 4553 2895 4610 ordinum
2917 4554 3446 4613 ecclesiasticorum
3467 4555 3611 4615 cele-

172 4646 343 4720 quod
369 4644 515 4700 nihil
537 4644 665 4700 sine
680 4644 907 4700 ratione
937 4642 998 4699 in
1030 4642 1443 4699 ecclesiasticis
1475 4642 1844 4700 consuetudi-

177 4737 366 4792 nibus
396 4752 431 4789 a
459 4732 979 4789 sanctis'Patribus
1015 4732 1404 4789 constitutum
1456 4732 1758 4804 reperitur,
1794 4732 1844 4787 si

178 4838 372 4881 causa
399 4821 708 4895 diligenter
732 4821 1071 4894 inquiritur.
1106 4820 1179 4876 Ut
1200 4837 1269 4876 ex
1313 4824 1573 4876 veterum
1604 4837 1671 4876 ac
1700 4837 1846 4892 prae-

178 4912 360 4986 cipue
383 4911 570 4967 sancti
619 4909 932 4984 Augustini
963 4909 1334 4966 sermonibus
1360 4908 1605 4980 intelligi
1636 4913 1845 4981 potest,

1953 4642 2179 4707 bratur,
2202 4658 2440 4696 causam
2484 4641 2658 4696 etiam
2693 4642 2957 4713 ejusdem
2988 4644 3443 4701 consecrationis
3473 4661 3610 4702 san-

1954 4734 2044 4785 cto
2092 4728 2418 4802 Augustino
2466 4729 2691 4785 dicente
2738 4731 2810 4786 ad
2858 4732 3209 4788 Januarium
3259 4734 3609 4803 Sabbatum,

1955 4817 2656 4890 inquit,commendatum
2689 4822 2778 4874 est
2806 4819 2984 4891 priori
3010 4820 3224 4893 populo
3254 4820 3314 4875 in
3345 4821 3462 4877 otio
3492 4837 3616 4877 cor-

1960 4906 2236 4980 poraliter
2265 4906 2773 4975 celebrandum,ut
2803 4908 2994 4980 ﬁgura
3019 4913 3175 4965 esset
3203 4908 3615 4966 sanctificatio-

178 4999 591 5059 necessarium
620 5003 711 5056 est
742 5003 952 5055 nostra:
975 4998 1241 5072 religioni
1263 4997 1567 5053 annuatim
1590 4998 1852 5061 Quatuor
1961 4997 2053 5053 nis
2083 4995 2144 5050 in
2178 4995 2376 5067 requie
2407 4995 2661 5067 Spiritus
2692 4996 2900 5052 sancti.
2927 4997 3231 5069 Nusquam
3262 4998 3419 5054 enim
3472 4997 3615 5071 legi-

176 5088 417 5162 jeiunia
446 5087 911 5145 celebrare.Nam
934 5088 1195 5152 Quatuor
1220 5086 1585 5160 temporibus
1607 5086 1855 5143 volvitur
1963 5102 2097 5141 mus
2126 5084 2187 5139 in
2220 5084 2429 5140 Genesi
2458 5084 2980 5142 sanctiﬁcationem
3013 5102 3117 5158 per
3146 5102 3349 5143 omnes
3392 5087 3617 5160 priores

186 5195 389 5235 annus
423 5194 437 5233 :
468 5177 636 5244 Vere,
667 5181 889 5245 testate,
934 5181 1237 5243 autumno,
1287 5176 1498 5232 hieme.
1532 5176 1663 5231 Haec
1692 5178 1843 5242 Qua-

188 5272 333 5323 tuor
358 5271 625 5345 tempora
653 5266 843 5323 solent
873 5284 978 5322 nos
1002 5283 1105 5339 per
1122 5265 1545 5321 delectamenta
1566 5283 1674 5321 sua
1694 5283 1851 5322 revo-

1956 5175 2100 5241 dies,
2129 5174 2229 5230 sed
2261 5174 2331 5229 de
2363 5171 2485 5228 solo
2513 5173 2764 5229 Sabbato
2796 5174 3018 5230 dictum
3059 5179 3147 5231 est
3179 5191 3193 5231 :
3241 5178 3620 5249 Sanctiﬁcavit

1957 5267 2098 5321 Deus
2128 5263 2272 5319 diem
2299 5263 2594 5333 septimum
2639 5263 2792 5329 (Gen.
2848 5264 2929 5336 ιι).
2980 5263 3127 5328 Quia
3173 5280 3310 5339 ergo
3359 5265 3618 5323 charitas

189 5372 329 5412 care
358 5357 431 5412 ab
464 5372 662 5412 amore
690 5355 1135 5421 Creatoris.Qua
1164 5356 1236 5410 de
1258 5372 1316 5409 re
1340 5354 1742 5426 jujunandnm
1765 5359 1854 5411 est
1962 5353 2059 5411 Dei
2089 5354 2303 5408 dili‘usa
2333 5356 2421 5407 est
2443 5352 2501 5406 in
2525 5351 2801 5407 cordibus
2817 5354 3035 5408 nostris
3063 5371 3166 5426 per
3180 5354 3459 5427 Spiritum
3483 5373 3619 5412 san-

187 5445 255 5501 in
289 5461 647 5517 unoquoque
678 5449 958 5519 tempore,
992 5449 1057 5501 ut
1084 5444 1448 5517 castigentur
1479 5447 1677 5499 nostra
1710 5462 1853 5517 qua-

192 5541 334 5590 tuor
356 5534 668 5603 elementa,
700 5551 773 5590 ne
798 5534 1202 5607 subripiantur
1223 5551 1256 5589 a
1280 5532 1659 5589 delectatione
1691 5550 1857 5589 mun-

1965 5441 2253 5513 ctum,qui
2284 5441 2459 5496 datus
2491 5445 2579 5495 est
2610 5440 2779 5496 nobis
2809 5442 2984 5511 (Rom.
3018 5446 3096 5511 v),
3130 5443 3260 5500 ideo
3292 5444 3623 5502 sanctifica-

1966 5533 2045 5589 tio
2079 5534 2134 5587 in
2168 5530 2415 5601 septimo
2447 5529 2539 5583 die
2571 5535 3029 5588 commemorata
3075 5536 3185 5601 est,
3231 5533 3332 5590 ubi
3389 5534 3622 5606 requies

194 5623 280 5679 di.
317 5623 449 5697 Ipsa
477 5628 733 5696 quatuor
762 5623 1051 5681 elementa
1080 5623 1394 5694 conjuncta
1424 5625 1561 5677 sunt
1601 5623 1861 5688 Quatuor
1969 5619 2435 5678 commendatur.
2471 5617 2636 5675 Nunc
2684 5619 2755 5675 de
2802 5618 3153 5680 lectionibus
3199 5622 3522 5680 videamus.
3556 5620 3622 5676 In

173 5858 245 5913 ξιξ
260 5862 357 5921 3'5
