4026 6184
495 269 654 344 10⁵75

1575 283 1969 352 nennoms
2012 286 2344 354 ABBATIS
2387 241 2828 359 AUGIENSlS.

3668 304 3786 370 {076

496 422 709 492 quarta
737 418 880 477 feria
907 418 1033 477 duae
1058 418 1333 479 lectiones
1383 420 1678 496 leguntur,
1732 427 1796 480 ut
1836 422 1897 479 hi
1929 425 2030 497 qui
2078 425 2136 481 in
2166 423 2224 493 Α
2251 425 2570 484 Sabbatum
2602 432 2809 502 quarto
2839 426 3124 486 Nonas.Si
3154 444 3223 487 ex
3250 428 3337 488 his
3360 429 3574 506 singulis
3591 439 3791 497 terminis

492 511 747 568 Sabbato
765 514 904 567 sunt
924 510 1325 578 consecrandi,
1344 512 1413 567 ad
1424 509 1773 569 moneantur
1799 516 1865 569 ut
1885 514 2153 571 notitiam

494 598 642 674 legis
658 602 715 657 et
728 599 1145 673 prophetarum
1168 601 1576 674 habeant,qua3
1595 601 1849 659 maxime
1870 602 1928 658 in
1946 609 2156 675 quarta

491 692 657 745 aetate
716 687 1009 762 vigebant.
1066 689 1237 745 Sexta
1281 690 1423 746 feria
1470 708 1588 746 una
1636 695 1866 748 tantum
1916 692 2149 766 legitur,

491 777 631 850 quia
651 776 743 833 lex
771 781 827 833 et
856 777 1162 850 prophetia
1189 777 1250 834 in
1281 796 1398 835 uno
1428 779 1736 853 Evangelio
1759 781 2152 854 recapitulan-

489 870 609 936 tur,
639 868 797 941 quod
827 884 984 923 nunc
1004 867 1064 923 in
1093 872 1255 924 sexta
1275 869 1481 924 mundi
1514 873 1679 926 estate
1711 871 2063 943 praedicatur
2084 888 2151 927 ac

490 955 815 1030 legitur.De
846 957 1154 1013 duodecim
1182 956 1688 1030 lectionibusque:
1723 959 2155 1032 praetitulantur

492 1046 553 1102 in
584 1046 733 1102 libro
761 1050 1292 1115 Sacramentorum,
1325 1047 1418 1102 die
1448 1047 1709 1117 Sabbati,
1740 1049 1824 1104 sic
1853 1048 1913 1104 in
1944 1048 2153 1106 litteris

492 1136 733 1193 Patrum
764 1135 1052 1209 reperitur
1081 1136 1365 1209 scriptum
1399 1153 1413 1191 :
1448 1137 1559 1193 Sex
1587 1136 1876 1193 lectiones
1909 1138 1980 1193 ab
2002 1139 2149 1194 anti-

494 1227 630 1299 quis
660 1225 940 1281 Romanis
970 1225 1163 1282 Grzece
1191 1229 1248 1281 et
1274 1225 1477 1281 Latine
1506 1225 1868 1298 legebantur.
1894 1227 1998 1292 Qui
2024 1245 2151 1283 mos

495 1315 653 1388 apud
677 1314 1243 1387 Constantinopolim
1272 1314 1447 1371 hodie
1477 1332 1710 1388 quoque
1740 1321 2007 1371 servatur
2028 1334 2153 1390 pro-

495 1409 623 1477 pter
650 1404 799 1459 duas
826 1420 1034 1459 causas
1069 1422 1082 1459 :
1116 1420 1316 1469 unam,
1350 1404 1489 1476 quia
1519 1406 1759 1460 aderant
1787 1406 1986 1472 Graeci,
2020 1405 2149 1478 qui-

493 1493 607 1549 bus
637 1491 934 1566 incognita
953 1496 1077 1548 erat
1099 1492 1307 1548 Latina
1328 1491 1915 1567 lingua,aderantque
1937 1495 2147 1563 Latini,

493 1580 711 1654 quibus
741 1581 1041 1654 incognita
1068 1585 1192 1637 erat
1219 1585 1445 1651 Graeca;
1478 1582 1720 1638 alteram
1755 1601 2150 1656 quoque,pro-

494 1675 624 1744 pter
673 1670 1120 1727 unanimitatem
1177 1670 1484 1743 utriusque
1541 1670 1762 1743 populi.
1832 1672 2149 1729 Duodecim

494 1758 773 1816 lectiones
802 1759 1079 1815 dicuntur
1109 1763 1344 1832 pr0pter
1381 1759 1689 1815 duodecim
1736 1759 2001 1830 lectores,
2035 1779 2149 1818 non
2178 1798 2228 1865 Β

494 1852 732 1923 propter
791 1849 1100 1905 duodecim
1165 1849 1591 1905 sententiarum
1655 1849 1984 1907 varietates.
2044 1856 2153 1907 Sex

494 1937 773 1995 lectiones
822 1941 961 1995 sunt
1007 1938 1432 1994 tantummodo
1465 1937 1526 1992 in
1569 1938 1897 1994 sententiis.
1951 1940 2151 2013 Neque

494 2028 656 2085 enim
706 2026 755 2083 si
802 2027 1125 2100 dixerimus
1173 2030 1376 2094 Amen,
1404 2044 1629 2093 verum,
1664 2031 1973 2099 propterea
2002 2029 2151 2085 duas

492 2116 767 2173 veritates
797 2115 1121 2189 intelligere
1151 2117 1454 2183 debemus,
1487 2117 1589 2171 sed
1621 2117 1939 2172 unam.Sed
1967 2118 2037 2174 de
2058 2117 2151 2175 his

493 2205 779 2260 hactenus
818 2221 974 2260 nunc
1021 2206 1093 2260 ad
1140 2204 1505 2277 propositum
1537 2206 1865 2261 redeamus.
1899 2205 2148 2269 Quaestio

495 2298 618 2361 tua,
652 2293 702 2348 si
749 2292 857 2349 rite
908 2293 1196 2360 recordor,
1230 2292 1365 2348 talis
1423 2297 1566 2360 erat,
1609 2299 1674 2348 ut
1721 2293 1870 2349 scire
1918 2299 2149 2366 optares

494 2384 838 2437 utrumnam
869 2380 1068 2436 statim
1100 2381 1159 2435 in
1193 2379 1380 2452 primo
1403 2380 1659 2436 Sabbato
1678 2381 1868 2437 Martii
1901 2383 1977 2437 sit
1997 2384 2148 2455 jeju-

491 2471 779 2537 nandum,
812 2468 1042 2526 etiamsi
1088 2469 1244 2526 idem
1293 2469 1514 2525 mensis
1560 2469 1785 2540 quinta,
1836 2476 2001 2527 sexta
2047 2477 2149 2529 aut

493 2559 747 2633 septima
786 2559 930 2615 feria
977 2557 1240 2631 incipiat,
1266 2575 1340 2613 an
1371 2558 1442 2614 ad
1474 2557 1632 2613 aliud
1663 2558 1985 2614 Sabbatum
2015 2578 2144 2633 pro-

491 2654 622 2723 pter
649 2650 921 2720 quartam
952 2646 1158 2704 feriam
1189 2647 1267 2703 sit
1294 2646 1701 2702 differendum.
1734 2648 1818 2703 Ad
1851 2649 2007 2720 quod
2039 2650 2143 2705 tibi

492 2755 562 2795 ex
619 2737 1044 2794 consuetudine
1104 2740 1317 2792 sanctae
1364 2734 1652 2802 Ecclesiae,
1695 2753 1824 2808 qua
1870 2754 1974 2809 pro
2020 2755 2142 2793 ma-

2262 514 2526 572 adbibita
2555 518 2989 590 computatione
3018 518 3090 574 ad
3122 518 3390 576 terminos
3416 524 3795 600 Septembr-ism-

2262 606 2706 676 quatuordecim
2769 606 3169 665 hebdomadas
3219 610 3393 665 aciem
3455 615 3586 667 recte
3631 613 3798 688 dirigis,

2261 691 2482 765 liquido
2514 695 2862 767 pervidebis,
2896 697 2956 751 in
3005 701 3212 769 quarto
3260 715 3359 755 seu
3404 701 3617 770 septimo
3655 718 3802 761 mense

2261 785 2501 853 quartas
2533 784 2706 839 ferias
2727 784 2902 856 juxta
2926 786 3019 840 sui
3049 786 3424 858 quantitatem
3452 788 3562 844 suis
3603 790 3804 849 Sabbatis

2262 870 2459 926 minus
2491 872 2957 946 deesse,excepto
2989 874 3549 948 Septembri,quando
3573 877 3674 950 ipse
3697 880 3802 935 inci-

2261 957 2347 1029 pit
2375 958 2518 1015 feria
2537 959 2802 1032 quinta,J
2806 960 2983 1018 unius
3005 961 3473 1034 quarta,Martius
3487 962 3747 1030 tertia.Qua
3763 983 3809 1021 ex

2262 1063 2323 1102 re
2355 1047 2438 1103 sic
2463 1049 2708 1116 eveniat,
2735 1050 3009 1122 prudenti
3041 1050 3375 1107 calculatori
3409 1052 3474 1107 ad
3496 1052 3805 1124 indagandum

2262 1153 2634 1208 nequaquam
2658 1138 2769 1193 erit
2790 1138 3135 1195 difﬁcile.Fsr
3159 1139 3252 1194 bis
3268 1139 3525 1195 omnibus
3543 1140 3665 1197 ratio
3686 1143 3814 1196 mani-

2260 1223 2410 1280 festa
2440 1226 2628 1291 docet,
2659 1226 2890 1282 firmius
2921 1243 2987 1282 ac
3016 1226 3286 1283 stabilius
3322 1244 3444 1283 esse
3471 1233 3813 1301 argumentum,

2260 1314 2415 1385 quod
2431 1331 2499 1369 ex
2510 1314 3013 1370 hebdomadarum
3028 1333 3271 1372 numero
3284 1315 3810 1389 collectumnunquam

2260 1405 2448 1469 nutat,
2483 1419 2661 1474 quam
2693 1404 2847 1475 quod
2880 1421 2949 1459 ex
2978 1404 3254 1461 feriarum
3280 1405 3695 1462 consideratione
3710 1422 3815 1461 com-

2261 1489 2510 1562 pilatum
2542 1490 2858 1564 aliquando
2890 1491 3139 1549 vacillat.
3178 1494 3256 1549 De
3286 1510 3478 1550 mense
3504 1509 3621 1549 vero
3660 1494 3820 1551 decimo

2259 1579 2405 1635 nihil
2435 1579 2594 1635 aliud
2631 1580 2944 1636 dicendum
2992 1586 3102 1647 est,
3135 1581 3249 1639 nisi
3301 1586 3364 1638 ut
3410 1583 3695 1654 proximum
3731 1586 3820 1637 ante

2258 1668 2627 1725 Nativitatem
2660 1669 2890 1726 Domini
2939 1688 3173 1744 semper
3202 1671 3532 1727 observetur
3564 1671 3819 1737 Sabbatum,

2258 1762 2495 1831 excepto
2527 1760 2761 1831 quando
2791 1758 2991 1832 vigilia
3019 1759 3277 1816 evenerit
3305 1760 3364 1815 in
3395 1765 3544 1816 sexta
3582 1760 3713 1816 feria.
3734 1761 3821 1815 Scio

2260 1864 2353 1903 me
2382 1865 2485 1920 pro
2517 1853 2673 1904 certo
2705 1848 2788 1903 ita
2816 1848 3053 1916 dixisse,
3086 1853 3146 1905 et
3176 1866 3357 1922 quam
3386 1834 3574 1906 verum
3603 1850 3669 1905 sit
3698 1848 3819 1905 etiam

2259 1936 2318 1991 in
2349 1936 2457 1992 hac
2490 1953 2569 2004 re,
2601 1937 2673 1992 de
2700 1954 2817 2009 qua
2852 1954 3110 2010 praesens
3164 1942 3447 1995 tractatus
3492 1938 3728 2003 habetur,
3747 1953 3823 2008 qua

2258 2028 2457 2098 potero
2486 2025 2766 2082 brevitate
2796 2043 2865 2081 ex
2894 2026 3088 2092 dictis,
3113 2028 3399 2099 majorem
3430 2027 3628 2083 curabo
3651 2026 3822 2082 demon-

2259 2113 2656 2187 strare.Igitur
2685 2114 3020 2171 Amalarius
3046 2115 3382 2172 divinorum
3410 2115 3700 2172 ofﬁciorum
3718 2114 3828 2169 inde-

2257 2206 2425 2276 gator
2453 2201 2897 2271 solertissimus,
2931 2204 3101 2275 cujus
3132 2204 3293 2261 dicta
3321 2203 3701 2261 catholicorum
3722 2202 3820 2256 viro-

2258 2308 2389 2346 rum
2422 2292 2729 2348 sententiis
2746 2291 2974 2365 fulgent
2990 2293 3384 2360 munita,cum
3397 2294 3465 2350 de
3486 2293 3670 2348 iisdem
3688 2290 3826 2362 dispu-

2254 2382 2405 2435 taret
2425 2378 2690 2451 jejuniis,
2726 2379 2808 2436 sic
2840 2380 2994 2437 inter
3022 2381 3133 2438 alia
3166 2382 3314 2439 dicit
3344 2399 3356 2438 :
3391 2382 3561 2439 Primi
3597 2378 3826 2454 apostolici

2255 2484 2488 2540 semper
2510 2467 2571 2523 in
2604 2469 2906 2525 Decembri
2941 2487 3163 2540 mense,
3196 2472 3262 2527 in
3313 2489 3428 2544 quo
3473 2470 3717 2527 Nativitas
3752 2473 3824 2522 Do-

2254 2555 2397 2611 mini
2431 2556 2614 2613 nostri
2645 2557 2783 2613 Jesu
2817 2557 3030 2615 Christi
3073 2557 3427 2628 celebratur,
3452 2557 3825 2617 consecrationes

2253 2646 2888 2720 ministrabant,usque
2921 2648 2995 2704 ad
3022 2648 3525 2723 Simplicium,qui
3555 2648 3828 2705 fuitabeato

2252 2735 2416 2792 Petro
2449 2736 2938 2809 quadragesimus
2967 2740 3324 2813 nonus.Ipse
3353 2739 3570 2813 primus
3594 2751 3824 2793 consecra-
3938 2784 3939 2795 χ

488 2827 651 2883 xime
697 2825 1041 2882 auctoritate
1090 2825 1344 2880 tenenda
1385 2829 1492 2893 est,
1542 2825 1868 2898 respondeo
1920 2844 1933 2881 :
1985 2828 2141 2899 quod

490 2915 714 2987 absque
774 2913 897 2970 ulla
941 2913 1328 2986 refragatione
1357 2929 1589 2985 semper
1625 2913 1887 2985 ejusdem
1920 2914 2140 2971 mensis

489 3007 702 3078 quarta
731 3003 873 3060 feria
905 3002 1113 3059 debeat
1155 3002 1476 3074 exspectari
1523 3002 1803 3074 quoniam
1852 3003 2007 3059 idem
2046 3005 2136 3076 je—
2248 3003 2494 3075 corpori,
2528 3003 2627 3076 qui
2655 3020 2758 3075 per
2800 3021 3031 3061 sacrum
3084 3007 3439 3080 mysterium
3488 3005 3824 3081 provehuntur.

487 3093 743 3163 iunium,
777 3092 932 3166 quod
959 3095 1171 3165 quarta
1198 3091 1343 3147 feria
1372 3089 1671 3164 incipitur,
1705 3091 1956 3148 Sabbato
2004 3092 2138 3148 ﬁni-
2181 3161 2214 3168 μ
2247 3091 2368 3154 Quo
2401 3090 2562 3147 nullo
2596 3092 2768 3148 modo
2800 3093 2990 3150 satius
3019 3094 3142 3151 fieri
3167 3086 3562 3168 potest,quam
3589 3094 3631 3150 si
3657 3105 3823 3166 pereas

488 3186 618 3252 tur;
646 3161 1017 3255 nequ-aquam
1049 3161 1700 3248 Februario,sed‘totum
1734 3180 1943 3237 Martio
1965 3181 2142 3254 depu-
2170 3161 2215 3232 Ο
2251 3179 2635 3251 patriarchas,
2663 3196 2732 3236 ex
2762 3182 2982 3252 quibus
3012 3161 3288 3241 Christus
3316 3161 3489 3242 natus
3515 3161 3826 3255 est,generen-

487 3274 669 3338 tatur,
699 3287 769 3327 ea
794 3269 1061 3326 videlicet
1088 3268 1313 3324 ratione
1352 3273 1419 3323 ut
1465 3267 1525 3324 in
1556 3284 1622 3324 eo
1655 3285 1854 3325 mense
1885 3269 2140 3342 primum
2248 3269 2533 3335 tur.Quod
2556 3268 2922 3342 impossibile
2951 3275 3041 3328 est
3070 3275 3406 3331 secundum
3437 3282 3823 3338 carnem,secun-

2247 2824 2333 2880 vit
2356 2823 2417 2880 in
2451 2825 2782 2895 Februario,
2808 2826 2868 2881 ni
2901 2825 3088 2900 fallor,
3116 2827 3308 2885 ullam
3340 2829 3412 2886 ob
3442 2828 3605 2885 aliam
3630 2839 3825 2885 causam.
3938 2870 3939 2873 η

2249 2912 2363 2968 nisi
2395 2913 2722 2971 intimando
2762 2916 3209 2989 conjungendos
3260 2918 3631 2991 propinquius
3669 2911 3824 2970 Christi
3938 2930 3939 2971 ;

481 3359 781 3432 jejunium
834 3360 1102 3414 nostrum
1157 3356 1401 3412 Domino
1466 3360 1855 3423 consecretur,
1913 3358 1972 3412 in
2023 3375 2139 3432 quo
2249 3355 2389 3412 dum
2421 3356 2695 3430 spiritum
2726 3358 2971 3432 dignum
3023 3364 3081 3417 et
3129 3361 3355 3435 habile,
3388 3362 3495 3419 hoc
3540 3364 3636 3427 est,
3676 3361 3730 3414 ut
3759 3370 3828 3427 per
3938 3406 3939 3423 η

483 3445 842 3518 principium
871 3444 1010 3500 anni
1043 3462 1107 3500 ac
1140 3445 1267 3517 ipsa
1298 3443 1510 3500 creatio
1540 3445 1743 3500 mundi
1774 3446 2139 3518 coepit.Unde
2244 3444 2753 3518 interpretationes
2768 3448 3073 3505 nominum
3088 3451 3560 3522 patriarcharum
3581 3447 3827 3505 nascantur

482 3534 593 3590 iste
622 3533 912 3589 terminus
941 3533 1191 3588 ﬁrmiter
1218 3536 1309 3589 est
1336 3534 1753 3601 observandus,
1773 3539 1838 3589 ut
1868 3552 1972 3591 nec
1999 3541 2136 3593 ante
2244 3539 2457 3602 mente,
2493 3536 2593 3607 qui
2624 3537 2975 3609 genealogize
3005 3537 3223 3595 Christi
3257 3540 3527 3597 videntur
3552 3530 3825 3596 familiarius

480 3640 539 3679 IV
568 3622 764 3678 Nonas
794 3621 1010 3690 Martii,
1044 3637 1149 3676 nec
1178 3624 1309 3692 post
1335 3635 1393 3676 v1
1428 3621 1562 3677 Idus
1601 3623 1865 3692 ejusdem
1912 3624 2133 3682 mensis
2243 3623 2510 3680 adscisci.
2544 3624 2610 3679 Et
2640 3624 2780 3697 quia
2809 3625 3202 3700 incongruum
3237 3633 3351 3696 est,
3384 3629 3535 3685 sicut
3577 3623 3823 3692 unicuique

478 3710 695 3784 aliquis
721 3712 941 3767 statuat
961 3709 1374 3782 jejunandum,
1409 3710 1507 3764 sed
1536 3711 1596 3765 in
1623 3710 1716 3766 his
1746 3716 1967 3783 septem
2008 3714 2131 3770 die-
2239 3711 2598 3783 generationi
2623 3712 2945 3786 singularis
2964 3713 3343 3774 hebdomade
3364 3712 3825 3791 deputaturﬁtaper

476 3801 589 3857 bus
637 3798 973 3872 ubicunque
1024 3798 1283 3872 primum
1345 3798 1601 3855 evenerit
1648 3799 1920 3871 jejunare
1973 3799 2129 3859 licite
2238 3814 2718 3871 unamquamque
2747 3799 3175 3858 hebdomadam
3224 3806 3692 3861 consecrationem
3718 3797 3821 3853 cele-

471 3888 709 3945 valebit.
762 3890 846 3945 Ex
904 3904 1019 3962 quo
1069 3887 1226 3943 velut
1278 3884 1655 3943 intellectuali
1715 3888 1970 3959 quodam
2029 3888 2127 3944 ﬁlo
2235 3885 2413 3958 brari,
2443 3903 2621 3943 causa
2649 3890 2992 3961 congruenti
3045 3907 3149 3963 per
3192 3892 3437 3966 singula
3464 3896 3819 3964 temporaque

471 3977 809 4034 rectissima:
842 3975 1053 4050 regulae
1085 3977 1261 4045 linea,
1293 3991 1398 4048 per
1426 3974 1866 4047 quatuordecim
1906 3976 2125 4034 hebdo-
2234 3974 2540 4031 convenire
2579 3981 2830 4048 possunt
2858 3979 3176 4035 virtutibus
3213 3986 3275 4037 et
3315 3974 3821 4055 interpretationibus

470 4068 676 4124 madas
708 4084 895 4140 usque
911 4066 971 4121 in
988 4066 1313 4122 secundum
1344 4065 1504 4121 Junii
1536 4064 1757 4121 mensis
1778 4065 2123 4136 Sabbatum,
2231 4063 2718 4134 patriarcharum,
2752 4066 2854 4138 qui
2907 4067 2964 4121 in
3006 4068 3276 4126 articulis
3324 4068 3657 4145 genealogis
3694 4059 3820 4137 positi

470 4156 730 4230 itemque
760 4156 895 4212 inde
927 4172 1030 4229 per
1060 4154 1205 4211 alias
1245 4153 1706 4226 quatuordecim,
1758 4155 1831 4210 ad
1882 4154 2122 4211 tertium
2232 4155 2388 4221 sunt,
2419 4154 2774 4211 consecratio
2805 4154 3134 4213 celebratur
3154 4158 3614 4231 spiritualis.Per
3634 4156 3821 4210 trestesr

470 4245 831 4319 Septembris
859 4245 1178 4300 Sabbatum
1216 4260 1228 4298 :
1255 4243 1394 4299 item
1416 4243 1535 4299 sive
1565 4259 1667 4314 per
1697 4243 2122 4313 tredecim,sive
2230 4242 2610 4299 seradecades
2626 4244 3089 4313 annualesﬁunt
3105 4247 3494 4306 hebdomadas
3507 4240 3823 4321 quadraginta

467 4349 573 4407 per
599 4332 1064 4407 quatuordecim,
1096 4332 1168 4387 ad
1202 4331 1345 4387 illud
1377 4331 1707 4404 proximum
1737 4335 1871 4387 ante
1898 4333 2120 4388 Nativi—
2228 4329 2493 4387 dueeTot
2519 4333 2923 4404 generationes
2952 4336 3290 4393 secundum
3314 4337 3641 4394 Matthzeum
3660 4325 3821 4387 Christi

464 4426 647 4479 tatem
677 4421 909 4479 Domini
939 4419 1361 4489 Sabbatum,ut
1390 4420 1611 4493 absque
1658 4436 1852 4476 errore
1879 4438 2118 4477 eorum-
2226 4424 2367 4475 sunt
2397 4436 2530 4475 cum
2561 4420 2712 4493 ipso,
2745 4427 2833 4478 tot
2858 4423 3017 4479 enim
3049 4424 3437 4483 hebdomadm
3483 4422 3816 4481 inveniuntur.

464 4511 601 4566 dem
629 4509 1016 4565 Sabbatorum
1045 4507 1282 4565 termini
1311 4505 1541 4597 possint
1580 4505 1845 4597 inveniri.
1878 4508 1963 4563 Ad
2010 4508 2118 4565 hoc
2145 4530 2194 4597 D
2225 4524 2260 4563 a
2289 4508 2478 4580 primo
2510 4510 2763 4566 Sabbato
2794 4511 2964 4582 primi
2996 4514 3221 4571 mensis
3254 4533 3449 4589 usque
3493 4514 3561 4570 ad
3605 4512 3821 4597 quartum

462 4598 990 4657 demonstrandum
1033 4598 1467 4654 constituantur
1510 4596 1663 4653 feriae
1714 4600 1938 4669 septem
1977 4614 2113 4653 cum
2147 4595 2180 4597 ﬁ
2223 4598 2764 4655 Sabbatumdecimi
2786 4602 3415 4661 mensis.Consecratio
3430 4603 3613 4677 prima
3630 4595 3824 4655 celebra-

458 4688 668 4746 diebus
697 4686 941 4744 totidem
973 4686 1192 4743 mensis
1220 4685 1499 4752 Martii,id
1529 4689 1678 4756 est,a
1699 4689 1905 4758 quarta
1924 4689 2111 4742 Nona-
2217 4689 2316 4743 tur
2337 4686 2526 4758 primo
2549 4688 2803 4744 Sabbato
2825 4690 3001 4761 primi
3041 4693 3289 4761 mensis,
3321 4710 3451 4766 quae
3489 4689 3645 4765 quasi
3664 4683 3822 4742 inloco

455 4795 589 4836 rum
603 4777 866 4852 usquein
884 4775 1484 4849 septimamldus,per
1503 4791 1652 4848 quos
1674 4773 1847 4847 primi
1870 4775 2108 4831 Sabbati
2217 4774 2460 4831 Abrahae
2491 4782 2733 4848 generat
2762 4777 3079 4841 Christum.
3127 4780 3427 4836 Abraham
3471 4774 3823 4850 interpretatur

453 4868 690 4924 termini
724 4866 915 4924 solent
948 4864 1183 4934 variari,
1216 4868 1274 4921 et
1315 4864 1410 4920 his
1459 4864 1735 4936 inspectis
1767 4880 1859 4920 res
1889 4863 2019 4937 ipsa
2047 4881 2109 4920 se
2212 4874 2370 4938 pater
2394 4865 2702 4921 multarum
2732 4869 2998 4939 gentium,
3033 4869 3127 4924 cui
3159 4869 3389 4927 dictum
3416 4874 3550 4926 est?
3579 4868 3634 4923 In
3660 4862 3824 4919 senum

454 4957 625 5013 nobis
655 4956 977 5030 aperiat.Ut
1005 4954 1161 5011 enim
1195 4955 1266 5010 ab
1300 4952 1507 5009 ultimo
1550 4952 1922 5026 incipiamus,
1956 4954 2104 5008 Mar-
2219 4958 2310 5010 tuo
2358 4954 2740 5011 benedicentur
2780 4972 2965 5012 omnes
3011 4965 3194 5029 gentes
3238 4958 3398 5030 (Gen.
3445 4956 3594 5028 xxii).
3641 4945 3819 5020 Siquis

452 5043 573 5101 tius
604 5049 706 5100 ant
733 5046 940 5117 quinta
969 5044 1111 5101 feria
1138 5041 1426 5116 incipit,et
1454 5042 1770 5099 Sabbatum
1803 5042 1861 5097 in
1884 5059 1998 5115 quo
2021 5047 2110 5099 est
2217 5047 2589 5099 consecratus
2610 5045 2804 5100 statin
2823 5045 3048 5102 semine
3068 5044 3397 5102 multorum
3416 5036 3818 5102 convertentium

442 5133 838 5205 jejunandum
885 5137 1047 5190 sexto
1080 5133 1219 5190 ldus
1248 5131 1529 5198 occurrit;
1559 5134 1661 5186 aut
1693 5130 1911 5187 mensis
1943 5135 2104 5188 sexta
2212 5149 2316 5206 per
2345 5149 2452 5188 sua
2481 5131 2746 5203 exempla
2778 5133 2850 5188 ad
2884 5133 3189 5199 Deum,est
3236 5151 3273 5189 a
3317 5133 3507 5207 primo
3544 5122 3820 5204 patriarcha

450 5221 612 5289 feria,
645 5222 962 5277 Sabbatum
1012 5240 1144 5279 vero
1193 5222 1443 5295 septimo
1486 5217 1651 5289 fdus;
1688 5226 1788 5275 aut
1836 5219 1932 5277 ille
1962 5220 2102 5277 feria
2210 5220 2503 5276 Abraham
2537 5221 2891 5293 genitus,cst
2924 5222 3117 5295 ipsum
3147 5238 3350 5278 semen
3383 5215 3713 5283 Cbristus,in
3732 5225 3819 5283 quo

450 5309 886 5384 septima,istud
920 5327 1052 5367 vero
1079 5318 1278 5367 octavo
1310 5312 1477 5379 Idus;
1511 5314 1612 5366 aut
1642 5309 1862 5365 mensis
1884 5309 2094 5382 prima,
2210 5310 2432 5366 semine
2463 5308 2819 5380 promissum
2845 5314 2935 5365 est
2953 5309 3195 5366 Abrahae
3227 5310 3497 5367 benedici
3519 5315 3819 5384 omnesgenj

444 5382 572 5473 qua:
603 5403 693 5455 est
721 5398 1044 5462 Dominica.
1069 5404 1126 5455 et
1154 5402 1476 5456 Sabbatum
1507 5399 1722 5468 Nonis;
1757 5403 1859 5455 aut
1900 5399 1945 5454 si
1999 5399 2097 5456 ille
2205 5400 2451 5469 testsa
2481 5397 2840 5455 consecratio
2864 5416 3039 5455 verno
3063 5404 3324 5471 tempore
3353 5382 3818 5463 celebratur,q110d

442 5489 585 5546 feria
616 5488 1057 5557 secunda,istud
1084 5488 1361 5560 postridie
1390 5487 1782 5545 Nonarum.Si
1813 5506 1946 5545 vero
1979 5492 2092 5545 ter-
2205 5492 2441 5560 tempus
2490 5486 2684 5543 habile
2730 5492 2818 5544 est
2865 5488 3388 5561 procreationibus.
3422 5489 3562 5543 Nam
3592 5488 3645 5540 et
3668 5479 3815 5534 Abra-

438 5581 546 5647 tio,
578 5579 733 5635 istud
760 5578 929 5636 tertio
960 5577 1182 5645 Nonas;
1214 5581 1274 5633 at
1306 5579 1356 5635 si
1389 5579 1633 5635 Martius
1686 5577 1829 5635 feria
1861 5584 2089 5652 quarta,
2203 5577 2342 5634 ham
2376 5576 2549 5635 tertia
2578 5580 2743 5633 aetate
2763 5577 2875 5637 fuit
2891 5578 3071 5650 hujus
3094 5576 3457 5653 mundi,qua2
3473 5579 3606 5633 datas
3624 5578 3816 5638 compa.
