  <div class='ocr_page' id='page_1' title='image "/cluster/home/n/w/nwhite01/storage/ocr_20150623/142/hvd.32044054760020/544.png"; bbox 0 0 4026 6184; ppageno 0'>
   <div class='ocr_carea' id='block_1_1' title="bbox 227 308 384 372">
    <p class='ocr_par' dir='ltr' id='par_1_1' title="bbox 227 308 384 372">
     <span class='ocr_line' id='line_1_1' title="bbox 227 308 384 372; baseline -0.019 0"><span class='ocrx_word' id='word_1_1' title='bbox 227 308 384 372; x_wconf 75' lang='grc'>1677</span> 
     </span>
    </p>
   </div>
   <div class='ocr_carea' id='block_1_2' title="bbox 1544 308 2325 376">
    <p class='ocr_par' dir='ltr' id='par_1_2' title="bbox 1544 308 2325 376">
     <span class='ocr_line' id='line_1_2' title="bbox 1544 308 2325 376; baseline -0.001 -1"><span class='ocrx_word' id='word_1_2' title='bbox 1544 313 1645 375; x_wconf 79' lang='lat' dir='ltr'>DE</span> <span class='ocrx_word' id='word_1_3' title='bbox 1689 311 1998 376; x_wconf 81' lang='lat' dir='ltr'>OFFICIO</span> <span class='ocrx_word' id='word_1_4' title='bbox 2043 308 2325 376; x_wconf 73' lang='lat' dir='ltr'>MISS/E.</span> 
     </span>
    </p>
   </div>
   <div class='ocr_carea' id='block_1_3' title="bbox 3480 304 3639 374">
    <p class='ocr_par' dir='ltr' id='par_1_3' title="bbox 3480 304 3639 374">
     <span class='ocr_line' id='line_1_3' title="bbox 3480 304 3639 374; baseline 0 -3"><span class='ocrx_word' id='word_1_5' title='bbox 3480 304 3639 374; x_wconf 71' lang='lat'>1078</span> 
     </span>
    </p>
   </div>
   <div class='ocr_carea' id='block_1_4' title="bbox 214 441 3639 522">
    <p class='ocr_par' dir='ltr' id='par_1_4' title="bbox 214 441 3639 522">
     <span class='ocr_line' id='line_1_4' title="bbox 214 441 3639 522; baseline 0 -20"><span class='ocrx_word' id='word_1_6' title='bbox 214 446 384 509; x_wconf 87' lang='lat' dir='ltr'>ratur</span> <span class='ocrx_word' id='word_1_7' title='bbox 407 441 829 515; x_wconf 69' lang='lat' dir='ltr'>adolescentiae,</span> <span class='ocrx_word' id='word_1_8' title='bbox 862 462 990 520; x_wconf 78' lang='lat' dir='ltr'>quaa</span> <span class='ocrx_word' id='word_1_9' title='bbox 1022 444 1236 506; x_wconf 84' lang='lat' dir='ltr'>habilis</span> <span class='ocrx_word' id='word_1_10' title='bbox 1276 452 1365 505; x_wconf 87' lang='lat' dir='ltr'>est</span> <span class='ocrx_word' id='word_1_11' title='bbox 1412 448 1771 522; x_wconf 87' lang='lat' dir='ltr'>generationi</span> <span class='ocrx_word' id='word_1_12' title='bbox 1803 450 1874 505; x_wconf 56' lang='lat' dir='ltr'>fi-</span> <span class='ocrx_word' id='word_1_13' title='bbox 1902 448 1957 515; x_wconf 85' lang='grc' dir='ltr'><strong>Α</strong></span> <span class='ocrx_word' id='word_1_14' title='bbox 1987 450 2254 504; x_wconf 82' lang='lat' dir='ltr'>cantetur</span> <span class='ocrx_word' id='word_1_15' title='bbox 2310 450 2369 504; x_wconf 92' lang='lat' dir='ltr'>et</span> <span class='ocrx_word' id='word_1_16' title='bbox 2423 444 2651 519; x_wconf 82' lang='lat' dir='ltr'>legatur</span> <span class='ocrx_word' id='word_1_17' title='bbox 2700 442 3020 518; x_wconf 86' lang='lat' dir='ltr'>antiphona</span> <span class='ocrx_word' id='word_1_18' title='bbox 3050 463 3063 502; x_wconf 73' lang='grc' dir='ltr'><strong>ε</strong></span> <span class='ocrx_word' id='word_1_19' title='bbox 3100 443 3317 503; x_wconf 75' lang='lat' dir='ltr'>Exaudi</span> <span class='ocrx_word' id='word_1_20' title='bbox 3360 445 3589 503; x_wconf 86' lang='lat' dir='ltr'>Domine</span> <span class='ocrx_word' id='word_1_21' title='bbox 3613 459 3639 503; x_wconf 82' lang='lat'>.°</span> 
     </span>
    </p>
   </div>
   <div class='ocr_carea' id='block_1_5' title="bbox 214 533 1868 611">
    <p class='ocr_par' dir='ltr' id='par_1_5' title="bbox 214 533 1868 611">
     <span class='ocr_line' id='line_1_5' title="bbox 214 533 1868 611; baseline 0.003 -21"><span class='ocrx_word' id='word_1_22' title='bbox 214 533 451 592; x_wconf 87' lang='lat' dir='ltr'>liorum.</span> <span class='ocrx_word' id='word_1_23' title='bbox 484 535 753 592; x_wconf 89' lang='lat' dir='ltr'>Secunda</span> <span class='ocrx_word' id='word_1_24' title='bbox 776 537 1134 593; x_wconf 86' lang='lat' dir='ltr'>consecratio</span> <span class='ocrx_word' id='word_1_25' title='bbox 1193 542 1282 594; x_wconf 90' lang='lat' dir='ltr'>est</span> <span class='ocrx_word' id='word_1_26' title='bbox 1312 538 1369 593; x_wconf 92' lang='lat' dir='ltr'>in</span> <span class='ocrx_word' id='word_1_27' title='bbox 1403 544 1608 611; x_wconf 89' lang='lat' dir='ltr'>quarto</span> <span class='ocrx_word' id='word_1_28' title='bbox 1649 556 1868 605; x_wconf 86' lang='lat' dir='ltr'>mense,</span> 
     </span>
    </p>
   </div>
   <div class='ocr_carea' id='block_1_6' title="bbox 216 626 1871 701">
    <p class='ocr_par' dir='ltr' id='par_1_6' title="bbox 216 626 1871 701">
     <span class='ocr_line' id='line_1_6' title="bbox 216 626 1871 701; baseline 0.002 -21"><span class='ocrx_word' id='word_1_29' title='bbox 216 626 474 681; x_wconf 88' lang='lat' dir='ltr'>secundo</span> <span class='ocrx_word' id='word_1_30' title='bbox 500 626 937 698; x_wconf 88' lang='lat' dir='ltr'>Sabbato,quod</span> <span class='ocrx_word' id='word_1_31' title='bbox 970 632 1058 683; x_wconf 89' lang='lat' dir='ltr'>est</span> <span class='ocrx_word' id='word_1_32' title='bbox 1087 627 1321 684; x_wconf 91' lang='lat' dir='ltr'>initium</span> <span class='ocrx_word' id='word_1_33' title='bbox 1353 627 1591 684; x_wconf 90' lang='lat' dir='ltr'>secundi</span> <span class='ocrx_word' id='word_1_34' title='bbox 1623 628 1871 701; x_wconf 87' lang='lat' dir='ltr'>catalogi</span> 
     </span>
    </p>
   </div>
   <div class='ocr_carea' id='block_1_7' title="bbox 215 714 1869 794">
    <p class='ocr_par' dir='ltr' id='par_1_7' title="bbox 215 714 1869 794">
     <span class='ocr_line' id='line_1_7' title="bbox 215 714 1869 794; baseline 0.002 -25"><span class='ocrx_word' id='word_1_35' title='bbox 215 714 662 794; x_wconf 69' lang='lat' dir='ltr'>quattuordecim</span> <span class='ocrx_word' id='word_1_36' title='bbox 712 715 1237 771; x_wconf 80' lang='lat' dir='ltr'>hebdomadarum.</span> <span class='ocrx_word' id='word_1_37' title='bbox 1276 716 1405 772; x_wconf 65' lang='lat' dir='ltr'>Haec</span> <span class='ocrx_word' id='word_1_38' title='bbox 1449 717 1762 789; x_wconf 76' lang='lat' dir='ltr'>deputatur</span> <span class='ocrx_word' id='word_1_39' title='bbox 1809 719 1869 773; x_wconf 90' lang='lat' dir='ltr'>in</span> 
     </span>
    </p>
   </div>
   <div class='ocr_carea' id='block_1_8' title="bbox 210 802 1871 879">
    <p class='ocr_par' dir='ltr' id='par_1_8' title="bbox 210 802 1871 879">
     <span class='ocr_line' id='line_1_8' title="bbox 210 802 1871 879; baseline 0.003 -21"><span class='ocrx_word' id='word_1_40' title='bbox 210 802 336 860; x_wconf 93' lang='lat' dir='ltr'>loco</span> <span class='ocrx_word' id='word_1_41' title='bbox 367 802 622 860; x_wconf 87' lang='lat' dir='ltr'>ﬁliorum</span> <span class='ocrx_word' id='word_1_42' title='bbox 654 804 856 861; x_wconf 84' lang='lat' dir='ltr'>David.</span> <span class='ocrx_word' id='word_1_43' title='bbox 891 806 1067 860; x_wconf 86' lang='lat' dir='ltr'>David</span> <span class='ocrx_word' id='word_1_44' title='bbox 1114 806 1531 879; x_wconf 69' lang='lat' dir='ltr'>interpretatur</span> <span class='ocrx_word' id='word_1_45' title='bbox 1562 824 1733 863; x_wconf 79' lang='lat' dir='ltr'>mamt</span> <span class='ocrx_word' id='word_1_46' title='bbox 1762 810 1871 879; x_wconf 84' lang='lat' dir='ltr'>for-</span> 
     </span>
    </p>
   </div>
   <div class='ocr_carea' id='block_1_9' title="bbox 209 892 1873 968">
    <p class='ocr_par' dir='ltr' id='par_1_9' title="bbox 209 892 1873 968">
     <span class='ocr_line' id='line_1_9' title="bbox 209 892 1873 968; baseline 0.002 -19"><span class='ocrx_word' id='word_1_47' title='bbox 209 892 437 964; x_wconf 83' lang='lat' dir='ltr'>tis,ipse</span> <span class='ocrx_word' id='word_1_48' title='bbox 466 892 779 965; x_wconf 76' lang='lat' dir='ltr'>prostravit</span> <span class='ocrx_word' id='word_1_49' title='bbox 809 892 1058 961; x_wconf 86' lang='lat' dir='ltr'>Goliath,</span> <span class='ocrx_word' id='word_1_50' title='bbox 1089 894 1147 950; x_wconf 92' lang='lat' dir='ltr'>id</span> <span class='ocrx_word' id='word_1_51' title='bbox 1173 899 1282 963; x_wconf 89' lang='lat' dir='ltr'>est,</span> <span class='ocrx_word' id='word_1_52' title='bbox 1319 895 1621 951; x_wconf 82' lang='lat' dir='ltr'>humilitas</span> <span class='ocrx_word' id='word_1_53' title='bbox 1667 914 1873 968; x_wconf 87' lang='lat' dir='ltr'>super-</span> 
     </span>
    </p>
   </div>
   <div class='ocr_carea' id='block_1_10' title="bbox 212 982 1871 1057">
    <p class='ocr_par' dir='ltr' id='par_1_10' title="bbox 212 982 1871 1057">
     <span class='ocr_line' id='line_1_10' title="bbox 212 982 1871 1057; baseline 0.002 -19"><span class='ocrx_word' id='word_1_54' title='bbox 212 982 395 1038; x_wconf 87' lang='lat' dir='ltr'>biam.</span> <span class='ocrx_word' id='word_1_55' title='bbox 423 982 529 1049; x_wconf 90' lang='lat' dir='ltr'>Qui</span> <span class='ocrx_word' id='word_1_56' title='bbox 561 987 998 1049; x_wconf 89' lang='lat' dir='ltr'>consecrantur,</span> <span class='ocrx_word' id='word_1_57' title='bbox 1027 988 1331 1057; x_wconf 86' lang='lat' dir='ltr'>prepterea</span> <span class='ocrx_word' id='word_1_58' title='bbox 1361 991 1778 1042; x_wconf 89' lang='lat' dir='ltr'>consecrantur</span> <span class='ocrx_word' id='word_1_59' title='bbox 1808 990 1871 1041; x_wconf 92' lang='lat' dir='ltr'>ut</span> 
     </span>
    </p>
   </div>
   <div class='ocr_carea' id='block_1_11' title="bbox 211 1071 1868 1147">
    <p class='ocr_par' dir='ltr' id='par_1_11' title="bbox 211 1071 1868 1147">
     <span class='ocr_line' id='line_1_11' title="bbox 211 1071 1868 1147; baseline 0.003 -21"><span class='ocrx_word' id='word_1_60' title='bbox 211 1071 393 1127; x_wconf 78' lang='lat' dir='ltr'>fortes</span> <span class='ocrx_word' id='word_1_61' title='bbox 423 1071 543 1127; x_wconf 88' lang='lat' dir='ltr'>sint</span> <span class='ocrx_word' id='word_1_62' title='bbox 567 1076 624 1127; x_wconf 90' lang='lat' dir='ltr'>et</span> <span class='ocrx_word' id='word_1_63' title='bbox 650 1088 753 1144; x_wconf 90' lang='lat' dir='ltr'>per</span> <span class='ocrx_word' id='word_1_64' title='bbox 781 1072 1176 1129; x_wconf 87' lang='lat' dir='ltr'>humilitatem</span> <span class='ocrx_word' id='word_1_65' title='bbox 1207 1073 1484 1146; x_wconf 88' lang='lat' dir='ltr'>dejiciant</span> <span class='ocrx_word' id='word_1_66' title='bbox 1512 1076 1868 1147; x_wconf 78' lang='lat' dir='ltr'>superbiam.</span> 
     </span>
    </p>
   </div>
   <div class='ocr_carea' id='block_1_12' title="bbox 210 1159 1870 1235">
    <p class='ocr_par' dir='ltr' id='par_1_12' title="bbox 210 1159 1870 1235">
     <span class='ocr_line' id='line_1_12' title="bbox 210 1159 1870 1235; baseline 0.003 -19"><span class='ocrx_word' id='word_1_67' title='bbox 210 1160 349 1233; x_wconf 88' lang='lat' dir='ltr'>Ipsa</span> <span class='ocrx_word' id='word_1_68' title='bbox 377 1159 704 1216; x_wconf 86' lang='lat' dir='ltr'>celebratur</span> <span class='ocrx_word' id='word_1_69' title='bbox 728 1161 790 1216; x_wconf 89' lang='lat' dir='ltr'>in</span> <span class='ocrx_word' id='word_1_70' title='bbox 817 1161 996 1217; x_wconf 90' lang='lat' dir='ltr'>Junio</span> <span class='ocrx_word' id='word_1_71' title='bbox 1028 1164 1492 1235; x_wconf 88' lang='lat' dir='ltr'>mense,quando</span> <span class='ocrx_word' id='word_1_72' title='bbox 1523 1165 1711 1220; x_wconf 81' lang='lat' dir='ltr'>fervor</span> <span class='ocrx_word' id='word_1_73' title='bbox 1742 1182 1870 1221; x_wconf 85' lang='lat' dir='ltr'>ma-</span> 
     </span>
    </p>
   </div>
   <div class='ocr_carea' id='block_1_13' title="bbox 209 1248 1871 1323">
    <p class='ocr_par' dir='ltr' id='par_1_13' title="bbox 209 1248 1871 1323">
     <span class='ocr_line' id='line_1_13' title="bbox 209 1248 1871 1323; baseline 0.003 -20"><span class='ocrx_word' id='word_1_74' title='bbox 209 1267 371 1323; x_wconf 84' lang='lat' dir='ltr'>gnus</span> <span class='ocrx_word' id='word_1_75' title='bbox 400 1248 541 1305; x_wconf 89' lang='lat' dir='ltr'>solis</span> <span class='ocrx_word' id='word_1_76' title='bbox 570 1254 660 1305; x_wconf 91' lang='lat' dir='ltr'>est</span> <span class='ocrx_word' id='word_1_77' title='bbox 708 1267 886 1323; x_wconf 85' lang='lat' dir='ltr'>super</span> <span class='ocrx_word' id='word_1_78' title='bbox 932 1256 1167 1307; x_wconf 88' lang='lat' dir='ltr'>terram.</span> <span class='ocrx_word' id='word_1_79' title='bbox 1202 1252 1488 1309; x_wconf 78' lang='lat' dir='ltr'>Omnibus</span> <span class='ocrx_word' id='word_1_80' title='bbox 1529 1256 1734 1309; x_wconf 90' lang='lat' dir='ltr'>notum</span> <span class='ocrx_word' id='word_1_81' title='bbox 1784 1258 1871 1309; x_wconf 90' lang='lat' dir='ltr'>est</span> 
     </span>
    </p>
   </div>
   <div class='ocr_carea' id='block_1_14' title="bbox 211 1337 1872 1415">
    <p class='ocr_par' dir='ltr' id='par_1_14' title="bbox 211 1337 1872 1415">
     <span class='ocr_line' id='line_1_14' title="bbox 211 1337 1872 1415; baseline 0.002 -21"><span class='ocrx_word' id='word_1_82' title='bbox 211 1338 395 1394; x_wconf 80' lang='lat' dir='ltr'>David</span> <span class='ocrx_word' id='word_1_83' title='bbox 428 1337 774 1393; x_wconf 90' lang='lat' dir='ltr'>bellicosum</span> <span class='ocrx_word' id='word_1_84' title='bbox 805 1337 1007 1395; x_wconf 88' lang='lat' dir='ltr'>fuisse.</span> <span class='ocrx_word' id='word_1_85' title='bbox 1042 1342 1299 1413; x_wconf 89' lang='lat' dir='ltr'>Tempus</span> <span class='ocrx_word' id='word_1_86' title='bbox 1336 1342 1498 1396; x_wconf 87' lang='lat' dir='ltr'>Junii</span> <span class='ocrx_word' id='word_1_87' title='bbox 1548 1347 1751 1415; x_wconf 87' lang='lat' dir='ltr'>aptum</span> <span class='ocrx_word' id='word_1_88' title='bbox 1784 1345 1872 1398; x_wconf 91' lang='lat' dir='ltr'>est</span> 
     </span>
    </p>
   </div>
   <div class='ocr_carea' id='block_1_15' title="bbox 210 1426 1867 1503">
    <p class='ocr_par' dir='ltr' id='par_1_15' title="bbox 210 1426 1867 1503">
     <span class='ocr_line' id='line_1_15' title="bbox 210 1426 1867 1503; baseline 0.002 -21"><span class='ocrx_word' id='word_1_89' title='bbox 210 1426 403 1483; x_wconf 89' lang='lat' dir='ltr'>bellis.</span> <span class='ocrx_word' id='word_1_90' title='bbox 438 1428 635 1482; x_wconf 87' lang='lat' dir='ltr'>Tertia</span> <span class='ocrx_word' id='word_1_91' title='bbox 663 1428 1020 1483; x_wconf 90' lang='lat' dir='ltr'>consecratio</span> <span class='ocrx_word' id='word_1_92' title='bbox 1058 1429 1384 1485; x_wconf 85' lang='lat' dir='ltr'>celebratur</span> <span class='ocrx_word' id='word_1_93' title='bbox 1414 1431 1472 1485; x_wconf 91' lang='lat' dir='ltr'>in</span> <span class='ocrx_word' id='word_1_94' title='bbox 1504 1430 1867 1503; x_wconf 88' lang='lat' dir='ltr'>Septembrio</span> 
     </span>
    </p>
   </div>
   <div class='ocr_carea' id='block_1_16' title="bbox 208 1515 1868 1592">
    <p class='ocr_par' dir='ltr' id='par_1_16' title="bbox 208 1515 1868 1592">
     <span class='ocr_line' id='line_1_16' title="bbox 208 1515 1868 1592; baseline 0.001 -20"><span class='ocrx_word' id='word_1_95' title='bbox 208 1516 384 1572; x_wconf 88' lang='lat' dir='ltr'>tertio</span> <span class='ocrx_word' id='word_1_96' title='bbox 416 1515 859 1587; x_wconf 87' lang='lat' dir='ltr'>Sabbato,quod</span> <span class='ocrx_word' id='word_1_97' title='bbox 889 1523 977 1574; x_wconf 89' lang='lat' dir='ltr'>est</span> <span class='ocrx_word' id='word_1_98' title='bbox 1008 1518 1241 1573; x_wconf 88' lang='lat' dir='ltr'>initium</span> <span class='ocrx_word' id='word_1_99' title='bbox 1270 1520 1422 1574; x_wconf 84' lang='lat' dir='ltr'>tertii</span> <span class='ocrx_word' id='word_1_100' title='bbox 1457 1518 1868 1592; x_wconf 72' lang='lat' dir='ltr'>catalogi.Hmc</span> 
     </span>
    </p>
   </div>
   <div class='ocr_carea' id='block_1_17' title="bbox 204 1604 1870 1678">
    <p class='ocr_par' dir='ltr' id='par_1_17' title="bbox 204 1604 1870 1678">
     <span class='ocr_line' id='line_1_17' title="bbox 204 1604 1870 1678; baseline 0.003 -20"><span class='ocrx_word' id='word_1_101' title='bbox 204 1604 527 1675; x_wconf 84' lang='lat' dir='ltr'>deputatur</span> <span class='ocrx_word' id='word_1_102' title='bbox 550 1604 907 1676; x_wconf 90' lang='lat' dir='ltr'>generationi</span> <span class='ocrx_word' id='word_1_103' title='bbox 938 1605 1570 1663; x_wconf 70' lang='lat' dir='ltr'>JechonizeJcchonias</span> <span class='ocrx_word' id='word_1_104' title='bbox 1592 1606 1870 1678; x_wconf 88' lang='lat' dir='ltr'>interpre-</span> 
     </span>
    </p>
   </div>
   <div class='ocr_carea' id='block_1_18' title="bbox 201 1694 1867 1767">
    <p class='ocr_par' dir='ltr' id='par_1_18' title="bbox 201 1694 1867 1767">
     <span class='ocr_line' id='line_1_18' title="bbox 201 1694 1867 1767; baseline 0.003 -20"><span class='ocrx_word' id='word_1_105' title='bbox 201 1696 368 1748; x_wconf 85' lang='lat' dir='ltr'>tatur</span> <span class='ocrx_word' id='word_1_106' title='bbox 391 1694 728 1764; x_wconf 69' lang='lat' dir='ltr'>praeparatio</span> <span class='ocrx_word' id='word_1_107' title='bbox 762 1695 1286 1767; x_wconf 86' lang='lat' dir='ltr'>Domini.Nullique</span> <span class='ocrx_word' id='word_1_108' title='bbox 1316 1697 1641 1764; x_wconf 87' lang='lat' dir='ltr'>dubium,si</span> <span class='ocrx_word' id='word_1_109' title='bbox 1664 1713 1867 1752; x_wconf 89' lang='lat' dir='ltr'>omnes</span> 
     </span>
    </p>
   </div>
   <div class='ocr_carea' id='block_1_19' title="bbox 200 1782 1946 1888">
    <p class='ocr_par' dir='ltr' id='par_1_19' title="bbox 200 1782 1946 1888">
     <span class='ocr_line' id='line_1_19' title="bbox 200 1782 1946 1888; baseline 0.002 -51"><span class='ocrx_word' id='word_1_110' title='bbox 200 1785 435 1855; x_wconf 87' lang='lat' dir='ltr'>oportet</span> <span class='ocrx_word' id='word_1_111' title='bbox 453 1783 765 1883; x_wconf 68' lang='lat' dir='ltr'>praeparari</span> <span class='ocrx_word' id='word_1_112' title='bbox 784 1782 843 1837; x_wconf 90' lang='lat' dir='ltr'>in</span> <span class='ocrx_word' id='word_1_113' title='bbox 862 1785 1193 1841; x_wconf 84' lang='lat' dir='ltr'>Adventum</span> <span class='ocrx_word' id='word_1_114' title='bbox 1217 1785 1617 1857; x_wconf 91' lang='lat' dir='ltr'>Domini,quin</span> <span class='ocrx_word' id='word_1_115' title='bbox 1639 1786 1868 1858; x_wconf 88' lang='lat' dir='ltr'>potissi-</span> <span class='ocrx_word' id='word_1_116' title='bbox 1898 1824 1946 1888; x_wconf 81' lang='grc' dir='ltr'><strong>Β</strong></span> 
     </span>
    </p>
   </div>
   <div class='ocr_carea' id='block_1_20' title="bbox 199 1870 1867 1946">
    <p class='ocr_par' dir='ltr' id='par_1_20' title="bbox 199 1870 1867 1946">
     <span class='ocr_line' id='line_1_20' title="bbox 199 1870 1867 1946; baseline 0.002 -19"><span class='ocrx_word' id='word_1_117' title='bbox 199 1888 374 1927; x_wconf 88' lang='lat' dir='ltr'>mum</span> <span class='ocrx_word' id='word_1_118' title='bbox 406 1888 506 1927; x_wconf 89' lang='lat' dir='ltr'>eos</span> <span class='ocrx_word' id='word_1_119' title='bbox 535 1870 636 1944; x_wconf 87' lang='lat' dir='ltr'>qui</span> <span class='ocrx_word' id='word_1_120' title='bbox 667 1878 1110 1929; x_wconf 89' lang='lat' dir='ltr'>consecrantur.</span> <span class='ocrx_word' id='word_1_121' title='bbox 1128 1875 1323 1946; x_wconf 83' lang='lat' dir='ltr'>Neque</span> <span class='ocrx_word' id='word_1_122' title='bbox 1354 1874 1462 1929; x_wconf 91' lang='lat' dir='ltr'>hoc</span> <span class='ocrx_word' id='word_1_123' title='bbox 1491 1873 1616 1930; x_wconf 89' lang='lat' dir='ltr'>sine</span> <span class='ocrx_word' id='word_1_124' title='bbox 1648 1876 1867 1930; x_wconf 83' lang='lat' dir='ltr'>ratione</span> 
     </span>
    </p>
   </div>
   <div class='ocr_carea' id='block_1_21' title="bbox 197 1960 1870 2035">
    <p class='ocr_par' dir='ltr' id='par_1_21' title="bbox 197 1960 1870 2035">
     <span class='ocr_line' id='line_1_21' title="bbox 197 1960 1870 2035; baseline 0.002 -19"><span class='ocrx_word' id='word_1_125' title='bbox 197 1964 293 2016; x_wconf 86' lang='lat' dir='ltr'>est</span> <span class='ocrx_word' id='word_1_126' title='bbox 325 1960 375 2015; x_wconf 88' lang='lat' dir='ltr'>si</span> <span class='ocrx_word' id='word_1_127' title='bbox 408 1964 779 2033; x_wconf 88' lang='lat' dir='ltr'>computetur</span> <span class='ocrx_word' id='word_1_128' title='bbox 819 1961 1120 2035; x_wconf 84' lang='lat' dir='ltr'>catalogus</span> <span class='ocrx_word' id='word_1_129' title='bbox 1176 1963 1503 2018; x_wconf 69' lang='lat' dir='ltr'>novissimae</span> <span class='ocrx_word' id='word_1_130' title='bbox 1556 1965 1870 2021; x_wconf 87' lang='lat' dir='ltr'>tesserade-</span> 
     </span>
    </p>
   </div>
   <div class='ocr_carea' id='block_1_22' title="bbox 198 2049 1868 2126">
    <p class='ocr_par' dir='ltr' id='par_1_22' title="bbox 198 2049 1868 2126">
     <span class='ocr_line' id='line_1_22' title="bbox 198 2049 1868 2126; baseline 0.002 -21"><span class='ocrx_word' id='word_1_131' title='bbox 198 2050 456 2115; x_wconf 88' lang='lat' dir='ltr'>cadis,et</span> <span class='ocrx_word' id='word_1_132' title='bbox 486 2049 665 2105; x_wconf 88' lang='lat' dir='ltr'>semel</span> <span class='ocrx_word' id='word_1_133' title='bbox 697 2055 1068 2124; x_wconf 88' lang='lat' dir='ltr'>computetur</span> <span class='ocrx_word' id='word_1_134' title='bbox 1090 2052 1422 2119; x_wconf 89' lang='lat' dir='ltr'>Jechonias,</span> <span class='ocrx_word' id='word_1_135' title='bbox 1459 2070 1572 2108; x_wconf 92' lang='lat' dir='ltr'>non</span> <span class='ocrx_word' id='word_1_136' title='bbox 1614 2054 1868 2126; x_wconf 89' lang='lat' dir='ltr'>amplius</span> 
     </span>
    </p>
   </div>
   <div class='ocr_carea' id='block_1_23' title="bbox 202 2139 1869 2215">
    <p class='ocr_par' dir='ltr' id='par_1_23' title="bbox 202 2139 1869 2215">
     <span class='ocr_line' id='line_1_23' title="bbox 202 2139 1869 2215; baseline 0.003 -22"><span class='ocrx_word' id='word_1_137' title='bbox 202 2139 589 2194; x_wconf 80' lang='lat' dir='ltr'>inveniuntur</span> <span class='ocrx_word' id='word_1_138' title='bbox 620 2156 755 2195; x_wconf 90' lang='lat' dir='ltr'>cum</span> <span class='ocrx_word' id='word_1_139' title='bbox 788 2140 915 2211; x_wconf 90' lang='lat' dir='ltr'>ipso</span> <span class='ocrx_word' id='word_1_140' title='bbox 950 2139 1178 2196; x_wconf 87' lang='lat' dir='ltr'>Christo</span> <span class='ocrx_word' id='word_1_141' title='bbox 1206 2158 1381 2213; x_wconf 89' lang='lat' dir='ltr'>quam</span> <span class='ocrx_word' id='word_1_142' title='bbox 1404 2143 1678 2198; x_wconf 89' lang='lat' dir='ltr'>tredecim</span> <span class='ocrx_word' id='word_1_143' title='bbox 1702 2160 1869 2215; x_wconf 86' lang='lat' dir='ltr'>gene-</span> 
     </span>
    </p>
   </div>
   <div class='ocr_carea' id='block_1_24' title="bbox 200 2227 1866 2302">
    <p class='ocr_par' dir='ltr' id='par_1_24' title="bbox 200 2227 1866 2302">
     <span class='ocr_line' id='line_1_24' title="bbox 200 2227 1866 2302; baseline 0.002 -19"><span class='ocrx_word' id='word_1_144' title='bbox 200 2227 501 2296; x_wconf 86' lang='lat' dir='ltr'>rationes;</span> <span class='ocrx_word' id='word_1_145' title='bbox 536 2228 586 2283; x_wconf 90' lang='lat' dir='ltr'>si</span> <span class='ocrx_word' id='word_1_146' title='bbox 618 2228 743 2301; x_wconf 88' lang='lat' dir='ltr'>ipse</span> <span class='ocrx_word' id='word_1_147' title='bbox 774 2228 865 2284; x_wconf 90' lang='lat' dir='ltr'>bis</span> <span class='ocrx_word' id='word_1_148' title='bbox 897 2233 1286 2301; x_wconf 87' lang='lat' dir='ltr'>computetur,</span> <span class='ocrx_word' id='word_1_149' title='bbox 1313 2231 1751 2302; x_wconf 89' lang='lat' dir='ltr'>quatuordecim</span> <span class='ocrx_word' id='word_1_150' title='bbox 1784 2232 1866 2286; x_wconf 87' lang='lat' dir='ltr'>in-</span> 
     </span>
    </p>
   </div>
   <div class='ocr_carea' id='block_1_25' title="bbox 198 2317 1851 2392">
    <p class='ocr_par' dir='ltr' id='par_1_25' title="bbox 198 2317 1851 2392">
     <span class='ocr_line' id='line_1_25' title="bbox 198 2317 1851 2392; baseline 0.001 -19"><span class='ocrx_word' id='word_1_151' title='bbox 198 2317 801 2374; x_wconf 86' lang='lat' dir='ltr'>veniuntur.Sanctus</span> <span class='ocrx_word' id='word_1_152' title='bbox 828 2318 1199 2390; x_wconf 87' lang='lat' dir='ltr'>Augustinus</span> <span class='ocrx_word' id='word_1_153' title='bbox 1226 2336 1404 2374; x_wconf 86' lang='lat' dir='ltr'>causa</span> <span class='ocrx_word' id='word_1_154' title='bbox 1444 2319 1703 2392; x_wconf 84' lang='lat' dir='ltr'>mysterii</span> <span class='ocrx_word' id='word_1_155' title='bbox 1736 2337 1851 2392; x_wconf 84' lang='lat' dir='ltr'>per</span> 
     </span>
    </p>
   </div>
   <div class='ocr_carea' id='block_1_26' title="bbox 200 2405 1867 2481">
    <p class='ocr_par' dir='ltr' id='par_1_26' title="bbox 200 2405 1867 2481">
     <span class='ocr_line' id='line_1_26' title="bbox 200 2405 1867 2481; baseline 0.002 -20"><span class='ocrx_word' id='word_1_156' title='bbox 200 2406 372 2462; x_wconf 88' lang='lat' dir='ltr'>hibet</span> <span class='ocrx_word' id='word_1_157' title='bbox 402 2405 619 2461; x_wconf 88' lang='lat' dir='ltr'>factum</span> <span class='ocrx_word' id='word_1_158' title='bbox 652 2423 780 2462; x_wconf 88' lang='lat' dir='ltr'>esse</span> <span class='ocrx_word' id='word_1_159' title='bbox 810 2407 964 2478; x_wconf 88' lang='lat' dir='ltr'>quod</span> <span class='ocrx_word' id='word_1_160' title='bbox 987 2407 1423 2480; x_wconf 87' lang='lat' dir='ltr'>Jechonias,qui</span> <span class='ocrx_word' id='word_1_161' title='bbox 1456 2409 1867 2481; x_wconf 88' lang='lat' dir='ltr'>interpretatur</span> 
     </span>
    </p>
   </div>
   <div class='ocr_carea' id='block_1_27' title="bbox 194 2493 1865 2569">
    <p class='ocr_par' dir='ltr' id='par_1_27' title="bbox 194 2493 1865 2569">
     <span class='ocr_line' id='line_1_27' title="bbox 194 2493 1865 2569; baseline 0.003 -20"><span class='ocrx_word' id='word_1_162' title='bbox 194 2497 545 2567; x_wconf 58' lang='lat' dir='ltr'>praeparatio</span> <span class='ocrx_word' id='word_1_163' title='bbox 572 2493 929 2563; x_wconf 81' lang='lat' dir='ltr'>Domini,&#39;bis</span> <span class='ocrx_word' id='word_1_164' title='bbox 963 2500 1303 2555; x_wconf 89' lang='lat' dir='ltr'>numeretur</span> <span class='ocrx_word' id='word_1_165' title='bbox 1330 2497 1389 2552; x_wconf 90' lang='lat' dir='ltr'>in</span> <span class='ocrx_word' id='word_1_166' title='bbox 1424 2498 1538 2552; x_wconf 89' lang='lat' dir='ltr'>ﬁne</span> <span class='ocrx_word' id='word_1_167' title='bbox 1570 2499 1778 2569; x_wconf 87' lang='lat' dir='ltr'>prioris</span> <span class='ocrx_word' id='word_1_168' title='bbox 1809 2502 1865 2554; x_wconf 89' lang='lat' dir='ltr'>et</span> 
     </span>
    </p>
   </div>
   <div class='ocr_carea' id='block_1_28' title="bbox 200 2582 1863 2657">
    <p class='ocr_par' dir='ltr' id='par_1_28' title="bbox 200 2582 1863 2657">
     <span class='ocr_line' id='line_1_28' title="bbox 200 2582 1863 2657; baseline 0.001 -18"><span class='ocrx_word' id='word_1_169' title='bbox 200 2585 259 2639; x_wconf 89' lang='lat' dir='ltr'>in</span> <span class='ocrx_word' id='word_1_170' title='bbox 297 2583 488 2656; x_wconf 88' lang='lat' dir='ltr'>capite</span> <span class='ocrx_word' id='word_1_171' title='bbox 520 2582 817 2655; x_wconf 86' lang='lat' dir='ltr'>sequentis</span> <span class='ocrx_word' id='word_1_172' title='bbox 841 2583 1115 2657; x_wconf 86' lang='lat' dir='ltr'>catalogi,</span> <span class='ocrx_word' id='word_1_173' title='bbox 1149 2585 1387 2656; x_wconf 85' lang='lat' dir='ltr'>lapidem</span> <span class='ocrx_word' id='word_1_174' title='bbox 1427 2588 1772 2657; x_wconf 82' lang='lat' dir='ltr'>angularem,</span> <span class='ocrx_word' id='word_1_175' title='bbox 1804 2586 1863 2642; x_wconf 92' lang='lat' dir='ltr'>id</span> 
     </span>
    </p>
   </div>
   <div class='ocr_carea' id='block_1_29' title="bbox 194 2672 1863 2747">
    <p class='ocr_par' dir='ltr' id='par_1_29' title="bbox 194 2672 1863 2747">
     <span class='ocr_line' id='line_1_29' title="bbox 194 2672 1863 2747; baseline 0.001 -17"><span class='ocrx_word' id='word_1_176' title='bbox 194 2677 316 2740; x_wconf 87' lang='lat' dir='ltr'>est,</span> <span class='ocrx_word' id='word_1_177' title='bbox 351 2672 648 2728; x_wconf 88' lang='lat' dir='ltr'>Christum</span> <span class='ocrx_word' id='word_1_178' title='bbox 679 2672 1020 2746; x_wconf 85' lang='lat' dir='ltr'>signiﬁcans</span> <span class='ocrx_word' id='word_1_179' title='bbox 1055 2691 1066 2729; x_wconf 89' lang='lat'>:</span> <span class='ocrx_word' id='word_1_180' title='bbox 1101 2673 1159 2728; x_wconf 87' lang='lat' dir='ltr'>in</span> <span class='ocrx_word' id='word_1_181' title='bbox 1191 2692 1306 2746; x_wconf 89' lang='lat' dir='ltr'>quo</span> <span class='ocrx_word' id='word_1_182' title='bbox 1339 2676 1679 2747; x_wconf 67' lang='lat' dir='ltr'>praeparavit</span> <span class='ocrx_word' id='word_1_183' title='bbox 1708 2676 1863 2732; x_wconf 89' lang='lat' dir='ltr'>Deus</span> 
     </span>
    </p>
   </div>
   <div class='ocr_carea' id='block_1_30' title="bbox 194 2761 1863 2837">
    <p class='ocr_par' dir='ltr' id='par_1_30' title="bbox 194 2761 1863 2837">
     <span class='ocr_line' id='line_1_30' title="bbox 194 2761 1863 2837; baseline 0.002 -20"><span class='ocrx_word' id='word_1_184' title='bbox 194 2766 371 2836; x_wconf 85' lang='lat' dir='ltr'>pater</span> <span class='ocrx_word' id='word_1_185' title='bbox 391 2762 542 2817; x_wconf 90' lang='lat' dir='ltr'>duos</span> <span class='ocrx_word' id='word_1_186' title='bbox 574 2761 822 2833; x_wconf 90' lang='lat' dir='ltr'>populos</span> <span class='ocrx_word' id='word_1_187' title='bbox 853 2761 1018 2833; x_wconf 87' lang='lat' dir='ltr'>quasi</span> <span class='ocrx_word' id='word_1_188' title='bbox 1055 2763 1306 2835; x_wconf 86' lang='lat' dir='ltr'>parietes</span> <span class='ocrx_word' id='word_1_189' title='bbox 1336 2764 1395 2819; x_wconf 91' lang='lat' dir='ltr'>in</span> <span class='ocrx_word' id='word_1_190' title='bbox 1422 2781 1597 2819; x_wconf 90' lang='lat' dir='ltr'>unam</span> <span class='ocrx_word' id='word_1_191' title='bbox 1612 2766 1863 2837; x_wconf 85' lang='lat' dir='ltr'>jungere</span> 
     </span>
    </p>
   </div>
   <div class='ocr_carea' id='block_1_31' title="bbox 190 2850 1861 2925">
    <p class='ocr_par' dir='ltr' id='par_1_31' title="bbox 190 2850 1861 2925">
     <span class='ocr_line' id='line_1_31' title="bbox 190 2850 1861 2925; baseline 0.001 -18"><span class='ocrx_word' id='word_1_192' title='bbox 190 2852 470 2907; x_wconf 84' lang='lat' dir='ltr'>domum.</span> <span class='ocrx_word' id='word_1_193' title='bbox 504 2850 850 2923; x_wconf 86' lang='lat' dir='ltr'>Quanquam</span> <span class='ocrx_word' id='word_1_194' title='bbox 882 2850 1089 2907; x_wconf 89' lang='lat' dir='ltr'>beatus</span> <span class='ocrx_word' id='word_1_195' title='bbox 1120 2852 1509 2925; x_wconf 81' lang='lat' dir='ltr'>Hieronymus</span> <span class='ocrx_word' id='word_1_196' title='bbox 1547 2854 1686 2910; x_wconf 91' lang='lat' dir='ltr'>vitio</span> <span class='ocrx_word' id='word_1_197' title='bbox 1717 2854 1861 2909; x_wconf 88' lang='lat' dir='ltr'>scri-</span> 
     </span>
    </p>
   </div>
   <div class='ocr_carea' id='block_1_32' title="bbox 188 2938 1863 3013">
    <p class='ocr_par' dir='ltr' id='par_1_32' title="bbox 188 2938 1863 3013">
     <span class='ocr_line' id='line_1_32' title="bbox 188 2938 1863 3013; baseline 0.003 -18"><span class='ocrx_word' id='word_1_198' title='bbox 188 2944 441 3013; x_wconf 89' lang='lat' dir='ltr'>ptorum</span> <span class='ocrx_word' id='word_1_199' title='bbox 472 2946 529 2996; x_wconf 91' lang='lat' dir='ltr'>et</span> <span class='ocrx_word' id='word_1_200' title='bbox 560 2938 925 3011; x_wconf 85' lang='lat' dir='ltr'>longitudine</span> <span class='ocrx_word' id='word_1_201' title='bbox 971 2944 1304 3013; x_wconf 90' lang='lat' dir='ltr'>temporum</span> <span class='ocrx_word' id='word_1_202' title='bbox 1352 2942 1503 2998; x_wconf 89' lang='lat' dir='ltr'>inter</span> <span class='ocrx_word' id='word_1_203' title='bbox 1550 2944 1775 2999; x_wconf 63' lang='lat' dir='ltr'>Graecos</span> <span class='ocrx_word' id='word_1_204' title='bbox 1806 2948 1863 3000; x_wconf 89' lang='lat' dir='ltr'>et</span> 
     </span>
    </p>
   </div>
   <div class='ocr_carea' id='block_1_33' title="bbox 195 3028 1863 3104">
    <p class='ocr_par' dir='ltr' id='par_1_33' title="bbox 195 3028 1863 3104">
     <span class='ocr_line' id='line_1_33' title="bbox 195 3028 1863 3104; baseline 0.002 -18"><span class='ocrx_word' id='word_1_205' title='bbox 195 3030 451 3086; x_wconf 86' lang='lat' dir='ltr'>Latinos</span> <span class='ocrx_word' id='word_1_206' title='bbox 482 3028 790 3085; x_wconf 90' lang='lat' dir='ltr'>confusum</span> <span class='ocrx_word' id='word_1_207' title='bbox 824 3046 951 3085; x_wconf 89' lang='lat' dir='ltr'>esse</span> <span class='ocrx_word' id='word_1_208' title='bbox 981 3035 1198 3095; x_wconf 87' lang='lat' dir='ltr'>narret,</span> <span class='ocrx_word' id='word_1_209' title='bbox 1221 3036 1277 3086; x_wconf 90' lang='lat' dir='ltr'>et</span> <span class='ocrx_word' id='word_1_210' title='bbox 1308 3036 1528 3103; x_wconf 86' lang='lat' dir='ltr'>patrem</span> <span class='ocrx_word' id='word_1_211' title='bbox 1553 3034 1653 3104; x_wconf 89' lang='lat' dir='ltr'>qui</span> <span class='ocrx_word' id='word_1_212' title='bbox 1678 3033 1736 3088; x_wconf 93' lang='lat' dir='ltr'>in</span> <span class='ocrx_word' id='word_1_213' title='bbox 1758 3034 1863 3089; x_wconf 88' lang='lat' dir='ltr'>He-</span> 
     </span>
    </p>
   </div>
   <div class='ocr_carea' id='block_1_34' title="bbox 194 3116 1862 3185">
    <p class='ocr_par' dir='ltr' id='par_1_34' title="bbox 194 3116 1862 3185">
     <span class='ocr_line' id='line_1_34' title="bbox 194 3116 1862 3185; baseline 0.001 -10"><span class='ocrx_word' id='word_1_214' title='bbox 194 3119 368 3176; x_wconf 67' lang='lat' dir='ltr'>braeo</span> <span class='ocrx_word' id='word_1_215' title='bbox 396 3116 665 3174; x_wconf 89' lang='lat' dir='ltr'>Joachim</span> <span class='ocrx_word' id='word_1_216' title='bbox 696 3117 1033 3174; x_wconf 88' lang='lat' dir='ltr'>nominatus</span> <span class='ocrx_word' id='word_1_217' title='bbox 1063 3122 1294 3185; x_wconf 90' lang='lat' dir='ltr'>est,non</span> <span class='ocrx_word' id='word_1_218' title='bbox 1326 3119 1385 3174; x_wconf 91' lang='lat' dir='ltr'>in</span> <span class='ocrx_word' id='word_1_219' title='bbox 1410 3120 1738 3177; x_wconf 77' lang='lat' dir='ltr'>Chaldzeam</span> <span class='ocrx_word' id='word_1_220' title='bbox 1762 3122 1862 3177; x_wconf 88' lang='lat' dir='ltr'>du-</span> 
     </span>
    </p>
   </div>
   <div class='ocr_carea' id='block_1_35' title="bbox 1980 536 3691 610">
    <p class='ocr_par' dir='ltr' id='par_1_35' title="bbox 1980 536 3691 610">
     <span class='ocr_line' id='line_1_35' title="bbox 1980 536 3691 610; baseline 0 -17"><span class='ocrx_word' id='word_1_221' title='bbox 1980 538 2164 593; x_wconf 90' lang='lat' dir='ltr'>missa</span> <span class='ocrx_word' id='word_1_222' title='bbox 2196 538 2445 609; x_wconf 79' lang='lat' dir='ltr'>[oratio],</span> <span class='ocrx_word' id='word_1_223' title='bbox 2468 555 2650 610; x_wconf 80' lang='lat' dir='ltr'>preces</span> <span class='ocrx_word' id='word_1_224' title='bbox 2680 544 2889 593; x_wconf 87' lang='lat' dir='ltr'>nostras</span> <span class='ocrx_word' id='word_1_225' title='bbox 2920 552 3231 608; x_wconf 70' lang='lat' dir='ltr'>quazsumus</span> <span class='ocrx_word' id='word_1_226' title='bbox 3258 537 3505 594; x_wconf 90' lang='lat' dir='ltr'>Domine.</span> <span class='ocrx_word' id='word_1_227' title='bbox 3529 536 3636 609; x_wconf 83' lang='lat' dir='ltr'>Re—</span> <span class='ocrx_word' id='word_1_228' title='bbox 3686 536 3691 541; x_wconf 74' lang='grc'><em>’</em></span> 
     </span>
    </p>
   </div>
   <div class='ocr_carea' id='block_1_36' title="bbox 1980 625 3630 700">
    <p class='ocr_par' dir='ltr' id='par_1_36' title="bbox 1980 625 3630 700">
     <span class='ocr_line' id='line_1_36' title="bbox 1980 625 3630 700; baseline 0.002 -20"><span class='ocrx_word' id='word_1_229' title='bbox 1980 625 2147 698; x_wconf 89' lang='lat' dir='ltr'>quire</span> <span class='ocrx_word' id='word_1_230' title='bbox 2179 627 2237 681; x_wconf 91' lang='lat' dir='ltr'>in</span> <span class='ocrx_word' id='word_1_231' title='bbox 2269 626 2459 700; x_wconf 89' lang='lat' dir='ltr'>prima</span> <span class='ocrx_word' id='word_1_232' title='bbox 2487 626 2856 683; x_wconf 87' lang='lat' dir='ltr'>hebdomada</span> <span class='ocrx_word' id='word_1_233' title='bbox 2882 625 3581 699; x_wconf 53' lang='lat' dir='ltr'>Quadragesimaelectio</span> <span class='ocrx_word' id='word_1_234' title='bbox 3616 643 3630 683; x_wconf 88' lang='lat'><strong>:</strong></span> 
     </span>
    </p>
   </div>
   <div class='ocr_carea' id='block_1_37' title="bbox 1977 715 3633 787">
    <p class='ocr_par' dir='ltr' id='par_1_37' title="bbox 1977 715 3633 787">
     <span class='ocr_line' id='line_1_37' title="bbox 1977 715 3633 787; baseline 0.002 -18"><span class='ocrx_word' id='word_1_235' title='bbox 1977 716 2135 770; x_wconf 73' lang='lat' dir='ltr'>Dicit</span> <span class='ocrx_word' id='word_1_236' title='bbox 2163 715 2438 772; x_wconf 84' lang='lat' dir='ltr'>Salomon.</span> <span class='ocrx_word' id='word_1_237' title='bbox 2475 717 2617 773; x_wconf 89' lang='lat' dir='ltr'>Item</span> <span class='ocrx_word' id='word_1_238' title='bbox 2648 717 2831 772; x_wconf 88' lang='lat' dir='ltr'>oratio</span> <span class='ocrx_word' id='word_1_239' title='bbox 2865 734 2877 771; x_wconf 94' lang='lat'>:</span> <span class='ocrx_word' id='word_1_240' title='bbox 2910 716 3252 771; x_wconf 82' lang='lat' dir='ltr'>Devotionem</span> <span class='ocrx_word' id='word_1_241' title='bbox 3276 716 3633 787; x_wconf 86' lang='lat' dir='ltr'>populi.Lec-</span> 
     </span>
    </p>
   </div>
   <div class='ocr_carea' id='block_1_38' title="bbox 1979 802 3633 878">
    <p class='ocr_par' dir='ltr' id='par_1_38' title="bbox 1979 802 3633 878">
     <span class='ocr_line' id='line_1_38' title="bbox 1979 802 3633 878; baseline 0.001 -19"><span class='ocrx_word' id='word_1_242' title='bbox 1979 802 2058 860; x_wconf 89' lang='lat' dir='ltr'>tio</span> <span class='ocrx_word' id='word_1_243' title='bbox 2090 805 2251 860; x_wconf 68' lang='lat' dir='ltr'>Isaiae</span> <span class='ocrx_word' id='word_1_244' title='bbox 2296 805 2592 878; x_wconf 66' lang='lat' dir='ltr'>propheta:</span> <span class='ocrx_word' id='word_1_245' title='bbox 2629 823 2642 860; x_wconf 91' lang='lat'><strong>:</strong></span> <span class='ocrx_word' id='word_1_246' title='bbox 2676 806 2835 873; x_wconf 80' lang='lat' dir='ltr'>Audi,</span> <span class='ocrx_word' id='word_1_247' title='bbox 2866 805 3046 862; x_wconf 74' lang='lat' dir='ltr'>Iacob.</span> <span class='ocrx_word' id='word_1_248' title='bbox 3082 803 3328 860; x_wconf 88' lang='lat' dir='ltr'>Alleluia</span> <span class='ocrx_word' id='word_1_249' title='bbox 3359 823 3371 860; x_wconf 90' lang='lat'>:</span> <span class='ocrx_word' id='word_1_250' title='bbox 3402 807 3633 862; x_wconf 81' lang='lat' dir='ltr'>Domine</span> 
     </span>
    </p>
   </div>
   <div class='ocr_carea' id='block_1_39' title="bbox 1979 894 3631 966">
    <p class='ocr_par' dir='ltr' id='par_1_39' title="bbox 1979 894 3631 966">
     <span class='ocr_line' id='line_1_39' title="bbox 1979 894 3631 966; baseline 0.001 -18"><span class='ocrx_word' id='word_1_251' title='bbox 1979 894 2119 948; x_wconf 84' lang='lat' dir='ltr'>Deus</span> <span class='ocrx_word' id='word_1_252' title='bbox 2148 896 2363 949; x_wconf 87' lang='lat' dir='ltr'>salutis.</span> <span class='ocrx_word' id='word_1_253' title='bbox 2394 894 2665 966; x_wconf 89' lang='lat' dir='ltr'>Evangel.</span> <span class='ocrx_word' id='word_1_254' title='bbox 2700 895 3027 949; x_wconf 90' lang='lat' dir='ltr'>secundum</span> <span class='ocrx_word' id='word_1_255' title='bbox 3060 894 3275 949; x_wconf 88' lang='lat' dir='ltr'>Lucam</span> <span class='ocrx_word' id='word_1_256' title='bbox 3308 909 3321 948; x_wconf 89' lang='lat'>:</span> <span class='ocrx_word' id='word_1_257' title='bbox 3358 894 3631 949; x_wconf 67' lang='lat' dir='ltr'>Acceden-</span> 
     </span>
    </p>
   </div>
   <div class='ocr_carea' id='block_1_40' title="bbox 1979 981 3632 1055">
    <p class='ocr_par' dir='ltr' id='par_1_40' title="bbox 1979 981 3632 1055">
     <span class='ocr_line' id='line_1_40' title="bbox 1979 981 3632 1055; baseline 0.001 -17"><span class='ocrx_word' id='word_1_258' title='bbox 1979 991 2055 1039; x_wconf 83' lang='lat' dir='ltr'>tes</span> <span class='ocrx_word' id='word_1_259' title='bbox 2085 982 2364 1055; x_wconf 81' lang='lat' dir='ltr'>discipuli.</span> <span class='ocrx_word' id='word_1_260' title='bbox 2398 984 2576 1039; x_wconf 82' lang='lat' dir='ltr'>Otfert</span> <span class='ocrx_word' id='word_1_261' title='bbox 2609 1002 2620 1039; x_wconf 94' lang='lat'>:</span> <span class='ocrx_word' id='word_1_262' title='bbox 2660 985 2776 1039; x_wconf 83' lang='lat' dir='ltr'>Viri</span> <span class='ocrx_word' id='word_1_263' title='bbox 2822 984 3061 1040; x_wconf 66' lang='lat' dir='ltr'>Galilazi.</span> <span class='ocrx_word' id='word_1_264' title='bbox 3098 981 3443 1038; x_wconf 91' lang='lat' dir='ltr'>Communio</span> <span class='ocrx_word' id='word_1_265' title='bbox 3471 999 3484 1037; x_wconf 93' lang='lat'>:</span> <span class='ocrx_word' id='word_1_266' title='bbox 3519 988 3632 1039; x_wconf 84' lang='lat' dir='ltr'>Pa-</span> 
     </span>
    </p>
   </div>
   <div class='ocr_carea' id='block_1_41' title="bbox 1979 1072 3630 1145">
    <p class='ocr_par' dir='ltr' id='par_1_41' title="bbox 1979 1072 3630 1145">
     <span class='ocr_line' id='line_1_41' title="bbox 1979 1072 3630 1145; baseline 0 -17"><span class='ocrx_word' id='word_1_267' title='bbox 1979 1080 2079 1139; x_wconf 83' lang='lat' dir='ltr'>ter,</span> <span class='ocrx_word' id='word_1_268' title='bbox 2111 1090 2238 1127; x_wconf 90' lang='lat' dir='ltr'>cum</span> <span class='ocrx_word' id='word_1_269' title='bbox 2266 1090 2452 1129; x_wconf 86' lang='lat' dir='ltr'>essem.</span> <span class='ocrx_word' id='word_1_270' title='bbox 2486 1073 2650 1128; x_wconf 85' lang='lat' dir='ltr'>Feria</span> <span class='ocrx_word' id='word_1_271' title='bbox 2677 1077 2838 1129; x_wconf 84' lang='lat' dir='ltr'>sexta</span> <span class='ocrx_word' id='word_1_272' title='bbox 2867 1072 3189 1145; x_wconf 87' lang='lat' dir='ltr'>antiphona</span> <span class='ocrx_word' id='word_1_273' title='bbox 3220 1089 3234 1128; x_wconf 89' lang='lat'>:</span> <span class='ocrx_word' id='word_1_274' title='bbox 3264 1072 3501 1139; x_wconf 61' lang='lat' dir='ltr'>Eraudi,</span> <span class='ocrx_word' id='word_1_275' title='bbox 3526 1074 3630 1128; x_wconf 93' lang='lat' dir='ltr'>Do-</span> 
     </span>
    </p>
   </div>
   <div class='ocr_carea' id='block_1_42' title="bbox 1978 1161 3633 1234">
    <p class='ocr_par' dir='ltr' id='par_1_42' title="bbox 1978 1161 3633 1234">
     <span class='ocr_line' id='line_1_42' title="bbox 1978 1161 3633 1234; baseline 0.001 -18"><span class='ocrx_word' id='word_1_276' title='bbox 1978 1162 2126 1217; x_wconf 87' lang='lat' dir='ltr'>mine</span> <span class='ocrx_word' id='word_1_277' title='bbox 2156 1181 2174 1218; x_wconf 90' lang='lat'><em>:</em></span> <span class='ocrx_word' id='word_1_278' title='bbox 2205 1161 2387 1218; x_wconf 87' lang='lat' dir='ltr'>missa</span> <span class='ocrx_word' id='word_1_279' title='bbox 2418 1162 2648 1234; x_wconf 90' lang='lat' dir='ltr'>[oratio]</span> <span class='ocrx_word' id='word_1_280' title='bbox 2683 1179 2695 1217; x_wconf 92' lang='lat'><strong>:</strong></span> <span class='ocrx_word' id='word_1_281' title='bbox 2732 1165 2874 1230; x_wconf 79' lang='lat' dir='ltr'>Esto,</span> <span class='ocrx_word' id='word_1_282' title='bbox 2906 1164 3153 1228; x_wconf 84' lang='lat' dir='ltr'>Domine,</span> <span class='ocrx_word' id='word_1_283' title='bbox 3182 1163 3476 1234; x_wconf 85' lang='lat' dir='ltr'>propitius.</span> <span class='ocrx_word' id='word_1_284' title='bbox 3502 1162 3633 1218; x_wconf 90' lang='lat' dir='ltr'>Lec-</span> 
     </span>
    </p>
   </div>
   <div class='ocr_carea' id='block_1_43' title="bbox 1978 1250 3632 1323">
    <p class='ocr_par' dir='ltr' id='par_1_43' title="bbox 1978 1250 3632 1323">
     <span class='ocr_line' id='line_1_43' title="bbox 1978 1250 3632 1323; baseline 0.001 -18"><span class='ocrx_word' id='word_1_285' title='bbox 1978 1250 2059 1306; x_wconf 87' lang='lat' dir='ltr'>tio</span> <span class='ocrx_word' id='word_1_286' title='bbox 2093 1268 2105 1306; x_wconf 91' lang='lat'><strong>:</strong></span> <span class='ocrx_word' id='word_1_287' title='bbox 2140 1252 2442 1319; x_wconf 64' lang='lat' dir='ltr'>Exsultate,</span> <span class='ocrx_word' id='word_1_288' title='bbox 2490 1253 2628 1322; x_wconf 71' lang='lat' dir='ltr'>ﬁlia?</span> <span class='ocrx_word' id='word_1_289' title='bbox 2674 1252 2825 1307; x_wconf 84' lang='lat' dir='ltr'>Sion.</span> <span class='ocrx_word' id='word_1_290' title='bbox 2876 1250 3163 1306; x_wconf 84' lang='lat' dir='ltr'>Alleluia:</span> <span class='ocrx_word' id='word_1_291' title='bbox 3193 1252 3439 1320; x_wconf 82' lang='lat' dir='ltr'>Domine,</span> <span class='ocrx_word' id='word_1_292' title='bbox 3478 1253 3632 1323; x_wconf 81' lang='lat' dir='ltr'>refu-</span> 
     </span>
    </p>
   </div>
   <div class='ocr_carea' id='block_1_44' title="bbox 1977 1340 3627 1413">
    <p class='ocr_par' dir='ltr' id='par_1_44' title="bbox 1977 1340 3627 1413">
     <span class='ocr_line' id='line_1_44' title="bbox 1977 1340 3627 1413; baseline 0 -19"><span class='ocrx_word' id='word_1_293' title='bbox 1977 1341 2129 1411; x_wconf 87' lang='lat' dir='ltr'>gium</span> <span class='ocrx_word' id='word_1_294' title='bbox 2187 1342 2365 1411; x_wconf 83' lang='lat' dir='ltr'>factus</span> <span class='ocrx_word' id='word_1_295' title='bbox 2422 1358 2496 1397; x_wconf 86' lang='lat' dir='ltr'>es.</span> <span class='ocrx_word' id='word_1_296' title='bbox 2546 1340 2918 1413; x_wconf 83' lang='lat' dir='ltr'>Evangelium</span> <span class='ocrx_word' id='word_1_297' title='bbox 2981 1341 3304 1395; x_wconf 89' lang='lat' dir='ltr'>secundum</span> <span class='ocrx_word' id='word_1_298' title='bbox 3361 1341 3627 1395; x_wconf 90' lang='lat' dir='ltr'>Lucam:</span> 
     </span>
    </p>
   </div>
   <div class='ocr_carea' id='block_1_45' title="bbox 1985 1427 3635 1509">
    <p class='ocr_par' dir='ltr' id='par_1_45' title="bbox 1985 1427 3635 1509">
     <span class='ocr_line' id='line_1_45' title="bbox 1985 1427 3635 1509; baseline 0.001 -25"><span class='ocrx_word' id='word_1_299' title='bbox 1985 1431 2142 1484; x_wconf 80' lang='lat' dir='ltr'>Venit</span> <span class='ocrx_word' id='word_1_300' title='bbox 2199 1430 2268 1484; x_wconf 86' lang='lat' dir='ltr'>ad</span> <span class='ocrx_word' id='word_1_301' title='bbox 2323 1435 2510 1487; x_wconf 85' lang='lat' dir='ltr'>Jesum</span> <span class='ocrx_word' id='word_1_302' title='bbox 2569 1431 2659 1485; x_wconf 75' lang='lat' dir='ltr'>vir</span> <span class='ocrx_word' id='word_1_303' title='bbox 2712 1431 2934 1485; x_wconf 81' lang='lat' dir='ltr'>nomine</span> <span class='ocrx_word' id='word_1_304' title='bbox 2985 1431 3219 1509; x_wconf 21' lang='lat' dir='ltr'>Jairusq</span> <span class='ocrx_word' id='word_1_305' title='bbox 3255 1428 3433 1483; x_wconf 83' lang='lat' dir='ltr'>Ofl&#39;ert</span> <span class='ocrx_word' id='word_1_306' title='bbox 3466 1445 3479 1485; x_wconf 88' lang='lat'>:</span> <span class='ocrx_word' id='word_1_307' title='bbox 3516 1427 3635 1486; x_wconf 82' lang='lat' dir='ltr'>Viri</span> 
     </span>
    </p>
   </div>
   <div class='ocr_carea' id='block_1_46' title="bbox 1979 1518 3629 1576">
    <p class='ocr_par' dir='ltr' id='par_1_46' title="bbox 1979 1518 3629 1576">
     <span class='ocr_line' id='line_1_46' title="bbox 1979 1518 3629 1576; baseline -0.001 0"><span class='ocrx_word' id='word_1_308' title='bbox 1979 1520 2219 1576; x_wconf 66' lang='lat' dir='ltr'>Gulilsei.</span> <span class='ocrx_word' id='word_1_309' title='bbox 2279 1519 2627 1574; x_wconf 89' lang='lat' dir='ltr'>Communio</span> <span class='ocrx_word' id='word_1_310' title='bbox 2675 1538 2687 1574; x_wconf 89' lang='lat'>:</span> <span class='ocrx_word' id='word_1_311' title='bbox 2732 1520 2894 1574; x_wconf 81' lang='lat' dir='ltr'>Pater</span> <span class='ocrx_word' id='word_1_312' title='bbox 2949 1536 3074 1574; x_wconf 87' lang='lat' dir='ltr'>eum</span> <span class='ocrx_word' id='word_1_313' title='bbox 3127 1535 3313 1573; x_wconf 83' lang='lat' dir='ltr'>essem.</span> <span class='ocrx_word' id='word_1_314' title='bbox 3376 1518 3629 1575; x_wconf 86' lang='lat' dir='ltr'>Sabbato</span> 
     </span>
    </p>
   </div>
   <div class='ocr_carea' id='block_1_47' title="bbox 1978 1607 3629 1681">
    <p class='ocr_par' dir='ltr' id='par_1_47' title="bbox 1978 1607 3629 1681">
     <span class='ocr_line' id='line_1_47' title="bbox 1978 1607 3629 1681; baseline 0.001 -19"><span class='ocrx_word' id='word_1_315' title='bbox 1978 1625 2184 1663; x_wconf 84' lang='lat' dir='ltr'>omnes</span> <span class='ocrx_word' id='word_1_316' title='bbox 2234 1608 2416 1680; x_wconf 77' lang='lat' dir='ltr'>parati</span> <span class='ocrx_word' id='word_1_317' title='bbox 2470 1608 2742 1681; x_wconf 81' lang='lat' dir='ltr'>primitus</span> <span class='ocrx_word' id='word_1_318' title='bbox 2792 1613 3027 1664; x_wconf 88' lang='lat' dir='ltr'>cantent</span> <span class='ocrx_word' id='word_1_319' title='bbox 3074 1607 3359 1664; x_wconf 86' lang='lat' dir='ltr'>litaniam.</span> <span class='ocrx_word' id='word_1_320' title='bbox 3416 1607 3629 1663; x_wconf 92' lang='lat' dir='ltr'>Deinde</span> 
     </span>
    </p>
   </div>
   <div class='ocr_carea' id='block_1_48' title="bbox 1975 1697 3623 1769">
    <p class='ocr_par' dir='ltr' id='par_1_48' title="bbox 1975 1697 3623 1769">
     <span class='ocr_line' id='line_1_48' title="bbox 1975 1697 3623 1769; baseline -0.001 -16"><span class='ocrx_word' id='word_1_321' title='bbox 1975 1699 2149 1769; x_wconf 81' lang='lat' dir='ltr'>Kyrie</span> <span class='ocrx_word' id='word_1_322' title='bbox 2172 1698 2404 1762; x_wconf 84' lang='lat' dir='ltr'>eleison;</span> <span class='ocrx_word' id='word_1_323' title='bbox 2432 1700 2621 1755; x_wconf 85' lang='lat' dir='ltr'>Gloria</span> <span class='ocrx_word' id='word_1_324' title='bbox 2652 1700 2707 1752; x_wconf 82' lang='lat' dir='ltr'>in</span> <span class='ocrx_word' id='word_1_325' title='bbox 2741 1700 2965 1753; x_wconf 70' lang='lat' dir='ltr'>accelsis</span> <span class='ocrx_word' id='word_1_326' title='bbox 2995 1700 3117 1753; x_wconf 88' lang='lat' dir='ltr'>Deo.</span> <span class='ocrx_word' id='word_1_327' title='bbox 3152 1699 3357 1753; x_wconf 86' lang='lat' dir='ltr'>Postea</span> <span class='ocrx_word' id='word_1_328' title='bbox 3393 1697 3575 1752; x_wconf 88' lang='lat' dir='ltr'>oratio</span> <span class='ocrx_word' id='word_1_329' title='bbox 3611 1715 3623 1752; x_wconf 91' lang='lat'>:</span> 
     </span>
    </p>
   </div>
   <div class='ocr_carea' id='block_1_49' title="bbox 1976 1786 3626 1867">
    <p class='ocr_par' dir='ltr' id='par_1_49' title="bbox 1976 1786 3626 1867">
     <span class='ocr_line' id='line_1_49' title="bbox 1976 1786 3626 1867; baseline 0 -25"><span class='ocrx_word' id='word_1_330' title='bbox 1976 1788 2241 1842; x_wconf 78' lang='lat' dir='ltr'>Mentibus</span> <span class='ocrx_word' id='word_1_331' title='bbox 2272 1789 2491 1867; x_wconf 72' lang='lat' dir='ltr'>nostris.</span> <span class='ocrx_word' id='word_1_332' title='bbox 2523 1787 2651 1842; x_wconf 87' lang='lat' dir='ltr'>Alia</span> <span class='ocrx_word' id='word_1_333' title='bbox 2685 1804 2696 1842; x_wconf 92' lang='lat'>:</span> <span class='ocrx_word' id='word_1_334' title='bbox 2734 1789 2832 1843; x_wconf 81' lang='lat' dir='ltr'>illo</span> <span class='ocrx_word' id='word_1_335' title='bbox 2878 1803 2975 1844; x_wconf 87' lang='lat' dir='ltr'>nos</span> <span class='ocrx_word' id='word_1_336' title='bbox 3024 1789 3168 1859; x_wconf 82' lang='lat' dir='ltr'>igne.</span> <span class='ocrx_word' id='word_1_337' title='bbox 3211 1786 3405 1843; x_wconf 89' lang='lat' dir='ltr'>Tertia</span> <span class='ocrx_word' id='word_1_338' title='bbox 3439 1804 3451 1842; x_wconf 94' lang='lat'><strong>:</strong></span> <span class='ocrx_word' id='word_1_339' title='bbox 3485 1788 3626 1842; x_wconf 84' lang='lat' dir='ltr'>Deus</span> 
     </span>
    </p>
   </div>
   <div class='ocr_carea' id='block_1_50' title="bbox 1978 1876 3628 1949">
    <p class='ocr_par' dir='ltr' id='par_1_50' title="bbox 1978 1876 3628 1949">
     <span class='ocr_line' id='line_1_50' title="bbox 1978 1876 3628 1949; baseline 0.001 -19"><span class='ocrx_word' id='word_1_340' title='bbox 1978 1877 2074 1949; x_wconf 85' lang='lat' dir='ltr'>qui</span> <span class='ocrx_word' id='word_1_341' title='bbox 2097 1877 2165 1931; x_wconf 82' lang='lat' dir='ltr'>ad</span> <span class='ocrx_word' id='word_1_342' title='bbox 2195 1878 2530 1931; x_wconf 82' lang='lat' dir='ltr'>animarum.</span> <span class='ocrx_word' id='word_1_343' title='bbox 2564 1876 2777 1940; x_wconf 85' lang='lat' dir='ltr'>Quarta</span> <span class='ocrx_word' id='word_1_344' title='bbox 2810 1894 2824 1931; x_wconf 89' lang='lat'><strong>:</strong></span> <span class='ocrx_word' id='word_1_345' title='bbox 2854 1878 3084 1944; x_wconf 72' lang='lat' dir='ltr'>Praesta,</span> <span class='ocrx_word' id='word_1_346' title='bbox 3128 1892 3460 1948; x_wconf 65' lang='lat' dir='ltr'>qumsumus,</span> <span class='ocrx_word' id='word_1_347' title='bbox 3512 1894 3628 1931; x_wconf 87' lang='lat' dir='ltr'>om-</span> 
     </span>
    </p>
   </div>
   <div class='ocr_carea' id='block_1_51' title="bbox 1975 1964 3626 2038">
    <p class='ocr_par' dir='ltr' id='par_1_51' title="bbox 1975 1964 3626 2038">
     <span class='ocr_line' id='line_1_51' title="bbox 1975 1964 3626 2038; baseline 0.002 -18"><span class='ocrx_word' id='word_1_348' title='bbox 1975 1968 2227 2037; x_wconf 83' lang='lat' dir='ltr'>nipotens</span> <span class='ocrx_word' id='word_1_349' title='bbox 2250 1967 2409 2031; x_wconf 84' lang='lat' dir='ltr'>Deus,</span> <span class='ocrx_word' id='word_1_350' title='bbox 2443 1969 2503 2020; x_wconf 91' lang='lat' dir='ltr'>ut</span> <span class='ocrx_word' id='word_1_351' title='bbox 2531 1966 2868 2020; x_wconf 76' lang='lat' dir='ltr'>salutaribus</span> <span class='ocrx_word' id='word_1_352' title='bbox 2887 1966 3144 2038; x_wconf 84' lang='lat' dir='ltr'>jejuniis.</span> <span class='ocrx_word' id='word_1_353' title='bbox 3177 1964 3393 2029; x_wconf 89' lang='lat' dir='ltr'>Quinta</span> <span class='ocrx_word' id='word_1_354' title='bbox 3424 1982 3437 2020; x_wconf 92' lang='lat'>:</span> <span class='ocrx_word' id='word_1_355' title='bbox 3470 1968 3626 2023; x_wconf 67' lang='lat' dir='ltr'>Prae-</span> 
     </span>
    </p>
   </div>
   <div class='ocr_carea' id='block_1_52' title="bbox 1974 2056 3626 2126">
    <p class='ocr_par' dir='ltr' id='par_1_52' title="bbox 1974 2056 3626 2126">
     <span class='ocr_line' id='line_1_52' title="bbox 1974 2056 3626 2126; baseline 0.001 -16"><span class='ocrx_word' id='word_1_356' title='bbox 1974 2059 2078 2120; x_wconf 85' lang='lat' dir='ltr'>sta,</span> <span class='ocrx_word' id='word_1_357' title='bbox 2133 2071 2444 2126; x_wconf 61' lang='lat' dir='ltr'>quaesumus</span> <span class='ocrx_word' id='word_1_358' title='bbox 2498 2057 2838 2126; x_wconf 76' lang='lat' dir='ltr'>omnipotens</span> <span class='ocrx_word' id='word_1_359' title='bbox 2896 2056 3054 2121; x_wconf 87' lang='lat' dir='ltr'>Deus,</span> <span class='ocrx_word' id='word_1_360' title='bbox 3104 2057 3186 2111; x_wconf 90' lang='lat' dir='ltr'>sic</span> <span class='ocrx_word' id='word_1_361' title='bbox 3238 2071 3356 2111; x_wconf 84' lang='lat' dir='ltr'>nos.</span> <span class='ocrx_word' id='word_1_362' title='bbox 3406 2056 3626 2111; x_wconf 89' lang='lat' dir='ltr'>Subsc-</span> 
     </span>
    </p>
   </div>
   <div class='ocr_carea' id='block_1_53' title="bbox 1977 2143 3625 2217">
    <p class='ocr_par' dir='ltr' id='par_1_53' title="bbox 1977 2143 3625 2217">
     <span class='ocr_line' id='line_1_53' title="bbox 1977 2143 3625 2217; baseline 0.001 -20"><span class='ocrx_word' id='word_1_363' title='bbox 1977 2150 2242 2215; x_wconf 88' lang='lat' dir='ltr'>quuntur</span> <span class='ocrx_word' id='word_1_364' title='bbox 2298 2144 2577 2199; x_wconf 83' lang='lat' dir='ltr'>lectiones</span> <span class='ocrx_word' id='word_1_365' title='bbox 2634 2161 2769 2199; x_wconf 90' lang='lat' dir='ltr'>cum</span> <span class='ocrx_word' id='word_1_366' title='bbox 2826 2143 3206 2217; x_wconf 89' lang='lat' dir='ltr'>gradualibus</span> <span class='ocrx_word' id='word_1_367' title='bbox 3256 2161 3270 2199; x_wconf 86' lang='lat'><strong>:</strong></span> <span class='ocrx_word' id='word_1_368' title='bbox 3324 2146 3625 2215; x_wconf 82' lang='lat' dir='ltr'>Propitius,</span> 
     </span>
    </p>
   </div>
   <div class='ocr_carea' id='block_1_54' title="bbox 1977 2233 3626 2303">
    <p class='ocr_par' dir='ltr' id='par_1_54' title="bbox 1977 2233 3626 2303">
     <span class='ocr_line' id='line_1_54' title="bbox 1977 2233 3626 2303; baseline 0 -15"><span class='ocrx_word' id='word_1_369' title='bbox 1977 2238 2271 2300; x_wconf 83' lang='lat' dir='ltr'>Protector,</span> <span class='ocrx_word' id='word_1_370' title='bbox 2304 2234 2382 2289; x_wconf 83' lang='lat' dir='ltr'>Ad</span> <span class='ocrx_word' id='word_1_371' title='bbox 2412 2235 2724 2298; x_wconf 79' lang='lat' dir='ltr'>Dominum,</span> <span class='ocrx_word' id='word_1_372' title='bbox 2758 2235 3046 2303; x_wconf 81' lang='lat' dir='ltr'>Dirigatur</span> <span class='ocrx_word' id='word_1_373' title='bbox 3090 2242 3141 2288; x_wconf 88' lang='lat' dir='ltr'>et</span> <span class='ocrx_word' id='word_1_374' title='bbox 3184 2233 3508 2289; x_wconf 83' lang='lat' dir='ltr'>Benedicite.</span> <span class='ocrx_word' id='word_1_375' title='bbox 3541 2233 3626 2288; x_wconf 89' lang='lat' dir='ltr'>Ad</span> 
     </span>
    </p>
   </div>
   <div class='ocr_carea' id='block_1_55' title="bbox 1976 2320 3629 2392">
    <p class='ocr_par' dir='ltr' id='par_1_55' title="bbox 1976 2320 3629 2392">
     <span class='ocr_line' id='line_1_55' title="bbox 1976 2320 3629 2392; baseline 0 -16"><span class='ocrx_word' id='word_1_376' title='bbox 1976 2320 2219 2376; x_wconf 88' lang='lat' dir='ltr'>missam</span> <span class='ocrx_word' id='word_1_377' title='bbox 2257 2340 2269 2377; x_wconf 90' lang='lat'><strong>:</strong></span> <span class='ocrx_word' id='word_1_378' title='bbox 2306 2324 2537 2388; x_wconf 61' lang='lat' dir='ltr'>Praesta,</span> <span class='ocrx_word' id='word_1_379' title='bbox 2590 2336 2927 2392; x_wconf 63' lang='lat' dir='ltr'>quaesumus,</span> <span class='ocrx_word' id='word_1_380' title='bbox 2972 2323 3308 2392; x_wconf 83' lang='lat' dir='ltr'>omnipotens</span> <span class='ocrx_word' id='word_1_381' title='bbox 3357 2323 3519 2389; x_wconf 87' lang='lat' dir='ltr'>Deus,</span> <span class='ocrx_word' id='word_1_382' title='bbox 3568 2329 3629 2376; x_wconf 88' lang='lat' dir='ltr'>ut</span> 
     </span>
    </p>
   </div>
   <div class='ocr_carea' id='block_1_56' title="bbox 1973 2408 3628 2482">
    <p class='ocr_par' dir='ltr' id='par_1_56' title="bbox 1973 2408 3628 2482">
     <span class='ocr_line' id='line_1_56' title="bbox 1973 2408 3628 2482; baseline 0 -17"><span class='ocrx_word' id='word_1_383' title='bbox 1973 2412 2268 2465; x_wconf 81' lang='lat' dir='ltr'>claritatis.</span> <span class='ocrx_word' id='word_1_384' title='bbox 2304 2409 2492 2465; x_wconf 87' lang='lat' dir='ltr'>Lectio</span> <span class='ocrx_word' id='word_1_385' title='bbox 2528 2427 2540 2464; x_wconf 89' lang='lat'><strong>:</strong></span> <span class='ocrx_word' id='word_1_386' title='bbox 2576 2412 2710 2466; x_wconf 87' lang='lat' dir='ltr'>Cum</span> <span class='ocrx_word' id='word_1_387' title='bbox 2758 2411 2946 2482; x_wconf 85' lang='lat' dir='ltr'>Apollo</span> <span class='ocrx_word' id='word_1_388' title='bbox 2992 2418 3127 2465; x_wconf 84' lang='lat' dir='ltr'>esset</span> <span class='ocrx_word' id='word_1_389' title='bbox 3175 2410 3442 2465; x_wconf 78' lang='lat' dir='ltr'>Corinthi.</span> <span class='ocrx_word' id='word_1_390' title='bbox 3472 2408 3628 2465; x_wconf 89' lang='lat' dir='ltr'>Alle—</span> 
     </span>
    </p>
   </div>
   <div class='ocr_carea' id='block_1_57' title="bbox 1975 2498 3625 2573">
    <p class='ocr_par' dir='ltr' id='par_1_57' title="bbox 1975 2498 3625 2573">
     <span class='ocr_line' id='line_1_57' title="bbox 1975 2498 3625 2573; baseline -0.001 -20"><span class='ocrx_word' id='word_1_391' title='bbox 1975 2498 2095 2554; x_wconf 90' lang='lat' dir='ltr'>luia</span> <span class='ocrx_word' id='word_1_392' title='bbox 2146 2516 2158 2553; x_wconf 93' lang='lat'>:</span> <span class='ocrx_word' id='word_1_393' title='bbox 2210 2499 2576 2570; x_wconf 79' lang='lat' dir='ltr'>Couﬁtemini.</span> <span class='ocrx_word' id='word_1_394' title='bbox 2637 2500 2885 2555; x_wconf 78' lang='lat' dir='ltr'>Tractus</span> <span class='ocrx_word' id='word_1_395' title='bbox 2937 2516 2950 2554; x_wconf 92' lang='lat'>:</span> <span class='ocrx_word' id='word_1_396' title='bbox 3008 2498 3247 2555; x_wconf 82' lang='lat' dir='ltr'>Laudate</span> <span class='ocrx_word' id='word_1_397' title='bbox 3308 2500 3625 2573; x_wconf 85' lang='lat' dir='ltr'>Dominum.</span> 
     </span>
    </p>
   </div>
   <div class='ocr_carea' id='block_1_58' title="bbox 1974 2587 3625 2661">
    <p class='ocr_par' dir='ltr' id='par_1_58' title="bbox 1974 2587 3625 2661">
     <span class='ocr_line' id='line_1_58' title="bbox 1974 2587 3625 2661; baseline -0.001 -18"><span class='ocrx_word' id='word_1_398' title='bbox 1974 2588 2349 2661; x_wconf 66' lang='lat' dir='ltr'>Evangelium</span> <span class='ocrx_word' id='word_1_399' title='bbox 2390 2589 2714 2644; x_wconf 88' lang='lat' dir='ltr'>secundum</span> <span class='ocrx_word' id='word_1_400' title='bbox 2764 2587 3051 2644; x_wconf 86' lang='lat' dir='ltr'>Joannem</span> <span class='ocrx_word' id='word_1_401' title='bbox 3086 2605 3098 2642; x_wconf 89' lang='lat'><strong>:</strong></span> <span class='ocrx_word' id='word_1_402' title='bbox 3129 2590 3192 2643; x_wconf 89' lang='lat' dir='ltr'>Si</span> <span class='ocrx_word' id='word_1_403' title='bbox 3238 2588 3475 2659; x_wconf 85' lang='lat' dir='ltr'>diligitis</span> <span class='ocrx_word' id='word_1_404' title='bbox 3521 2605 3625 2644; x_wconf 87' lang='lat' dir='ltr'>me.</span> 
     </span>
    </p>
   </div>
   <div class='ocr_carea' id='block_1_59' title="bbox 1973 2676 3631 2749">
    <p class='ocr_par' dir='ltr' id='par_1_59' title="bbox 1973 2676 3631 2749">
     <span class='ocr_line' id='line_1_59' title="bbox 1973 2676 3631 2749; baseline -0.002 -15"><span class='ocrx_word' id='word_1_405' title='bbox 1973 2678 2168 2734; x_wconf 79' lang='lat' dir='ltr'>Oll‘ert.</span> <span class='ocrx_word' id='word_1_406' title='bbox 2207 2696 2219 2733; x_wconf 93' lang='lat'>:</span> <span class='ocrx_word' id='word_1_407' title='bbox 2270 2679 2467 2734; x_wconf 81' lang='lat' dir='ltr'>Emitte</span> <span class='ocrx_word' id='word_1_408' title='bbox 2519 2679 2798 2749; x_wconf 82' lang='lat' dir='ltr'>spiritum.</span> <span class='ocrx_word' id='word_1_409' title='bbox 2833 2677 3058 2733; x_wconf 91' lang='lat' dir='ltr'>Comm.</span> <span class='ocrx_word' id='word_1_410' title='bbox 3096 2694 3109 2733; x_wconf 93' lang='lat'>:</span> <span class='ocrx_word' id='word_1_411' title='bbox 3149 2678 3369 2734; x_wconf 82' lang='lat' dir='ltr'>Ultimo.</span> <span class='ocrx_word' id='word_1_412' title='bbox 3421 2676 3631 2748; x_wconf 90' lang='lat' dir='ltr'>Utique</span> 
     </span>
    </p>
   </div>
   <div class='ocr_carea' id='block_1_60' title="bbox 1973 2763 3629 2837">
    <p class='ocr_par' dir='ltr' id='par_1_60' title="bbox 1973 2763 3629 2837">
     <span class='ocr_line' id='line_1_60' title="bbox 1973 2763 3629 2837; baseline -0.001 -15"><span class='ocrx_word' id='word_1_413' title='bbox 1973 2766 2298 2822; x_wconf 89' lang='lat' dir='ltr'>secundum</span> <span class='ocrx_word' id='word_1_414' title='bbox 2358 2766 2843 2821; x_wconf 87' lang='lat' dir='ltr'>consuetudinem</span> <span class='ocrx_word' id='word_1_415' title='bbox 2910 2765 3236 2837; x_wconf 88' lang='lat' dir='ltr'>antiquam.</span> <span class='ocrx_word' id='word_1_416' title='bbox 3290 2763 3629 2832; x_wconf 85' lang='lat' dir='ltr'>Gradualia,</span> 
     </span>
    </p>
   </div>
   <div class='ocr_carea' id='block_1_61' title="bbox 1973 2853 3622 2923">
    <p class='ocr_par' dir='ltr' id='par_1_61' title="bbox 1973 2853 3622 2923">
     <span class='ocr_line' id='line_1_61' title="bbox 1973 2853 3622 2923; baseline 0 -14"><span class='ocrx_word' id='word_1_417' title='bbox 1973 2856 2124 2910; x_wconf 88' lang='lat' dir='ltr'>sicut</span> <span class='ocrx_word' id='word_1_418' title='bbox 2152 2872 2265 2909; x_wconf 90' lang='lat' dir='ltr'>non</span> <span class='ocrx_word' id='word_1_419' title='bbox 2297 2855 2487 2909; x_wconf 89' lang='lat' dir='ltr'>solum</span> <span class='ocrx_word' id='word_1_420' title='bbox 2511 2854 2568 2909; x_wconf 91' lang='lat' dir='ltr'>in</span> <span class='ocrx_word' id='word_1_421' title='bbox 2600 2853 2819 2910; x_wconf 80' lang='lat' dir='ltr'>nostris</span> <span class='ocrx_word' id='word_1_422' title='bbox 2851 2854 3017 2909; x_wconf 87' lang='lat' dir='ltr'>libris</span> <span class='ocrx_word' id='word_1_423' title='bbox 3045 2853 3622 2923; x_wconf 89' lang='lat' dir='ltr'>habeturinsertum,</span> 
     </span>
    </p>
   </div>
   <div class='ocr_carea' id='block_1_62' title="bbox 1973 2943 3623 3015">
    <p class='ocr_par' dir='ltr' id='par_1_62' title="bbox 1973 2943 3623 3015">
     <span class='ocr_line' id='line_1_62' title="bbox 1973 2943 3623 3015; baseline 0 -16"><span class='ocrx_word' id='word_1_424' title='bbox 1973 2945 2074 3000; x_wconf 90' lang='lat' dir='ltr'>sed</span> <span class='ocrx_word' id='word_1_425' title='bbox 2108 2944 2306 3009; x_wconf 87' lang='lat' dir='ltr'>etiam,</span> <span class='ocrx_word' id='word_1_426' title='bbox 2341 2948 2405 2999; x_wconf 85' lang='lat' dir='ltr'>ut</span> <span class='ocrx_word' id='word_1_427' title='bbox 2434 2945 2491 2999; x_wconf 92' lang='lat' dir='ltr'>in</span> <span class='ocrx_word' id='word_1_428' title='bbox 2524 2944 2778 3015; x_wconf 85' lang='lat' dir='ltr'>quodam</span> <span class='ocrx_word' id='word_1_429' title='bbox 2810 2943 3014 2999; x_wconf 90' lang='lat' dir='ltr'>ordine</span> <span class='ocrx_word' id='word_1_430' title='bbox 3060 2944 3385 2999; x_wconf 90' lang='lat' dir='ltr'>secundum</span> <span class='ocrx_word' id='word_1_431' title='bbox 3435 2943 3623 3000; x_wconf 87' lang='lat' dir='ltr'>sancti</span> 
     </span>
    </p>
   </div>
   <div class='ocr_carea' id='block_1_63' title="bbox 1970 3031 3622 3104">
    <p class='ocr_par' dir='ltr' id='par_1_63' title="bbox 1970 3031 3622 3104">
     <span class='ocr_line' id='line_1_63' title="bbox 1970 3031 3622 3104; baseline -0.001 -16"><span class='ocrx_word' id='word_1_432' title='bbox 1970 3032 2183 3088; x_wconf 87' lang='lat' dir='ltr'>Gelasii</span> <span class='ocrx_word' id='word_1_433' title='bbox 2248 3050 2409 3104; x_wconf 73' lang='lat' dir='ltr'>papze</span> <span class='ocrx_word' id='word_1_434' title='bbox 2468 3032 2876 3087; x_wconf 86' lang='lat' dir='ltr'>auctoritatem</span> <span class='ocrx_word' id='word_1_435' title='bbox 2933 3031 3119 3104; x_wconf 90' lang='lat' dir='ltr'>reperi</span> <span class='ocrx_word' id='word_1_436' title='bbox 3179 3031 3622 3104; x_wconf 64' lang='lat' dir='ltr'>prmtitulatum.</span> 
     </span>
    </p>
   </div>
   <div class='ocr_carea' id='block_1_64' title="bbox 1974 3120 3626 3193">
    <p class='ocr_par' dir='ltr' id='par_1_64' title="bbox 1974 3120 3626 3193">
     <span class='ocr_line' id='line_1_64' title="bbox 1974 3120 3626 3193; baseline 0.001 -17"><span class='ocrx_word' id='word_1_437' title='bbox 1974 3122 2080 3187; x_wconf 89' lang='lat' dir='ltr'>Qui</span> <span class='ocrx_word' id='word_1_438' title='bbox 2116 3139 2244 3177; x_wconf 89' lang='lat' dir='ltr'>mos</span> <span class='ocrx_word' id='word_1_439' title='bbox 2277 3138 2462 3193; x_wconf 87' lang='lat' dir='ltr'>usque</span> <span class='ocrx_word' id='word_1_440' title='bbox 2493 3120 2687 3186; x_wconf 89' lang='lat' dir='ltr'>hodie,</span> <span class='ocrx_word' id='word_1_441' title='bbox 2722 3126 3179 3193; x_wconf 72' lang='lat' dir='ltr'>utcompcrtum</span> <span class='ocrx_word' id='word_1_442' title='bbox 3223 3120 3530 3187; x_wconf 80' lang='lat' dir='ltr'>habemus,</span> <span class='ocrx_word' id='word_1_443' title='bbox 3565 3122 3626 3177; x_wconf 90' lang='lat' dir='ltr'>in</span> 
     </span>
    </p>
   </div>
   <div class='ocr_carea' id='block_1_65' title="bbox 190 3193 3628 3283">
    <p class='ocr_par' dir='ltr' id='par_1_65' title="bbox 190 3193 3628 3283">
     <span class='ocr_line' id='line_1_65' title="bbox 190 3193 3628 3283; baseline 0.001 -20"><span class='ocrx_word' id='word_1_444' title='bbox 190 3207 498 3276; x_wconf 85' lang='lat' dir='ltr'>ctum,sed</span> <span class='ocrx_word' id='word_1_445' title='bbox 530 3206 869 3263; x_wconf 90' lang='lat' dir='ltr'>defunctum</span> <span class='ocrx_word' id='word_1_446' title='bbox 904 3208 961 3262; x_wconf 91' lang='lat' dir='ltr'>in</span> <span class='ocrx_word' id='word_1_447' title='bbox 994 3210 1148 3263; x_wconf 89' lang='lat' dir='ltr'>terra</span> <span class='ocrx_word' id='word_1_448' title='bbox 1169 3212 1359 3275; x_wconf 90' lang='lat' dir='ltr'>sua,et</span> <span class='ocrx_word' id='word_1_449' title='bbox 1385 3208 1572 3265; x_wconf 90' lang='lat' dir='ltr'>ﬁlium</span> <span class='ocrx_word' id='word_1_450' title='bbox 1592 3210 1861 3266; x_wconf 84' lang='lat' dir='ltr'>Joachim</span> <span class='ocrx_word' id='word_1_451' title='bbox 1894 3193 1935 3259; x_wconf 64' lang='grc' dir='ltr'><strong>Ο</strong></span> <span class='ocrx_word' id='word_1_452' title='bbox 1977 3216 2178 3269; x_wconf 85' lang='lat' dir='ltr'>sancta</span> <span class='ocrx_word' id='word_1_453' title='bbox 2209 3212 2473 3266; x_wconf 77' lang='lat' dir='ltr'>Romana</span> <span class='ocrx_word' id='word_1_454' title='bbox 2514 3216 2775 3265; x_wconf 80' lang='lat' dir='ltr'>servatur</span> <span class='ocrx_word' id='word_1_455' title='bbox 2800 3208 3072 3266; x_wconf 83' lang='lat' dir='ltr'>Ecclesia.</span> <span class='ocrx_word' id='word_1_456' title='bbox 3105 3210 3348 3266; x_wconf 87' lang='lat' dir='ltr'>Videtur</span> <span class='ocrx_word' id='word_1_457' title='bbox 3392 3226 3628 3283; x_wconf 91' lang='lat' dir='ltr'>quoque</span> 
     </span>
    </p>
   </div>
   <div class='ocr_carea' id='block_1_66' title="bbox 193 3295 1860 3369">
    <p class='ocr_par' dir='ltr' id='par_1_66' title="bbox 193 3295 1860 3369">
     <span class='ocr_line' id='line_1_66' title="bbox 193 3295 1860 3369; baseline 0.002 -17"><span class='ocrx_word' id='word_1_458' title='bbox 193 3298 265 3353; x_wconf 89' lang='lat' dir='ltr'>de</span> <span class='ocrx_word' id='word_1_459' title='bbox 284 3295 627 3368; x_wconf 84' lang='lat' dir='ltr'>captivitate</span> <span class='ocrx_word' id='word_1_460' title='bbox 646 3296 983 3351; x_wconf 89' lang='lat' dir='ltr'>redeuntem</span> <span class='ocrx_word' id='word_1_461' title='bbox 1002 3295 1282 3351; x_wconf 88' lang='lat' dir='ltr'>Salathiel</span> <span class='ocrx_word' id='word_1_462' title='bbox 1299 3299 1572 3369; x_wconf 86' lang='lat' dir='ltr'>genuisse</span> <span class='ocrx_word' id='word_1_463' title='bbox 1590 3299 1860 3355; x_wconf 89' lang='lat' dir='ltr'>afﬁrmet.</span> 
     </span>
    </p>
   </div>
   <div class='ocr_carea' id='block_1_67' title="bbox 194 3383 1861 3460">
    <p class='ocr_par' dir='ltr' id='par_1_67' title="bbox 194 3383 1861 3460">
     <span class='ocr_line' id='line_1_67' title="bbox 194 3383 1861 3460; baseline 0.001 -18"><span class='ocrx_word' id='word_1_464' title='bbox 194 3385 393 3458; x_wconf 87' lang='lat' dir='ltr'>Igitur</span> <span class='ocrx_word' id='word_1_465' title='bbox 422 3384 799 3457; x_wconf 90' lang='lat' dir='ltr'>supradictus</span> <span class='ocrx_word' id='word_1_466' title='bbox 819 3384 1020 3440; x_wconf 89' lang='lat' dir='ltr'>doctor</span> <span class='ocrx_word' id='word_1_467' title='bbox 1039 3383 1221 3441; x_wconf 90' lang='lat' dir='ltr'>voluit</span> <span class='ocrx_word' id='word_1_468' title='bbox 1238 3384 1482 3460; x_wconf 89' lang='lat' dir='ltr'>intelligi</span> <span class='ocrx_word' id='word_1_469' title='bbox 1504 3393 1567 3443; x_wconf 92' lang='lat' dir='ltr'>ut</span> <span class='ocrx_word' id='word_1_470' title='bbox 1586 3388 1861 3445; x_wconf 88' lang='lat' dir='ltr'>tredecim</span> 
     </span>
    </p>
   </div>
   <div class='ocr_carea' id='block_1_68' title="bbox 194 3472 1867 3551">
    <p class='ocr_par' dir='ltr' id='par_1_68' title="bbox 194 3472 1867 3551">
     <span class='ocr_line' id='line_1_68' title="bbox 194 3472 1867 3551; baseline 0.001 -20"><span class='ocrx_word' id='word_1_471' title='bbox 194 3481 253 3531; x_wconf 91' lang='lat' dir='ltr'>et</span> <span class='ocrx_word' id='word_1_472' title='bbox 285 3472 741 3547; x_wconf 88' lang='lat' dir='ltr'>quatuordecim</span> <span class='ocrx_word' id='word_1_473' title='bbox 771 3473 1150 3529; x_wconf 67' lang='lat' dir='ltr'>hebdomada:</span> <span class='ocrx_word' id='word_1_474' title='bbox 1184 3476 1627 3548; x_wconf 72' lang='lat' dir='ltr'>praeﬂgurarent</span> <span class='ocrx_word' id='word_1_475' title='bbox 1653 3477 1714 3532; x_wconf 89' lang='lat' dir='ltr'>in</span> <span class='ocrx_word' id='word_1_476' title='bbox 1747 3496 1867 3551; x_wconf 84' lang='lat' dir='ltr'>my-</span> 
     </span>
    </p>
   </div>
   <div class='ocr_carea' id='block_1_69' title="bbox 197 3563 1863 3636">
    <p class='ocr_par' dir='ltr' id='par_1_69' title="bbox 197 3563 1863 3636">
     <span class='ocr_line' id='line_1_69' title="bbox 197 3563 1863 3636; baseline 0.001 -16"><span class='ocrx_word' id='word_1_477' title='bbox 197 3564 411 3631; x_wconf 85' lang='lat' dir='ltr'>sterio,</span> <span class='ocrx_word' id='word_1_478' title='bbox 445 3563 599 3636; x_wconf 90' lang='lat' dir='ltr'>quod</span> <span class='ocrx_word' id='word_1_479' title='bbox 630 3563 941 3619; x_wconf 90' lang='lat' dir='ltr'>Jechonias</span> <span class='ocrx_word' id='word_1_480' title='bbox 972 3563 1151 3619; x_wconf 89' lang='lat' dir='ltr'>semel</span> <span class='ocrx_word' id='word_1_481' title='bbox 1183 3569 1283 3619; x_wconf 89' lang='lat' dir='ltr'>aut</span> <span class='ocrx_word' id='word_1_482' title='bbox 1324 3564 1413 3619; x_wconf 90' lang='lat' dir='ltr'>bis</span> <span class='ocrx_word' id='word_1_483' title='bbox 1466 3571 1774 3636; x_wconf 86' lang='lat' dir='ltr'>poneretur</span> <span class='ocrx_word' id='word_1_484' title='bbox 1804 3568 1863 3622; x_wconf 92' lang='lat' dir='ltr'>in</span> 
     </span>
    </p>
   </div>
   <div class='ocr_carea' id='block_1_70' title="bbox 196 3652 1862 3726">
    <p class='ocr_par' dir='ltr' id='par_1_70' title="bbox 196 3652 1862 3726">
     <span class='ocr_line' id='line_1_70' title="bbox 196 3652 1862 3726; baseline 0 -15"><span class='ocrx_word' id='word_1_485' title='bbox 196 3652 494 3726; x_wconf 84' lang='lat' dir='ltr'>catalogo.</span> <span class='ocrx_word' id='word_1_486' title='bbox 527 3652 831 3724; x_wconf 65' lang='lat' dir='ltr'>Enimvero</span> <span class='ocrx_word' id='word_1_487' title='bbox 863 3652 1139 3708; x_wconf 88' lang='lat' dir='ltr'>omnibus</span> <span class='ocrx_word' id='word_1_488' title='bbox 1171 3653 1342 3709; x_wconf 88' lang='lat' dir='ltr'>annis</span> <span class='ocrx_word' id='word_1_489' title='bbox 1394 3654 1671 3709; x_wconf 86' lang='lat' dir='ltr'>tredecim</span> <span class='ocrx_word' id='word_1_490' title='bbox 1707 3655 1862 3712; x_wconf 85' lang='lat' dir='ltr'>inve-</span> 
     </span>
    </p>
   </div>
   <div class='ocr_carea' id='block_1_71' title="bbox 195 3741 1867 3819">
    <p class='ocr_par' dir='ltr' id='par_1_71' title="bbox 195 3741 1867 3819">
     <span class='ocr_line' id='line_1_71' title="bbox 195 3741 1867 3819; baseline -0.001 -19"><span class='ocrx_word' id='word_1_491' title='bbox 195 3742 732 3814; x_wconf 84' lang='lat' dir='ltr'>niuntur,exceptis</span> <span class='ocrx_word' id='word_1_492' title='bbox 765 3741 880 3810; x_wconf 91' lang='lat' dir='ltr'>his,</span> <span class='ocrx_word' id='word_1_493' title='bbox 908 3742 1016 3798; x_wconf 93' lang='lat' dir='ltr'>hoc</span> <span class='ocrx_word' id='word_1_494' title='bbox 1047 3746 1155 3809; x_wconf 90' lang='lat' dir='ltr'>est,</span> <span class='ocrx_word' id='word_1_495' title='bbox 1180 3743 1414 3819; x_wconf 67' lang='lat' dir='ltr'>quando</span> <span class='ocrx_word' id='word_1_496' title='bbox 1447 3743 1693 3798; x_wconf 85' lang='lat' dir='ltr'>Martius</span> <span class='ocrx_word' id='word_1_497' title='bbox 1724 3744 1867 3800; x_wconf 88' lang='lat' dir='ltr'>feria</span> 
     </span>
    </p>
   </div>
   <div class='ocr_carea' id='block_1_72' title="bbox 191 3830 1862 3903">
    <p class='ocr_par' dir='ltr' id='par_1_72' title="bbox 191 3830 1862 3903">
     <span class='ocr_line' id='line_1_72' title="bbox 191 3830 1862 3903; baseline 0 -14"><span class='ocrx_word' id='word_1_498' title='bbox 191 3832 378 3889; x_wconf 88' lang='lat' dir='ltr'>tertia</span> <span class='ocrx_word' id='word_1_499' title='bbox 408 3830 494 3887; x_wconf 91' lang='lat' dir='ltr'>vel</span> <span class='ocrx_word' id='word_1_500' title='bbox 527 3830 1051 3903; x_wconf 84' lang='lat' dir='ltr'>quarta,Nativitas</span> <span class='ocrx_word' id='word_1_501' title='bbox 1082 3849 1215 3887; x_wconf 89' lang='lat' dir='ltr'>vero</span> <span class='ocrx_word' id='word_1_502' title='bbox 1247 3831 1476 3886; x_wconf 88' lang='lat' dir='ltr'>Domini</span> <span class='ocrx_word' id='word_1_503' title='bbox 1510 3833 1693 3887; x_wconf 88' lang='lat' dir='ltr'>nostri</span> <span class='ocrx_word' id='word_1_504' title='bbox 1723 3834 1862 3889; x_wconf 89' lang='lat' dir='ltr'>Jesu</span> 
     </span>
    </p>
   </div>
   <div class='ocr_carea' id='block_1_73' title="bbox 192 3920 1867 3978">
    <p class='ocr_par' dir='ltr' id='par_1_73' title="bbox 192 3920 1867 3978">
     <span class='ocr_line' id='line_1_73' title="bbox 192 3920 1867 3978; baseline -0.001 0"><span class='ocrx_word' id='word_1_505' title='bbox 192 3920 420 3978; x_wconf 90' lang='lat' dir='ltr'>Christi</span> <span class='ocrx_word' id='word_1_506' title='bbox 454 3920 763 3976; x_wconf 89' lang='lat' dir='ltr'>Dominica</span> <span class='ocrx_word' id='word_1_507' title='bbox 791 3925 894 3976; x_wconf 88' lang='lat' dir='ltr'>aut</span> <span class='ocrx_word' id='word_1_508' title='bbox 924 3922 1183 3977; x_wconf 88' lang='lat' dir='ltr'>secunda</span> <span class='ocrx_word' id='word_1_509' title='bbox 1230 3921 1374 3977; x_wconf 88' lang='lat' dir='ltr'>feria</span> <span class='ocrx_word' id='word_1_510' title='bbox 1420 3921 1757 3977; x_wconf 88' lang='lat' dir='ltr'>acciderint.</span> <span class='ocrx_word' id='word_1_511' title='bbox 1786 3924 1867 3978; x_wconf 90' lang='lat' dir='ltr'>De</span> 
     </span>
    </p>
   </div>
   <div class='ocr_carea' id='block_1_74' title="bbox 193 4009 1866 4084">
    <p class='ocr_par' dir='ltr' id='par_1_74' title="bbox 193 4009 1866 4084">
     <span class='ocr_line' id='line_1_74' title="bbox 193 4009 1866 4084; baseline 0 -16"><span class='ocrx_word' id='word_1_512' title='bbox 193 4012 310 4068; x_wconf 88' lang='lat' dir='ltr'>hoc</span> <span class='ocrx_word' id='word_1_513' title='bbox 339 4011 423 4082; x_wconf 84' lang='lat' dir='ltr'>jej</span> <span class='ocrx_word' id='word_1_514' title='bbox 436 4009 755 4082; x_wconf 87' lang='lat' dir='ltr'>unio,quod</span> <span class='ocrx_word' id='word_1_515' title='bbox 787 4009 847 4065; x_wconf 92' lang='lat' dir='ltr'>in</span> <span class='ocrx_word' id='word_1_516' title='bbox 870 4010 1000 4082; x_wconf 88' lang='lat' dir='ltr'>ipsa</span> <span class='ocrx_word' id='word_1_517' title='bbox 1016 4010 1280 4066; x_wconf 90' lang='lat' dir='ltr'>solebant</span> <span class='ocrx_word' id='word_1_518' title='bbox 1295 4010 1491 4083; x_wconf 85' lang='lat' dir='ltr'>vigilia</span> <span class='ocrx_word' id='word_1_519' title='bbox 1508 4012 1866 4084; x_wconf 86' lang='lat' dir='ltr'>antiquiores</span> 
     </span>
    </p>
   </div>
   <div class='ocr_carea' id='block_1_75' title="bbox 192 4100 1867 4173">
    <p class='ocr_par' dir='ltr' id='par_1_75' title="bbox 192 4100 1867 4173">
     <span class='ocr_line' id='line_1_75' title="bbox 192 4100 1867 4173; baseline 0 -15"><span class='ocrx_word' id='word_1_520' title='bbox 192 4101 523 4168; x_wconf 83' lang='lat' dir='ltr'>celebrare,</span> <span class='ocrx_word' id='word_1_521' title='bbox 557 4118 737 4173; x_wconf 88' lang='lat' dir='ltr'>supra</span> <span class='ocrx_word' id='word_1_522' title='bbox 788 4100 1126 4156; x_wconf 89' lang='lat' dir='ltr'>nominatus</span> <span class='ocrx_word' id='word_1_523' title='bbox 1183 4100 1331 4156; x_wconf 85' lang='lat' dir='ltr'>dixit</span> <span class='ocrx_word' id='word_1_524' title='bbox 1384 4100 1648 4157; x_wconf 78' lang='lat' dir='ltr'>Amalius</span> <span class='ocrx_word' id='word_1_525' title='bbox 1684 4118 1696 4155; x_wconf 93' lang='lat'>:</span> <span class='ocrx_word' id='word_1_526' title='bbox 1732 4102 1867 4167; x_wconf 70' lang='lat' dir='ltr'>Qua:</span> 
     </span>
    </p>
   </div>
   <div class='ocr_carea' id='block_1_76' title="bbox 194 4188 1865 4261">
    <p class='ocr_par' dir='ltr' id='par_1_76' title="bbox 194 4188 1865 4261">
     <span class='ocr_line' id='line_1_76' title="bbox 194 4188 1865 4261; baseline -0.003 -12"><span class='ocrx_word' id='word_1_527' title='bbox 194 4190 569 4249; x_wconf 84' lang='lat' dir='ltr'>consecratio</span> <span class='ocrx_word' id='word_1_528' title='bbox 595 4189 770 4244; x_wconf 88' lang='lat' dir='ltr'>habet</span> <span class='ocrx_word' id='word_1_529' title='bbox 801 4189 977 4244; x_wconf 89' lang='lat' dir='ltr'>ﬁnem</span> <span class='ocrx_word' id='word_1_530' title='bbox 1008 4188 1068 4244; x_wconf 90' lang='lat' dir='ltr'>in</span> <span class='ocrx_word' id='word_1_531' title='bbox 1101 4189 1231 4261; x_wconf 87' lang='lat' dir='ltr'>ipsa</span> <span class='ocrx_word' id='word_1_532' title='bbox 1266 4188 1576 4245; x_wconf 90' lang='lat' dir='ltr'>Nativitate</span> <span class='ocrx_word' id='word_1_533' title='bbox 1629 4189 1865 4255; x_wconf 89' lang='lat' dir='ltr'>Christi,</span> 
     </span>
    </p>
   </div>
   <div class='ocr_carea' id='block_1_77' title="bbox 198 4276 1871 4352">
    <p class='ocr_par' dir='ltr' id='par_1_77' title="bbox 198 4276 1871 4352">
     <span class='ocr_line' id='line_1_77' title="bbox 198 4276 1871 4352; baseline -0.001 -16"><span class='ocrx_word' id='word_1_534' title='bbox 198 4283 365 4337; x_wconf 87' lang='lat' dir='ltr'>sicut</span> <span class='ocrx_word' id='word_1_535' title='bbox 395 4279 791 4352; x_wconf 89' lang='lat' dir='ltr'>quorumdam</span> <span class='ocrx_word' id='word_1_536' title='bbox 822 4276 1123 4346; x_wconf 83' lang='lat' dir='ltr'>Italorum,</span> <span class='ocrx_word' id='word_1_537' title='bbox 1147 4278 1342 4334; x_wconf 89' lang='lat' dir='ltr'>nescio</span> <span class='ocrx_word' id='word_1_538' title='bbox 1375 4296 1448 4333; x_wconf 89' lang='lat' dir='ltr'>an</span> <span class='ocrx_word' id='word_1_539' title='bbox 1482 4279 1871 4348; x_wconf 86' lang='lat' dir='ltr'>omnium,ad-</span> 
     </span>
    </p>
   </div>
   <div class='ocr_carea' id='block_1_78' title="bbox 201 4366 1872 4441">
    <p class='ocr_par' dir='ltr' id='par_1_78' title="bbox 201 4366 1872 4441">
     <span class='ocr_line' id='line_1_78' title="bbox 201 4366 1872 4441; baseline -0.001 -15"><span class='ocrx_word' id='word_1_540' title='bbox 201 4369 325 4426; x_wconf 91' lang='lat' dir='ltr'>huc</span> <span class='ocrx_word' id='word_1_541' title='bbox 359 4385 489 4424; x_wconf 91' lang='lat' dir='ltr'>mos</span> <span class='ocrx_word' id='word_1_542' title='bbox 521 4374 609 4423; x_wconf 90' lang='lat' dir='ltr'>est</span> <span class='ocrx_word' id='word_1_543' title='bbox 630 4383 798 4441; x_wconf 89' lang='lat' dir='ltr'>agere</span> <span class='ocrx_word' id='word_1_544' title='bbox 820 4371 884 4422; x_wconf 89' lang='lat' dir='ltr'>ut</span> <span class='ocrx_word' id='word_1_545' title='bbox 903 4383 1008 4440; x_wconf 87' lang='lat' dir='ltr'>ego</span> <span class='ocrx_word' id='word_1_546' title='bbox 1031 4366 1155 4439; x_wconf 90' lang='lat' dir='ltr'>ipse</span> <span class='ocrx_word' id='word_1_547' title='bbox 1176 4366 1394 4423; x_wconf 89' lang='lat' dir='ltr'>ibidem</span> <span class='ocrx_word' id='word_1_548' title='bbox 1416 4368 1645 4439; x_wconf 89' lang='lat' dir='ltr'>positus</span> <span class='ocrx_word' id='word_1_549' title='bbox 1665 4385 1872 4441; x_wconf 87' lang='lat' dir='ltr'>cogno-</span> 
     </span>
    </p>
   </div>
   <div class='ocr_carea' id='block_1_79' title="bbox 200 4454 1868 4526">
    <p class='ocr_par' dir='ltr' id='par_1_79' title="bbox 200 4454 1868 4526">
     <span class='ocr_line' id='line_1_79' title="bbox 200 4454 1868 4526; baseline -0.002 -12"><span class='ocrx_word' id='word_1_550' title='bbox 200 4459 293 4526; x_wconf 83' lang='lat' dir='ltr'>vi;</span> <span class='ocrx_word' id='word_1_551' title='bbox 334 4457 441 4513; x_wconf 88' lang='lat' dir='ltr'>sed</span> <span class='ocrx_word' id='word_1_552' title='bbox 472 4473 616 4512; x_wconf 89' lang='lat' dir='ltr'>usus</span> <span class='ocrx_word' id='word_1_553' title='bbox 646 4456 706 4511; x_wconf 93' lang='lat' dir='ltr'>in</span> <span class='ocrx_word' id='word_1_554' title='bbox 742 4456 959 4511; x_wconf 90' lang='lat' dir='ltr'>nostris</span> <span class='ocrx_word' id='word_1_555' title='bbox 1002 4454 1251 4511; x_wconf 82' lang='lat' dir='ltr'>excrevit</span> <span class='ocrx_word' id='word_1_556' title='bbox 1278 4454 1553 4512; x_wconf 88' lang='lat' dir='ltr'>Ecclesiis</span> <span class='ocrx_word' id='word_1_557' title='bbox 1580 4460 1645 4511; x_wconf 90' lang='lat' dir='ltr'>ut</span> <span class='ocrx_word' id='word_1_558' title='bbox 1676 4456 1734 4512; x_wconf 91' lang='lat' dir='ltr'>in</span> <span class='ocrx_word' id='word_1_559' title='bbox 1767 4474 1868 4512; x_wconf 90' lang='lat' dir='ltr'>an-</span> 
     </span>
    </p>
   </div>
   <div class='ocr_carea' id='block_1_80' title="bbox 1972 3299 3625 3371">
    <p class='ocr_par' dir='ltr' id='par_1_80' title="bbox 1972 3299 3625 3371">
     <span class='ocr_line' id='line_1_80' title="bbox 1972 3299 3625 3371; baseline 0 -16"><span class='ocrx_word' id='word_1_560' title='bbox 1972 3300 2028 3356; x_wconf 88' lang='lat' dir='ltr'>id</span> <span class='ocrx_word' id='word_1_561' title='bbox 2088 3300 2222 3355; x_wconf 88' lang='lat' dir='ltr'>huic</span> <span class='ocrx_word' id='word_1_562' title='bbox 2281 3300 2599 3355; x_wconf 87' lang='lat' dir='ltr'>narrationi</span> <span class='ocrx_word' id='word_1_563' title='bbox 2659 3315 2967 3354; x_wconf 87' lang='lat' dir='ltr'>assensum</span> <span class='ocrx_word' id='word_1_564' title='bbox 3027 3299 3300 3371; x_wconf 64' lang='lat' dir='ltr'>praebere,</span> <span class='ocrx_word' id='word_1_565' title='bbox 3353 3299 3509 3371; x_wconf 85' lang='lat' dir='ltr'>quod</span> <span class='ocrx_word' id='word_1_566' title='bbox 3564 3299 3625 3355; x_wconf 90' lang='lat' dir='ltr'>in</span> 
     </span>
    </p>
   </div>
   <div class='ocr_carea' id='block_1_81' title="bbox 1974 3388 3626 3460">
    <p class='ocr_par' dir='ltr' id='par_1_81' title="bbox 1974 3388 3626 3460">
     <span class='ocr_line' id='line_1_81' title="bbox 1974 3388 3626 3460; baseline -0.002 -13"><span class='ocrx_word' id='word_1_567' title='bbox 1974 3388 2327 3447; x_wconf 87' lang='lat' dir='ltr'>authenticis</span> <span class='ocrx_word' id='word_1_568' title='bbox 2357 3388 2799 3460; x_wconf 84' lang='lat' dir='ltr'>Antiphonariis</span> <span class='ocrx_word' id='word_1_569' title='bbox 2829 3388 2945 3444; x_wconf 87' lang='lat' dir='ltr'>duo</span> <span class='ocrx_word' id='word_1_570' title='bbox 2994 3392 3225 3444; x_wconf 87' lang='lat' dir='ltr'>tantum</span> <span class='ocrx_word' id='word_1_571' title='bbox 3272 3388 3505 3444; x_wconf 84' lang='lat' dir='ltr'>alleluia</span> <span class='ocrx_word' id='word_1_572' title='bbox 3537 3388 3626 3444; x_wconf 88' lang='lat' dir='ltr'>in-</span> 
     </span>
    </p>
   </div>
   <div class='ocr_carea' id='block_1_82' title="bbox 1974 3478 3629 3550">
    <p class='ocr_par' dir='ltr' id='par_1_82' title="bbox 1974 3478 3629 3550">
     <span class='ocr_line' id='line_1_82' title="bbox 1974 3478 3629 3550; baseline -0.001 -16"><span class='ocrx_word' id='word_1_573' title='bbox 1974 3479 2287 3534; x_wconf 89' lang='lat' dir='ltr'>veniuntur</span> <span class='ocrx_word' id='word_1_574' title='bbox 2319 3478 2644 3549; x_wconf 86' lang='lat' dir='ltr'>descripta;</span> <span class='ocrx_word' id='word_1_575' title='bbox 2675 3478 2782 3533; x_wconf 88' lang='lat' dir='ltr'>hoc</span> <span class='ocrx_word' id='word_1_576' title='bbox 2813 3482 2902 3534; x_wconf 87' lang='lat' dir='ltr'>est</span> <span class='ocrx_word' id='word_1_577' title='bbox 2928 3496 2940 3534; x_wconf 92' lang='lat'>:</span> <span class='ocrx_word' id='word_1_578' title='bbox 2975 3480 3199 3534; x_wconf 84' lang='lat' dir='ltr'>Emittes</span> <span class='ocrx_word' id='word_1_579' title='bbox 3247 3479 3537 3550; x_wconf 87' lang='lat' dir='ltr'>Spiritum,</span> <span class='ocrx_word' id='word_1_580' title='bbox 3571 3480 3629 3534; x_wconf 91' lang='lat' dir='ltr'>et</span> 
     </span>
    </p>
   </div>
   <div class='ocr_carea' id='block_1_83' title="bbox 1974 3566 3630 3640">
    <p class='ocr_par' dir='ltr' id='par_1_83' title="bbox 1974 3566 3630 3640">
     <span class='ocr_line' id='line_1_83' title="bbox 1974 3566 3630 3640; baseline -0.001 -17"><span class='ocrx_word' id='word_1_581' title='bbox 1974 3570 2213 3640; x_wconf 79' lang='lat' dir='ltr'>Spiritus</span> <span class='ocrx_word' id='word_1_582' title='bbox 2272 3568 2530 3631; x_wconf 75' lang='lat' dir='ltr'>Domini;</span> <span class='ocrx_word' id='word_1_583' title='bbox 2588 3574 2792 3621; x_wconf 67' lang='lat' dir='ltr'>uetera</span> <span class='ocrx_word' id='word_1_584' title='bbox 2850 3584 2984 3623; x_wconf 87' lang='lat' dir='ltr'>vero</span> <span class='ocrx_word' id='word_1_585' title='bbox 3045 3585 3078 3622; x_wconf 90' lang='lat' dir='ltr'>a</span> <span class='ocrx_word' id='word_1_586' title='bbox 3136 3566 3435 3624; x_wconf 88' lang='lat' dir='ltr'>modernis</span> <span class='ocrx_word' id='word_1_587' title='bbox 3488 3571 3630 3623; x_wconf 91' lang='lat' dir='ltr'>sunt</span> 
     </span>
    </p>
   </div>
   <div class='ocr_carea' id='block_1_84' title="bbox 1974 3656 3627 3729">
    <p class='ocr_par' dir='ltr' id='par_1_84' title="bbox 1974 3656 3627 3729">
     <span class='ocr_line' id='line_1_84' title="bbox 1974 3656 3627 3729; baseline -0.001 -16"><span class='ocrx_word' id='word_1_588' title='bbox 1974 3656 2317 3729; x_wconf 85' lang='lat' dir='ltr'>composita.</span> <span class='ocrx_word' id='word_1_589' title='bbox 2351 3657 2714 3727; x_wconf 86' lang='lat' dir='ltr'>Quapropter</span> <span class='ocrx_word' id='word_1_590' title='bbox 2761 3656 3110 3712; x_wconf 89' lang='lat' dir='ltr'>intuendum</span> <span class='ocrx_word' id='word_1_591' title='bbox 3161 3661 3250 3712; x_wconf 91' lang='lat' dir='ltr'>est</span> <span class='ocrx_word' id='word_1_592' title='bbox 3295 3656 3436 3729; x_wconf 91' lang='lat' dir='ltr'>quia</span> <span class='ocrx_word' id='word_1_593' title='bbox 3482 3656 3533 3712; x_wconf 93' lang='lat' dir='ltr'>si</span> <span class='ocrx_word' id='word_1_594' title='bbox 3566 3656 3627 3712; x_wconf 91' lang='lat' dir='ltr'>in</span> 
     </span>
    </p>
   </div>
   <div class='ocr_carea' id='block_1_85' title="bbox 1976 3744 3627 3818">
    <p class='ocr_par' dir='ltr' id='par_1_85' title="bbox 1976 3744 3627 3818">
     <span class='ocr_line' id='line_1_85' title="bbox 1976 3744 3627 3818; baseline -0.001 -17"><span class='ocrx_word' id='word_1_595' title='bbox 1976 3746 2348 3802; x_wconf 87' lang='lat' dir='ltr'>monasteriis</span> <span class='ocrx_word' id='word_1_596' title='bbox 2377 3746 2611 3801; x_wconf 75' lang='lat' dir='ltr'>alleluia</span> <span class='ocrx_word' id='word_1_597' title='bbox 2640 3749 2848 3800; x_wconf 88' lang='lat' dir='ltr'>cantus</span> <span class='ocrx_word' id='word_1_598' title='bbox 2897 3747 3175 3813; x_wconf 86' lang='lat' dir='ltr'>abundat,</span> <span class='ocrx_word' id='word_1_599' title='bbox 3209 3745 3350 3818; x_wconf 91' lang='lat' dir='ltr'>quid</span> <span class='ocrx_word' id='word_1_600' title='bbox 3400 3744 3627 3818; x_wconf 88' lang='lat' dir='ltr'>simpli-</span> 
     </span>
    </p>
   </div>
   <div class='ocr_carea' id='block_1_86' title="bbox 1976 3834 3629 3907">
    <p class='ocr_par' dir='ltr' id='par_1_86' title="bbox 1976 3834 3629 3907">
     <span class='ocr_line' id='line_1_86' title="bbox 1976 3834 3629 3907; baseline 0 -16"><span class='ocrx_word' id='word_1_601' title='bbox 1976 3853 2071 3892; x_wconf 87' lang='lat' dir='ltr'>ces</span> <span class='ocrx_word' id='word_1_602' title='bbox 2128 3834 2399 3889; x_wconf 87' lang='lat' dir='ltr'>villarum</span> <span class='ocrx_word' id='word_1_603' title='bbox 2454 3834 2775 3906; x_wconf 60' lang='lat' dir='ltr'>presbyteri</span> <span class='ocrx_word' id='word_1_604' title='bbox 2830 3838 3030 3907; x_wconf 89' lang='lat' dir='ltr'>agunt,</span> <span class='ocrx_word' id='word_1_605' title='bbox 3075 3835 3177 3906; x_wconf 91' lang='lat' dir='ltr'>qui</span> <span class='ocrx_word' id='word_1_606' title='bbox 3227 3835 3320 3890; x_wconf 84' lang='lat' dir='ltr'>vix</span> <span class='ocrx_word' id='word_1_607' title='bbox 3374 3835 3629 3891; x_wconf 88' lang='lat' dir='ltr'>duorum</span> 
     </span>
    </p>
   </div>
   <div class='ocr_carea' id='block_1_87' title="bbox 1975 3922 3631 3997">
    <p class='ocr_par' dir='ltr' id='par_1_87' title="bbox 1975 3922 3631 3997">
     <span class='ocr_line' id='line_1_87' title="bbox 1975 3922 3631 3997; baseline -0.001 -17"><span class='ocrx_word' id='word_1_608' title='bbox 1975 3928 2203 3980; x_wconf 90' lang='lat' dir='ltr'>tantum</span> <span class='ocrx_word' id='word_1_609' title='bbox 2239 3922 2505 3978; x_wconf 83' lang='lat' dir='ltr'>notitiam</span> <span class='ocrx_word' id='word_1_610' title='bbox 2538 3922 2797 3977; x_wconf 82' lang='lat' dir='ltr'>habent?</span> <span class='ocrx_word' id='word_1_611' title='bbox 2832 3922 2902 3978; x_wconf 90' lang='lat' dir='ltr'>Ut</span> <span class='ocrx_word' id='word_1_612' title='bbox 2930 3922 3199 3978; x_wconf 89' lang='lat' dir='ltr'>omnium</span> <span class='ocrx_word' id='word_1_613' title='bbox 3228 3923 3453 3997; x_wconf 85' lang='lat' dir='ltr'>vulgari</span> <span class='ocrx_word' id='word_1_614' title='bbox 3497 3942 3631 3996; x_wconf 88' lang='lat' dir='ltr'>pro—</span> 
     </span>
    </p>
   </div>
   <div class='ocr_carea' id='block_1_88' title="bbox 1973 4011 3631 4082">
    <p class='ocr_par' dir='ltr' id='par_1_88' title="bbox 1973 4011 3631 4082">
     <span class='ocr_line' id='line_1_88' title="bbox 1973 4011 3631 4082; baseline 0 -14"><span class='ocrx_word' id='word_1_615' title='bbox 1973 4013 2171 4069; x_wconf 86' lang='lat' dir='ltr'>verbio</span> <span class='ocrx_word' id='word_1_616' title='bbox 2219 4017 2369 4080; x_wconf 89' lang='lat' dir='ltr'>utar,</span> <span class='ocrx_word' id='word_1_617' title='bbox 2402 4016 2504 4067; x_wconf 87' lang='lat' dir='ltr'>aut</span> <span class='ocrx_word' id='word_1_618' title='bbox 2553 4016 2793 4066; x_wconf 85' lang='lat' dir='ltr'>cantant</span> <span class='ocrx_word' id='word_1_619' title='bbox 2840 4011 2996 4082; x_wconf 88' lang='lat' dir='ltr'>quod</span> <span class='ocrx_word' id='word_1_620' title='bbox 3044 4011 3258 4077; x_wconf 88' lang='lat' dir='ltr'>sciunt,</span> <span class='ocrx_word' id='word_1_621' title='bbox 3291 4016 3393 4067; x_wconf 90' lang='lat' dir='ltr'>aut</span> <span class='ocrx_word' id='word_1_622' title='bbox 3438 4016 3631 4069; x_wconf 89' lang='lat' dir='ltr'>tacere</span> 
     </span>
    </p>
   </div>
   <div class='ocr_carea' id='block_1_89' title="bbox 1977 4099 3633 4174">
    <p class='ocr_par' dir='ltr' id='par_1_89' title="bbox 1977 4099 3633 4174">
     <span class='ocr_line' id='line_1_89' title="bbox 1977 4099 3633 4174; baseline -0.002 -16"><span class='ocrx_word' id='word_1_623' title='bbox 1977 4101 2412 4174; x_wconf 86' lang='lat' dir='ltr'>compelluntur</span> <span class='ocrx_word' id='word_1_624' title='bbox 2444 4100 2597 4171; x_wconf 87' lang='lat' dir='ltr'>quod</span> <span class='ocrx_word' id='word_1_625' title='bbox 2632 4099 2923 4155; x_wconf 86' lang='lat' dir='ltr'>nesciunt.</span> <span class='ocrx_word' id='word_1_626' title='bbox 2956 4099 3082 4154; x_wconf 88' lang='lat' dir='ltr'>Non</span> <span class='ocrx_word' id='word_1_627' title='bbox 3115 4104 3309 4155; x_wconf 86' lang='lat' dir='ltr'>tamen</span> <span class='ocrx_word' id='word_1_628' title='bbox 3340 4099 3462 4155; x_wconf 66' lang='lat' dir='ltr'>haec</span> <span class='ocrx_word' id='word_1_629' title='bbox 3492 4101 3633 4155; x_wconf 88' lang='lat' dir='ltr'>scri-</span> 
     </span>
    </p>
   </div>
   <div class='ocr_carea' id='block_1_90' title="bbox 1977 4187 3631 4253">
    <p class='ocr_par' dir='ltr' id='par_1_90' title="bbox 1977 4187 3631 4253">
     <span class='ocr_line' id='line_1_90' title="bbox 1977 4187 3631 4253; baseline -0.001 -8"><span class='ocrx_word' id='word_1_630' title='bbox 1977 4191 2143 4253; x_wconf 90' lang='lat' dir='ltr'>bcns,</span> <span class='ocrx_word' id='word_1_631' title='bbox 2213 4188 2721 4244; x_wconf 81' lang='lat' dir='ltr'>sanctissimorum</span> <span class='ocrx_word' id='word_1_632' title='bbox 2790 4187 3195 4243; x_wconf 87' lang='lat' dir='ltr'>auctoritatem</span> <span class='ocrx_word' id='word_1_633' title='bbox 3261 4189 3631 4244; x_wconf 89' lang='lat' dir='ltr'>sacerdotum</span> 
     </span>
    </p>
   </div>
   <div class='ocr_carea' id='block_1_91' title="bbox 1978 4275 3629 4351">
    <p class='ocr_par' dir='ltr' id='par_1_91' title="bbox 1978 4275 3629 4351">
     <span class='ocr_line' id='line_1_91' title="bbox 1978 4275 3629 4351; baseline 0 -18"><span class='ocrx_word' id='word_1_634' title='bbox 1978 4276 2317 4351; x_wconf 65' lang='lat' dir='ltr'>praejudico,</span> <span class='ocrx_word' id='word_1_635' title='bbox 2368 4294 2517 4349; x_wconf 88' lang='lat' dir='ltr'>quos</span> <span class='ocrx_word' id='word_1_636' title='bbox 2580 4276 2639 4331; x_wconf 90' lang='lat' dir='ltr'>in</span> <span class='ocrx_word' id='word_1_637' title='bbox 2697 4280 2897 4332; x_wconf 89' lang='lat' dir='ltr'>sancto</span> <span class='ocrx_word' id='word_1_638' title='bbox 2950 4275 3169 4348; x_wconf 88' lang='lat' dir='ltr'>Spiritu</span> <span class='ocrx_word' id='word_1_639' title='bbox 3228 4280 3629 4349; x_wconf 85' lang='lat' dir='ltr'>congregatos,</span> 
     </span>
    </p>
   </div>
   <div class='ocr_carea' id='block_1_92' title="bbox 1970 4364 3635 4438">
    <p class='ocr_par' dir='ltr' id='par_1_92' title="bbox 1970 4364 3635 4438">
     <span class='ocr_line' id='line_1_92' title="bbox 1970 4364 3635 4438; baseline 0 -16"><span class='ocrx_word' id='word_1_640' title='bbox 1970 4367 2325 4438; x_wconf 87' lang='lat' dir='ltr'>jamdudum</span> <span class='ocrx_word' id='word_1_641' title='bbox 2385 4365 2579 4421; x_wconf 81' lang='lat' dir='ltr'>audivi</span> <span class='ocrx_word' id='word_1_642' title='bbox 2638 4365 2696 4420; x_wconf 90' lang='lat' dir='ltr'>in</span> <span class='ocrx_word' id='word_1_643' title='bbox 2757 4364 3136 4437; x_wconf 75' lang='lat' dir='ltr'>synodalibus</span> <span class='ocrx_word' id='word_1_644' title='bbox 3204 4365 3326 4421; x_wconf 90' lang='lat' dir='ltr'>suis</span> <span class='ocrx_word' id='word_1_645' title='bbox 3384 4365 3635 4422; x_wconf 89' lang='lat' dir='ltr'>decretis</span> 
     </span>
    </p>
   </div>
   <div class='ocr_carea' id='block_1_93' title="bbox 1979 4453 3636 4523">
    <p class='ocr_par' dir='ltr' id='par_1_93' title="bbox 1979 4453 3636 4523">
     <span class='ocr_line' id='line_1_93' title="bbox 1979 4453 3636 4523; baseline 0 -12"><span class='ocrx_word' id='word_1_646' title='bbox 1979 4455 2258 4511; x_wconf 87' lang='lat' dir='ltr'>statuisse</span> <span class='ocrx_word' id='word_1_647' title='bbox 2290 4459 2353 4509; x_wconf 92' lang='lat' dir='ltr'>ut</span> <span class='ocrx_word' id='word_1_648' title='bbox 2385 4453 2572 4519; x_wconf 75' lang='lat' dir='ltr'>magis</span> <span class='ocrx_word' id='word_1_649' title='bbox 2605 4455 2854 4509; x_wconf 88' lang='lat' dir='ltr'>debeant</span> <span class='ocrx_word' id='word_1_650' title='bbox 2895 4454 3129 4510; x_wconf 86' lang='lat' dir='ltr'>alleluia</span> <span class='ocrx_word' id='word_1_651' title='bbox 3171 4453 3501 4523; x_wconf 89' lang='lat' dir='ltr'>decantari;</span> <span class='ocrx_word' id='word_1_652' title='bbox 3532 4454 3636 4511; x_wconf 90' lang='lat' dir='ltr'>sed</span> 
     </span>
    </p>
   </div>
   <div class='ocr_carea' id='block_1_94' title="bbox 204 4535 3635 4628">
    <p class='ocr_par' dir='ltr' id='par_1_94' title="bbox 204 4535 3635 4628">
     <span class='ocr_line' id='line_1_94' title="bbox 204 4535 3635 4628; baseline -0.001 -23"><span class='ocrx_word' id='word_1_653' title='bbox 204 4546 415 4605; x_wconf 89' lang='lat' dir='ltr'>teriori</span> <span class='ocrx_word' id='word_1_654' title='bbox 448 4545 817 4603; x_wconf 91' lang='lat' dir='ltr'>hebdomada</span> <span class='ocrx_word' id='word_1_655' title='bbox 846 4535 1215 4617; x_wconf 85' lang='lat' dir='ltr'>anticipetur,</span> <span class='ocrx_word' id='word_1_656' title='bbox 1240 4542 1379 4616; x_wconf 90' lang='lat' dir='ltr'>quia</span> <span class='ocrx_word' id='word_1_657' title='bbox 1408 4543 1510 4600; x_wconf 89' lang='lat' dir='ltr'>illa</span> <span class='ocrx_word' id='word_1_658' title='bbox 1534 4546 1650 4601; x_wconf 91' lang='lat' dir='ltr'>duo</span> <span class='ocrx_word' id='word_1_659' title='bbox 1682 4546 1872 4601; x_wconf 86' lang='lat' dir='ltr'>ofﬁcia</span> <span class='ocrx_word' id='word_1_660' title='bbox 1902 4566 1948 4628; x_wconf 84' lang='lat' dir='ltr'><strong>D</strong></span> <span class='ocrx_word' id='word_1_661' title='bbox 1980 4544 2324 4616; x_wconf 83' lang='lat' dir='ltr'>simpliciter</span> <span class='ocrx_word' id='word_1_662' title='bbox 2355 4562 2481 4615; x_wconf 78' lang='lat' dir='ltr'>quae</span> <span class='ocrx_word' id='word_1_663' title='bbox 2514 4543 2753 4598; x_wconf 58' lang='lat' dir='ltr'>sentire»</span> <span class='ocrx_word' id='word_1_664' title='bbox 2780 4543 2936 4614; x_wconf 90' lang='lat' dir='ltr'>potui</span> <span class='ocrx_word' id='word_1_665' title='bbox 2993 4544 3067 4599; x_wconf 87' lang='lat' dir='ltr'>ad</span> <span class='ocrx_word' id='word_1_666' title='bbox 3115 4543 3474 4617; x_wconf 91' lang='lat' dir='ltr'>interrogata</span> <span class='ocrx_word' id='word_1_667' title='bbox 3512 4560 3635 4600; x_wconf 88' lang='lat' dir='ltr'>res-</span> 
     </span>
    </p>
   </div>
   <div class='ocr_carea' id='block_1_95' title="bbox 196 4632 1874 4709">
    <p class='ocr_par' dir='ltr' id='par_1_95' title="bbox 196 4632 1874 4709">
     <span class='ocr_line' id='line_1_95' title="bbox 196 4632 1874 4709; baseline -0.001 -17"><span class='ocrx_word' id='word_1_668' title='bbox 196 4633 425 4709; x_wconf 85' lang='lat' dir='ltr'>jejunii</span> <span class='ocrx_word' id='word_1_669' title='bbox 447 4640 503 4690; x_wconf 91' lang='lat' dir='ltr'>et</span> <span class='ocrx_word' id='word_1_670' title='bbox 521 4632 744 4689; x_wconf 86' lang='lat' dir='ltr'>Natalis</span> <span class='ocrx_word' id='word_1_671' title='bbox 768 4632 999 4688; x_wconf 90' lang='lat' dir='ltr'>Domini</span> <span class='ocrx_word' id='word_1_672' title='bbox 1024 4649 1138 4688; x_wconf 88' lang='lat' dir='ltr'>non</span> <span class='ocrx_word' id='word_1_673' title='bbox 1161 4632 1511 4688; x_wconf 90' lang='lat' dir='ltr'>conveniunt</span> <span class='ocrx_word' id='word_1_674' title='bbox 1532 4634 1709 4689; x_wconf 87' lang='lat' dir='ltr'>simul</span> <span class='ocrx_word' id='word_1_675' title='bbox 1732 4633 1874 4690; x_wconf 89' lang='lat' dir='ltr'>cele-</span> 
     </span>
    </p>
   </div>
   <div class='ocr_carea' id='block_1_96' title="bbox 206 4721 1870 4795">
    <p class='ocr_par' dir='ltr' id='par_1_96' title="bbox 206 4721 1870 4795">
     <span class='ocr_line' id='line_1_96' title="bbox 206 4721 1870 4795; baseline -0.001 -15"><span class='ocrx_word' id='word_1_676' title='bbox 206 4723 391 4781; x_wconf 83' lang='lat' dir='ltr'>brari.</span> <span class='ocrx_word' id='word_1_677' title='bbox 422 4723 572 4778; x_wconf 79' lang='lat' dir='ltr'>Nam</span> <span class='ocrx_word' id='word_1_678' title='bbox 604 4728 661 4779; x_wconf 89' lang='lat' dir='ltr'>et</span> <span class='ocrx_word' id='word_1_679' title='bbox 690 4722 843 4778; x_wconf 89' lang='lat' dir='ltr'>sicut</span> <span class='ocrx_word' id='word_1_680' title='bbox 861 4721 1437 4794; x_wconf 65' lang='lat' dir='ltr'>praeveniendoistud</span> <span class='ocrx_word' id='word_1_681' title='bbox 1457 4723 1870 4795; x_wconf 89' lang='lat' dir='ltr'>anticipamus,</span> 
     </span>
    </p>
   </div>
   <div class='ocr_carea' id='block_1_97' title="bbox 204 4810 1875 4885">
    <p class='ocr_par' dir='ltr' id='par_1_97' title="bbox 204 4810 1875 4885">
     <span class='ocr_line' id='line_1_97' title="bbox 204 4810 1875 4885; baseline -0.001 -16"><span class='ocrx_word' id='word_1_682' title='bbox 204 4813 294 4870; x_wconf 84' lang='lat' dir='ltr'>ita</span> <span class='ocrx_word' id='word_1_683' title='bbox 320 4813 650 4869; x_wconf 89' lang='lat' dir='ltr'>secundum</span> <span class='ocrx_word' id='word_1_684' title='bbox 681 4812 1003 4868; x_wconf 89' lang='lat' dir='ltr'>Sabbatum</span> <span class='ocrx_word' id='word_1_685' title='bbox 1034 4810 1195 4865; x_wconf 91' lang='lat' dir='ltr'>Junii</span> <span class='ocrx_word' id='word_1_686' title='bbox 1227 4810 1448 4866; x_wconf 87' lang='lat' dir='ltr'>mensis</span> <span class='ocrx_word' id='word_1_687' title='bbox 1493 4828 1627 4867; x_wconf 89' lang='lat' dir='ltr'>cum</span> <span class='ocrx_word' id='word_1_688' title='bbox 1674 4812 1875 4885; x_wconf 88' lang='lat' dir='ltr'>vigilia</span> 
     </span>
    </p>
   </div>
   <div class='ocr_carea' id='block_1_98' title="bbox 204 4899 1873 4973">
    <p class='ocr_par' dir='ltr' id='par_1_98' title="bbox 204 4899 1873 4973">
     <span class='ocr_line' id='line_1_98' title="bbox 204 4899 1873 4973; baseline -0.002 -13"><span class='ocrx_word' id='word_1_689' title='bbox 204 4903 587 4960; x_wconf 85' lang='lat' dir='ltr'>Pentecostcs</span> <span class='ocrx_word' id='word_1_690' title='bbox 610 4901 658 4957; x_wconf 90' lang='lat' dir='ltr'>si</span> <span class='ocrx_word' id='word_1_691' title='bbox 682 4899 1437 4973; x_wconf 85' lang='lat' dir='ltr'>provenerit,prolongando</span> <span class='ocrx_word' id='word_1_692' title='bbox 1460 4900 1517 4955; x_wconf 90' lang='lat' dir='ltr'>in</span> <span class='ocrx_word' id='word_1_693' title='bbox 1541 4900 1873 4972; x_wconf 82' lang='lat' dir='ltr'>proximum</span> 
     </span>
    </p>
   </div>
   <div class='ocr_carea' id='block_1_99' title="bbox 204 4989 1876 5062">
    <p class='ocr_par' dir='ltr' id='par_1_99' title="bbox 204 4989 1876 5062">
     <span class='ocr_line' id='line_1_99' title="bbox 204 4989 1876 5062; baseline 0 -15"><span class='ocrx_word' id='word_1_694' title='bbox 204 4989 703 5057; x_wconf 78' lang='lat' dir='ltr'>diﬁ‘erimus,licet</span> <span class='ocrx_word' id='word_1_695' title='bbox 718 4989 902 5046; x_wconf 90' lang='lat' dir='ltr'>nostri</span> <span class='ocrx_word' id='word_1_696' title='bbox 920 4993 1318 5045; x_wconf 88' lang='lat' dir='ltr'>antecessores</span> <span class='ocrx_word' id='word_1_697' title='bbox 1338 4993 1653 5061; x_wconf 91' lang='lat' dir='ltr'>utrumque</span> <span class='ocrx_word' id='word_1_698' title='bbox 1671 4991 1728 5045; x_wconf 92' lang='lat' dir='ltr'>in</span> <span class='ocrx_word' id='word_1_699' title='bbox 1747 4990 1876 5062; x_wconf 87' lang='lat' dir='ltr'>ipsa</span> 
     </span>
    </p>
   </div>
   <div class='ocr_carea' id='block_1_100' title="bbox 203 5075 1873 5153">
    <p class='ocr_par' dir='ltr' id='par_1_100' title="bbox 203 5075 1873 5153">
     <span class='ocr_line' id='line_1_100' title="bbox 203 5075 1873 5153; baseline 0 -18"><span class='ocrx_word' id='word_1_700' title='bbox 203 5079 414 5153; x_wconf 87' lang='lat' dir='ltr'>vigilia</span> <span class='ocrx_word' id='word_1_701' title='bbox 437 5084 641 5135; x_wconf 87' lang='lat' dir='ltr'>sancta</span> <span class='ocrx_word' id='word_1_702' title='bbox 662 5076 841 5134; x_wconf 89' lang='lat' dir='ltr'>simul</span> <span class='ocrx_word' id='word_1_703' title='bbox 864 5075 1403 5145; x_wconf 87' lang='lat' dir='ltr'>celebrarent,sicut</span> <span class='ocrx_word' id='word_1_704' title='bbox 1424 5077 1873 5150; x_wconf 80' lang='lat' dir='ltr'>praetitulatione</span> 
     </span>
    </p>
   </div>
   <div class='ocr_carea' id='block_1_101' title="bbox 207 5160 1877 5232">
    <p class='ocr_par' dir='ltr' id='par_1_101' title="bbox 207 5160 1877 5232">
     <span class='ocr_line' id='line_1_101' title="bbox 207 5160 1877 5232; baseline 0.001 -9"><span class='ocrx_word' id='word_1_705' title='bbox 207 5168 504 5224; x_wconf 88' lang='lat' dir='ltr'>librorum</span> <span class='ocrx_word' id='word_1_706' title='bbox 532 5167 767 5223; x_wconf 83' lang='lat' dir='ltr'>evidens</span> <span class='ocrx_word' id='word_1_707' title='bbox 800 5166 1086 5222; x_wconf 88' lang='lat' dir='ltr'>habemus</span> <span class='ocrx_word' id='word_1_708' title='bbox 1118 5166 1698 5232; x_wconf 78' lang='lat' dir='ltr'>testiinonium.Quid</span> <span class='ocrx_word' id='word_1_709' title='bbox 1732 5160 1877 5224; x_wconf 74' lang='lat' dir='ltr'>adeo</span> 
     </span>
    </p>
   </div>
   <div class='ocr_carea' id='block_1_102' title="bbox 210 5254 1875 5330">
    <p class='ocr_par' dir='ltr' id='par_1_102' title="bbox 210 5254 1875 5330">
     <span class='ocr_line' id='line_1_102' title="bbox 210 5254 1875 5330; baseline -0.001 -17"><span class='ocrx_word' id='word_1_710' title='bbox 210 5274 368 5330; x_wconf 86' lang='lat' dir='ltr'>opus</span> <span class='ocrx_word' id='word_1_711' title='bbox 405 5261 516 5323; x_wconf 88' lang='lat' dir='ltr'>est,</span> <span class='ocrx_word' id='word_1_712' title='bbox 551 5273 705 5312; x_wconf 90' lang='lat' dir='ltr'>nunc</span> <span class='ocrx_word' id='word_1_713' title='bbox 756 5254 991 5328; x_wconf 88' lang='lat' dir='ltr'>inquiri,</span> <span class='ocrx_word' id='word_1_714' title='bbox 1024 5256 1177 5327; x_wconf 88' lang='lat' dir='ltr'>quod</span> <span class='ocrx_word' id='word_1_715' title='bbox 1230 5260 1349 5310; x_wconf 88' lang='lat' dir='ltr'>tam</span> <span class='ocrx_word' id='word_1_716' title='bbox 1398 5254 1571 5327; x_wconf 87' lang='lat' dir='ltr'>longo</span> <span class='ocrx_word' id='word_1_717' title='bbox 1618 5261 1875 5328; x_wconf 91' lang='lat' dir='ltr'>tempore</span> 
     </span>
    </p>
   </div>
   <div class='ocr_carea' id='block_1_103' title="bbox 211 5344 1878 5418">
    <p class='ocr_par' dir='ltr' id='par_1_103' title="bbox 211 5344 1878 5418">
     <span class='ocr_line' id='line_1_103' title="bbox 211 5344 1878 5418; baseline -0.001 -16"><span class='ocrx_word' id='word_1_718' title='bbox 211 5347 396 5418; x_wconf 77' lang='lat' dir='ltr'>cmpit</span> <span class='ocrx_word' id='word_1_719' title='bbox 418 5346 637 5402; x_wconf 91' lang='lat' dir='ltr'>dedisci</span> <span class='ocrx_word' id='word_1_720' title='bbox 655 5346 683 5400; x_wconf 83' lang='lat'><strong>?</strong></span> <span class='ocrx_word' id='word_1_721' title='bbox 710 5350 968 5402; x_wconf 88' lang='lat' dir='ltr'>attamen</span> <span class='ocrx_word' id='word_1_722' title='bbox 1001 5361 1073 5400; x_wconf 93' lang='lat' dir='ltr'>ne</span> <span class='ocrx_word' id='word_1_723' title='bbox 1096 5344 1437 5415; x_wconf 83' lang='lat' dir='ltr'>hujusmodi</span> <span class='ocrx_word' id='word_1_724' title='bbox 1462 5345 1707 5400; x_wconf 88' lang='lat' dir='ltr'>scientia</span> <span class='ocrx_word' id='word_1_725' title='bbox 1729 5347 1878 5401; x_wconf 85' lang='lat' dir='ltr'>frau-</span> 
     </span>
    </p>
   </div>
   <div class='ocr_carea' id='block_1_104' title="bbox 216 5432 1875 5506">
    <p class='ocr_par' dir='ltr' id='par_1_104' title="bbox 216 5432 1875 5506">
     <span class='ocr_line' id='line_1_104' title="bbox 216 5432 1875 5506; baseline -0.001 -17"><span class='ocrx_word' id='word_1_726' title='bbox 216 5435 400 5503; x_wconf 86' lang='lat' dir='ltr'>deris,</span> <span class='ocrx_word' id='word_1_727' title='bbox 435 5433 569 5490; x_wconf 91' lang='lat' dir='ltr'>talis</span> <span class='ocrx_word' id='word_1_728' title='bbox 619 5433 920 5506; x_wconf 89' lang='lat' dir='ltr'>inscriptio</span> <span class='ocrx_word' id='word_1_729' title='bbox 971 5450 1147 5505; x_wconf 88' lang='lat' dir='ltr'>super</span> <span class='ocrx_word' id='word_1_730' title='bbox 1190 5432 1298 5488; x_wconf 92' lang='lat' dir='ltr'>hac</span> <span class='ocrx_word' id='word_1_731' title='bbox 1346 5450 1406 5488; x_wconf 88' lang='lat' dir='ltr'>re</span> <span class='ocrx_word' id='word_1_732' title='bbox 1438 5432 1686 5489; x_wconf 85' lang='lat' dir='ltr'>habetur</span> <span class='ocrx_word' id='word_1_733' title='bbox 1720 5435 1776 5488; x_wconf 92' lang='lat' dir='ltr'>in</span> <span class='ocrx_word' id='word_1_734' title='bbox 1809 5433 1875 5487; x_wconf 92' lang='lat' dir='ltr'>li-</span> 
     </span>
    </p>
   </div>
   <div class='ocr_carea' id='block_1_105' title="bbox 214 5520 1877 5581">
    <p class='ocr_par' dir='ltr' id='par_1_105' title="bbox 214 5520 1877 5581">
     <span class='ocr_line' id='line_1_105' title="bbox 214 5520 1877 5581; baseline -0.003 0"><span class='ocrx_word' id='word_1_735' title='bbox 214 5524 349 5581; x_wconf 86' lang='lat' dir='ltr'>bris</span> <span class='ocrx_word' id='word_1_736' title='bbox 396 5524 614 5581; x_wconf 86' lang='lat' dir='ltr'>nostris</span> <span class='ocrx_word' id='word_1_737' title='bbox 647 5542 660 5578; x_wconf 89' lang='lat'>:</span> <span class='ocrx_word' id='word_1_738' title='bbox 694 5523 752 5579; x_wconf 91' lang='lat' dir='ltr'>Si</span> <span class='ocrx_word' id='word_1_739' title='bbox 800 5522 1098 5579; x_wconf 88' lang='lat' dir='ltr'>evenerint</span> <span class='ocrx_word' id='word_1_740' title='bbox 1144 5520 1451 5578; x_wconf 88' lang='lat' dir='ltr'>duodecim</span> <span class='ocrx_word' id='word_1_741' title='bbox 1502 5522 1777 5579; x_wconf 89' lang='lat' dir='ltr'>lectiones</span> <span class='ocrx_word' id='word_1_742' title='bbox 1820 5522 1877 5577; x_wconf 89' lang='lat' dir='ltr'>in</span> 
     </span>
    </p>
   </div>
   <div class='ocr_carea' id='block_1_106' title="bbox 217 5611 1881 5685">
    <p class='ocr_par' dir='ltr' id='par_1_106' title="bbox 217 5611 1881 5685">
     <span class='ocr_line' id='line_1_106' title="bbox 217 5611 1881 5685; baseline -0.002 -14"><span class='ocrx_word' id='word_1_743' title='bbox 217 5614 476 5672; x_wconf 79' lang='lat' dir='ltr'>Sabbato</span> <span class='ocrx_word' id='word_1_744' title='bbox 526 5618 726 5672; x_wconf 88' lang='lat' dir='ltr'>sancto</span> <span class='ocrx_word' id='word_1_745' title='bbox 765 5613 1152 5682; x_wconf 88' lang='lat' dir='ltr'>Pentecostes,</span> <span class='ocrx_word' id='word_1_746' title='bbox 1186 5616 1324 5668; x_wconf 92' lang='lat' dir='ltr'>tunc</span> <span class='ocrx_word' id='word_1_747' title='bbox 1376 5611 1435 5667; x_wconf 90' lang='lat' dir='ltr'>in</span> <span class='ocrx_word' id='word_1_748' title='bbox 1485 5617 1691 5685; x_wconf 81' lang='lat' dir='ltr'>quarta</span> <span class='ocrx_word' id='word_1_749' title='bbox 1740 5612 1881 5669; x_wconf 89' lang='lat' dir='ltr'>feria</span> 
     </span>
    </p>
   </div>
   <div class='ocr_carea' id='block_1_107' title="bbox 1985 4630 3635 4706">
    <p class='ocr_par' dir='ltr' id='par_1_107' title="bbox 1985 4630 3635 4706">
     <span class='ocr_line' id='line_1_107' title="bbox 1985 4630 3635 4706; baseline 0.001 -18"><span class='ocrx_word' id='word_1_750' title='bbox 1985 4634 2238 4706; x_wconf 90' lang='lat' dir='ltr'>pondere</span> <span class='ocrx_word' id='word_1_751' title='bbox 2297 4631 2512 4697; x_wconf 88' lang='lat' dir='ltr'>curavi,</span> <span class='ocrx_word' id='word_1_752' title='bbox 2547 4630 2855 4687; x_wconf 87' lang='lat' dir='ltr'>consulere</span> <span class='ocrx_word' id='word_1_753' title='bbox 2914 4631 3113 4688; x_wconf 86' lang='lat' dir='ltr'>volens</span> <span class='ocrx_word' id='word_1_754' title='bbox 3165 4632 3361 4701; x_wconf 87' lang='lat' dir='ltr'>etiam,</span> <span class='ocrx_word' id='word_1_755' title='bbox 3396 4633 3446 4688; x_wconf 90' lang='lat' dir='ltr'>si</span> <span class='ocrx_word' id='word_1_756' title='bbox 3500 4649 3635 4705; x_wconf 87' lang='lat' dir='ltr'>pos-</span> 
     </span>
    </p>
   </div>
   <div class='ocr_carea' id='block_1_108' title="bbox 1983 4720 3632 4793">
    <p class='ocr_par' dir='ltr' id='par_1_108' title="bbox 1983 4720 3632 4793">
     <span class='ocr_line' id='line_1_108' title="bbox 1983 4720 3632 4793; baseline 0 -16"><span class='ocrx_word' id='word_1_757' title='bbox 1983 4740 2136 4789; x_wconf 91' lang='lat' dir='ltr'>sum,</span> <span class='ocrx_word' id='word_1_758' title='bbox 2175 4721 2287 4776; x_wconf 88' lang='lat' dir='ltr'>mei</span> <span class='ocrx_word' id='word_1_759' title='bbox 2321 4720 2605 4776; x_wconf 88' lang='lat' dir='ltr'>similium</span> <span class='ocrx_word' id='word_1_760' title='bbox 2637 4720 2966 4793; x_wconf 66' lang='lat' dir='ltr'>imperitiae,</span> <span class='ocrx_word' id='word_1_761' title='bbox 2998 4720 3098 4793; x_wconf 89' lang='lat' dir='ltr'>qui</span> <span class='ocrx_word' id='word_1_762' title='bbox 3126 4726 3213 4778; x_wconf 90' lang='lat' dir='ltr'>tot</span> <span class='ocrx_word' id='word_1_763' title='bbox 3244 4722 3473 4778; x_wconf 85' lang='lat' dir='ltr'>alleluia</span> <span class='ocrx_word' id='word_1_764' title='bbox 3516 4739 3632 4777; x_wconf 91' lang='lat' dir='ltr'>non</span> 
     </span>
    </p>
   </div>
   <div class='ocr_carea' id='block_1_109' title="bbox 1984 4809 3633 4881">
    <p class='ocr_par' dir='ltr' id='par_1_109' title="bbox 1984 4809 3633 4881">
     <span class='ocr_line' id='line_1_109' title="bbox 1984 4809 3633 4881; baseline -0.001 -16"><span class='ocrx_word' id='word_1_765' title='bbox 1984 4815 2199 4865; x_wconf 89' lang='lat' dir='ltr'>norunt</span> <span class='ocrx_word' id='word_1_766' title='bbox 2230 4813 2481 4865; x_wconf 87' lang='lat' dir='ltr'>cantare.</span> <span class='ocrx_word' id='word_1_767' title='bbox 2514 4810 2605 4864; x_wconf 89' lang='lat' dir='ltr'>Sic</span> <span class='ocrx_word' id='word_1_768' title='bbox 2632 4809 2691 4863; x_wconf 90' lang='lat' dir='ltr'>in</span> <span class='ocrx_word' id='word_1_769' title='bbox 2724 4810 2978 4881; x_wconf 89' lang='lat' dir='ltr'>quodam</span> <span class='ocrx_word' id='word_1_770' title='bbox 3026 4809 3221 4866; x_wconf 89' lang='lat' dir='ltr'>libello</span> <span class='ocrx_word' id='word_1_771' title='bbox 3269 4811 3339 4866; x_wconf 91' lang='lat' dir='ltr'>de</span> <span class='ocrx_word' id='word_1_772' title='bbox 3385 4810 3496 4865; x_wconf 90' lang='lat' dir='ltr'>hoc</span> <span class='ocrx_word' id='word_1_773' title='bbox 3541 4827 3633 4865; x_wconf 89' lang='lat' dir='ltr'>or-</span> 
     </span>
    </p>
   </div>
   <div class='ocr_carea' id='block_1_110' title="bbox 1984 4898 3634 4972">
    <p class='ocr_par' dir='ltr' id='par_1_110' title="bbox 1984 4898 3634 4972">
     <span class='ocr_line' id='line_1_110' title="bbox 1984 4898 3634 4972; baseline 0 -19"><span class='ocrx_word' id='word_1_774' title='bbox 1984 4899 2116 4954; x_wconf 90' lang='lat' dir='ltr'>dine</span> <span class='ocrx_word' id='word_1_775' title='bbox 2144 4898 2257 4972; x_wconf 85' lang='lat' dir='ltr'>legi</span> <span class='ocrx_word' id='word_1_776' title='bbox 2291 4917 2393 4970; x_wconf 89' lang='lat' dir='ltr'>per</span> <span class='ocrx_word' id='word_1_777' title='bbox 2430 4898 2694 4971; x_wconf 86' lang='lat' dir='ltr'>singulas</span> <span class='ocrx_word' id='word_1_778' title='bbox 2743 4898 3055 4967; x_wconf 84' lang='lat' dir='ltr'>orationes,</span> <span class='ocrx_word' id='word_1_779' title='bbox 3088 4900 3372 4955; x_wconf 90' lang='lat' dir='ltr'>debemus</span> <span class='ocrx_word' id='word_1_780' title='bbox 3419 4898 3634 4954; x_wconf 90' lang='lat' dir='ltr'>mentis</span> 
     </span>
    </p>
   </div>
   <div class='ocr_carea' id='block_1_111' title="bbox 1982 4987 3636 5060">
    <p class='ocr_par' dir='ltr' id='par_1_111' title="bbox 1982 4987 3636 5060">
     <span class='ocr_line' id='line_1_111' title="bbox 1982 4987 3636 5060; baseline -0.001 -17"><span class='ocrx_word' id='word_1_781' title='bbox 1982 4987 2376 5043; x_wconf 89' lang='lat' dir='ltr'>humilitatem</span> <span class='ocrx_word' id='word_1_782' title='bbox 2410 5005 2511 5059; x_wconf 92' lang='lat' dir='ltr'>per</span> <span class='ocrx_word' id='word_1_783' title='bbox 2536 5004 2794 5060; x_wconf 87' lang='lat' dir='ltr'>genuum</span> <span class='ocrx_word' id='word_1_784' title='bbox 2818 4988 3127 5043; x_wconf 83' lang='lat' dir='ltr'>ﬂexionem</span> <span class='ocrx_word' id='word_1_785' title='bbox 3150 4988 3636 5054; x_wconf 88' lang='lat' dir='ltr'>ostendere,exce-</span> 
     </span>
    </p>
   </div>
   <div class='ocr_carea' id='block_1_112' title="bbox 1984 5075 3636 5151">
    <p class='ocr_par' dir='ltr' id='par_1_112' title="bbox 1984 5075 3636 5151">
     <span class='ocr_line' id='line_1_112' title="bbox 1984 5075 3636 5151; baseline 0.001 -19"><span class='ocrx_word' id='word_1_786' title='bbox 1984 5082 2081 5151; x_wconf 86' lang='lat' dir='ltr'>pto</span> <span class='ocrx_word' id='word_1_787' title='bbox 2114 5077 2264 5132; x_wconf 81' lang='lat' dir='ltr'>intra</span> <span class='ocrx_word' id='word_1_788' title='bbox 2296 5077 2693 5132; x_wconf 87' lang='lat' dir='ltr'>Pentecosten.</span> <span class='ocrx_word' id='word_1_789' title='bbox 2729 5076 2790 5130; x_wconf 91' lang='lat' dir='ltr'>In</span> <span class='ocrx_word' id='word_1_790' title='bbox 2824 5075 2949 5131; x_wconf 89' lang='lat' dir='ltr'>sola</span> <span class='ocrx_word' id='word_1_791' title='bbox 2988 5077 3246 5132; x_wconf 89' lang='lat' dir='ltr'>oratione</span> <span class='ocrx_word' id='word_1_792' title='bbox 3288 5077 3359 5132; x_wconf 90' lang='lat' dir='ltr'>de</span> <span class='ocrx_word' id='word_1_793' title='bbox 3407 5077 3636 5134; x_wconf 90' lang='lat' dir='ltr'>camino</span> 
     </span>
    </p>
   </div>
   <div class='ocr_carea' id='block_1_113' title="bbox 1983 5165 3635 5239">
    <p class='ocr_par' dir='ltr' id='par_1_113' title="bbox 1983 5165 3635 5239">
     <span class='ocr_line' id='line_1_113' title="bbox 1983 5165 3635 5239; baseline 0.001 -18"><span class='ocrx_word' id='word_1_794' title='bbox 1983 5166 2135 5239; x_wconf 84' lang='lat' dir='ltr'>ignis</span> <span class='ocrx_word' id='word_1_795' title='bbox 2168 5184 2281 5221; x_wconf 91' lang='lat' dir='ltr'>non</span> <span class='ocrx_word' id='word_1_796' title='bbox 2315 5165 2603 5220; x_wconf 89' lang='lat' dir='ltr'>ﬂectimus</span> <span class='ocrx_word' id='word_1_797' title='bbox 2624 5166 3076 5238; x_wconf 86' lang='lat' dir='ltr'>genua,quando</span> <span class='ocrx_word' id='word_1_798' title='bbox 3099 5165 3635 5223; x_wconf 90' lang='lat' dir='ltr'>Nabuchodonosor</span> 
     </span>
    </p>
   </div>
   <div class='ocr_carea' id='block_1_114' title="bbox 1985 5253 3638 5329">
    <p class='ocr_par' dir='ltr' id='par_1_114' title="bbox 1985 5253 3638 5329">
     <span class='ocr_line' id='line_1_114' title="bbox 1985 5253 3638 5329; baseline 0.001 -18"><span class='ocrx_word' id='word_1_799' title='bbox 1985 5256 2371 5327; x_wconf 87' lang='lat' dir='ltr'>compellebat</span> <span class='ocrx_word' id='word_1_800' title='bbox 2386 5253 2557 5326; x_wconf 89' lang='lat' dir='ltr'>popul</span> <span class='ocrx_word' id='word_1_801' title='bbox 2569 5273 2599 5307; x_wconf 92' lang='lat' dir='ltr'>u</span> <span class='ocrx_word' id='word_1_802' title='bbox 2611 5272 2666 5310; x_wconf 90' lang='lat' dir='ltr'>m</span> <span class='ocrx_word' id='word_1_803' title='bbox 2681 5254 2921 5309; x_wconf 90' lang='lat' dir='ltr'>adorare</span> <span class='ocrx_word' id='word_1_804' title='bbox 2935 5259 3189 5311; x_wconf 86' lang='lat' dir='ltr'>statuam</span> <span class='ocrx_word' id='word_1_805' title='bbox 3203 5272 3381 5327; x_wconf 91' lang='lat' dir='ltr'>quam</span> <span class='ocrx_word' id='word_1_806' title='bbox 3401 5255 3638 5329; x_wconf 87' lang='lat' dir='ltr'>fecerat,</span> 
     </span>
    </p>
   </div>
   <div class='ocr_carea' id='block_1_115' title="bbox 1989 5343 3639 5417">
    <p class='ocr_par' dir='ltr' id='par_1_115' title="bbox 1989 5343 3639 5417">
     <span class='ocr_line' id='line_1_115' title="bbox 1989 5343 3639 5417; baseline 0 -16"><span class='ocrx_word' id='word_1_807' title='bbox 1989 5352 2052 5401; x_wconf 90' lang='lat' dir='ltr'>ut</span> <span class='ocrx_word' id='word_1_808' title='bbox 2082 5348 2351 5417; x_wconf 84' lang='lat' dir='ltr'>separata</span> <span class='ocrx_word' id='word_1_809' title='bbox 2401 5344 2477 5397; x_wconf 88' lang='lat' dir='ltr'>sit</span> <span class='ocrx_word' id='word_1_810' title='bbox 2525 5348 2726 5398; x_wconf 90' lang='lat' dir='ltr'>nostra</span> <span class='ocrx_word' id='word_1_811' title='bbox 2777 5343 2981 5409; x_wconf 88' lang='lat' dir='ltr'>oratio,</span> <span class='ocrx_word' id='word_1_812' title='bbox 3014 5360 3141 5416; x_wconf 62' lang='lat' dir='ltr'>qua)</span> <span class='ocrx_word' id='word_1_813' title='bbox 3194 5349 3283 5401; x_wconf 88' lang='lat' dir='ltr'>est</span> <span class='ocrx_word' id='word_1_814' title='bbox 3329 5344 3402 5401; x_wconf 89' lang='lat' dir='ltr'>ad</span> <span class='ocrx_word' id='word_1_815' title='bbox 3454 5363 3639 5402; x_wconf 90' lang='lat' dir='ltr'>unum</span> 
     </span>
    </p>
   </div>
   <div class='ocr_carea' id='block_1_116' title="bbox 1988 5431 3641 5503">
    <p class='ocr_par' dir='ltr' id='par_1_116' title="bbox 1988 5431 3641 5503">
     <span class='ocr_line' id='line_1_116' title="bbox 1988 5431 3641 5503; baseline 0.001 -14"><span class='ocrx_word' id='word_1_816' title='bbox 1988 5434 2274 5501; x_wconf 83' lang='lat' dir='ltr'>Deum,ab</span> <span class='ocrx_word' id='word_1_817' title='bbox 2309 5449 2500 5488; x_wconf 84' lang='lat' dir='ltr'>errore</span> <span class='ocrx_word' id='word_1_818' title='bbox 2521 5431 3080 5503; x_wconf 78' lang='lat' dir='ltr'>gentiuin.Similein</span> <span class='ocrx_word' id='word_1_819' title='bbox 3104 5434 3177 5489; x_wconf 92' lang='lat' dir='ltr'>ob</span> <span class='ocrx_word' id='word_1_820' title='bbox 3200 5452 3437 5491; x_wconf 89' lang='lat' dir='ltr'>causam</span> <span class='ocrx_word' id='word_1_821' title='bbox 3465 5434 3641 5491; x_wconf 90' lang='lat' dir='ltr'>etiam</span> 
     </span>
    </p>
   </div>
   <div class='ocr_carea' id='block_1_117' title="bbox 1988 5523 3639 5598">
    <p class='ocr_par' dir='ltr' id='par_1_117' title="bbox 1988 5523 3639 5598">
     <span class='ocr_line' id='line_1_117' title="bbox 1988 5523 3639 5598; baseline 0.001 -21"><span class='ocrx_word' id='word_1_822' title='bbox 1988 5523 2045 5577; x_wconf 91' lang='lat' dir='ltr'>in</span> <span class='ocrx_word' id='word_1_823' title='bbox 2081 5523 2390 5578; x_wconf 72' lang='lat' dir='ltr'>l‘arascevc</span> <span class='ocrx_word' id='word_1_824' title='bbox 2419 5538 2611 5593; x_wconf 74' lang='lat' dir='ltr'>genua</span> <span class='ocrx_word' id='word_1_825' title='bbox 2642 5540 2756 5577; x_wconf 82' lang='lat' dir='ltr'>non</span> <span class='ocrx_word' id='word_1_826' title='bbox 2790 5523 3078 5580; x_wconf 88' lang='lat' dir='ltr'>ﬂectimus</span> <span class='ocrx_word' id='word_1_827' title='bbox 3118 5541 3221 5597; x_wconf 90' lang='lat' dir='ltr'>pro</span> <span class='ocrx_word' id='word_1_828' title='bbox 3271 5525 3510 5598; x_wconf 86' lang='lat' dir='ltr'>perﬁdis</span> <span class='ocrx_word' id='word_1_829' title='bbox 3534 5524 3639 5581; x_wconf 89' lang='lat' dir='ltr'>Ju-</span> 
     </span>
    </p>
   </div>
   <div class='ocr_carea' id='block_1_118' title="bbox 1989 5610 3636 5685">
    <p class='ocr_par' dir='ltr' id='par_1_118' title="bbox 1989 5610 3636 5685">
     <span class='ocr_line' id='line_1_118' title="bbox 1989 5610 3636 5685; baseline -0.001 -17"><span class='ocrx_word' id='word_1_830' title='bbox 1989 5612 2149 5679; x_wconf 79' lang='lat' dir='ltr'>daeis,</span> <span class='ocrx_word' id='word_1_831' title='bbox 2179 5611 2277 5685; x_wconf 85' lang='lat' dir='ltr'>qui</span> <span class='ocrx_word' id='word_1_832' title='bbox 2313 5610 2609 5667; x_wconf 87' lang='lat' dir='ltr'>illudendo</span> <span class='ocrx_word' id='word_1_833' title='bbox 2658 5628 2851 5684; x_wconf 88' lang='lat' dir='ltr'>genua</span> <span class='ocrx_word' id='word_1_834' title='bbox 2899 5613 3211 5671; x_wconf 86' lang='lat' dir='ltr'>ﬂectebant</span> <span class='ocrx_word' id='word_1_835' title='bbox 3257 5631 3452 5672; x_wconf 88' lang='lat' dir='ltr'>coram</span> <span class='ocrx_word' id='word_1_836' title='bbox 3500 5613 3636 5671; x_wconf 92' lang='lat' dir='ltr'>Deo.</span> 
     </span>
    </p>
   </div>
  </div>
