4026 6184
225 294 370 361 4681

1046 297 1196 361 LIB.
1242 297 1343 360 DE
1386 295 1987 362 CELEBRATIONE
2029 298 2449 367 ADVENTUS
2494 301 2799 367 DOMINI.

3472 306 3630 369 1082

222 448 338 490 non
367 429 865 517 inconvenienter,
883 435 951 489 ut
975 448 1124 502 reor,
1146 436 1385 506 propter
1409 434 1668 507 quinque
1687 431 1868 505 hujus
1896 435 1951 502 Α
1982 438 2146 490 retur
2188 435 2420 493 Gabriel
2478 435 2863 512 archangelus
2917 434 3136 495 missus
3165 436 3237 495 ad
3268 437 3632 513 Zachariam,

224 521 417 579 seaculi
450 521 746 587 atates,in
772 520 991 594 quibus
1020 522 1346 578 humanum
1380 539 1567 597 genus
1597 523 1869 596 subjugo
1976 524 2246 581 videlicet
2292 526 2537 583 nuntius
2589 527 2910 584 nativitatis
2960 528 3334 601 praecursoris
3378 528 3629 586 Domini.

224 610 441 668 diaboli
486 611 780 683 captivum
812 611 1136 677 tenebatur,
1169 628 1479 685 quousque
1509 629 1612 685 per
1642 612 1869 669 intactae
1978 615 2195 671 Verum
2246 615 2423 671 etiam
2474 619 2530 673 et
2578 616 2885 690 prophetia
2939 616 3225 673 Zachariae
3268 618 3339 673 de
3367 619 3633 675 Adventu

222 699 482 774 Virginis
500 702 732 756 uterum
755 701 1048 757 nascendo
1068 717 1243 757 cerne
1264 706 1587 775 appareret,
1623 702 1721 775 qui
1743 720 1868 759 car-

224 790 315 847 nis
335 793 573 862 peccata
593 806 694 862 per
712 790 805 846 sui
831 790 1089 863 corporis
1120 790 1373 847 hostiam
1395 790 1651 847 aboleret
1673 796 1731 847 et
1756 792 1871 847 ini-

222 879 373 935 tium
406 881 576 935 sextze
610 880 912 951 sequentis
943 879 1128 935 aetatis
1158 879 1563 936 sanctificeret.
1595 880 1699 936 Vel
1733 881 1874 953 quia

220 967 465 1025 interior
487 971 686 1024 noster
714 968 892 1024 homo
921 984 1024 1039 per
1066 969 1327 1042 quinque
1370 986 1580 1026 sensus
1611 971 1871 1044 corporis

220 1057 639 1129 corrumpitur,
682 1057 764 1113 ita
810 1062 875 1113 ut
915 1058 976 1113 in
1018 1058 1186 1114 nobis
1214 1076 1373 1115 mors
1398 1064 1688 1132 operetur,
1721 1061 1874 1116 sicut

220 1145 509 1219 propheta
526 1145 667 1202 dicit
691 1163 704 1201 :
729 1146 993 1203 Introivit
1016 1164 1175 1203 mors
1188 1165 1298 1219 per
1314 1150 1602 1220 fenestras
1623 1155 1872 1218 vestras,-

219 1239 519 1310 quetenus
541 1234 601 1290 in
632 1234 725 1292 his
757 1235 1019 1309 quinque
1050 1236 1518 1293 hebdomadibus
1550 1237 1872 1310 hospitium

220 1323 440 1397 mentis
460 1323 546 1379 illi
568 1324 688 1398 regi
716 1328 915 1381 nostro
948 1331 1322 1398 praeparetur,
1338 1343 1511 1399 quem
1536 1326 1876 1400 prophetica

217 1414 395 1470 lectio
416 1414 476 1469 in
499 1414 629 1488 ipsa
647 1413 1019 1471 hebdomade
1048 1416 1254 1487 quinta
1272 1415 1366 1471 his
1388 1415 1580 1472 verbis
1611 1434 1874 1488 pronun—

216 1503 330 1560 tiat
358 1507 671 1560 venturum
698 1520 711 1559 :
743 1506 892 1561 Ecce
921 1504 1047 1561 dies
1078 1504 1487 1573 veniunt,dioit
1511 1507 1803 1575 Dominus,
1819 1513 1877 1564 et

214 1593 514 1650 suscitabo
542 1593 735 1651 David
763 1609 1001 1665 germen
1016 1597 1267 1666 justum.

292 1684 443 1738 Item
472 1681 533 1737 in
562 1681 984 1755 Antiphonario
1015 1684 1226 1739 diurno
1253 1688 1384 1757 post
1406 1685 1518 1740 tria
1550 1684 1740 1740 officia
1761 1690 1877 1741 sta-

212 1771 327 1875 tim
358 1769 630 1875 sequitur
648 1769 968 1845 jejunium,
986 1771 1195 1828 deinde
1219 1772 1525 1873 Dominica
1537 1778 1798 1875 vacet,ut
1810 1792 1876 1831 ex
1907 1810 1957 1875 Β

214 1858 334 1916 hoc
358 1859 587 1932 liquido
617 1862 1030 1933 comprobetur
1053 1865 1340 1933 quantum
1367 1862 1542 1919 etiam
1565 1863 1764 1935 inlhoc
1786 1864 1880 1920 de-

209 1947 497 2021 linquant
515 1949 615 2022 qui
634 1949 695 2004 in
714 1950 985 2023 praesenti
1006 1967 1159 2006 anno
1167 1951 1647 2025 jejunium,quod
1663 1970 1877 2025 praece-

213 2037 360 2094 dere
388 2038 612 2107 debuit,
644 2044 777 2113 post
806 2039 1171 2096 Dominicam
1231 2058 1362 2114 quae
1414 2047 1581 2099 vacat
1628 2050 1875 2116 ponunt,

213 2128 551 2184 Adventum
583 2127 812 2185 Domini
844 2129 1187 2187 inchoantes
1217 2149 1273 2187 v1
1305 2131 1427 2188 Kal.
1463 2133 1732 2189 Decemb.

291 2217 461 2285 Quod
484 2216 533 2273 si
560 2217 670 2273 hoc
695 2222 963 2275 caventes
994 2219 1159 2292 prius
1183 2220 1476 2291 jejunant,
1496 2220 1879 2279 nihilominus

214 2310 431 2361 contra
451 2304 691 2362 Patrum
715 2306 987 2363 instituta
1005 2316 1206 2380 agunt,
1228 2308 1636 2381 quijejunium
1667 2312 1880 2368 decimi

215 2394 452 2451 mensis
478 2410 711 2469 semper
738 2394 797 2451 in
831 2396 1094 2468 proximo
1114 2397 1366 2455 Sebbato
1392 2403 1526 2455 ante
1544 2400 1746 2457 Natale
1767 2401 1877 2459 Do-

212 2483 375 2539 mini
415 2483 831 2541 celebrandum
883 2490 1235 2542 statuerunt.
1269 2487 1717 2551 Quaternarium
1747 2507 1879 2547 vero

213 2587 563 2641 numerum,
587 2589 782 2645 quem,
817 2578 883 2630 ut
914 2591 1093 2647 supra
1121 2575 1546 2643 notevimus,S.
1568 2578 1880 2652 Gregorius

212 2660 276 2717 in
313 2664 531 2733 quarta
558 2662 863 2719 Dominica
892 2664 962 2720 de
991 2664 1255 2720 Adventu
1284 2666 1513 2722 Domini
1546 2668 1757 2724 diebus
1778 2686 1881 2741 po-

212 2748 348 2808 suit
364 2749 466 2805 tali
485 2748 787 2808 celebrans
808 2757 1173 2809 sacramento
1191 2772 1203 2810 :
1220 2754 1489 2823 utbomo,
1506 2756 1606 2828 qui
1630 2762 1883 2829 quatuor

213 2838 502 2895 consistit
528 2838 853 2907 elementis,
887 2858 991 2913 per
1020 2847 1277 2914 quatuor
1322 2844 1722 2902 hebdomadas
1751 2847 1880 2919 ejus

209 2931 523 2999 exspectet
549 2928 902 2997 Adventum,
935 2947 1111 3002 quem
1142 2949 1245 3004 per
1286 2937 1406 2989 tres
1437 2934 1674 2991 ordines
1702 2934 1878 2991 libro-

210 3033 384 3085 rum,
418 3015 565 3090 legis
589 3017 832 3087 scilicet,
864 3018 1306 3092 prophetarum,
1342 3021 1707 3094 psalmorum
1740 3024 1879 3081 olim

210 3105 521 3179 promisit,
553 3110 611 3162 et
638 3123 743 3180 per
769 3112 1070 3181 quartum,
1102 3109 1159 3165 id
1183 3114 1272 3165 est
1303 3110 1658 3184 principium
1688 3113 1877 3169 Evan-

1982 704 2241 777 Domini,
2264 709 2319 760 ct
2335 704 2566 761 Gabriel
2586 706 2808 762 missus
2826 707 2896 762 ad
2918 705 3161 763 Mariam
3182 706 3468 779 virginem
3498 724 3631 764 ner-

1982 810 2119 849 rans
2158 792 2209 849 ei
2261 795 2698 866 conceptionem
2742 794 3054 852 Selvatoris
3107 796 3312 863 nostri,
3345 798 3402 852 et
3430 800 3636 853 cetera

1981 882 2121 938 talia
2152 899 2338 954 usque
2388 883 2461 938 ad
2512 883 2701 955 ipsam
2752 884 3144 940 Nativitetem.
3178 884 3397 956 Nempe
3426 888 3483 942 et
3508 886 3635 959 ipsa

1982 975 2192 1044 quarta
2222 971 2608 1040 hebdomade,
2643 972 2751 1029 hoc
2781 978 2889 1041 est,
2922 990 3049 1046 qua:
3089 972 3356 1045 proxime
3385 976 3473 1031 est
3502 978 3635 1031 ante

1983 1060 2184 1117 Natale
2216 1061 2469 1128 Domini,
2503 1062 2621 1118 sive
2674 1061 2731 1117 in
2783 1079 2900 1135 qua
2945 1061 3286 1133 celebratur,
3320 1062 3636 1137 singularis

1984 1152 2090 1206 est.
2124 1150 2311 1205 Habet
2340 1150 2399 1206 in
2433 1150 2763 1206 matutinali
2795 1150 2986 1207 officio
3024 1167 3127 1223 per
3156 1164 3635 1225 unamquamque

1984 1238 2187 1295 feriam
2220 1239 2572 1312 antiphonas
2604 1239 2868 1312 proprias
2892 1240 2948 1295 in
2973 1239 3315 1312 psalmis.Et
3331 1240 3443 1298 alio
3461 1241 3635 1298 modo

1985 1334 2187 1384 auctor
2216 1329 2556 1385 Lectionarii
2589 1330 2758 1385 docet
2788 1344 2895 1385 nos
2925 1345 3102 1401 quem
3136 1330 3303 1386 fortis
3333 1329 3409 1386 sit
3437 1330 3635 1387 Domi-

1985 1435 2119 1483 nus,
2147 1416 2247 1491 qui
2266 1422 2547 1473 venturus
2577 1421 2665 1474 est
2693 1418 2765 1473 ad
2796 1434 2925 1485 nos,
2949 1422 3005 1474 et
3036 1417 3362 1474 intraturus
3392 1419 3635 1476 domum

1984 1510 2268 1574 nostram,
2299 1508 2364 1561 ut
2388 1506 2448 1561 in
2479 1522 2547 1562 ea
2576 1506 2818 1573 habitet,
2839 1522 3017 1579 quam
3049 1506 3308 1564 solemus
3337 1507 3638 1565 sordidare

1986 1594 2246 1668 quinque
2276 1594 2546 1651 sensibus
2578 1595 2814 1652 nostris.
2839 1594 3031 1652 Illices
3059 1595 3257 1651 formae
3286 1593 3507 1653 intrant
3534 1611 3640 1668 per

1986 1682 2482 1756 oculos,suspicio
2514 1682 2672 1741 mala
2702 1683 2772 1740 de
2804 1684 2979 1741 fratre
3009 1700 3113 1757 per
3143 1683 3641 1753 aures,odorlibi-

1987 1773 2229 1830 dinosus
2280 1790 2382 1845 per
2438 1790 2629 1842 nares,
2664 1790 2767 1846 per
2816 1790 2882 1829 os
2936 1772 3222 1846 ingluvies
3277 1772 3505 1848 polluit,
3536 1789 3641 1847 per

1986 1866 2210 1919 tectum
2243 1860 2577 1918 crudelitas.
2595 1863 2658 1919 In
2676 1862 2951 1919 sordibus
2973 1879 3087 1919 non
3120 1861 3245 1918 vult
3262 1861 3524 1919 habitare
3540 1878 3640 1919 rex

1984 1954 2286 2008 venturus.
2319 1951 2441 2007 Nisi
2487 1950 2686 2023 itaque
2731 1953 3017 2024 purgetur
3061 1950 3406 2023 hospitium,
3440 1954 3505 2007 ut
3533 1967 3639 2008 nec

1988 2041 2195 2097 saltem
2226 2040 2417 2113 pulvis
2446 2039 2656 2096 talium
2687 2039 3166 2112 phantasmatum
3194 2042 3638 2107 remeneat,non

1988 2129 2328 2204 dignabitur
2355 2129 2571 2202 hospes
2619 2133 2900 2185 venturus
2944 2129 3161 2185 intrare
3191 2129 3250 2183 in
3282 2128 3469 2184 illum.
3507 2129 3639 2185 Ideo

1989 2219 2193 2275 scribit
2216 2222 2421 2274 auctor
2445 2217 2705 2290 quinque
2727 2216 3006 2273 lectiones
3036 2217 3297 2289 quinque
3327 2216 3643 2273 hebdoma-

1989 2309 2197 2363 derum
2220 2311 2286 2362 ut
2300 2323 2405 2363 nos
2425 2307 2693 2363 hortetur
2705 2305 3122 2362 circumcidere
3146 2305 3409 2377 quinque
3430 2322 3640 2362 sensus

1988 2401 2223 2453 nostros
2246 2397 2319 2452 ab
2344 2395 2504 2452 omni
2524 2394 2685 2462 vitio,
2707 2399 2764 2451 et
2785 2412 2989 2468 parare
3011 2394 3379 2451 mansionem
3400 2393 3640 2469 dignam

1990 2486 2111 2559 regi
2143 2490 2200 2541 et
2228 2486 2477 2541 Domino
2507 2489 2682 2558 atque
2710 2500 2844 2540 vero
2876 2483 3192 2557 prophetae.

2061 2599 2087 2625 ‹‹
2116 2576 2195 2631 De
2212 2575 2339 2647 ipso
2356 2591 2491 2647 rege
2512 2574 2655 2631 dicit
2675 2573 2867 2648 prima
2886 2572 3083 2630 lectio:
3107 2577 3240 2629 Ecce
3257 2573 3373 2629 dies
3394 2575 3640 2645 veniunt,

1988 2664 2123 2721 dicit
2155 2665 2439 2732 Dominus,
2473 2671 2524 2719 et
2552 2664 2819 2720 suscitabo
2869 2661 3049 2719 David
3085 2678 3308 2733 germen
3326 2662 3556 2733 justum,
3590 2670 3645 2719 et

1989 2753 2238 2825 regnabit
2266 2769 2384 2820 rex,
2415 2756 2466 2807 et
2494 2754 2714 2823 sapiens
2741 2753 2867 2808 erit.
2899 2751 2969 2806 Et
2998 2750 3210 2805 iterum
3243 2750 3313 2805 de
3344 2750 3590 2806 Domino
3623 2766 3640 2808 :

1988 2844 2055 2898 Et
2109 2841 2207 2897 hoc
2263 2848 2340 2897 est
2398 2856 2615 2907 nomen,
2651 2839 2790 2912 quod
2848 2838 3114 2895 vocabunt
3164 2856 3309 2906 eum,
3369 2840 3643 2896 Dominus

1979 2932 2161 3004 justus
2188 2938 2389 2987 noster.
2424 2930 2493 2985 Et
2529 2929 2745 2984 iterum
2778 2930 2837 2984 in
2868 2926 3178 3001 Evengelio
3209 2928 3280 2984 de
3309 2926 3595 3001 propheta
3624 2945 3638 2984 :

1992 3020 2127 3090 Quia
2146 3020 2235 3075 hic
2251 3026 2327 3076 est
2344 3034 2466 3074 vere
2476 3018 2761 3090 propheta,
2782 3019 2877 3090 qui
2893 3025 3154 3074 venturus
3172 3024 3252 3073 est
3271 3018 3329 3072 in
3350 3016 3639 3072 mundum.

2062 3133 2089 3160 ‹‹
2108 3102 2583 3175 AuctorMissalis
2592 3107 2712 3163 sive
2723 3105 3130 3179 Antiphonarii
3144 3105 3410 3162 eamdem
3423 3122 3643 3181 praepa-

208 3194 381 3271 gelii,
405 3195 612 3267 angelo
630 3179 843 3252 sancta:
876 3179 1069 3253 Maria:
1088 3179 1320 3271 semper
1333 3179 1543 3272 virgini
1562 3205 1878 3276 conceptus
1906 3179 1952 3247 Ο
1990 3198 2275 3256 rationem
2298 3197 2568 3253 hortatur
2588 3212 2695 3252 nos
2719 3196 2907 3252 facere
2929 3212 3032 3268 per
3050 3198 3305 3267 quatuor
3322 3179 3637 3252 hebdoma-

208 3299 279 3339 ac
314 3282 645 3340 nativitatis
694 3285 824 3356 ejus
879 3286 1145 3343 ordinem
1198 3292 1490 3358 narrante,
1526 3289 1596 3345 ad
1629 3290 1878 3348 salutem

208 3370 470 3453 humani
493 3373 1078 3446 generis,certissime
1096 3375 1317 3432 scimus
1334 3375 1472 3433 huic
1490 3379 1712 3436 mundo
1737 3395 1879 3453 prea-

208 3452 629 3519 sentatum.Et
644 3479 717 3518 ne
732 3466 899 3519 tanta
928 3462 1030 3519 illa
1058 3464 1361 3538 parvitatis
1393 3482 1533 3522 meae
1564 3452 1880 3538 attestatio,

207 3566 403 3623 quam
436 3566 505 3605 ex
536 3549 786 3608 aliorum
836 3552 1024 3625 magis
1074 3569 1252 3625 quam
1283 3571 1350 3610 ex
1380 3556 1617 3628 propria
1662 3557 1879 3628 protuli

208 3640 539 3708 sententia,
565 3639 834 3696 videatur
863 3642 1363 3714 parvipendenda,
1400 3646 1693 3715 majorum
1726 3646 1883 3702 dicta

209 3731 524 3802 ponantur
550 3727 611 3784 in
644 3728 942 3797 medio,ut
964 3729 1048 3786 vel
1081 3747 1149 3786 ex
1176 3730 1271 3787 his
1299 3731 1523 3804 liquido
1549 3735 1883 3807 comprobe-

205 3820 313 3874 tur
347 3832 605 3889 quorum
636 3834 782 3874 usus
812 3819 1027 3875 rectior
1056 3818 1361 3876 habeatur.

884 3917 1118 3974 CAPUT
1156 3918 1225 3975 II.

243 3992 413 4049 Idem
455 3994 813 4065 conﬁrmatur
841 4012 912 4051 ex
938 3996 1239 4064 Amatario,
1272 3999 1566 4055 Fortunato
1597 4009 1648 4056 et
1677 4002 1841 4058 Beda.

281 4081 388 4138 Ait
416 4098 628 4156 nempe
656 4084 987 4141 Amalerius
1010 4085 1136 4158 (lib.
1165 4104 1226 4143 III
1257 4089 1460 4144 Eccles.
1491 4090 1676 4161 0fﬁc.,
1700 4091 1879 4163 c.40),

209 4170 560 4227 divinorum
592 4172 919 4230 ofﬁciorum
946 4178 1240 4231 scrutator
1258 4194 1373 4233 non
1391 4180 1876 4237 contemnendus:

209 4282 239 4309 ‹‹
265 4259 339 4316 In
365 4260 627 4333 antiquis
643 4260 813 4318 libris
843 4263 1171 4320 Misselium
1201 4269 1257 4321 et
1269 4265 1766 4324 Lectionariorum
1789 4284 1877 4324 re-

209 4348 453 4422 peritur
468 4350 777 4423 scriptum,
795 4351 1163 4409 hebdomade
1179 4354 1385 4427 quinte
1404 4360 1538 4413 ante
1553 4356 1753 4414 Natale
1775 4358 1881 4415 Do-

209 4436 369 4494 mini
405 4454 420 4494 :
450 4438 699 4495 totidem
731 4440 889 4497 enim
930 4439 1208 4499 lectiones
1243 4443 1537 4500 habentur
1566 4446 1625 4501 in
1658 4447 1877 4503 Lectio-

208 4527 409 4618 nes-io,
443 4531 501 4582 et
538 4528 781 4618 totidem
837 4530 1149 4604 Evangelia
1180 4549 1214 4587 a
1241 4537 1503 4605 tempore
1554 4540 1874 4592 memorato
1906 4552 1953 4618 Β

210 4631 321 4689 per
353 4614 480 4671 dies
509 4617 844 4675 Dominicos
888 4635 1075 4692 usque
1114 4622 1187 4676 ad
1216 4619 1588 4689 Nativitatem
1619 4624 1872 4681 Domini.

207 4703 687 4776 Antiphonerius
717 4707 893 4764 habet
910 4708 1020 4765 tria
1051 4710 1244 4766 officia
1264 4711 1495 4778 diurna,
1521 4716 1577 4768 et
1598 4717 1874 4785 quartum

208 4792 274 4849 in
297 4793 403 4850 die
423 4793 748 4864 Dominico,
769 4796 871 4868 qui
888 4801 1072 4864 vacat,
1089 4798 1514 4870 postlectiones
1530 4801 1871 4871 duodecim;

210 4886 513 4939 nocturna
540 4899 675 4941 vero
704 4890 976 4958 quatuor,
1010 4892 1077 4943 ut
1127 4888 1398 4960 superius
1445 4888 1583 4957 dixi,
1616 4906 1721 4962 per
1750 4891 1874 4947 dies

210 4970 579 5029 Dominicos.
594 4974 810 5030 Auctor
823 4975 1169 5032 Lectionarii
1189 4978 1402 5033 excitat
1423 4978 1598 5035 fidem
1612 4984 1873 5036 nostram

209 5059 289 5115 ad
314 5059 693 5118 recolendum
716 5062 945 5119 Domini
969 5064 1153 5120 nostri
1174 5065 1311 5122 Jesu
1334 5066 1548 5123 Christi
1568 5068 1795 5123 venturi
1812 5069 1872 5124 in

212 5150 513 5206 mundum
561 5152 915 5226 praeconium
963 5171 1067 5225 per
1115 5153 1375 5227 quinque
1414 5159 1612 5212 estates
1640 5157 1867 5213 mundi.

211 5238 442 5294 Auctor
468 5239 726 5297 missalis
764 5242 866 5314 qui
898 5242 1238 5299 nominatur
1266 5243 1639 5317 Gregorielis,
1672 5250 1729 5301 et
1754 5247 1872 5301 An-

212 5325 685 5398 tiphonarii,nos
704 5331 909 5404 tangit,
933 5335 996 5387 ut
1014 5331 1343 5389 recolamus
1374 5333 1735 5389 nativitatem
1768 5339 1872 5391 Do-

212 5414 367 5470 mini
394 5415 745 5474 celebratam
778 5436 881 5492 per
910 5422 1029 5477 tres
1059 5421 1295 5478 ordines
1326 5421 1873 5491 librorum,scilicet

210 5500 388 5576 legis,
422 5506 840 5579 prophetarum
882 5514 940 5567 et
986 5509 1371 5583 psalmorum,
1407 5529 1511 5568 nec
1538 5529 1652 5568 non
1684 5515 1740 5568 et
1768 5529 1872 5584 per

146 5668 153 5673 ἠ
214 5598 526 5665 quartum,
556 5595 731 5653 idest
753 5598 1108 5673 principium
1140 5599 1458 5675 Evangelii,
1492 5601 1552 5658 in
1587 5617 1703 5674 quo
1733 5618 1867 5659 nar-

1990 3289 2117 3344 das.
2140 3287 2300 3343 Sicut
2315 3285 2473 3341 enim
2492 3284 2667 3341 homo
2692 3283 3071 3340 internuntiis
3093 3282 3355 3356 quinque
3375 3284 3651 3342 sensibus

1989 3377 2061 3434 ad
2087 3376 2346 3432 animam
2369 3376 2513 3432 bene
2534 3377 2637 3430 aut
2660 3372 2811 3429 male
2834 3376 3138 3446 operatur;
3168 3373 3251 3428 ita
3270 3389 3373 3445 per
3401 3376 3653 3446 quatuor

1989 3466 2277 3522 elementa
2308 3467 2409 3519 aut
2436 3463 2558 3519 ruit
2590 3463 2661 3519 ad
2692 3462 2849 3519 male
2875 3461 3222 3535 corporalia,
3244 3464 3345 3518 aut
3376 3461 3562 3535 surgit
3577 3463 3649 3518 ad

1991 3556 2162 3610 bona.
2193 3555 2557 3626 QuaprOptcr
2585 3551 2857 3608 hortatur
2887 3568 3013 3619 nos,
3034 3555 3100 3607 ut
3123 3550 3263 3618 dixi,
3295 3554 3498 3607 auctor
3526 3566 3650 3621 me-

1991 3647 2274 3713 moratus,
2295 3646 2381 3709 ut,
2412 3640 2463 3697 si
2496 3657 2684 3714 usque
2711 3641 2885 3697 modo
2915 3640 3250 3715 torpuimus
3273 3639 3647 3714 negligentia,

1990 3731 2202 3789 dehinc
2221 3746 2539 3804 surgamus
2561 3730 2633 3786 ad
2654 3730 3056 3787 mundandam
3089 3729 3329 3785 domum
3363 3732 3645 3799 nostram,

1991 3821 2167 3894 utqui
2182 3837 2296 3877 non
2310 3819 2594 3876 excitatus
2615 3823 2703 3876 est
2722 3818 2781 3874 in
2804 3818 3013 3892 quinta
3030 3817 3419 3891 hebdomade,
3435 3818 3646 3876 saltem

1990 3914 2194 3983 surgat
2212 3909 2270 3965 in
2294 3913 2523 3981 quarta.
2550 3910 2748 3981 Ipsum
2775 3906 2930 3963 enim
2957 3911 3128 3963 sonat
3151 3907 3323 3963 lectio
3354 3924 3481 3979 quas
3512 3906 3649 3981 legi-

1988 4002 2086 4054 tur
2141 3998 2200 4053 in
2259 4002 2470 4070 quarta
2525 3996 2899 4053 hebdomade
2933 4012 2947 4049 :
2981 3996 3199 4051 Scimus
3248 3992 3544 4068 quia‘hora
3570 4004 3650 4052 est

1980 4088 2103 4160 jam
2130 4103 2225 4142 nos
2249 4085 2315 4142 de
2336 4102 2524 4142 somno
2552 4101 2796 4155 surgere,
2829 4089 2887 4140 et
2917 4082 3160 4155 relique.
3196 4138 3199 4143 .

2060 4199 2086 4225 ‹‹
2122 4175 2249 4231 Non
2278 4173 2501 4242 dubito,
2537 4178 2842 4248 propterea
2888 4175 3187 4228 cantorem
3230 4172 3288 4226 in
3322 4172 3647 4229 memorata

1988 4262 2357 4321 hebdomade
2386 4256 2522 4318 cuni
2550 4264 2697 4318 tuba
2726 4278 2895 4319 suam
2926 4259 3177 4318 exaltare
3208 4275 3405 4316 vocem
3440 4274 3452 4313 :
3484 4258 3565 4315 Ad
3594 4267 3645 4315 te

1988 4354 2164 4409 levavi
2194 4354 2442 4408 animam
2469 4368 2666 4421 meam,
2693 4356 2760 4408 ut
2787 4350 2997 4409 excitet
3044 4367 3143 4407 eos
3194 4348 3296 4423 qui
3343 4348 3405 4403 in
3436 4346 3645 4420 quinte

1987 4442 2356 4498 hebdomade
2388 4457 2593 4513 sopore
2626 4439 2991 4513 negligentis:
3024 4436 3288 4511 oppressi
3318 4439 3478 4493 sunt.

2059 4554 2087 4582 ‹‹
2121 4530 2419 4598 Quomodo
2438 4534 2632 4586 autem
2656 4534 2916 4585 nostram
2940 4528 3181 4584 domum
3207 4540 3533 4599 preparare
3546 4524 3644 4581 de-

1986 4618 2330 4687 beamus,in
2363 4619 2747 4691 sequentibus
2777 4622 3103 4675 memorata
3125 4615 3296 4672 lectio
3326 4616 3637 4672 monstrat:

1983 4714 2106 4767 Non
2136 4711 2195 4764 in
2222 4708 2703 4765 eomessationibus
2749 4715 2801 4764 et
2844 4707 3219 4773 ebrietatibus,
3254 4721 3366 4761 non
3396 4705 3457 4759 in
3484 4704 3641 4759 cubi-

1984 4799 2128 4854 tibus
2154 4807 2206 4855 et
2231 4797 2613 4870 impudicitiis,
2646 4813 2757 4853 non
2814 4797 2876 4851 in
2920 4795 3266 4853 contentione
3310 4800 3363 4849 et
3403 4791 3639 4849 aemula-

1983 4890 2148 4953 tione,
2178 4887 2270 4943 sed
2298 4887 2602 4953 induimint
2630 4886 2922 4943 Domi-num
2947 4885 3131 4941 Iesum
3159 4882 3455 4938 Christum.

2057 4998 2085 5027 «
2115 4977 2394 5033 Eamdem
2418 4971 3167 5049 praparationeminculcat
3180 4971 3237 5025 in
3253 4984 3423 5025 aures
3445 4966 3637 5024 cordis

1983 5065 2166 5122 nostri
2195 5065 2725 5121 Sacramentarium
2751 5080 2764 5119 :
2798 5062 3196 5134 Suscipiamus,
3214 5057 3511 5131 inquiens,
3534 5061 3639 5114 Do-

1980 5158 2153 5222 mine,
2182 5155 2615 5211 misericordiam
2670 5161 2823 5209 tuam
2865 5153 2922 5207 in
2970 5150 3149 5206 medio
3206 5148 3397 5220 templi
3441 5148 3545 5213 tui,
3579 5154 3639 5203 ut

1982 5246 2348 5318 reparationis
2378 5249 2579 5301 nostrae
2610 5252 2832 5300 ventura
2876 5242 3143 5298 solemnia
3182 5238 3439 5310 congruis
3468 5237 3636 5294 hono-

1980 5336 2131 5390 ribus
2158 5333 2552 5405 praecedamus.

2051 5447 2079 5473 ‹‹
2111 5421 2168 5478 Si
2185 5422 2318 5494 quis
2330 5420 2577 5477 voluerit
2589 5422 2790 5476 nostra
2809 5419 2963 5474 dicta
2984 5414 3497 5489 infringere,quesi
3517 5431 3633 5471 non

1980 5513 2099 5569 sint
2128 5514 2381 5584 quatuor
2410 5508 2788 5566 hebdomadas
2820 5507 3001 5581 plenae
3033 5525 3071 5562 e
3096 5508 3418 5562 memorata
3440 5502 3634 5559 Domi-

1978 5601 2111 5659 nica
2159 5614 2347 5674 usque
2390 5597 2453 5656 in
2496 5597 2877 5657 'Netivitetem
2924 5595 3182 5668 Domini,
3208 5595 3438 5652 videtur
3484 5589 3632 5647 mihi
