4054 6158
496 258 652 324 1083

1575 250 1969 316 BERNONIS
2012 249 2347 320 ABBATIS
2394 254 2845 321 AUGIENSIS.

3679 260 3794 329 l08l

495 390 740 469 ignarus
769 406 899 449 esse
927 384 1138 463 regulae
1182 404 1356 445 sacra:
1389 384 1722 462 Scripturae,
1758 404 1887 461 quae
1918 405 1953 445 a
1982 391 2147 462 parte
2174 387 2232 455 Α
2260 387 2487 448 ctiones
2509 388 2899 464 Epistolarum
2922 393 3098 465 atque
3113 388 3532 464 Evangeliorum
3547 391 3608 449 ad
3622 391 3799 467 impleo.

495 487 685 541 totum
717 479 865 539 solet
892 478 1159 552 implere.
1193 501 1215 530 ι

567 573 669 629 His
696 569 888 627 verbis
919 568 1064 626 satis
1108 568 1282 624 datur
1311 565 1564 641 intelligi
1597 568 1754 640 quod
1787 566 1940 623 hanc
1966 583 2146 624 sacra

497 663 805 733 Scriptum
836 657 1122 731 regulam,
1141 673 1270 730 qua:
1301 672 1417 712 non
1449 655 1644 713 solum
1675 673 1710 712 a
1739 658 1904 728 parte
1933 659 2144 723 totum,

494 750 594 807 sed
627 748 803 805 etiam
829 746 1148 819 aliquando
1196 762 1267 802 ex
1311 749 1432 802 toto
1482 748 1708 818 partem
1758 744 2069 817 signiﬁcat,
2106 743 2145 799 ii

491 835 911 895 transcendant
933 836 1032 907 qui
1050 834 1112 890 in
1129 834 1441 890 Nativitate
1469 832 1703 889 Domini
1734 849 1849 889 non
1873 836 2142 904 quatuor,

492 927 594 984 sed
625 926 886 1000 quinque
908 923 1241 980 Dominicos
1272 923 1395 979 dies
1423 919 2146 993 annumerant.Astipula-

491 1020 588 1073 tur
615 1015 751 1071 huic
779 1012 1102 1070 narrationi
1136 1011 1281 1067 illud
1326 1010 1705 1069 famosissimi
1738 1027 1805 1066 ac
1836 1008 2144 1081 sapientis-

493 1104 628 1162 simi
657 1102 1049 1168 calculatoris,
1086 1100 1282 1156 domni
1316 1098 1584 1156 videlicet
1612 1100 1798 1167 Bedes,
1830 1115 2143 1171 argumen-

491 1193 698 1262 tum,si
721 1197 916 1249 tamen
940 1189 1129 1264 ipsius
1150 1194 1342 1246 etnon
1368 1188 1608 1245 alterius
1631 1205 1760 1244 esse
1784 1188 2143 1253 conceditur,

492 1285 611 1339 toto
642 1298 788 1355 pene
819 1279 965 1337 orbi.
1000 1283 1065 1334 ut
1095 1282 1254 1350 puto,
1291 1276 1693 1333 notissimum.
1727 1300 1755 1327 «
1790 1278 2026 1342 Notum,
2061 1275 2145 1330 in-

493 1371 640 1444 quit,
673 1370 749 1426 sit
778 1370 1053 1425 omnibus
1084 1366 1428 1423 hominibus
1459 1370 1524 1422 ut
1554 1366 1891 1438 quicunque
1919 1364 2145 1420 Adven-

495 1464 621 1517 tum
652 1457 879 1515 Domini
912 1456 1220 1529 diligenter
1248 1454 1499 1511 voluerit
1529 1453 1841 1518 celebrare,
1861 1453 2052 1508 videat
2082 1458 2146 1508 ut

494 1565 601 1605 nec
631 1551 763 1604 ante
792 1565 827 1603 v
857 1546 981 1603 Kal.
1014 1544 1280 1601 Decemb.
1321 1543 1574 1610 inchoet,
1610 1559 1713 1597 nec
1745 1558 1807 1598 ιιι
1837 1542 2030 1598 Nonas
2058 1542 2144 1613 ip-

493 1637 619 1693 sius
649 1635 872 1692 mensis
902 1638 1182 1703 transeat,
1208 1633 1305 1688 sed
1328 1631 1385 1687 in
1414 1631 1506 1687 his
1540 1635 1765 1702 septem
1787 1630 2145 1696 diebus,ubi-

2260 479 2404 535 dum
2436 496 2751 536 numerum
2780 478 3205 553 quinquaginta
3223 478 3468 535 duarum
3482 480 3799 540 anniDomini-

2260 584 2484 623 carum.
2519 568 2822 624 Habentur
2865 568 3021 624 enim
3055 568 3203 624 inter
3231 567 3425 624 Natale
3451 568 3647 623 Domini
3670 576 3714 625 et
3731 576 3801 627 Se-

2259 656 2692 731 ptuagesimam
2725 657 2917 713 olﬁcia
2958 661 3205 730 quatuor
3233 672 3336 729 per
3381 655 3494 713 dies
3530 657 3801 725 Dominicos,

2259 762 2294 801 a
2310 744 2756 818 Septuagesima
2784 760 2973 818 usque
3002 744 3061 799 in
3086 744 3307 800 Pascha
3334 747 3454 800 octo
3482 747 3621 813 (nam
3637 749 3803 802 nonain

2258 835 2449 890 medio
2479 837 2687 904 vacat),
2722 852 2757 889 a
2787 833 3009 891 Pascha
3032 850 3168 890 vero
3196 849 3380 905 usque
3408 832 3463 888 in
3494 837 3686 889 octavas
3710 834 3806 890 Pen-

2258 927 2507 980 tecostes
2538 927 2687 980 octo.
2718 923 2939 980 Deinde
2967 926 3294 995 sequuntur
3334 921 3525 994 viginti
3550 927 3649 977 tres
3672 940 3804 995 usque

2257 1012 2319 1067 in
2343 1012 2675 1068 Adventum
2705 1010 2959 1068 Domini.
2984 1011 3044 1066 In
3075 1011 3338 1066 Adventu
3371 1009 3583 1065 Domini
3607 1014 3701 1065 tres
3722 1015 3806 1067 tan-

2256 1105 2383 1157 tum
2411 1106 2729 1174 ponuntur,
2763 1104 2990 1173 quarta,
3023 1104 3091 1155 ut
3119 1116 3301 1172 supra
3338 1097 3590 1167 diximus,
3615 1105 3803 1156 vacante.

2255 1190 2517 1254 Quatuor
2546 1194 2603 1246 et
2632 1193 2782 1255 octo,
2816 1189 3073 1261 itemque
3098 1192 3227 1244 octo
3248 1191 3420 1258 atque
3440 1186 3621 1260 viginti
3644 1191 3749 1253 tres,
3769 1192 3806 1242 et

2253 1283 2373 1334 tres
2400 1279 2552 1334 ﬁunt
2572 1278 2962 1351 quadraginta
2980 1293 3099 1333 sex.
3122 1276 3227 1331 His
3256 1275 3399 1331 adde
3427 1280 3648 1348 quatuor
3665 1275 3805 1331 Domi-

2255 1368 2418 1424 nicas
2438 1371 2734 1435 vacantes,
2758 1371 2817 1422 et
2837 1383 3036 1433 unam,
3062 1382 3189 1437 qua:
3221 1367 3311 1420 est
3339 1365 3648 1437 praeparatio
3671 1364 3806 1420 Domi-

2256 1457 2370 1512 nici
2401 1457 2718 1523 Adventus,
2753 1472 2859 1511 nec
2900 1472 3013 1511 non
3064 1455 3137 1510 de
3177 1458 3380 1510 sancta
3407 1453 3672 1520 Trinitate,
3698 1469 3807 1509 sum-

2256 1562 2414 1600 mam
2460 1545 2892 1617 quinquaginta
2930 1544 3183 1599 duarum
3222 1542 3626 1598 Dominicarum
3649 1541 3808 1597 videbis

2255 1632 2635 1705 adimpletam
2668 1649 2818 1689 esse.

493 1742 727 1798 cunque
755 1724 882 1781 dies
912 1722 1217 1780 Dominica
1246 1722 1562 1789 advenerit,
1588 1719 1669 1776 ibi
1696 1720 1821 1776 sine
1848 1718 2025 1776 dubio
2051 1736 2142 1775 οϐ-
2173 1757 2221 1823 Β
2323 1722 2395 1777 At
2423 1739 2558 1779 vero
2583 1724 2776 1778 missa:
2818 1720 2875 1775 in
2926 1720 3074 1777 libro
3132 1721 3623 1777 Sacramentorum
3671 1717 3807 1790 plures

491 1813 717 1871 lehrare
746 1812 975 1869 valebit.
1014 1834 1041 1861 »

564 1904 729 1959 Hunc
755 1918 977 1959 morem
1006 1904 1146 1970 tota,
1183 1903 1304 1956 tota
1345 1916 1511 1972 pone,
1546 1903 1609 1955 ut
1640 1899 1842 1965 fertur,
1876 1898 2145 1954 observat

493 1991 681 2049 Gallia
709 2008 775 2048 ac
798 1991 929 2064 ipsa
958 1989 1161 2047 civitas
1188 1990 1471 2055 Romana,
1490 1988 1789 2061 quondam
1813 1987 2015 2043 mundi
2045 1987 2143 2043 do-

492 2082 674 2149 mina,
706 2084 773 2137 ut
801 2097 905 2153 per
931 2076 1338 2135 veracissimos
1398 2076 1675 2133 relatores
1736 2094 1801 2132 ac
1853 2075 2171 2149 prazcipue.

492 2174 708 2226 sanctae
739 2166 1157 2226 recordationis
1202 2163 1591 2222 Adalboldum
1643 2164 2006 2237 episcopum,
2039 2164 2141 2235 qui

492 2257 729 2332 scriptis
759 2255 975 2313 nostris
1007 2254 1277 2329 pulsatus
1308 2255 1504 2311 Romae
1537 2254 1765 2326 positus
1805 2253 1915 2309 hoc
1944 2252 2142 2327 requi-

492 2345 645 2415 sivit,
661 2344 996 2410 didicimus,
1012 2343 1283 2416 quamvis
1308 2346 1511 2416 postea
1526 2341 1721 2398 nescio
1739 2359 1857 2415 qua
1876 2342 1947 2399 de
1968 2360 2145 2399 causa

492 2434 660 2492 aliter
687 2437 955 2507 agerent:
978 2431 1312 2489 Placentina
1344 2434 1645 2499 temen,ut
1671 2430 1785 2503 ipsi
1815 2446 1921 2503 ego
1937 2432 2140 2488 eodem

491 2524 553 2581 in
581 2528 845 2597 tempore
871 2525 928 2578 et
957 2521 1248 2578 audiendo
1278 2524 1337 2577 et
1359 2520 1607 2576 videndo
1629 2519 2144 2594 cognovi,aliisque

493 2611 669 2670 Italia
692 2610 1028 2668 civitatibus
1050 2609 1301 2682 antiquae
1324 2607 1711 2665 institutionis
1743 2608 2003 2681 regulam
2022 2626 2143 2665 ser-

484 2701 785 2760 vantibus.
819 2699 932 2756 Sed
963 2702 1020 2755 et
1058 2698 1239 2755 abbas
1292 2697 1626 2770 Herigerus,
1657 2697 1746 2753 vir
1792 2714 1907 2754 non
1956 2715 2144 2771 parvae

492 2787 854 2849 auctoritatis
876 2787 1093 2845 nostris
1112 2787 1497 2860 temporibus,
1514 2787 1816 2859 proprium
1840 2804 2016 2859 super
2035 2788 2146 2844 hac

493 2896 556 2937 re
584 2877 851 2937 libellum
883 2876 1231 2950 composuit,
1264 2876 1326 2932 in
1357 2894 1493 2950 quo,
1527 2880 1593 2931 ut
1621 2887 1896 2932 asserunt
1942 2877 2043 2950 qui
2073 2876 2144 2932 il-

492 2970 620 3027 lum
636 2968 921 3042 legerunt,
940 2966 1345 3039 probabilibus
1362 2966 1726 3040 argumentis
1741 2982 1840 3022 eos
1857 2966 2148 3022 convincit

494 3062 697 3118 contra
724 3058 965 3115 Patrum
995 3055 1269 3113 instituta
1298 3071 1487 3129 agere,
1509 3054 1609 3128 qui
1635 3054 1769 3128 plus
1800 3072 1978 3128 quam
2002 3072 2146 3127 qua-

493 3152 628 3214 tuor
675 3146 1009 3204 Dominicos
1056 3144 1181 3203 dies
1228 3125 1544 3201 Adv‘entus—
1574 3125 2147 3201 Domini—celebrare
2175 3125 2218 3192 (ἶ

495 3237 879 3295 contendunt.

1138 3322 1369 3379 CAPUT
1406 3322 1503 3378 ΙΙΙ.

830 3412 1066 3483 Objectio
1093 3415 1281 3468 contra
1310 3411 1455 3467 dicta
1483 3410 1816 3467 dissolvitur.

567 3501 729 3564 Quod
750 3516 884 3556 vero
906 3516 975 3556 ex
998 3500 1237 3556 adverso
1264 3499 1568 3571 objiciunt,
1594 3498 1722 3555 ideo
1754 3504 2006 3572 quatuor
2037 3499 2146 3555 Do-

496 3587 884 3646 minicosdies
905 3591 1142 3659 excepta
1157 3586 1355 3660 vigilia
1371 3587 1600 3644 Domini
1620 3589 1826 3645 debere
1843 3587 2148 3655 celebrari,

497 3682 563 3734 ut
592 3676 694 3734 illa
721 3680 974 3750 quatuor
1003 3674 1370 3733 nocturnalia
1408 3676 1601 3733 officia
1628 3677 1715 3733 vel
1747 3675 1935 3733 sancti
1961 3677 2148 3732 Evan-

496 3765 655 3840 gelii,
676 3782 780 3823 seu
810 3763 1072 3838 Apostoli
1098 3764 1266 3821 léctio
1298 3765 1357 3821 in
1404 3764 1505 3821 illa
1534 3765 1858 3834 Dominica,
1893 3782 2019 3838 qua:
2051 3782 2149 3821 va-

496 3858 607 3923 cat,
633 3853 865 3928 possint
896 3852 1149 3927 impleri,
1179 3852 1332 3909 facili
1363 3853 1741 3926 responsione
1770 3856 1961 3925 potest
1990 3869 2151 3909 ener-

494 3943 638 4001 vari.
666 3943 810 4009 Quis
838 3941 995 3998 enim
1030 3959 1145 3998 non
1170 3942 1362 3999 videat
1391 3942 1782 4016 incongruum
1826 3940 1992 3997 valde
2022 3958 2150 3998 esse

495 4037 735 4108 propter
776 4031 891 4088 tria
943 4030 1031 4088 vel
1087 4034 1337 4104 quatuor
1385 4032 1780 4105 responsoria,
1809 4047 1936 4103 quae
1964 4035 2151 4087 retro»

496 4122 641 4180 actis
667 4121 1049 4178 hebdomadas
1077 4119 1368 4188 diebus,si
1394 4125 1592 4177 tamen
1626 4121 1708 4176 ita
1734 4119 1927 4176 visum
1953 4119 2149 4187 fuerit,

496 4210 818 4280 decantari,
852 4210 939 4267 vel
967 4210 1156 4266 sancti
1188 4209 1481 4283 Evangelii
1512 4226 1618 4266 seu
1646 4207 1909 4282 Apostoli
1958 4208 2149 4276 lectio,

497 4318 624 4374 quae
655 4300 803 4357 feria
829 4299 1003 4356 tertia
1034 4303 1167 4356 ante
1188 4300 1508 4372 jejunium,
1525 4297 1755 4355 sicutin
1776 4296 1951 4354 Italia:
1971 4297 2153 4370 regio~

497 4390 673 4447 nibus
700 4405 807 4446 nos
833 4388 947 4462 ipsi
979 4404 1149 4460 agere
1178 4389 1514 4445 audivimus
1545 4404 1612 4444 ac
1639 4385 1917 4456 vidimus,
1945 4385 2033 4444 vel
2056 4402 2154 4458 po-

2251 1810 2631 1867 inveniuntur
2677 1809 2975 1884 appositae,
3020 1813 3223 1882 utpote
3280 1812 3412 1882 post
3463 1806 3807 1880 Theophaniam

2252 1900 2559 1956 abundant
2587 1903 2727 1968 tres,
2756 1903 2888 1972 post
2944 1903 3208 1959 octavam
3265 1898 3612 1953 Pentecostes
3652 1900 3808 1960 una,et

2252 2006 2372 2045 una
2401 1989 2461 2044 in
2492 1989 2744 2062 septimo
2774 2004 2995 2054 mense,
3028 1988 3265 2061 quando
3307 1985 3588 2059 jejunium
3615 1989 3688 2040 est
3708 1982 3807 2039 cele~

2252 2078 2700 2145 hrandum,non
2733 2077 3156 2149 incongruo,ut
3186 2081 3348 2149 puto,
3373 2073 3806 2145 ordine,utquina-

2253 2165 2401 2234 rius,
2417 2165 2519 2238 qui
2545 2165 3102 2239 quinquagesimum
3124 2164 3449 2221 secundum
3471 2177 3732 2219 numerum
3746 2159 3807 2214 hic

2253 2255 2717 2329 supergreditur,
2759 2254 2974 2327 quinta:
3012 2252 3401 2310 nihilominus
3431 2250 3699 2309 Dominica:
3721 2252 3809 2304 ante

2251 2342 2459 2400 Natale
2491 2344 2718 2400 Domini
2760 2359 2861 2417 per
2911 2342 3086 2399 verba
3136 2339 3552 2416 deprecationis
3577 2340 3807 2396 adunetnr.

2252 2430 2349 2488 Sic
2376 2433 2531 2489 enim
2563 2437 2690 2489 orat
2718 2432 2989 2489 sacerdos
3021 2449 3035 2487 :
3067 2433 3285 2499 Excita,
3317 2432 3550 2498 Domine,
3576 2441 3811 2502 quam

2255 2528 2478 2578 tuorum
2530 2522 2777 2594 ﬁdelium
2824 2521 3151 2588 voluntates,
3209 2525 3319 2577 etc.
3371 2522 3677 2592 Quanquam
3712 2512 3811 2570 etin

2256 2611 2615 2683 quibusdam
2647 2609 2975 2668 Missalium
3008 2609 3177 2666 libris
3207 2609 3387 2667 etiam
3416 2609 3598 2673 altera,
3624 2602 3772 2661 nescio
3792 2617 3813 2655 ι

2258 2716 2398 2772 quo,
2415 2700 2747 2757 inveniatur
2776 2699 3118 2771 composita.
3135 2699 3302 2766 Quod
3319 2698 3367 2755 si
3385 2699 3441 2754 in
3458 2695 3711 2769 aliquibus
3732 2690 3817 2763 pln-

2256 2805 2351 2845 res
2381 2789 2758 2846 inveniuntur
2785 2787 2973 2857 libris,
3007 2806 3125 2845 non
3157 2793 3358 2845 tamen
3388 2782 3714 2844 authenticis.

2327 2878 2430 2934 His
2462 2879 2542 2935 ita
2569 2895 2697 2935 sese
2726 2878 3102 2947 habentibus,
3119 2894 3222 2935 eos
3247 2877 3349 2950 qui
3381 2881 3532 2932 tanto
3558 2872 3728 2931 annisu
3740 2868 3813 2923 hoc

2256 2984 2409 3023 anno
2429 2984 2608 3024 unam
2624 2967 3055 3024 hebdomadam
3074 2966 3380 3024 Dominica
3395 2960 3650 3022 Adventui
3666 2972 3819 3016 conan-

2254 3060 2354 3112 tur
2388 3056 2661 3127 adjicere,
2694 3055 2836 3112 libet
2892 3054 3225 3128 percontari
3280 3054 3548 3128 quidnam
3600 3047 3815 3123 agendum

2257 3148 2554 3213 censeant,
2588 3161 2723 3201 cum
2775 3143 3033 3217 primum
3078 3144 3307 3200 Pascha
3354 3143 3411 3198 in
3456 3159 3509 3198 x1
3534 3139 3642 3195 Kal.
3668 3132 3814 3208 Aprile

2256 3233 2702 3308 Septuagesima
2743 3250 2877 3290 vero
2924 3250 2999 3288 xv
3044 3231 3170 3288 Kal.
3221 3232 3384 3289 Febr.
3432 3228 3671 3293 evenerit,
3695 3228 3739 3280 et
3765 3221 3813 3276 ob

2257 3323 2368 3379 hoc
2424 3323 2539 3379 duo
2597 3312 2972 3394 ofﬁcia,‘qua3
3019 3324 3206 3377 sunt:
3245 3322 3430 3379 Omnis
3458 3324 3607 3386 terra,
3634 3314 3812 3375 Aderam.

2256 3410 2417 3468 velut
2434 3411 2630 3467 minus
2648 3408 2977 3467 necessaria
2992 3409 3400 3476 remanebunt,
3415 3406 3521 3464 nisi
3536 3407 3657 3462 forte
3670 3395 3812 3474 priori.

2256 3499 2315 3556 id
2347 3506 2437 3557 est
2468 3516 2481 3555 :
2516 3500 2703 3556 Omnis
2731 3507 2897 3566 terra,
2931 3496 3033 3554 tali
3062 3498 3240 3555 modo
3270 3497 3460 3555 locum
3488 3496 3625 3560 dent,
3652 3493 3704 3547 ut
3723 3488 3814 3542 ante

2257 3588 2643 3661 Epiphaniam
2662 3590 2752 3645 ειη
2768 3588 2976 3644 excelso
2995 3588 3189 3644 throno
3212 3591 3416 3643 contra
3436 3598 3633 3642 morem
3646 3575 3811 3636 canant,

2257 3694 2393 3734 cum
2412 3677 2471 3733 in
2489 3677 2766 3733 omnibus
2784 3675 3141 3732 authenticis
3160 3673 3588 3749 Antiphonariis
3613 3669 3661 3725 id
3678 3667 3811 3739 ipsum

2258 3767 2342 3823 ita
2359 3765 2774 3839 praetituletur:
2792 3766 3075 3821 Dominica
3087 3765 3113 3820 ι
3118 3773 3242 3837 post
3273 3762 3618 3838 Epiphaniam
3641 3750 3811 3813 Domni-

2257 3856 2382 3911 Non
2436 3854 2627 3911 solum
2684 3854 2815 3923 hoc,
2848 3854 2950 3911 sed
3000 3857 3057 3909 et
3105 3853 3475 3927 responsoria
3504 3866 3517 3906 :
3547 3846 3816 3907 Domine,”

2261 3947 2321 4000 in
2341 3946 2448 4011 ira,
2464 3942 2695 3999 nullum
2718 3944 2872 3999 diem
2903 3940 3282 3999 Dominicum
3313 3943 3570 4016 poterunt
3587 3933 3813 4003 attingere.

2260 4037 2460 4090 octava
2487 4032 2824 4106 Epiphaniae
2851 4031 3116 4105 proxima
3133 4033 3311 4088 tertia
3336 4031 3476 4087 feria
3501 4030 3619 4085 ante
3641 4022 3814 4091 Septua-

2259 4122 2485 4196 gesima
2514 4105 3052 4187 occurrente.Quod
3075 4120 3127 4176 si
3158 4120 3244 4177 ita
3274 4125 3383 4188 est,
3399 4121 3508 4176 imo
3536 4114 3655 4189 quia
3669 4105 3813 4166 itaest.

2260 4228 2447 4268 unum
2472 4211 2682 4268 horum
2714 4225 2950 4266 necesse
2970 4213 3062 4266 est
3090 4210 3439 4285 intelligant,
3452 4211 3545 4265 aut
3562 4208 3616 4261 at
3631 4202 3726 4257 hac
3737 4208 3817 4250 om-

2260 4300 2381 4370 nia,
2412 4301 2470 4356 id
2501 4304 2592 4358 est
2625 4317 2637 4356 :
2669 4299 2884 4367 ofﬁcia,
2916 4300 3323 4372 responsoria:
3357 4299 3659 4360 Dominam:
3682 4285 3814 4376 ἱκέτας

2259 4390 2538 4447 lectiones
2589 4392 2859 4462 quatuor,
2892 4389 3109 4445 missas
3156 4390 3439 4462 quinque,
3468 4381 3673 4443 omnino
3696 4385 3813 4446 quam

497 4479 618 4535 tius
638 4478 699 4534 in
720 4478 851 4550 ipsa
870 4475 1192 4566 Dominica,
1208 4478 1443 4550 quando
1455 4476 1657 4551 vigilia
1673 4474 2001 4566 celebratur
2015 4491 2149 4566 cum
2180 4500 2229 4566 D
2262 4496 2378 4535 non
2409 4477 2740 4536 necessaria
2754 4477 3232 4551 praetermittunt;
3250 4482 3353 4535 aut
3369 4476 3463 4533 ubi
3486 4474 3705 4530 locorum

497 4566 736 4641 hymnis
749 4564 1418 4640 matutinalibus,primo
1431 4583 1604 4622 mane
1626 4564 1855 4638 possint
1874 4565 2152 4639 adimple-

499 4655 568 4726 ri,
600 4659 722 4712 tam
753 4653 1031 4727 mysticus
1062 4654 1316 4711 rationes
1346 4659 1599 4728 quatuor
1647 4654 2150 4711 hebdomadarum

498 4743 766 4804 evacuari
798 4743 1007 4800 debere
1024 4742 1052 4799 ?

568 4836 695 4891 Non
726 4832 930 4907 utique
967 4836 1180 4906 quarta
1224 4833 1529 4890 Dominica
1575 4832 1873 4888 Adventus
1921 4831 2156 4888 Domini

498 4927 748 4994 vacaret,
781 4922 832 4979 si
891 4922 1195 4996 praprium
1254 4921 1513 4977 officium
1558 4921 1816 4978 haberet.
1850 4921 2153 4987 Introitus,

418 5062 437 5073 ,
499 5017 789 5081 Memento,
813 5011 872 5066 in
904 5012 1066 5069 nullo
1097 5010 1432 5068 authentico
1474 5009 1771 5066 invenitur
1797 5009 2157 5083 Antiphone.-

503 5101 621 5168 rio;
645 5101 746 5157 sed
765 5100 964 5173 ipsum
986 5101 1247 5157 officium
1269 5119 1303 5157 a
1319 5101 1575 5173 quodam
1608 5116 1711 5173 pro
1733 5099 1902 5155 libitu
1933 5104 2024 5156 est
2051 5116 2155 5156 suc

505 5188 897 5262 peradditum,
918 5190 1167 5262 ideoque
1191 5207 1294 5246 nec
1312 5205 1684 5262 summopere
1697 5193 1787 5245 est
1805 5189 2153 5259 curandum,

507 5277 554 5333 si
569 5293 672 5349 pro
690 5277 1109 5340 rationabiliori
1124 5296 1303 5335 causa
1325 5278 1640 5352 aliquando
1664 5277 1838 5333 fuerit
1861 5278 2154 5334 intermis-

507 5384 661 5424 sum.
686 5366 867 5421 Vacat
891 5365 1047 5421 enim
1071 5367 1202 5436 ista,
1228 5368 1727 5441 quemadmodum
1751 5370 1807 5423 et
1826 5367 2015 5423 caeteri
2038 5373 2157 5425 tres

509 5452 821 5513 Dominica:
852 5453 998 5522 dies,
1024 5456 1125 5527 qui
1147 5455 1325 5512 simili
1349 5459 1523 5514 modo
1548 5460 1849 5530 ponuntur
1868 5460 2000 5529 post
2020 5458 2161 5515 duo-

507 5546 697 5613 decim
727 5542 1033 5616 lectiones,
1061 5545 1276 5623 quibus
1303 5549 1494 5607 tamen
1534 5546 1793 5625 minime
1835 5547 2051 5607 desunt
2077 5547 2157 5607 le-

2260 4568 2399 4639 sint,
2436 4569 2807 4634 interserant,
2821 4570 2879 4623 et
2909 4567 3237 4624 concedant
3268 4566 3450 4631 nobis,
3467 4564 3519 4619 id
3535 4575 3636 4618 una
3652 4554 3815 4610 tantum

2262 4658 2448 4715 missa
2462 4660 2521 4714 et
2535 4674 2655 4713 una
2665 4655 2912 4713 lectione
2923 4654 3247 4728 apostolica
3266 4671 3368 4712 seu
3380 4647 3816 4731 evangelicum"?

2263 4747 2419 4820 quod
2451 4746 2565 4803 sibi
2596 4749 2807 4820 putant
2835 4744 2896 4800 in
2919 4743 3191 4817 plurimis
3207 4744 3402 4802 licere.
3422 4735 3659 4811 Alioquin
3676 4735 3816 4823 teﬂff'

2265 4809 2410 4893 num
2440 4809 2776 4908 paschalem
2805 4809 3048 4891 eotenus
3074 4834 3446 4902 transferant,
3492 4809 3819 4908 quatenusjnft

2266 4927 2383 4983 duo
2412 4925 2624 4994 ofﬁcia,
2658 4940 2731 4980 ne
2760 4924 2952 4980 dicam
2981 4922 3264 4981 lectiones
3284 4927 3342 4981 et
3369 4913 3718 4983 missas,inter
3731 4902 3819 4972 EPl'

2268 5015 2548 5087 phaniam
2570 5018 2627 5069 et
2649 5012 3151 5086 Septuagesimum
3183 5011 3378 5068 locum
3405 4997 3817 5087 ἱιινθηίεωῐγθῐιιοῆ

2266 5074 2385 5161 illis
2412 5074 2788 5159 concedimus
2831 5074 3158 5157 Adventum
3204 5097 3429 5156 Domini
3471 5074 3817 5161 anticipare,ut

2266 5191 2572 5248 Dominica
2603 5207 2731 5263 quae
2767 5193 2955 5256 vacat,
2985 5205 3121 5245 eum
3153 5188 3477 5262 integritate
3520 5163 3814 5263 hebdomadi!

2268 5280 2455 5354 possit
2481 5261 2739 5354 vigiliam
2768 5276 2991 5335 Natalis
3021 5278 3252 5334 Domini
3282 5261 3389 5333 hoc
3413 5287 3552 5331 anno
3579 5261 3753 5355 preirﬁ-

2339 5370 2502 5439 Quod
2535 5344 2585 5426 si
2615 5367 3051 5441 respondebunt
3098 5367 3208 5425 hoc
3256 5364 3520 5423 canonica
3551 5344 3812 5446 auctoritate

2268 5477 2395 5517 esse
2424 5458 2809 5533 prohibitum,
2842 5462 2900 5513 et
2930 5474 3035 5514 nos
3063 5457 3340 5515 veraciter
3380 5451 3602 5511 dicimus
3624 5444 3736 5513 quia

2270 5554 2397 5609 tum
2424 5522 2543 5627 quo
2572 5522 2901 5606 Adventum
2946 5546 3182 5604 Domini
3225 5544 3576 5606 celebramus,
3594 5549 3625 5589 ει
3647 5522 3810 5586 sauciis
