4054 6158
505 277 657 341 1087
1576 265 1968 330 BEBNONIS
2011 267 2106 330 AB

2215 267 2343 332 TIS
2388 267 2825 333 AUGIENSIS.
3695 279 3816 345 l088

500 416 657 474 trino
689 412 935 470 adventu
957 405 1378 464 infructuosam
1411 399 1720 459 ﬁculneam
1741 400 1997 458 visitavit
2021 419 2033 458 :
2058 401 2141 459 sic
2170 405 2226 474 Α
2255 406 2382 460 tum
2413 401 2649 462 Domini
2679 401 3037 463 inchoarent.
3064 405 3380 464 Transacta
3407 404 3599 482 quippe
3625 409 3819 470 illam).

503 508 705 563 sancta
734 504 917 558 mater
937 493 1191 553 Ecclesia
1225 492 1540 550 Salvatoris
1588 492 1902 548 adventum
1947 509 2144 548 annuo
2252 493 2506 550 domada
2536 493 2754 550 exstitit
2782 499 2982 551 octava
3011 497 3158 563 dies,
3190 515 3319 570 quis
3360 501 3446 554 est
3495 514 3548 555 ιιι
3591 500 3711 557 Non.
3736 503 3818 562 De-

502 610 738 650 recursu
775 607 875 663 per
901 587 1079 643 trium
1112 583 1574 655 septimanarum
1615 585 1906 637 secretum
1954 581 2147 653 spatia
2251 582 2439 638 cemb.
2474 582 2542 638 Et
2572 599 2677 639 nos
2707 582 3101 642 Floriacenses
3129 585 3357 652 fratres,
3388 589 3635 644 monachi
3662 591 3818 647 videli-

499 683 687 757 [alter
713 679 867 745 ϐοείη
901 672 1180 748 spatium]
1211 670 1321 728 sibi
1352 670 1632 736 incitavit,
1671 671 1838 726 Venit
1859 672 2014 725 enim
2043 672 2142 726 Fi-
2252 675 2342 727 cet
2398 670 2724 728 beatissimi
2772 673 2961 729 Patris
3006 675 3322 743 Benedicti,
3354 675 3578 732 initium
3629 679 3818 738 fecimus

499 775 610 830 (ius
622 770 1134 840 hominisqzerrere
1145 767 1200 818 et
1211 759 1445 818 salvum
1461 760 1835 834 facere,quod
1851 762 2139 832 perierat.
2250 759 2546 815 Adventus
2577 761 2828 816 Domini.
2854 761 3113 834 Cumque
3137 763 3194 819 in
3217 765 3691 836 crastinum,quod
3708 776 3776 824 est
3792 790 3815 826 ιι

496 861 670 918 Venit
691 863 825 915 ante
853 855 1064 926 legem,
1097 850 1236 924 quia
1264 867 1368 921 per
1405 847 1730 904 naturalem
1780 847 2141 904 intellectum
2252 848 2394 904 Non.
2431 853 2558 905 Dec.
2593 850 2807 906 festum
2840 850 3151 908 haberetur
3175 852 3454 910 illationis
3495 855 3724 925 ejusdem
3748 858 3823 914 Pa-

496 950 636 1024 (μιίά
668 944 985 1018 unicuique
1035 941 1349 1013 agendum,
1385 938 1594 1010 quidve
1643 937 2010 1009 sequendum
2043 936 2141 1007 sit,
2251 937 2379 1004 tris,
2413 942 2467 993 et
2495 938 2717 1010 praefati
2747 939 3011 996 canonici
3061 945 3233 998 tanta:
3283 942 3570 999 festivitati
3609 962 3667 1000 ex
3703 935 3828 1003 more}

491 1037 766 1098 innotuit.
788 1033 961 1090 Venit
991 1031 1101 1087 sub
1133 1027 1430 1100 lege,quia
1460 1025 1924 1097 patriarcharum
1947 1042 2142 1081 exem-
2251 1033 2680 1095 concurrerent,
2721 1033 2777 1083 et
2830 1045 2936 1084 nos
2983 1047 3053 1086 ex
3099 1031 3517 1087 consuetudine
3567 1035 3822 1091 monastica

493 1129 609 1202 plis
635 1131 691 1182 et
721 1123 1138 1198 prcphetarum
1162 1114 1468 1189 praeconiis
1487 1115 1730 1170 Abrahae
1762 1113 1972 1185 legalia
2011 1131 2142 1170 con-
2249 1115 2657 1172 matutinalem
2690 1116 3053 1175 celebramus
3087 1120 3332 1176 missam
3375 1121 3444 1176 de
3483 1121 3710 1179 Adventu
3743 1124 3821 1179 Do-

489 1207 1197 1274 ﬁrmavitdecreta.\’enit
1221 1203 1387 1260 tertio
1417 1203 1756 1277 postlegem
1775 1204 2141 1276 pergratiam
2250 1203 2415 1272 mini,
2451 1223 2627 1277 quem
2682 1207 2868 1277 pridie
2915 1209 2995 1279 [In
3044 1209 3142 1264 alt.
3193 1209 3311 1265 cod.
3355 1209 3537 1266 deest:
3565 1210 3822 1283 pridieﬁn.

492 1307 565 1363 ad
593 1303 955 1361 vocationem
991 1297 1274 1364 gentium,
1310 1299 1435 1348 uta
1465 1292 1606 1348 solis
1649 1299 1781 1348 ortu
1833 1309 2021 1364 usque
2066 1293 2139 1348 ad
2249 1293 2920 1368 choavimus,coeperunt
2950 1297 3061 1369 ipsi
3093 1297 3537 1355 Aurelianenses
3556 1299 3700 1357 valde
3717 1302 3826 1358 inter

489 1410 768 1453 occasum
803 1392 1039 1445 laniare
1054 1387 1313 1441 dicerent
1338 1382 1979 1452 [coer,discernerent‘l
2001 1399 2140 1453 pue-
2249 1400 2310 1439 se
2343 1384 2658 1440 mussitare
2687 1389 2742 1440 et
2774 1402 2880 1442 nos
2913 1386 3141 1442 incaute
3170 1403 3437 1460 arguere.

493 1485 541 1539 ri
573 1498 785 1539 nomen
817 1475 1384 1546 Domini,quousque
1405 1471 1474 1525 ad
1503 1472 1680 1525 ﬁnem
1700 1470 1904 1525 mundi
1929 1471 2000 1526 ad
2022 1488 2140 1526 sua:
2321 1473 2433 1528 Sed
2465 1473 2604 1544 quia
2634 1477 2797 1530 tanta
2816 1475 2960 1530 tanti
2995 1475 3182 1532 Patris
3213 1475 3553 1534 solemnitas
3577 1495 3669 1534 nos
3696 1495 3823 1535 ares-

488 1571 822 1643 msjestatis
878 1565 1102 1621 cultum
1159 1559 1451 1618 exhortari
1508 1576 1624 1614 non
1682 1558 1913 1614 desinit.
1954 1581 1979 1607 ››
2010 1559 2141 1615 Haec
2248 1561 2531 1632 ponsione
2563 1563 2977 1634 suspendebat,
3012 1563 3070 1618 in
3100 1564 3430 1621 crastinum
3461 1582 3549 1622 res
3575 1567 3826 1624 admodum

489 1664 652 1727 sunt,
679 1675 808 1730 qua:
839 1654 993 1728 apud
1015 1650 1210 1708 Gallos
1241 1650 1468 1722 positus
1499 1665 1568 1704 ex
1608 1648 1756 1703 libro
1799 1648 2137 1705 Ofﬁciorum
2247 1649 2527 1704 ventilata
2557 1656 2662 1706 est.
2681 1651 2749 1705 Et
2780 1652 2918 1723 quia
2944 1652 3068 1708 sine
3099 1655 3413 1724 praesentia
3439 1655 3684 1726 ejusdem
3707 1657 3826 1713 urbis

491 1747 677 1807 sancti
708 1743 906 1803 Hilarii
939 1759 1054 1798 non
1078 1739 1361 1796 inutiliter
1390 1737 1532 1793 mihi
1565 1738 1803 1793 corrasi.
2169 1779 2218 1845 Β
2247 1738 2507 1809 episcopi
2525 1739 2681 1794 finiri
2706 1755 2820 1795 non
2843 1741 3282 1813 potuit,placuit
3301 1742 3427 1798 sine
3447 1761 3602 1800 mora
3615 1745 3826 1801 omnibus

809 1831 1177 1904 Conﬁrmatio
1205 1828 1464 1901 ejusdem
1495 1828 1818 1883 sententia
2169 1827 2218 1845 υ
2246 1827 2622 1900 Francigenis
2651 1829 2940 1902 episcopis
2985 1831 3134 1902 apud
3166 1832 3294 1902 jam
3343 1832 3498 1888 dicta
3525 1835 3704 1890 urbem
3726 1851 3826 1891 eon-

558 1927 670 1982 Sed
691 1941 761 1980 ne
777 1941 844 1981 ea
865 1939 992 1994 quae
1012 1920 1297 1976 hactenus
1313 1918 1550 1973 Patrum
1575 1915 1819 1987 vestigia
1835 1915 2132 1987 sequendo
2242 1913 2448 1970 cilium
2480 1932 2658 1987 super
2685 1917 2947 1972 Adventu
2976 1917 3207 1973 Domini
3239 1935 3432 1992 agere.
3449 1919 3531 1977 lbi
3550 1936 3646 1977 nos
3665 1921 3826 1992 quippe

483 2008 1172 2084 retulimus,amphibola
1197 2009 1307 2080 [ita
1338 2007 1494 2077 cod.]
1525 2006 1773 2061 fortasse
1800 2006 2132 2071 videantur,
2245 2003 2644 2061 Floriacenses
2666 2005 2902 2062 Patrum
2931 2007 3282 2063 auctoritate
3311 2008 3520 2065 armati
3536 2008 3826 2080 etingladia-

485 2121 670 2177 opera)
700 2101 952 2175 pretium
983 2099 1262 2155 duximus
1290 2095 1634 2168 ut,qualiter
1661 2095 1863 2150 eadem
1887 2092 2134 2152 auctori-
2242 2091 2438 2149 biliter
2469 2094 2783 2166 perarmati
2811 2094 3203 2163 adfuimus,et
3232 2096 3316 2153 ita
3346 2098 3762 2155 contradicentes
3784 2098 3826 2151 in

483 2198 576 2248 tas
605 2193 665 2248 in
691 2195 892 2248 nostra
910 2204 1142 2261 quoque
1161 2185 1470 2258 praesentia
1485 2183 1641 2256 apud
1662 2183 1864 2239 urbem
1878 2182 2132 2238 Aurelia-
2241 2182 2523 2238 omnibus
2553 2183 2932 2249 convicimus,
2951 2188 3015 2240 ut
3043 2184 3104 2239 in
3133 2190 3421 2242 aeternum
3470 2187 3551 2243 eis
3592 2186 3825 2243 silentium

485 2297 728 2337 nensem
743 2278 1061 2334 multorum
1083 2280 1367 2331 conventu
1390 2273 1798 2344 episcoporum
1821 2277 1999 2344 atque
2019 2273 2132 2344 spi-
2243 2288 2424 2344 super
2454 2273 2561 2329 hoc
2595 2274 2822 2347 negotio
2854 2275 3310 2346 imponeremus.
3327 2277 3407 2332 Ex
3430 2275 3526 2333 illo
3547 2276 3632 2334 die
3650 2281 3698 2333 et
3712 2275 3827 2332 dein.

486 2368 748 2425 ritalium
775 2370 1012 2422 Patrum
1037 2363 1383 2419 dil‘Iinitione
1413 2361 1662 2416 subnixa
1682 2359 2126 2425 sit,ret‘eramus.
2243 2377 2382 2434 ceps
2415 2379 2529 2419 non
2552 2370 2640 2420 est
2661 2364 2814 2438 apud
2845 2362 3037 2419 Gallos
3062 2364 3146 2420 vel
3163 2369 3488 2422 Germanos
3508 2370 3826 2439 prasumptor

557 2454 812 2528 Contigit
841 2468 1093 2524 namque
1125 2452 1380 2524 quodam
1412 2447 1894 2520 anno,mediante
1921 2449 2131 2504 decen-
2246 2450 2540 2521 inventus,
2575 2453 2674 2525 qui
2708 2452 2842 2508 huic
2874 2457 2991 2510 tam
3026 2471 3180 2510 sanae
3208 2454 3545 2512 difﬁnitioni
3569 2454 3713 2512 vellet
3729 2470 3826 2509 con-

485 2544 785 2602 novenalis
816 2540 957 2616 cycli
990 2539 1385 2607 curriculo,ut
1401 2535 1848 2593 Aurelianenses
1867 2536 2130 2593 canonici
2243 2541 2440 2597 traire.
2476 2543 2836 2614 Quapropter
2865 2542 2913 2597 si
2944 2547 3031 2598 est
3061 2560 3218 2600 unus
3247 2543 3551 2613 Dominus,
3580 2561 3682 2600 una
3701 2543 3822 2605 ﬁdes,

483 2650 661 2692 causa
688 2636 894 2705 agente
927 2628 1288 2704 negligentiae
1319 2627 1377 2684 in
1403 2645 1454 2684 γι
1488 2625 1612 2683 Kal.
1665 2627 1894 2682 Decem.
1914 2627 2133 2683 Adven—
2247 2645 2429 2686 unum
2458 2629 2774 2702 baptisma,
2807 2631 2883 2686 sit
2911 2636 2968 2687 et
2990 2649 3106 2688 una
3136 2632 3410 2690 Ecclesiae
3443 2631 3773 2690 unanimitas.

1711 2872 1950 3026 BE
1974 2869 2662 3030 RNONIS

1305 3129 1885 3255 ABBATIS
1971 3125 2450 3254 AUGUE
2544 3130 3070 3258 DIVITIS

1893 3331 2491 3421 DIALOGUS

715 3478 1076 3544 QUALITER
1114 3477 1450 3542 QUATUOR
1488 3474 1894 3533 TEMPORUM
1932 3472 2223 3530 JEJUNIA
2262 3473 2402 3530 PER
2436 3473 2569 3529 SUA
2607 3474 2925 3530 SABBATA
2965 3474 3127 3532 SINT
3166 3475 3647 3540 OBSERVANDA,

1729 3589 1919 3663 (Apud
1948 3589 2074 3656 Pez,
2105 3589 2207 3645 ubi
2233 3605 2420 3662 supra,
2455 3607 2508 3664 p.
2544 3591 2660 3662 53.)

621 3819 843 3900 Incipit
893 3817 1176 3900 prologue
1228 3818 1412 3879 Bern.
1472 3816 1703 3900 αζιὸαζιέ
1772 3814 1854 3876 ad
1901 3813 2240 3900 ΑνίᾷοιιιξηιΔ
2283 3813 2787 3900 archiepiscopum
2844 3814 3267 3894 Moguntz'num
3329 3817 3390 3876 in
3448 3815 3729 3894 Dialogum

1483 3897 1554 3958 de
1583 3896 1988 3958 observatione
2001 3895 2240 3976 jejunii
2266 3895 2532 3969 Quatuor
2561 3895 2886 3975 teniporum

554 4033 974 4096 meritissimo
1020 4031 1257 4089 domino
1306 4034 1571 4099 Asinam,
1605 4029 1893 4086 odorifero
1943 4029 2134 4100 ponti-
2166 4029 2208 4096 C
2246 4031 2302 4083 et
2323 4027 2700 4100 responsione
2727 4027 2797 4083 de
2810 4026 3053 4101 jejuniis
3068 4028 3330 4093 Quatuor
3352 4031 3679 4103 Tempcrum
3694 4020 3824 4083 edidi.

481 4125 661 4186 ﬁcum
692 4121 864 4189 Flori,
897 4124 1073 4180 Beas.
1107 4122 1204 4178 Dei
1239 4121 1442 4177 Matris
1468 4135 1770 4176 servorum
1815 4121 2131 4184 extremus,
2247 4117 2745 4173 commendarem.
2779 4114 2933 4172 Nihil
2963 4117 3123 4172 enim
3154 4135 3221 4173 ex
3267 4117 3518 4192 pmpriis
3564 4131 3676 4171 sum
3711 4123 3826 4167 com-

478 4212 544 4276 in
577 4213 842 4272 discretae
874 4211 1007 4268 ﬁdei
1040 4211 1277 4284 pignus,
1309 4209 1604 4281 simulque
1653 4205 1833 4262 debiti
1882 4223 2132 4278 pensum
2244 4206 2578 4272 mandatus,
2611 4205 2714 4260 sed
2745 4205 2898 4278 quod
2929 4205 3066 4261 inde
3090 4207 3370 4280 antiquos
3400 4208 3588 4263 Patres
3617 4196 3824 4277 probabi-

485 4302 826 4361 t'am-ulatus.
2241 4291 2376 4348 liter
2404 4293 2664 4350 elocutos
2695 4293 2874 4350 fuisse
2905 4292 3164 4350 invenire
3191 4297 3378 4368 potui,
3412 4291 3657 4367 diligenti
3680 4287 3824 4358 dispo-

556 4390 830 4450 Doctrina
876 4393 933 4446 et
977 4388 1212 4459 veritas,
1236 4404 1364 4459 quae
1413 4385 1470 4440 in
1522 4382 1888 4442 rationabilis
1931 4400 2134 4456 pecca-
2245 4381 2458 4438 sitione
2479 4382 2792 4439 scribendo
2821 4383 3113 4439 memoriae
3143 4382 3562 4441 commendavi.

487 4479 632 4536 toris
657 4480 770 4547 tui,
798 4478 1028 4535 decoris
1051 4478 1143 4537 sui
1170 4476 1427 4549 speciem
1463 4477 1938 4549 praemonstrant,
1973 4472 2045 4528 ad
2077 4472 2134 4526 id
2317 4473 2406 4528 Tu
2435 4488 2568 4528 vero
2600 4487 2757 4528 nunc
2786 4471 3542 4548 opusculum_,decus,a:qui
3565 4461 3827 4526 libramini!

488 4585 688 4628 meum
718 4567 1076 4624 inducebant
1105 4565 1392 4630 animum,
1425 4581 1540 4637 quo
1569 4567 1627 4619 te
1657 4579 1772 4635 pra
1804 4561 2026 4618 caeteris
2057 4561 2138 4616 di~
2246 4559 2433 4628 lance,
2453 4561 3362 4635 quaeso,perpende,utrumnam
3392 4563 3468 4618 sit
3496 4561 3711 4633 dignum
3729 4566 3825 4625 pro-

487 4673 671 4730 gnum
700 4658 996 4724 ducerem,
1029 4654 1198 4726 cujus
1228 4651 1760 4710 examinationibus
1812 4649 1972 4707 illius
2003 4667 2136 4706 nar-
2249 4649 2650 4720 nuntiatione;
2683 4651 2824 4723 quia
2856 4649 2999 4707 satis
3029 4650 3142 4706 erit
3168 4655 3386 4721 ratum,
3407 4651 3455 4708 si
3486 4647 3618 4706 tanti
3648 4639 3826 4700 Pontiﬁ-

481 4745 732 4806 rationis
777 4745 1010 4814 seriem,
1049 4759 1227 4817 quam
1285 4758 1472 4814 nuper
1522 4742 1634 4798 sub
1681 4739 2138 4814 interrogatione
2250 4738 2336 4795 cis
2366 4739 2714 4796 auctoritate
2747 4739 2922 4796 fuerit
2948 4740 3309 4797 roboratam.

1644 4945 2090 5038 INCIPIT
2153 4943 2747 5036 DIALOGUS

668 5119 837 5159 INTER
875 5119 1044 5158 BERN.
1085 5115 1347 5157 ΑΒΒΑΤΕΜ
1384 5113 1677 5154 AUGIBNSIS
1715 5115 1971 5165 COENOBII
2010 5116 2077 5156 ET
2114 5114 2433 5155 MONACHUM
2471 5113 2794 5154 GEBUNGUM
2833 5113 3096 5164 HABITUS,
3139 5115 3414 5162 QUALITBR
3451 5104 3690 5160 OUATUOB

1305 5187 1626 5226 TEMPORUM
1662 5187 1890 5227 JEJUNIA
1931 5189 2040 5227 PER
2077 5187 2187 5228 SUA
2226 5187 2474 5226 SABBATA
2513 5187 2641 5226 SINT
2679 5185 3068 5225 OBSERVANDA.

1025 5287 1256 5343 CAPUT
1297 5285 1606 5342 PRIMUM.
2176 5288 2220 5353 D
2251 5283 2392 5341 liata
2423 5285 2733 5341 mundanae
2755 5284 3000 5341 actionis
3031 5285 3250 5351 tunica,
3285 5257 3341 5340 in
3373 5281 3571 5340 lectulo
3608 5264 3820 5331 dulcissi-

625 5377 700 5432 Dc
730 5375 1074 5432 diversitate
1091 5375 1327 5448 jejunia
1357 5379 1622 5445 Quatuor
1659 5377 1998 5447 Temporum
2255 5391 2362 5430 ma:
2394 5373 2608 5447 quietis
2639 5374 2753 5430 otio
2785 5373 2895 5430 frui
2943 5375 3134 5432 modis
3183 5375 3454 5431 omnibus
3499 5375 3551 5425 te
3591 5362 3712 5420 velle
3737 5369 3820 5448 nou

1095 5445 1536 5504 celebrantium.
1792 5445 1806 5447 ’
2253 5445 2572 5538 ambigam,
2604 5463 2686 5518 ita

2253 5445 2572 5538 ambigam,
2604 5463 2686 5518 ita
2715 5467 2780 5519 ut
2803 5462 3107 5523 delecteris
3131 5464 3321 5522 dicere
3353 5479 3366 5518 :
3399 5464 3522 5536 Ego
3554 5451 3758 5515 dormio,
3780 5446 3821 5496 ει

569 5556 625 5616 G.
662 5553 820 5612 Licet
849 5553 907 5610 in
939 5553 1032 5610 his
1071 5553 1254 5611 sacris
1275 5555 1640 5629 jejuniorum
1669 5553 1898 5622 diebus,
1934 5568 2140 5625 exspo-
2251 5569 2352 5608 cor
2397 5568 2587 5610 meum
2634 5551 2875 5626 vigilat;
2907 5552 3356 5626 quibuscunque
3382 5547 3630 5624 precibus
3672 5543 3818 5593 tamen
