4026 6184
237 293 388 358 1089

1123 294 1517 365 DIALOGUS
1563 297 1666 359 DE
1707 293 2047 360 JEJUNIIS
2093 263 2468 370 QUA’I‘UOR
2515 298 2753 363 TEMP.

3489 305 3515 364 Ι
3527 301 3647 366 090

233 429 599 487 excitandum
628 429 1161 503 putavi,quatenus
1191 429 1493 502 pessulum
1517 431 1648 486 ostii
1671 430 1881 485 dilecto
1914 433 1966 498 Α
1999 431 2286 487 intentum
2337 433 2542 489 adesse
2587 433 2899 508 conspicio.
2934 433 3237 490 'l‘erminos
3297 440 3463 491 rectae
3509 431 3647 492 ﬁdei

234 523 329 575 tuo
361 535 600 591 sponso,
635 519 904 574 videlicet
934 519 1256 587 Christo,in
1291 521 1459 575 nobis
1500 519 1750 592 aperias,
1783 519 1881 573 da-

231 611 407 680 taque
439 622 618 663 manu
654 607 710 663 in
742 607 1080 664 cubiculum
1114 624 1290 664 sacrae
1323 607 1598 663 doctrinas
1622 607 1886 662 introdu-

232 713 348 764 cas,
383 696 483 752 ubi
513 701 569 752 et
599 712 810 769 panem
844 696 1244 769 intelligentiae
1275 695 1534 768 parvulis
1554 695 1888 768 petentibus

230 785 489 858 frangas.
543 785 688 851 Quia
745 790 885 840 tunc
935 785 1251 841 salubriter
1296 803 1330 840 a
1375 783 1888 857 contemplationis

229 889 438 930 somno
468 876 540 929 ad
571 878 808 946 tempus
836 874 1125 941 excitaris,
1161 873 1208 929 si
1236 873 1640 947 proximorum
1690 889 1886 929 neces-

229 963 388 1020 sitati
420 963 696 1035 patiendo
727 963 1181 1020 condescendas.

299 1054 363 1108 B.
398 1052 555 1108 Satis
577 1052 828 1125 egregie,
861 1052 965 1121 ﬁli,
995 1052 1104 1108 hoc
1134 1052 1426 1108 dit‘ﬁnisti.
1463 1053 1572 1108 Sed
1619 1068 1724 1124 ego
1753 1051 1888 1106 inde

229 1140 422 1213 magis
451 1140 712 1196 dolorem
745 1141 931 1212 capio,
955 1141 1111 1212 quod
1142 1139 1200 1195 in
1235 1157 1327 1196 me
1358 1140 1503 1196 nihil
1545 1139 1888 1211 hujusmodi

226 1229 524 1300 sentio,ut
547 1234 899 1301 puta,quem
924 1229 1090 1284 nulla
1131 1229 1414 1284 virtutum
1449 1247 1639 1302 penna
1668 1230 1738 1284 ad
1771 1229 1890 1284 alta

225 1317 509 1383 sustollit,
539 1319 639 1374 sed
673 1318 832 1391 gravi
867 1318 1098 1373 sarcina
1128 1317 1426 1373 saecularis
1455 1335 1603 1373 cura:
1655 1318 1725 1372 ad
1771 1318 1888 1372 ima

225 1407 537 1480 demergit,
571 1405 874 1462 dissolutae
908 1407 1122 1462 mentis
1155 1406 1393 1478 pigrcdo
1443 1406 1515 1460 ad
1566 1406 1739 1461 noxia
1790 1421 1890 1478 per

225 1496 445 1570 quietis
475 1511 744 1568 soporem
769 1495 1160 1567 pertrahit,ita
1190 1499 1254 1550 ut
1284 1495 1343 1549 in
1376 1493 1609 1550 illorum
1645 1511 1888 1550 numero

223 1585 476 1642 inveniri
509 1583 1018 1658 pertimescam,de
1050 1584 1266 1655 quibus
1299 1584 1513 1638 dicitur
1529 1599 1632 1656 per
1654 1583 1891 1639 Psalmi-

223 1679 417 1729 stam:
443 1675 794 1729 Donnierunt
820 1689 1074 1728 somnum
1104 1681 1343 1736 suum,et
1364 1675 1507 1728 nihil
1539 1675 1885 1728 invenerunt.

223 1762 448 1817 Verum
481 1761 620 1834 quia
644 1761 921 1817 Salomon
954 1760 1097 1816 dicit
1123 1777 1134 1816 :
1160 1761 1353 1817 Stellio
1381 1762 1639 1816 manibus
1666 1763 1888 1826 nititur,
1921 1803 1968 1868 Β

221 1859 275 1907 et
293 1855 550 1906 morat-ur
579 1853 638 1905 in
663 1849 876 1907 aedibus
905 1867 1094 1919 regum
1112 1871 1131 1916 ;
1159 1851 1265 1906 etsi
1299 1851 1504 1906 tardus
1533 1851 1786 1922 ingenio,
1808 1851 1888 1904 in-

223 1942 378 1996 iisus
405 1944 602 1995 tamen
633 1939 694 1994 in
727 1956 815 2008 eo,
841 1939 942 2010 qui
975 1938 1134 1994 omni
1160 1939 1377 2011 petenti
1410 1956 1472 1995 se
1503 1938 1750 1994 ﬁdeliter
1785 1940 1889 1993 tri-

221 2028 382 2095 buit,
408 2044 473 2084 ac
505 2026 650 2083 nulli
685 2027 1213 2099 improperat,nisu
1248 2045 1363 2100 quo
1385 2027 1546 2083 valeo
1570 2045 1672 2100 per
1693 2028 1887 2100 ipsum

223 2119 297 2174 ad
335 2117 531 2190 ipsum
563 2133 656 2172 me
689 2115 877 2171 levare
904 2117 1176 2184 conabor,
1210 2117 1310 2187 qui
1342 2117 1519 2172 etiam
1550 2117 1701 2188 gallo
1732 2117 1892 2172 dedit

221 2197 699 2278 intelligentiam.
732 2205 817 2260 Tu
842 2205 1075 2260 tandem
1111 2222 1368 2278 propone
1399 2206 1554 2278 quod
1589 2210 1890 2278 tantopere

222 2293 376 2349 velis
406 2293 780 2366 investigare.

297 2386 366 2438 G.
401 2383 518 2438 Hoc
547 2381 784 2439 scilicet.
826 2389 908 2454 ut,
943 2401 1075 2438 cum
1114 2400 1228 2438 una
1261 2383 1404 2438 fides
1447 2387 1659 2439 sanctae
1691 2385 1888 2439 catho-

225 2471 358 2527 lica
387 2470 588 2527 Matris
634 2471 902 2528 Ecclesiae
951 2472 1239 2527 unitatem
1288 2473 1678 2538 commendet,
1714 2489 1893 2544 quare

223 2562 364 2634 ipsa
392 2561 452 2616 in
484 2559 622 2616 ﬁliis
645 2560 771 2616 suis
797 2560 1152 2632 quibusdam
1177 2561 1674 2616 consuetudinum
1709 2561 1894 2616 diver-

221 2649 403 2705 sitate
433 2648 748 2721 aliquando
778 2649 1088 2705 discordet.
1107 2649 1177 2704 Ut
1195 2649 1351 2705 enim
1382 2667 1566 2705 unum
1594 2651 1890 2722 quoddam

221 2739 298 2794 ad
335 2739 596 2794 medium
619 2738 854 2807 ducam,
882 2738 953 2794 de
973 2738 1220 2811 jejuniis
1254 2741 1514 2804 Quatuor
1537 2739 1892 2811 Tcmporum

222 2827 434 2884 studui
452 2844 608 2883 nunc
625 2827 1196 2899 interrogandum,in
1222 2843 1473 2898 quorum
1492 2827 1894 2882 observatione

222 2915 501 2972 nonnulli
531 2916 802 2972 videntur
855 2914 1210 2970 discordare.
1243 2915 1387 2970 Nam
1437 2931 1571 2970 cum
1625 2917 1683 2970 in
1728 2915 1895 2971 libris

220 3007 744 3062 Sacramentorum
778 3005 858 3059 ita
899 3004 1233 3059 ordinatum
1284 3003 1686 3076 praetituletur,
1723 3008 1787 3059 ut
1831 3005 1892 3058 in

220 3096 423 3170 primo
471 3095 722 3150 Sabbato
774 3093 948 3166 primi
1001 3093 1222 3148 mensis
1269 3091 1577 3148 duodecim
1617 3092 1894 3150 lectiones

221 3202 367 3242 cum
393 3183 622 3256 jejunio
657 3183 777 3239 sint
805 3182 1197 3250 celebrandae;
1226 3182 1283 3236 in
1318 3185 1526 3254 quarto
1555 3199 1755 3238 mense
1801 3200 1889 3238 se-
1923 3171 1965 3238 C

221 3274 455 3342 eundo;
477 3273 538 3328 in
570 3273 817 3344 septimo
851 3271 1049 3339 tertio;
1076 3270 1134 3325 in
1168 3271 1394 3326 decimo
1443 3271 1704 3344 proximo
1748 3273 1890 3328 Sab-

224 3366 369 3420 bato
400 3366 534 3418 ante
564 3361 828 3417 Natalem
864 3361 1131 3428 Domini;
1166 3359 1263 3415 alii
1313 3360 1397 3415 sic
1446 3360 1890 3434 intelligendum

222 3456 465 3527 putant,
486 3455 551 3506 ut
579 3450 629 3506 si
659 3451 903 3508 Martius
917 3467 970 3518 v,
991 3467 1066 3517 v1,
1085 3449 1172 3506 vel
1205 3449 1335 3517 ipsa
1354 3466 1432 3504 vn
1466 3450 1610 3506 feria
1630 3451 1888 3523 incipiat,

222 3559 370 3598 mox
397 3557 532 3596 eum
556 3539 914 3612 praecedente
937 3538 1228 3594 Februarii
1254 3539 1476 3594 mensis
1489 3544 1695 3610 quarta
1726 3541 1887 3609 feria,

223 3649 338 3689 seu
370 3631 548 3685 etiam
582 3628 900 3701 aliquando
930 3645 985 3682 γι
1009 3626 1308 3699 jejunium
1341 3626 1398 3682 in
1444 3628 1697 3683 Sabbato
1741 3628 1889 3685 cele-

224 3719 753 3790 brent,eademque
773 3717 1190 3788 consequentia
1220 3717 1542 3772 secundum
1565 3717 1888 3775 Sabbatum

225 3813 282 3867 in
325 3808 525 3872 Junio,
546 3807 786 3864 tertium
818 3808 1128 3862 observent
1155 3806 1214 3861 in
1249 3805 1745 3878 septimo,absque
1783 3809 1890 3864 ali-

226 3915 352 3972 qua
372 3895 834 3954 consideratione
857 3900 1074 3968 quartae
1096 3912 1199 3950 seu
1225 3901 1394 3951 sextae
1418 3896 1589 3950 feria.
1614 3896 1723 3951 Alii
1756 3914 1888 3954 vero

225 4006 254 4045 e
283 3988 524 4043 diverso
553 3985 758 4041 nolunt
788 3984 846 4039 in
880 3985 1086 4040 Martio
1112 3983 1367 4057 primum
1386 3985 1706 4041 Sabbatum
1731 3987 1886 4058 jeju-

225 4079 348 4134 niis
373 4076 678 4148 deputare,
711 4073 822 4130 nisi
855 4074 1120 4145 ejusdem
1153 4079 1362 4146 quarta
1393 4073 1538 4129 feria
1561 4076 1887 4143 antecedat,

223 4166 438 4223 eodem
463 4167 698 4220 utentes
728 4163 933 4220 ordine
980 4180 1082 4236 per
1125 4180 1264 4220 suas
1313 4167 1564 4236 quatuor
1611 4164 1785 4220 ferias
1825 4165 1884 4220 in

221 4255 407 4312 Junio
437 4258 492 4309 et
521 4253 870 4325 Septembri.
904 4252 1185 4316 Quocirca
1233 4253 1378 4308 ratio
1421 4253 1619 4326 exigit,
1654 4259 1719 4309 ut
1749 4271 1884 4326 ape-

221 4346 348 4400 rias
379 4343 430 4400 si
461 4343 616 4416 quod
649 4346 1062 4415 argumentum
1100 4341 1188 4397 vel
1238 4341 1501 4415 regulam
1551 4343 1660 4398 hac
1707 4344 1777 4399 de
1826 4361 1886 4400 re

221 4433 502 4490 statuerit
527 4431 781 4488 anterior
807 4435 966 4500 aetas,
1001 4431 1170 4502 cujus
1220 4430 1562 4486 auctoritate
1614 4432 1883 4487 instructi

222 4524 638 4580 discernamus
661 4520 762 4593 qui
791 4520 1003 4576 horum
1034 4519 1224 4593 magis
1255 4520 1374 4576 sint
1395 4521 1702 4592 sequendi.

864 4626 1097 4683 CAPUT
1139 4627 1209 4682 ll.

223 4722 287 4776 In
334 4719 498 4776 rebus
553 4719 778 4775 incertis
824 4734 889 4773 ac
935 4715 1143 4844 dufitizt
1161 4718 1434 4790 majorum
1479 4716 1710 4774 tenenda
1756 4723 1883 4774 sunt

923 4805 1052 4844 insi
1141 4806 1195 4844 a.

923 4805 1195 4844 ῑηςςιιιτιια.

298 4885 364 4936 Β.
399 4879 569 4934 Recte
590 4878 874 4950 priorum,
897 4877 996 4950 qui
1019 4881 1188 4934 astate
1209 4882 1266 4933 et
1287 4877 1574 4950 sapientia
1600 4895 1704 4934 nos
1735 4895 1882 4950 pra:-

225 4971 781 5035 cesserunt,statuta
802 4966 1115 5034 delectant,
1130 4983 1260 5040 quae
1282 4967 1496 5023 mentis
1517 4965 1877 5023 intellectum

229 5058 385 5112 infra
416 5055 659 5129 legitimi
689 5073 900 5112 cursus
929 5059 1148 5113 metam
1179 5055 1518 5125 cohibeant;
1553 5073 1731 5128 quam
1777 5057 1878 5129 qui

230 5146 681 5219 transgreditur,
711 5145 1001 5202 obnoxius
1027 5144 1208 5217 culpae
1241 5149 1490 5201 tenetur.
1523 5145 1687 5201 Unde
1728 5146 1878 5201 Scri-

1913 4543 1960 4608 D

1997 537 2270 592 sana‘que
2300 523 2576 578 doctrinae
2609 528 2930 595 posuerunt
2975 524 3046 578 ab
3078 524 3246 580 initio
3299 525 3498 582 Patres
3545 543 3646 581 ca-

1996 608 2216 675 tholici,
2251 626 2400 681 quos
2432 611 2670 667 omnino
2701 613 2864 668 nefas
2904 617 2994 668 est
3041 613 3394 685 transgredi.
3429 614 3540 669 Sed
3590 619 3647 670 et

1997 696 2194 752 multae
2241 700 2697 756 consuetudines
2744 700 3150 757 ecclesiasticas
3199 701 3583 759 inveniuntur
3613 721 3651 760 a

1997 787 2218 841 sanctis
2270 788 2538 844 Patribus
2585 788 2737 844 infra
2789 789 3079 844 canonica?
3122 789 3332 861 regulae
3364 791 3648 848 terminos

1997 876 2348 943 constitutas,
2383 876 2534 932 sicut
2565 883 2704 932 sunt
2733 879 3031 933 Adventus
3062 877 3314 946 Domini,
3337 878 3652 954 Septuage-

1996 964 2167 1027 sima,
2200 966 2592 1038 Sexagesima,
2625 966 3145 1039 Quinquagesima,
3181 967 3408 1024 Litania
3439 970 3646 1040 major,

1997 1053 2120 1109 dies
2144 1054 2533 1126 Rogationum
2567 1060 2704 1111 ante
2734 1056 3144 1112 Ascensionem
3167 1056 3650 1130 Domini,vigiliaa

1997 1143 2387 1214 quorumdam
2421 1149 2778 1212 sanctorum,
2814 1161 2919 1200 nec
2951 1161 3064 1199 non
3096 1148 3154 1200 et
3181 1144 3302 1200 haec
3333 1145 3462 1218 ipsa
3497 1145 3650 1210 Qua-

1996 1236 2133 1286 tuor
2160 1233 2516 1303 Temporum
2538 1231 2789 1303 jejunis,
2821 1249 2949 1305 quae
2974 1249 3090 1305 prae
3122 1234 3397 1290 manibus
3426 1234 3649 1291 haben-

1997 1323 2114 1390 tnr,
2152 1321 2381 1393 aliaque
2425 1320 2704 1393 perplura
2753 1338 2881 1393 qua:
2926 1322 3126 1378 omnia
3175 1324 3311 1394 jure
3369 1329 3648 1396 perpetuo

1999 1409 2218 1480 absque
2248 1409 2366 1464 ulla
2396 1409 2864 1482 transgressione
2896 1411 3066 1467 nobis
3101 1416 3242 1467 sunt
3289 1411 3650 1468 observanda

1998 1514 2064 1554 ac
2091 1515 2193 1570 pro
2224 1498 2348 1570 lege
2379 1499 2651 1565 tenenda,
2670 1499 2900 1556 dicente
2932 1500 2989 1555 S.
3010 1501 3336 1571 Augustino
3367 1502 3438 1557 ad
3469 1502 3649 1558 Casu-

1998 1585 2199 1642 lanum
2252 1588 2654 1659 presbyterum
2701 1587 2771 1643 de
2793 1588 3021 1659 jejunio
3073 1589 3350 1644 Sabbati:
3385 1613 3414 1639 «
3447 1591 3511 1644 In
3557 1590 3652 1645 his

1998 1675 2153 1730 enim
2185 1676 2381 1743 rebus,
2416 1676 2486 1730 de
2517 1675 2734 1748 quibus
2767 1675 2910 1732 nihil
2944 1677 3081 1732 certi
3117 1678 3324 1733 statuit
3353 1679 3654 1750 Scriptura

2001 1764 2216 1829 divina,
2250 1781 2378 1819 mos
2410 1764 2606 1836 populi
2642 1764 2740 1820 Dei
2766 1764 2854 1819 vel
2889 1766 3158 1821 instituta
3205 1768 3498 1839 majorum
3547 1783 3652 1840 pro

2000 1853 2122 1924 lege
2154 1857 2294 1907 sunt
2321 1853 2639 1908 tenenda.»
2672 1853 2907 1909 Accedit
2937 1853 2995 1909 in
3029 1854 3327 1926 hoc,quod
3360 1855 3503 1911 nihil
3527 1857 3654 1912 sine

2000 1939 2222 1995 ratione
2251 1940 2308 1995 in
2343 1940 2754 1997 ecclesiasticis
2786 1943 3316 1999 consuetudinibus
3349 1961 3382 1999 a
3430 1945 3656 2001 sanctis

2001 2029 2270 2086 Patribus
2300 2029 2684 2086 constitutum
2712 2031 3018 2103 reperitur,
3053 2031 3100 2087 si
3131 2048 3310 2090 causa
3347 2032 3656 2107 diligenter

2000 2119 2352 2190 inquiratur.

2073 2209 2130 2264 ϐ.
2166 2209 2250 2263 Ita
2280 2225 2408 2263 esse
2442 2211 2505 2262 ut
2535 2209 2752 2264 asseris
2776 2210 3176 2265 indubitanter
3196 2211 3656 2280 creditur;ideo—

2002 2312 2114 2367 que
2147 2296 2336 2368 magis
2367 2313 2732 2368 consequens
2763 2297 2993 2352 videtur
3012 2304 3076 2352 ut
3093 2298 3385 2356 edisseras
3415 2316 3534 2372 qua
3563 2319 3654 2358 ra-

2001 2387 2159 2440 tione
2186 2385 2308 2440 hinc
2341 2388 2603 2451 Quatuor
2629 2387 2984 2458 Temporum
3009 2387 3240 2459 jejunia
3278 2390 3397 2444 sint
3444 2390 3658 2447 consti-

2001 2479 2276 2541 tuta;cur
2300 2473 2391 2529 his
2424 2474 2794 2547 potissimum
2828 2474 3019 2529 tribus
3050 2474 3389 2547 septimanis
3413 2477 3652 2546 diebus;

2002 2580 2105 2618 cur
2131 2564 2277 2618 feria
2307 2568 2516 2635 quarta
2545 2564 2671 2618 duae
2703 2562 3001 2631 lectiones,
3039 2564 3094 2619 in
3128 2569 3292 2621 sexta
3335 2567 3477 2622 feria
3525 2573 3657 2623 tan-

2000 2656 2127 2706 tum
2162 2669 2279 2706 una
2306 2651 2564 2724 legatur;
2597 2653 2918 2707 Sabbatum
2949 2658 3144 2708 autem
3175 2655 3566 2725 prastituletur
3596 2656 3660 2711 in.

2003 2739 2312 2794 duodecim
2345 2739 2716 2807 lectionibus,
2746 2757 2879 2795 cum
2912 2758 3026 2795 non
3060 2740 3194 2812 plus
3225 2759 3403 2813 quam
3432 2759 3532 2798 sex
3574 2743 3656 2800 le-

2002 2832 2236 2901 gantur.
2256 2827 2474 2883 Deinde
2499 2829 2655 2900 quod
2683 2845 2941 2900 quaerere
2972 2829 3522 2902 institui,videlicet,
3539 2849 3660 2904 quo

2002 2917 2203 2972 ordine
2249 2917 2466 2988 saepius
2514 2922 2836 2973 memorata
2865 2935 2930 2972 ac
2979 2920 3360 2975 memoranda
3402 2937 3506 2992 per
3549 2938 3663 2977 sua

2001 3007 2253 3061 Sabbata
2283 3005 2403 3060 sint
2433 3004 2782 3062 celebranda
2804 3007 3052 3079 jejunia.

2643 3139 2870 3195 CAPUT
2909 3140 3004 3197 IIl.

2003 3229 2118 3296 Qua
2148 3229 2360 3283 ratione
2388 3229 2634 3296 Quatuor
2682 3230 2995 3300 Tcmporum
3033 3229 3252 3301 jejtmia
3299 3233 3410 3287 sint
3453 3233 3649 3289 consti-

2072 3304 2207 3366 tuta,
2240 3307 2290 3374 et
2335 3316 2435 3354 cur
2477 3301 2824 3374 potissimam
2850 3302 3025 3356 tribus
3071 3303 3393 3374 septimana?
3430 3302 3651 3372 diebus;

2072 3385 2198 3443 qua:
2225 3372 2457 3443 denique
2505 3374 2644 3427 ratio
2689 3373 2941 3443 plurium
2984 3373 3064 3428 vel
3110 3372 3431 3445 pauciorum
3475 3376 3652 3432 lectio-

2070 3460 2224 3498 num.

2069 3545 2130 3598 Β.
2161 3542 2401 3613 (ΑΝΝΑι.
2437 3541 2692 3597 Fon'rux.
2724 3543 2882 3598 eccle.
2909 3542 3063 3614 Ofﬁc.
3090 3541 3191 3598 lib.
3226 3560 3286 3612 ιι,
3312 3562 3361 3600 c.
3382 3545 3464 3617 2.)
3489 3544 3560 3601 Ut
3584 3562 3654 3602 ex

1997 3636 2280 3698 veterum,
2314 3630 2602 3704 praecipue
2632 3630 2691 3685 S.
2723 3631 3032 3704 Augustini
3067 3632 3440 3688 sermonibus
3480 3633 3652 3689 intel-

1999 3720 2098 3792 ligi
2123 3725 2332 3792 potest,
2359 3719 2756 3776 necessarium
2784 3725 2875 3775 est
2901 3725 3111 3777 nostris
3139 3721 3400 3795 religioni
3434 3740 3654 3779 annua-

1998 3811 2102 3865 tim
2136 3813 2391 3882 quatuor
2408 3809 2636 3880 jejunia
2661 3809 2972 3865 celebrare.
2987 3809 3133 3866 Nam
3155 3815 3407 3883 quatuor
3426 3815 3651 3885 tempo-

1998 3898 2162 3954 ribus
2186 3897 2434 3954 volvitur
2454 3915 2645 3953 annus
2671 3915 2682 3952 :
2712 3914 2863 3964 vere,
2879 3903 3098 3965 aestate,
3115 3903 3418 3967 autumno,
3435 3900 3646 3957 hieme.

1998 3987 2127 4042 Haec
2155 3992 2407 4058 quatuor
2435 3990 2699 4058 tempora
2737 3985 2926 4042 solent
2956 4004 3063 4042 nos
3094 4003 3196 4059 per
3224 3986 3652 4044 delectamenta

1997 4094 2104 4132 sua
2131 4093 2394 4132 revocare
2414 4076 2487 4130 ab
2513 4093 2708 4131 amore
2725 4075 3034 4131 Creatoris.
3052 4076 3176 4141 Qua
3201 4075 3272 4130 de
3295 4092 3354 4131 re
3377 4076 3651 4146 jejunan-

1995 4165 2136 4220 dum
2169 4171 2256 4220 est
2285 4164 2345 4219 in
2377 4181 2733 4236 unoquoque
2763 4169 3020 4236 tempore
3041 4167 3107 4218 ut
3135 4164 3494 4236 castigentur
3517 4181 3650 4222 nos-

1993 4258 2084 4309 tra
2115 4257 2365 4326 quatuor
2394 4253 2702 4318 elementa,
2727 4271 2799 4309 ne
2825 4253 3232 4325 subripiantur
3257 4271 3292 4309 a
3321 4253 3647 4310 delectatio-

1994 4359 2067 4398 ne
2099 4341 2326 4398 mundi.
2358 4345 2490 4414 Ipsa
2511 4346 2765 4414 quatuor
2792 4341 3082 4398 elementa
3110 4343 3424 4414 conjuncta
3450 4341 3510 4396 in
3541 4359 3645 4399 sua

1995 4436 2206 4487 natura
2237 4436 2376 4486 sunt
2406 4435 2660 4502 quatuor
2688 4432 3051 4502 temporibus
3074 4432 3231 4487 anni.
3253 4431 3366 4487 Ver
3385 4435 3476 4486 est
3498 4429 3646 4487 cali-

1992 4521 2134 4576 dum
2161 4527 2218 4576 et
2242 4520 2647 4586 humidum,et
2676 4518 2734 4573 in
2765 4536 2833 4575 eo
2864 4519 3112 4576 facimus
3143 4538 3328 4577 unum
3346 4521 3643 4593 jejunium

1994 4615 2056 4666 ut
2086 4611 2438 4666 elementum
2471 4609 2739 4664 humoris
2771 4609 2828 4663 in
2863 4609 3032 4665 nobis
3057 4609 3397 4683 castigatur,
3423 4625 3495 4666 ne
3514 4627 3646 4668 con-

1993 4700 2208 4756 sentiat
2234 4698 2393 4755 faJsze
2423 4697 2844 4770 pulchritudini
2877 4699 3049 4753 veris.
3082 4699 3163 4754 Ex
3193 4699 3440 4756 humore
3483 4701 3642 4756 enim

1991 4794 2049 4844 et
2077 4789 2267 4845 calore
2288 4789 2554 4844 nascitur
2571 4785 2942 4860 pulchritudo
2971 4791 3155 4842 terrae.
3189 4789 3378 4844 [Estas
3407 4788 3564 4846 sicca
3587 4792 3645 4844 et

1990 4877 2198 4944 calida,
2229 4877 2287 4931 in
2319 4893 2436 4948 qua
2465 4876 2710 4932 alterum
2737 4875 3034 4948 jejunium
3077 4876 3327 4932 facimus
3379 4880 3446 4931 ut
3473 4877 3644 4932 casti-

1989 4971 2158 5038 getur
2186 4965 2540 5022 elementum
2565 4964 2778 5021 caloris
2809 4965 2869 5020 in
2899 4964 3170 5032 nobis,ne
3201 4965 3528 5024 consentiat
3556 4965 3641 5020 in-

1989 5053 2429 5111 cendiocarnali
2466 5054 2730 5110 Tertium
2742 5053 3038 5125 jejunium
3065 5052 3202 5108 ﬁtin
3225 5055 3639 5127 autumno,qui

1994 5149 2084 5201 est
2102 5143 2354 5216 frigidus
2371 5147 2424 5198 et
2451 5142 2742 5208 siccus,ne
2771 5141 2968 5214 aliquo
2989 5141 3268 5215 languore
3287 5142 3469 5198 animi
3491 5159 3644 5206 ares-

233 5241 408 5308 ptura
437 5234 678 5307 pulchre
725 5235 1002 5290 admonet
1050 5234 1252 5291 dicens
1286 5252 1298 5289 :
1332 5235 1410 5290 Ne
1455 5234 1881 5304 transgrediaris
1986 5249 2192 5288 camus
2212 5249 2280 5287 ac
2296 5231 2628 5288 deﬂuamus
2651 5235 2708 5286 et
2729 5230 3106 5286 inveniamur
3130 5232 3257 5286 sine
3285 5231 3640 5304 pinguedine

231 5326 492 5380 terminos
517 5326 791 5396 antiquos,
825 5341 956 5396 quos
979 5331 1282 5395 posuerunt
1303 5330 1482 5394 patres
1512 5325 1615 5378 tui.

307 5414 364 5470 G.
396 5411 501 5468 Hic
529 5412 836 5485 paululum
869 5413 1010 5470 siste
1049 5413 1319 5486 gradum,
1354 5411 1616 5485 mihique
1664 5429 1881 5486 praepo-

233 5502 334 5560 siti
361 5503 680 5560 testimonii
712 5503 905 5575 pande
933 5518 1196 5560 sensum.

307 5593 368 5650 Β.
395 5593 623 5651 Libenti
649 5591 844 5651 animo
892 5593 948 5649 id
983 5608 1111 5668 ago,
1145 5590 1622 5668 quandoquidem
1676 5595 1726 5650 te
1757 5595 1879 5652 tam

1989 5322 2098 5379 olei
2156 5323 2214 5376 in
2269 5325 2482 5376 aeterno
2539 5318 2935 5375 tabernaculo.
2969 5319 3197 5376 Etenim
3231 5319 3332 5376 illo
3377 5325 3640 5394 tempore

1989 5427 2434 5484 congregamus,
2463 5424 2578 5481 quo
2609 5409 2874 5466 fruamur
2901 5408 2961 5464 in
2994 5409 3208 5465 futuro.
3239 5409 3522 5475 Quartum
3547 5412 3636 5482 je-

1981 5500 2220 5574 junium
2252 5500 2319 5555 ﬁt
2345 5499 2404 5554 in
2436 5497 2650 5564 hieme,
2682 5513 2810 5570 quas
2840 5502 2930 5554 est
2958 5502 3016 5555 et
3044 5498 3290 5555 humida
3317 5504 3375 5555 et
3405 5498 3635 5572 frigida,

1989 5607 2061 5650 ne
2093 5588 2356 5648 membro
2386 5591 2586 5645 nostra
2616 5586 2774 5646 ﬂuxu
2805 5591 2978 5666 atque
3032 5586 3172 5646 luxu
3231 5587 3534 5650 solvantur
3574 5585 3635 5646 in
