4052 6158
470 320 620 390 1091

1546 315 1940 386 BEBNONIS
1983 311 2316 382 ABBA'PIS
2364 310 2800 380 AUGIENSIS.

3659 319 3780 386 mea

467 457 992 516 comessationibus
1021 461 1076 516 et
1107 454 1525 531 potationibus,
1562 472 1629 520 ac
1664 471 1767 529 per
1795 455 1904 512 hoc
1935 451 2118 527 negli-
2147 451 2203 521 Α
2233 450 2451 524 quibus
2502 448 2796 523 incognita
2849 452 2975 506 erat
3016 447 3219 506 Latina
3266 443 3474 524 lingua,
3498 453 3786 528 aderantque

468 555 642 623 gatur
669 565 836 604 amor
855 547 975 604 Dei.

539 641 610 694 At
629 637 767 708 quia
787 639 1040 707 quatuor
1057 639 1323 708 tempora
1343 651 1631 690 annorum
1656 651 1764 690 nos
1784 633 2116 706 impediunt

464 727 538 782 ab
567 741 766 782 amore
793 723 918 790 Dei,
943 728 1194 796 quatuor
1204 722 1437 795 jejunia
1458 723 1730 780 facimus.
1748 723 1853 779 Per
1881 720 2116 794 singula

461 829 698 887 quoque
724 815 990 884 tempora
1011 829 1183 868 suum
1197 811 1988 884 jejunium,unumquodque
2011 827 2114 883 pro

461 918 571 958 suo
599 905 884 974 tempore.
910 899 1099 956 Simili
1129 901 1304 956 modo
1321 901 1536 956 diurna
1550 899 1842 957 curricula
1863 903 2118 972 quatuor

458 1007 568 1048 nos
597 989 930 1064 impediunt
955 989 1028 1046 ab
1057 1005 1258 1046 amore
1287 989 1634 1059 cmlestium,
1669 988 1888 1047 scilicet
1927 992 2118 1044 matu-

455 1080 676 1151 tinum,
705 1079 1122 1146 meridianum,
1148 1078 1570 1152 vespertinum,
1597 1083 1949 1135 nocturnum
1976 1095 1989 1132 :
2014 1093 2118 1150 per

455 1168 580 1225 haec
596 1167 754 1224 enim
777 1167 1038 1240 quotidie
1059 1167 1133 1224 ab
1152 1183 1348 1224 amore
1369 1169 1719 1224 aeternorum
1739 1165 2114 1224 retrahimur.

455 1257 520 1314 In
555 1273 908 1331 unoquoque
937 1260 1056 1312 tres
1096 1255 1224 1312 dies
1269 1260 1431 1324 sunt,
1465 1256 1606 1328 quia
1651 1255 2119 1328 unumquodque

454 1351 690 1421 tempus
718 1351 838 1403 tres
872 1361 1106 1402 menses
1137 1345 1331 1400 habet.
1367 1345 1474 1400 Pro
1509 1361 1865 1419 unoquoque
1914 1361 2116 1402 mense

455 1435 676 1510 singuli
705 1436 832 1492 dies
855 1435 1084 1505 jejunio
1106 1437 1624 1491 consecrantur.At
1643 1451 1776 1491 vero
1807 1434 1950 1507 quia
1971 1450 2115 1508 quo-

454 1525 680 1582 tidiana
705 1529 944 1598 peccata
972 1528 1314 1596 aggravant,
1346 1540 1462 1580 non
1495 1523 1716 1580 sufﬁcit
1754 1540 1940 1580 unum
1963 1524 2122 1595 jeju-

458 1613 622 1669 nium
653 1629 756 1686 per
783 1613 1252 1684 unumquodque
1281 1617 1539 1686 tempus,
1566 1613 1657 1685 (ac
1687 1629 1791 1685 per
1819 1611 1950 1684 hoc)
1974 1628 2116 1684 qua-

456 1701 842 1776 dragesimale
900 1701 1258 1768 inducimus,
1307 1717 1422 1774 quo
1480 1702 1825 1774 quotidiana
1880 1703 2116 1774 peccata

457 1791 815 1866 affligantur.

525 1881 741 1936 Eadem
771 1895 906 1936 vero
937 1881 1198 1946 Quatuor
1232 1881 1589 1954 Temporum
1625 1879 1856 1952 jejunia
1876 1879 1970 1936 his
1995 1879 2114 1934 die-

454 1969 568 2025 bus
593 1968 783 2024 solent
809 1967 1112 2038 celebrari,
1136 1967 1359 2025 scilicet
1389 1972 1598 2040 quarta
1626 1967 1790 2036 feria,
1813 1973 1992 2035 sexta,
2017 1983 2110 2024 se-

453 2058 642 2132 ptima
666 2075 679 2114 :
703 2057 832 2114 ideo
856 2057 1230 2130 quarta,quia
1251 2057 1437 2114 Judaei
1469 2058 1528 2112 in
1549 2074 1618 2114 ea
1638 2057 1899 2114 fecerunt
1919 2056 2110 2112 consi-

453 2147 599 2203 lium
631 2151 696 2202 ut
725 2147 1055 2204 occiderent
1083 2145 1412 2215 Christum;
1443 2151 1606 2202 sexta
1631 2146 1794 2213 feria,
1829 2145 2108 2218 quoniam

455 2235 795 2291 occiderunt
821 2251 986 2302 eum;
1011 2234 1356 2307 scptima,ex
1386 2235 1728 2290 auctoritate
1759 2239 1971 2290 sancta:
2004 2234 2111 2290 Ro-

455 2341 644 2380 manae
666 2322 936 2379 Ecclesia:
959 2322 1333 2378 concluditur
1353 2322 1650 2395 jejunium
1677 2327 1915 2396 propter
1933 2321 2110 2378 tristi-

455 2413 601 2469 tiam
633 2409 1056 2484 apostolorum,
1093 2414 1272 2484 quam
1303 2412 1375 2467 de
1405 2415 1591 2468 morte
1633 2411 1816 2466 nostri
1865 2411 2108 2467 Redem-

456 2499 604 2558 toris
635 2501 985 2567 habuerant,
1013 2500 1165 2556 sicut
1196 2499 1569 2556 Innocentius
1599 2517 1749 2572 papa
1777 2499 1838 2555 in
1859 2500 1986 2556 suis
2010 2505 2111 2556 De-

457 2588 774 2646 cretalibus
805 2595 1005 2644 narrat
1039 2607 1052 2644 :
1089 2612 1116 2638 ‹‹
1151 2589 1430 2657 Sabbato,
1464 2588 1680 2661 inquit,
1713 2589 2107 2660 jejunandum

457 2694 586 2736 esse
628 2678 776 2736 ratio
825 2678 1266 2734 evidentissime
1315 2678 1700 2734 demonstrat.
1735 2679 1882 2734 Nam
1933 2679 1983 2734 si
2015 2679 2110 2736 die

2144 1826 2192 1891 B

354 2839 362 2846 ι
457 2766 760 2846 Dominico
785 2767 858 2823 ob
909 2765 1295 2823 venerabilem
1345 2766 1832 2824 resurrectionem
1876 2767 2109 2824 Domini

457 2845 642 2912 nostri
671 2855 810 2912 Jesu
841 2855 1053 2912 Christi
1087 2872 1202 2912 non
1233 2854 1426 2912 solum
1460 2855 1680 2911 Pascha
1721 2855 2106 2924 celebramus,

453 2959 657 3000 verum
687 2945 864 3001 etiam
887 2961 989 3017 per
1017 2943 1282 3018 singulos
1309 2945 1560 3001 circulos
1608 2943 2109 3002 hebdomadarum

456 3033 646 3106 ipsius
677 3033 789 3091 diei
823 3033 1139 3107 imaginem
1160 3033 1694 3106 frequentamus,ac
1713 3033 1760 3089 si
1785 3037 1948 3091 sexta
1970 3033 2112 3090 feria

456 3127 693 3196 propter
739 3123 1075 3196 passionem
1116 3123 1348 3179 Domini
1390 3123 1757 3195 jejunamus,
1787 3124 2108 3179 Sabbatum

2225 539 2417 596 Latini
2448 539 2664 612 quibus
2696 537 2991 611 incognita
3019 543 3141 600 erat
3183 539 3377 595 Grzeca
3403 557 3416 595 :
3447 539 3656 598 alteram
3687 561 3788 618 pro-

2220 633 2312 684 ter
2342 629 2791 685 unanimitatem
2817 627 3125 700 utriusque
3153 627 3373 701 populi.
3406 630 3679 688 Duodecim
3702 632 3790 690 lec-

2222 718 2411 774 tiones
2441 717 2720 773 dicuntur
2739 720 2976 789 propter
3003 716 3306 774 duodecim
3333 715 3683 792 lectores,non
3701 740 3798 796 pro-

2224 809 2352 878 pter
2379 805 2688 862 duodecim
2721 804 3141 862 sententiarum
3170 805 3490 864 varietates.
3520 808 3617 864 Sex
3648 808 3798 866 lectio-

2225 911 2330 952 nes
2359 899 2498 952 sunt
2526 893 2935 950 tantummodo
2965 894 3024 950 in
3056 893 3386 950 sententiis.
3409 895 3590 970 Neque
3614 898 3741 954 enim
3761 900 3799 956 si

2224 982 2547 1040 dixerimus
2571 1000 2762 1049 amen,
2795 999 3018 1051 verum,
3046 988 3352 1056 prepterea
3379 983 3518 1041 duas
3553 986 3798 1044 varietates

2226 1071 2551 1144 intelligere
2580 1072 2865 1128 debemus
2897 1072 3000 1128 sed
3034 1089 3232 1128 unam.
3261 1095 3289 1121 ››
3317 1073 3424 1130 Sed
3453 1073 3519 1129 de
3544 1073 3626 1132 his
3649 1073 3796 1132 hacte-

2226 1178 2360 1218 nus.
2393 1161 2559 1216 Nunc
2581 1161 2652 1216 ad
2684 1159 2984 1233 proposita
3012 1161 3344 1217 redeamus.

2873 1285 3104 1343 CAPUT
3145 1285 3237 1342 IV.

2227 1379 2418 1435 Utrum
2448 1376 2637 1450 statim
2666 1375 2724 1430 in
2741 1375 2922 1450 primo
2951 1374 3182 1450 Sabbato
3209 1377 3396 1432 Martii
3407 1385 3476 1432 sit
3492 1376 3800 1450 jejunandum,

2293 1449 2516 1503 etiamsi
2545 1447 2688 1502 idem
2712 1448 2916 1520 mis
2944 1449 3162 1520 quinta,
3193 1456 3343 1503 sarta
3374 1455 3471 1503 aut
3483 1447 3680 1520 septima
3695 1452 3804 1520 {cria

2295 1521 2551 1592 incipiat,
2583 1536 2659 1592 an_
2677 1590 2685 1592 4
2702 1519 2763 1592 in
2806 1518 2964 1592 aliud
3009 1519 3312 1574 Sabbatum
3354 1518 3567 1591 propter
3605 1518 3804 1592 quartum

2290 1588 2497 1663 [crium
2524 1592 2598 1646 sit
2625 1588 2985 1662 differendum
3004 1593 3032 1645 ?

2294 1697 2514 1764 Quastio
2547 1700 2668 1763 tua,
2689 1697 2739 1752 si
2783 1695 2892 1752 rite
2941 1697 3234 1764 recordor,
3255 1695 3394 1753 talis
3437 1701 3555 1754 erat
3584 1713 3596 1752 ε
3621 1697 3808 1754 Utrum-

2223 1803 2360 1842 nam
2380 1785 2581 1842 statim
2601 1786 2662 1842 in
2681 1784 2869 1859 primo
2883 1785 3138 1842 Sabbato
3150 1785 3347 1842 Martii
3365 1787 3444 1842 sit
3460 1786 3806 1858 jejunandum,

2221 1874 2453 1930 etiamsi
2478 1875 2634 1930 idem
2659 1875 2878 1932 mensis
2901 1874 3299 1946 quinta,sexta
3328 1878 3430 1930 aut
3458 1875 3806 1948 septimaferia

2219 1963 2486 2036 incipiat,
2505 1982 2578 2020 an
2613 1963 2673 2019 in
2699 1963 2856 2020 aliud
2885 1964 3206 2020 Sabbatum
3234 1968 3470 2036 propter
3495 1969 3727 2038 quartam
3745 1965 3808 2020 fe-

2219 2053 2368 2109 riam
2396 2054 2477 2109 sit
2492 2052 2923 2109 diﬂ'erendum?
2943 2053 3028 2108 Ad
3052 2053 3206 2126 quod
3230 2053 3339 2109 tibi
3361 2069 3429 2110 ex
3452 2055 3804 2111 consuetudine

2219 2146 2436 2198 sanctae
2468 2141 2756 2209 Ecclesiae,
2791 2159 2916 2214 quze
2965 2159 3067 2215 pro
3118 2142 3380 2199 maxima
3419 2143 3724 2199 auctoritate
3747 2147 3809 2198 te-

2221 2232 2416 2288 nenda
2430 2235 2539 2300 est,
2566 2231 2909 2304 respondeo,
2933 2231 3086 2304 quod
3110 2232 3338 2304 absque
3357 2231 3476 2289 ulla
3494 2231 3810 2305 refragatione

2219 2338 2455 2395 semper
2475 2321 2743 2394 ejusdem
2774 2319 2994 2377 mensis
3023 2325 3238 2392 quarta
3269 2322 3416 2378 feria
3439 2321 3631 2378 debeat
3663 2335 3812 2392 exspe'

2219 2409 2670 2484 ctari,quoniam
2701 2409 2853 2465 idem
2877 2410 3175 2482 jejunium
3199 2411 3360 2482 quod
3392 2415 3589 2483 quarta
3608 2409 3726 2465 feria
3744 2410 3805 2463 in-

2220 2500 2438 2572 cipitur
2459 2499 2712 2556 Sabbato
2746 2499 2963 2567 finitur,
3005 2515 3386 2572 nequaquam
3419 2499 3700 2556 Februario
3731 2497 3804 2552 sed

2221 2588 2431 2645 Martio
2459 2591 2649 2644 totum
2671 2589 2985 2660 deputatur
3017 2604 3030 2642 :
3064 2604 3132 2644 ea
3164 2587 3439 2645 videlicet
3466 2587 3668 2644 ratione
3694 2591 3744 2642 ut
3765 2587 3806 2641 in

2219 2693 2289 2734 eo
2311 2693 2512 2733 mense
2531 2675 2787 2748 primum
2803 2675 3098 2747 jejunium
3121 2681 3393 2733 nostrum
3415 2676 3642 2732 Domino
3660 2690 3810 2731 conse-

2219 2767 2502 2836 cretur,in
2535 2782 2651 2838 quo
2683 2765 3034 2838 principium
3058 2766 3197 2821 anni
3223 2783 3294 2822 ac
3317 2767 3444 2839 ipsa
3472 2765 3664 2822 creatio
3681 2763 3810 2835 coepit

2220 2855 2620 2911 mundi.Unde
2643 2855 2752 2911 iste
2771 2854 3057 2914 terminus
3076 2855 3328 2912 firmiter
3349 2860 3438 2913 est
3453 2853 3809 2917 observandas,

2219 2949 2417 3013 ut,nec
2437 2947 2570 3000 ante
2593 2961 2648 2999 IV
2659 2944 2852 3000 Nonas
2876 2943 3064 2999 Martii
3091 2959 3197 3000 nec
3221 2926 3356 3016 post
3376 2961 3430 3000 v1
3453 2945 3580 3000 ldus
3601 2941 3809 3014 ejusdem

2219 3031 2686 3106 mensis,aliquis
2707 3036 2929 3088 statuat
2940 3032 3264 3088 Sabbatum
3274 3033 3356 3106 jej
3366 3030 3750 3099 unandum,sed
3766 3027 3809 3083 in

2186 3113 2200 3126 ⁸
2220 3122 2315 3178 his
2345 3127 2567 3195 septem
2601 3121 3185 3193 diebus,ubicunque
3206 3123 3466 3194 primum
3497 3120 3733 3183 evenerit,
3744 3118 3811 3187 je-

456 3195 900 3285 praetermittere
932 3229 1046 3268 non
1079 3211 1382 3283 debemus,
1397 3211 1498 3284 qui
1533 3211 1685 3267 inter
1704 3209 2006 3268 tristitiam
2029 3215 2109 3266 at-
2139 3195 2181 3262 C
2213 3212 2429 3282 junare
2449 3211 2602 3267 licite
2630 3210 2865 3268 valebit.
2899 3211 2979 3266 Ex
3007 3227 3124 3284 quo
3155 3211 3318 3267 velut
3339 3207 3812 3280 intellectualiquo-

457 3300 852 3374 quelaatitiam
887 3300 1164 3374 temporis
1195 3300 1355 3356 illius
1397 3301 1632 3356 videtur
1663 3300 1948 3358 inclusus.
1982 3323 2011 3353 »
2045 3301 2108 3356 In

457 3406 572 3464 quo
605 3390 783 3446 etiam
812 3389 1064 3445 Sabbato
1091 3390 1452 3446 consecratio
1475 3388 1750 3444 ordinum
1767 3388 2115 3445 ecclesiasti-

457 3495 661 3536 corum
691 3478 1038 3544 celebratur,
1071 3495 1312 3534 causam
1361 3477 1540 3533 etiam
1590 3477 1857 3549 ejusdem
1903 3494 2113 3534 conse-

461 3565 744 3622 crationis
771 3571 974 3622 sancto
1004 3565 1331 3638 Augustino
1360 3566 1588 3621 dicente
1620 3567 1694 3622 ad
1721 3566 2068 3623 Januarium
2097 3583 2110 3622 :

461 3677 490 3705 ‹‹
524 3654 869 3721 Sabbatum,
903 3653 1118 3724 inquit,
1151 3653 1630 3710 commendatum
1677 3657 1766 3710 est
1796 3654 1974 3727 priori
2005 3671 2114 3726 po-

460 3741 600 3816 pulo
624 3742 682 3797 in
701 3742 817 3797 otio
834 3741 1214 3814 corporaltter
1228 3741 1738 3811 celebrandum,ut
1755 3743 1944 3814 ﬁgura
1962 3747 2117 3800 esset

460 3830 940 3888 sanctiﬁcationis
963 3829 1020 3886 in
1054 3831 1257 3904 requie
1287 3832 1539 3904 Spiritus
1569 3830 1778 3888 sancti.
1809 3832 2114 3903 Nusquam

459 3919 616 3976 enim
647 3917 901 3992 legimus
923 3919 980 3974 in
1001 3919 1209 3976 Genesi
1235 3919 1751 3976 sanctificationem
1785 3936 1888 3993 per
1911 3936 2116 3977 omnes

460 4008 684 4083 priores
711 4007 862 4076 dies,
893 4009 994 4066 sed
1033 4009 1107 4064 de
1127 4008 1250 4066 solo
1281 4010 1530 4068 Sabbato
1561 4009 1786 4066 dictum
1813 4013 1904 4066 est
1933 4025 1947 4065 :
1982 4011 2118 4066 San-

457 4099 719 4170 ciiﬁcavit
743 4099 890 4155 diem
919 4104 1055 4155 Deus
1077 4099 1402 4170 septimum;
1433 4100 1564 4172 quia
1593 4099 1837 4155 charitas
1871 4100 1972 4155 Dei
2005 4100 2115 4171 dif-

460 4191 590 4261 fusa
617 4196 697 4244 est
726 4191 785 4244 in
815 4187 1071 4244 cordibus
1100 4190 1303 4244 nostris
1325 4205 1428 4260 per
1444 4188 1717 4260 Spiritum
1745 4190 2118 4262 sanctum,qui

459 4276 620 4333 datu:
638 4285 716 4333 est
735 4278 912 4332 nobis.
932 4276 1064 4332 Ideo
1087 4276 1469 4332 sanctificatio
1491 4277 1551 4332 in
1573 4277 1824 4350 septimo
1849 4277 1944 4332 die
1964 4294 2117 4333 com-

461 4370 785 4423 memorata
816 4365 1033 4434 est,ubi
1066 4365 1296 4438 requies
1326 4366 1833 4422 commendatur.»
1855 4366 2024 4422 Nunc
2045 4367 2116 4422 de

459 4451 814 4510 lectionibus
841 4454 1169 4510 videamus.

533 4541 600 4598 In
630 4546 842 4630 quarta
873 4541 1015 4597 feria
1044 4541 1171 4597 dum
1202 4542 1480 4600 lectiones
1510 4543 1804 4616 leguntur,
1821 4547 1886 4599 ut
1915 4541 2114 4615 hi,qui
2149 4566 2195 4630 ι)

463 4631 523 4687 ἱιι
550 4629 804 4686 Sabbato
831 4635 972 4686 sunt
1001 4632 1405 4700 consecrandi,
1429 4633 1818 4689 admoneatur
1863 4636 1928 4688 ut
1969 4632 2126 4688 noti-

459 4719 604 4776 tiam
632 4718 782 4793 legis
811 4723 869 4775 et
897 4719 1315 4792 prophetarum
1347 4719 1623 4788 habeant,
1657 4721 1758 4792 qui
1783 4721 2035 4778 maxime
2055 4720 2115 4775 in

461 4813 674 4880 quarta
703 4811 869 4864 (etate
899 4809 1189 4881 vigebant.
1210 4808 1384 4864 Sexta
1405 4808 1548 4864 feria
1577 4826 1695 4864 una
1713 4814 1944 4866 tantum
1975 4808 2116 4880 legi-

463 4901 587 4966 tur;
621 4899 762 4971 quia
790 4897 881 4954 lex
909 4903 967 4954 et
989 4896 1299 4971 prophetia
1316 4898 1388 4954 vin
1420 4915 1536 4954 uno
1567 4897 1876 4972 Evangelio
1902 4897 2117 4971 recapi~

464 4985 750 5056 tulantur,
783 4987 938 5060 quod
972 5003 1132 5043 nunc
1163 4987 1223 5042 in
1253 4991 1418 5042 sexta
1446 4985 1654 5042 mundi
1700 4991 1865 5044 aetate
1911 4987 2118 5062 praedi-

465 5081 634 5132 catur
687 5081 746 5132 et
801 5076 1035 5149 legitur.
1082 5076 1164 5133 De
1219 5074 1528 5132 duodecim
1587 5075 1957 5145 lectionibus,
1991 5093 2118 5149 quae

466 5164 902 5237 pratitulantur
930 5165 990 5221 in
1017 5164 1478 5222 Sacramentario
1508 5164 1603 5222 die
1643 5165 1902 5235 Sabbati,
1935 5165 2019 5222 sic
2061 5165 2121 5220 in

467 5251 680 5310 litteris
731 5255 968 5310 Patrum
1022 5254 1309 5327 reperitur
1359 5254 1648 5328 scriptum
1702 5271 1714 5310 :
1763 5256 2122 5328 [AMALARIUS

472 5341 853 5399 Fon'rum'rus
882 5343 1041 5398 eccle.
1075 5342 1232 5415 0/‘ﬁc.
1255 5341 1357 5400 lib.
1389 5361 1452 5412 ιι,
1476 5360 1527 5400 c.
1565 5344 1615 5417 1)
1647 5367 1676 5396 ‹‹
1705 5344 1815 5402 Sex
1846 5343 2122 5401 lectiones

471 5431 546 5487 ab
575 5431 836 5504 antiquis
874 5431 1152 5487 Romanis
1208 5432 1402 5488 Graece
1451 5449 1516 5490 ac
1550 5433 1750 5490 Latine
1779 5431 2126 5507 legebantur

471 5519 597 5595 (qui
623 5535 752 5577 mos
771 5518 926 5593 apud
945 5520 1506 5593 Constantinopolim
1528 5521 1818 5597 hodieque
1836 5522 2124 5594 servatur)

471 5615 710 5694 propter
737 5609 886 5670 duas
935 5623 1148 5667 causas
1179 5623 1194 5669 :
1227 5624 1431 5680 unam,
1461 5613 1602 5690 quia
1649 5612 1893 5672 aderant
1945 5610 2126 5672 Graeci

2222 3301 2359 3356 dam
2392 3299 2490 3356 ﬁlo
2521 3299 2862 3356 rectissima;
2887 3298 3102 3372 regula:
3121 3299 3280 3356 linea
3305 3317 3409 3373 per
3435 3295 3810 3372 quatuordecim

2220 3387 2624 3445 hebdomadas
2645 3405 2833 3462 usque
2862 3387 2920 3444 in
2949 3389 3281 3444 secundum
3305 3388 3466 3446 Junii
3498 3387 3690 3444 mensis
3707 3383 3812 3440 Sab-

2220 3478 2425 3534 batum
2455 3479 2723 3547 ducatur,
2759 3477 3010 3550 indeque
3040 3494 3144 3550 per
3165 3477 3318 3535 alias
3334 3474 3734 3552 quatuordecim
3757 3471 3809 3526 ad

2221 3565 2381 3622 aliud
2413 3566 2745 3640 proximum
2776 3571 2912 3623 ante
2959 3566 3340 3624 Nativitatem
3389 3565 3606 3624 Domini
3641 3562 3810 3621 Sabba-

2222 3661 2372 3722 tum,
2397 3659 2460 3710 ut
2488 3657 2711 3728 absque
2741 3671 2936 3712 errore
2967 3655 3314 3712 eorumdem
3345 3657 3704 3714 Sabbatorum
3727 3656 3811 3705 ter-

2224 3743 2370 3800 mini
2403 3744 2632 3818 possint
2651 3743 2921 3800 inveniri.

2295 3835 2356 3891 G.
2387 3833 2615 3890 Videris
2662 3834 2901 3906 quidem
2951 3834 3022 3890 de
3068 3834 3262 3907 primo
3291 3851 3492 3891 mense
3518 3831 3810 3890 sufﬁcienter

2224 3921 2444 3979 dixisse
2477 3939 2490 3977 :
2528 3923 2641 3978 Sed
2670 3929 2762 3978 est
2790 3923 3003 3992 adhuc,
3036 3925 3191 3996 quod
3226 3928 3458 3980 moveat
3484 3924 3552 3979 de
3581 3924 3752 3995 quarto
3769 3919 3810 3970 et

2224 4011 2494 4083 septimo.
2521 4010 2666 4078 Quia
2688 4027 2821 4066 cum
2841 4011 3064 4068 diceres
3090 4029 3124 4066 a
3145 4012 3405 4069 Sabbato
3429 4027 3604 4085 usque
3631 4009 3680 4064 in
3703 4006 3810 4062 Sab-

2224 4099 2427 4155 batum
2459 4116 2692 4172 semper
2715 4100 3158 4172 quatuordecim
3204 4101 3601 4158 hebdomadas
3625 4109 3812 4154 enume-

2224 4189 2461 4257 randas,
2495 4206 2610 4244 non
2643 4189 2919 4245 addidisti
2954 4195 3176 4256 utrum,
3209 4189 3381 4246 finita
3413 4190 3624 4246 decima
3651 4186 3812 4257 quarta

2223 4276 2614 4344 hebdomada,
2666 4278 2992 4334 secundum
3065 4279 3392 4334 Sabbatum
3444 4277 3592 4332 Junii
3641 4269 3811 4328 mensis

2225 4366 2419 4439 quarti
2451 4367 2602 4422 feriae
2636 4383 2695 4433 ιι,
2718 4367 2960 4422 tertium
2991 4367 3356 4440 Septembris
3385 4367 3684 4423 Sabbatum
3704 4375 3810 4433 pre-

2224 4455 2425 4512 cedere
2455 4455 2736 4512 deberent
2765 4472 2847 4524 III,
2875 4471 3011 4510 cum
3032 4453 3092 4510 id
3124 4453 3201 4511 sit
3233 4456 3486 4512 maxime
3508 4451 3647 4526 quod
3673 4447 3816 4503 videa-

2225 4548 2324 4600 tur
2374 4543 2760 4614 quaestionem
2819 4543 3074 4617 gignere.
3119 4543 3284 4608 Quod
3338 4543 3581 4618 qualiter
3635 4535 3812 4596 evenire

2233 4632 2437 4700 soleat,
2470 4649 2574 4705 per
2603 4637 2658 4688 te
2687 4636 2843 4706 opto,
2876 4636 2941 4687 ut
2964 4631 3344 4688 manifestum
3370 4633 3490 4689 ﬁat.

2297 4727 2362 4778 Β.
2389 4721 2473 4777 Ad
2533 4721 2642 4778 hoc
2687 4721 3211 4778 demonstrandum
3263 4721 3674 4779 constituantur
3696 4709 3812 4769 feria

2227 4815 2451 4883 septem
2485 4827 2620 4866 cum
2651 4811 2858 4867 diebus
2889 4810 3132 4867 totidem
3164 4811 3390 4868 mensis
3420 4804 3683 4877 Μαι-ξιξ,ᾕά
3709 4802 3813 4856 est:

2227 4916 2260 4954 a
2281 4917 2336 4955 ιν
2358 4901 2553 4956 Nonas
2587 4916 2775 4972 usque
2804 4899 2864 4956 in
2885 4916 2942 4955 v1
2967 4899 3123 4967 ldus,
3149 4915 3256 4972 per
3274 4916 3423 4973 quos
3443 4895 3602 4972 primi
3624 4883 3814 4950 Sabbati

2228 4987 2463 5044 termini
2493 4987 2683 5044 solent
2705 4987 2941 5056 variari,
2971 4992 3036 5044 ut
3085 4988 3145 5044 in
3195 4988 3290 5045 his
3319 4986 3588 5062 inspectis
3615 4997 3695 5038 res
3719 4978 3815 5048 ipsa

2227 5076 2453 5149 aperiat
2482 5093 2543 5133 se
2564 5077 2754 5133 nobis.
2787 5076 3106 5133 Ab-ultimo
3125 5077 3304 5134 etiam
3337 5075 3682 5150 incipiamus.
3699 5065 3814 5122 Mar-

2230 5164 2353 5222 tius
2382 5169 2484 5222 aut
2504 5165 2712 5238 quinta
2742 5165 2886 5223 feria
2904 5164 3133 5238 incipit,
3165 5171 3225 5222 et
3251 5166 3560 5223 Sabbatum
3603 5155 3742 5221 illud,
3767 5150 3812 5248 in

2231 5269 2348 5326 quo
2378 5258 2468 5310 est
2507 5253 2921 5325 jejunandum,
2953 5253 3154 5311 Idibus
3201 5254 3477 5322 occurrit;
3508 5254 3599 5308 aut
3639 5251 3813 5302 mensis

2233 5347 2395 5399 sexta
2416 5341 2579 5413 feria,
2601 5343 2921 5400 Sabbatum
2946 5360 3079 5400 vero
3105 5361 3184 5402 vn
3219 5345 3324 5412 ld.;
3349 5347 3450 5400 aut
3477 5340 3567 5396 ille
3595 5333 3714 5392 feria
3736 5343 3809 5391 Ἧι,

2232 5431 2391 5488 istud
2421 5448 2524 5488 vm
2547 5431 2654 5489 Id..
2687 5436 2791 5488 aut
2821 5432 3041 5489 mensis
3076 5451 3112 5502 ι,
3132 5450 3259 5506 qua:
3288 5436 3378 5489 est
3403 5415 3811 5512 DominiQ-s‘l:

2233 5521 2439 5578 batum
2473 5521 2619 5579 Non.
2645 5524 2758 5578 Aut
2787 5521 2835 5577 si
2867 5521 2965 5578 ille
3005 5521 3149 5578 feria
3180 5540 3238 5591 ιι,
3267 5521 3418 5578 istud
3456 5515 3596 5574 Prid.
3624 5510 3744 5567 Non.
3767 5506 3811 5556 Si

2234 5625 2368 5671 vero
2401 5610 2496 5669 ille
2541 5629 2602 5668 ιιι
2648 5611 2804 5675 istud
2855 5628 2917 5668 ιιι
2949 5611 3094 5674 Non.
3129 5615 3245 5672 Aut
3273 5611 3320 5672 si
3364 5605 3592 5672 Martius
3610 5597 3810 5669 {etiam
