4052 6158
194 286 353 349 1093

1101 274 1497 346 DIALOGUS
1541 282 1642 344 DE
1684 272 2033 345 JEJUNIIS
2080 278 2475 352 QUA’I‘UOR
2519 276 2769 350 'l‘EMP.

3526 304 3685 370 100i

191 420 522 476 Sabbatum
556 432 611 471 IV
640 413 784 472 Non.
815 414 876 468 Si
912 432 984 472 ex
1012 415 1108 473 his
1138 414 1388 489 singulis
1420 414 1686 472 terminis
1707 413 1867 469 adhi-
1894 413 1952 480 Α
1982 411 2206 468 Christi
2239 418 2385 469 sunt
2414 430 2550 471 cum
2586 417 2720 490 ipso
2742 435 2757 486 ;
2782 420 2872 473 tot
2902 418 3083 479 etiam
3114 422 3504 493 hebdomade
3529 437 3689 498 in\.e_

193 509 322 566 bita
370 507 806 578 computatione
851 505 928 561 ad
983 505 1268 562 terminos
1318 504 1479 561 Junii
1526 503 1766 571 mensis,
1811 506 1868 558 et

193 599 416 653 iterum
440 596 514 652 ab
542 594 660 651 illis
688 595 754 650 ad
772 594 1063 650 terminos
1082 594 1443 667 Septembris
1465 610 1568 667 per
1587 596 1863 665 quatuor-

199 684 397 743 decim
426 684 828 740 hebdomadas
862 682 1053 739 aciem
1084 687 1240 739 recte
1260 681 1715 756 dirigis,liquido
1732 697 1867 753 per-

195 773 435 831 videbis
466 773 526 828 in
561 777 770 846 quarto
800 788 907 827 seu
941 772 1193 845 septimo
1216 788 1416 828 mense
1437 775 1677 844 quartas
1698 769 1871 826 ferias

190 867 375 939 juxta
406 862 499 920 sui
529 862 926 934 quantitatem
959 861 1085 916 suis
1117 860 1389 917 Sabbatis
1418 860 1618 916 minus
1647 860 1870 924 deesse,

196 955 448 1026 excepto
478 949 1087 1024 Septembri,quando
1117 950 1241 1023 ipse
1270 949 1478 1022 incipit
1507 949 1652 1005 feria
1678 965 1733 1017 ν,
1766 946 1875 1003 Ju-

200 1043 349 1100 nius
379 1058 458 1109 IV,
490 1040 741 1096 Martius
771 1057 855 1108 ιιι,
892 1037 1073 1094 simul
1106 1043 1301 1095 autem
1333 1038 1663 1110 Septembri
1696 1041 1756 1093 et
1778 1037 1876 1093 Ju-

196 1132 303 1190 nio
335 1147 511 1200 ;cum
543 1128 699 1185 idem
732 1127 1079 1200 September
1107 1127 1250 1183 feria
1280 1144 1357 1194 v1,
1391 1126 1603 1181 Junius
1633 1142 1687 1192 v,
1730 1126 1879 1181 Mar-

198 1221 337 1277 tius
371 1236 447 1274 1v.
484 1220 611 1284 Qua
642 1233 714 1273 ex
747 1233 805 1272 re
834 1215 1083 1284 eveniat,
1116 1214 1389 1288 prudenti
1433 1213 1775 1271 calculatori
1808 1213 1878 1270 ad

198 1307 624 1382 indagandum
655 1321 1034 1377 nequaquam
1061 1304 1173 1360 erit
1192 1302 1448 1360 difﬁcile.

277 1397 368 1453 Ex
395 1396 490 1452 his
523 1394 803 1452 omnibus
833 1394 981 1449 ratio
1013 1393 1318 1448 manifeste
1349 1392 1515 1448 docet
1552 1391 1784 1447 firmius
1816 1407 1882 1447 ac

200 1484 491 1545 stabilius
522 1482 671 1539 illud
703 1499 834 1539 esse
862 1482 1461 1556 argumentum,quod
1475 1498 1543 1537 ex
1566 1480 1884 1536 hebdoma-

202 1577 427 1632 darum
460 1587 709 1628 numero
760 1569 1072 1626 collectum
1115 1586 1418 1642 nunquam
1474 1573 1660 1636 nutat,
1705 1586 1883 1642 quam

186 1650 375 1738 quod
408 1678 478 1717 ex
510 1660 792 1717 feriarum
844 1658 1313 1715 consideratione
1352 1657 1740 1731 capitulatnm
1773 1657 1885 1714 ali-

204 1752 457 1827 quando
485 1748 743 1807 vacillat.
776 1748 857 1804 De
884 1764 1087 1803 mense
1118 1764 1251 1803 vero
1282 1746 1509 1802 decimo
1541 1745 1687 1801 nihil
1726 1745 1882 1801 aliud

206 1840 537 1897 dicendum
564 1842 673 1904 est,
712 1836 823 1891 nisi
859 1841 923 1891 ut
970 1835 1303 1908 proximum
1336 1840 1470 1891 ante
1510 1834 1884 1890 Nativitatcm

206 1927 454 1985 Domini
523 1942 759 1999 semper
817 1924 1162 1979 observetur
1219 1924 1564 1993 Sabbatum,
1621 1927 1882 1996 excepto,

211 2018 462 2092 quando
492 2014 693 2089 vigilia
724 2013 983 2070 evenerit
1012 2013 1068 2067 in
1105 2012 1247 2068 feria
1276 2012 1547 2085 septima.

884 2109 1120 2167 CAPUT
1157 2109 1218 2166 V.

356 2193 634 2252 Praedicta
663 2192 908 2264 amplius
940 2191 1299 2247 illustrantur
1327 2193 1380 2245 et
1405 2190 1749 2247 roborantur.

294 2285 362 2342 G.
397 2282 674 2350 Quamvis
716 2280 918 2338 ‘oratio
977 2284 1082 2336 tua
1129 2279 1275 2335 mihi
1334 2280 1692 2352 persuaserit
1741 2279 1887 2335 nihil

212 2373 419 2431 verius
449 2388 576 2428 esse
608 2387 787 2443 quam
823 2370 980 2443 quod
1014 2368 1251 2437 asseris,
1282 2368 1490 2425 vellem
1531 2374 1726 2425 tamen
1760 2387 1886 2441 per-

218 2462 422 2519 doceri
455 2477 572 2534 qua
606 2459 959 2517 auctoritate
989 2457 1099 2514 hoc
1122 2463 1532 2530 argumentum
1556 2475 1624 2513 ex
1646 2475 1890 2513 numero

220 2549 670 2624 quatuordecim
705 2547 1215 2604 hebdomadarum
1248 2546 1549 2601 inventum
1574 2547 1761 2619 magis
1792 2547 1891 2601 de-

221 2641 365 2696 beat
395 2655 526 2694 esse
557 2636 1075 2711 ratum,praacipue
1105 2652 1238 2691 cum
1270 2641 1325 2691 te
1375 2636 1645 2708 superius
1676 2636 1891 2692 dixisse

224 2728 500 2785 recorder
528 2726 671 2783 nihil
721 2727 780 2782 in
831 2725 1251 2782 ecclesiasticis
1300 2724 1829 2781 consuetudinibus
1859 2742 1893 2778 a

226 2817 455 2875 sanctis
485 2817 758 2873 Patribus
792 2832 924 2871 esse
950 2814 1336 2870 constitutum
1363 2814 1516 2887 quod
1552 2830 1665 2869 non
1698 2811 1895 2885 aliqua

230 2907 461 2963 ratione
491 2905 565 2961 sit
594 2905 963 2961 roboratum.

308 2998 369 3051 Β.
404 2994 535 3050 Scio
565 3010 655 3049 me
688 3011 793 3067 pro
827 2996 984 3048 certo
1002 2991 1084 3047 ita
1113 2992 1329 3048 dixisse
1357 3010 1369 3048 :
1405 2995 1462 3047 et
1494 3007 1669 3063 quam
1693 3007 1892 3046 verum

1980 500 2237 557 niuntur
2268 519 2304 557 a
2334 504 2530 602 primo
2580 505 2852 563 Sabbato
2898 509 3077 581 primi
3129 523 3355 581 mensis
3396 544 3587 602 usque
3623 533 3696 589 ad

1980 594 2297 681 qugartum_
2337 591 2671 650 Sabbatum
2734 595 2955 654 decimi
3014 608 3260 666 mensis.
3321 591 3698 681 Consecratio

1982 677 2181 779 prima
2197 677 2549 785 celebratur
2578 683 2790 785 primo
2823 686 3086 751 Sabbato
3108 697 3284 770 primi
3318 677 3699 785 mensisque:

1983 766 2158 861 quasi
2193 766 2259 823 in
2294 767 2419 825 loco
2460 771 2731 829 Abrahae
2768 788 3016 848 generat
3046 766 3367 850 Christum.
3399 766 3699 861 Abraham

1985 857 2421 950 interpretatur
2463 868 2636 932 pater
2668 865 2987 927 multarum
3021 880 3290 950 gentium,
3325 882 3419 939 cui
3471 857 3698 948 dictum

1986 949 2124 1044 est:
2157 946 2234 1001 In
2288 950 2500 1044 semine
2547 958 2656 1008 tuo
2707 955 3104 1021 benedicentur
3156 946 3338 1028 omnes
3381 984 3593 1044 gentes.

1989 1032 2127 1124 quis
2152 1041 2544 1093 consecratus
2580 1044 2713 1097 stat
2746 1041 2813 1100 in
2848 1052 3071 1110 semine
3104 1032 3423 1117 multorum
3453 1032 3693 1124 conve;

1988 1122 2255 1228 tentiu‘m
2288 1142 2393 1228 per
2423 1143 2531 1228 sua
2563 1133 2856 1228 exempla
2886 1139 2981 1222 ad]
3014 1143 3215 1214 Deum,
3251 1153 3340 1205 est
3366 1151 3556 1223 primo
3588 1122 3691 1228 pa-

1988 1213 2259 1305 triarcha
2293 1214 2595 1272 Abraham
2628 1222 2913 1296 genitus;
2943 1208 3033 1286 est
3062 1208 3258 1305 ipsum
3291 1208 3490 1296 semen
3523 1208 3687 1300 Chrri-

1993 1302 2219 1370 stus,in
2256 1320 2373 1375 quo
2395 1306 2632 1363 semine
2654 1315 3022 1381 promissum
3047 1302 3135 1376 est
3154 1324 3395 1381 Abrahae
3418 1327 3682 1388 benedici

1994 1408 2207 1448 omnes
2238 1394 2614 1467 genteslpsa
2641 1406 3007 1462 consecratio
3038 1412 3300 1482 tempore
3330 1430 3507 1472 verno
3537 1420 3684 1476 cele-

1994 1482 2225 1570 bratur,
2263 1482 2420 1554 quod
2471 1487 2715 1559 tempus
2770 1490 2967 1549 habile
3015 1501 3103 1551 est
3152 1502 3678 1570 procreationibus.

1993 1569 2145 1668 Nam
2171 1574 2232 1626 et
2259 1571 2558 1629 Abraham
2592 1578 2767 1668 tertia
2797 1569 3201 1657 aetatefuithuj
3212 1604 3281 1642 us
3295 1592 3524 1659 mundi,
3549 1612 3678 1668 quae

1997 1663 2141 1754 setas
2160 1667 2543 1754 comparatur
2565 1665 3134 1744 adolescentim,q11ae
3158 1672 3374 1732 habilis
3396 1682 3485 1736 est
3503 1663 3679 1754 gene-

1999 1748 2214 1804 rationi
2253 1748 2527 1809 filiorum.
2563 1754 2835 1812 Secunda
2865 1763 3225 1819 consecratio
3252 1769 3341 1820 est
3371 1766 3429 1823 in
3462 1748 3678 1841 quarto

1998 1841 2494 1904 mense,secundo
2508 1843 2948 1919 Sabbato,quod
2968 1854 3057 1904 est
3071 1850 3307 1908 initium
3326 1860 3678 1916 secundica-

1998 1926 2179 2017 tologi
2195 1931 2644 1999 quatuordecim
2666 1934 3333 1997 hebdomadarumllzec
3350 1944 3675 2017 deputatur

1998 2015 2056 2070 in
2093 2016 2219 2071 loco
2254 2016 2509 2076 filiorum
2556 2021 2759 2078 David.
2792 2024 2972 2080 David
3032 2015 3452 2100 interpretatur
3495 2052 3671 2092 manu

1996 2104 2186 2178 fortis.
2220 2106 2351 2178 Ipse
2385 2111 2702 2181 prostravit
2733 2111 2985 2182 Goliam,
3014 2115 3070 2170 id
3104 2117 3532 2186 est,humilitas
3568 2142 3669 2179 su-

1999 2194 2291 2265 perbiam.
2318 2195 2424 2261 Qui
2450 2206 3209 2275 consecrantur,propterea
3226 2215 3665 2283 consecrantur,

2000 2287 2067 2372 ut
2106 2283 2288 2340 fortes
2320 2286 2439 2343 sint
2468 2291 2526 2343 et
2556 2304 2661 2360 per
2691 2289 3087 2348 humilitatem
3139 2295 3423 2367 dejiciant
3461 2316 3666 2372 super-

2000 2371 2326 2446 biam.Ipsa
2358 2375 2691 2433 celebratur
2720 2377 2779 2433 in
2810 2379 2987 2436 Junio
3020 2399 3241 2453 mense,
3274 2388 3429 2459 quod
3480 2371 3669 2445 fervor

2002 2475 2258 2533 magnus
2284 2463 2426 2519 solis
2459 2469 2547 2521 est
2579 2483 2759 2538 super
2779 2470 3312 2532 terram.0mnibus
3344 2480 3547 2531 notum
3577 2482 3668 2534 est

2001 2547 2184 2605 David
2213 2551 2558 2609 bellicosum
2592 2555 2774 2611 fuisse
2819 2561 2875 2611 et
2919 2557 3086 2615 valde
3121 2562 3338 2619 arsisse
3369 2564 3427 2618 in
3460 2564 3662 2621 Marte.

2000 2637 2262 2711 Tempus
2293 2641 2456 2697 Junii
2488 2646 2691 2715 aptum
2718 2649 2809 2699 est
2840 2645 3031 2702 bellis.
3066 2649 3261 2705 Tertia
3307 2654 3665 2710 consecratio

2002 2725 2333 2784 celebratur
2364 2731 2422 2785 in
2456 2732 2839 2802 Septembrio,
2875 2735 3045 2791 tertio
3083 2739 3356 2808 Sabbato,
3390 2741 3545 2811 quod
3578 2746 3667 2796 est

2004 2814 2241 2871 initium
2276 2819 2430 2874 tertii
2463 2819 2734 2892 catalogi.
2769 2821 2898 2877 Haec
2942 2823 3259 2896 deputatur
3304 2829 3665 2901 generationi

2002 2900 2321 2961 Jecho'nim.
2354 2907 2670 2963 Jechonias
2720 2908 3143 2982 interpretatur
3188 2900 3519 2989 praeparatio
3562 2919 3664 2975 Do-

2004 2992 2155 3047 mini
2188 3010 2199 3048 :
2238 2994 2502 3067 nullique
2529 2996 2855 3065 duhium,si
2879 3014 3084 3056 omnes
3105 3008 3333 3075 oportet
3352 3007 3665 3078 praeparari

238 3084 315 3139 sit
343 3084 521 3139 etiam
578 3083 636 3138 in
697 3082 809 3139 hac
860 3098 941 3150 re,
1001 3082 1072 3137 de
1130 3098 1247 3153 qua
1293 3097 1552 3154 praesens
1611 3083 1964 3166 tractatus“
2006 3079 2063 3135 in
2120 3082 2371 3139 adventu
2401 3084 3284 3159 Christi,quinpotissimumeos
3307 3092 3407 3166 qui
3430 3082 3665 3152 sacran-

236 3172 506 3240 habetur,
540 3189 654 3245 qua
684 3175 913 3246 potero,
963 3151 1246 3227 brevitate
1290 3151 1358 3225 ex
1387 3168 1560 3225 dictis
1599 3169 1888 3241 majorum
1917 3151 1964 3222 C
1997 3173 2113 3226 tur.
2147 3173 2281 3236 Quae
2313 3151 2868 3230 consecratidhabet
2902 3175 3077 3232 tinem
3121 3178 3181 3232 in
3206 3151 3664 3252 ipsaNativitate

240 3261 458 3317 curabo
489 3261 916 3316 demonstrare.
954 3258 1137 3331 Igitur
1183 3258 1536 3326 Amalarius,
1565 3256 1897 3314 divinorum

239 3349 566 3405 officiorum
623 3349 938 3421 indagator
997 3346 1442 3416 solertissimus,
1512 3347 1682 3419 cujus
1746 3345 1902 3402 dicta

240 3437 661 3496 catholicorum
719 3439 982 3493 virorum
1038 3436 1347 3495 sententiis
1376 3436 1603 3509 fulgent
1648 3435 1896 3505 munita,

241 3545 375 3584 cum
403 3528 473 3584 de
502 3528 720 3585 eisdem
773 3527 1105 3600 disputaret
1129 3525 1399 3598 jejuniis,
1450 3524 1535 3581 sic
1582 3524 1734 3580 inter
1784 3523 1901 3580 alia

244 3616 388 3672 dicit
438 3616 539 3688 (De
597 3616 757 3691 Ofﬁc.
802 3616 964 3672 certe.
1024 3614 1126 3670 lib.
1180 3629 1243 3682 ιι,
1296 3631 1347 3670 c.
1408 3612 1709 3685 l):Primi
1767 3629 1901 3685 apo-

245 3704 440 3761 stolici
472 3721 701 3778 semper
731 3705 785 3759 in
814 3704 1154 3761 Decembrio
1178 3701 1465 3772 mense,in
1485 3718 1599 3774 quo
1620 3701 1901 3758 Nativitas

246 3793 484 3850 Domini
537 3795 723 3851 nostri
774 3794 915 3849 Jesu
965 3792 1179 3850 Christi
1210 3792 1561 3861 celebratur,
1593 3808 1901 3848 consecra-

241 3884 437 3940 tiones
468 3884 887 3941 ministrabant
921 3900 1107 3956 usque
1139 3883 1212 3937 ad
1236 3880 1628 3955 Simplicium,
1661 3880 1763 3953 qui
1792 3880 1903 3936 fuit

241 3973 471 4029 abeato
502 3972 665 4028 Petro
696 3971 1191 4045 quadragesimus
1238 3987 1449 4027 nonus.
1492 3969 1623 4042 Ipse
1673 3969 1903 4041 primus

237 4062 599 4118 consecravit
630 4061 688 4117 in
723 4061 1058 4128 Februario,
1094 4059 1153 4115 ni
1182 4057 1602 4128 fallor,nullam
1622 4059 1693 4114 ob
1724 4057 1899 4114 aliam

238 4165 504 4218 causam,
537 4149 649 4206 nisi
681 4149 1011 4205 intimando
1044 4148 1488 4223 coniungendas
1510 4146 1901 4221 propinquius

236 4237 452 4295 Christi
484 4238 708 4311 corpori
740 4237 840 4312 qui
873 4255 976 4312 per
1004 4253 1238 4293 sacrum
1272 4236 1668 4294 ministerium
1700 4252 1900 4310 prove-

239 4329 648 4401 huntur,quod
680 4328 839 4384 nullo
872 4328 1047 4384 modo
1081 4327 1275 4383 satius
1310 4326 1432 4383 fieri
1483 4331 1693 4400 potest,
1723 4343 1901 4399 quam

239 4417 289 4474 si
314 4434 420 4490 per
445 4434 544 4473 eos
572 4416 935 4490 patriarchas
961 4433 1031 4472 ex
1062 4416 1283 4487 quibus
1315 4419 1489 4471 natus
1519 4420 1609 4472 est
1637 4415 1903 4473 Christus

2008 3258 2394 3328 Christi.Quzn
2426 3261 2740 3334 aliquando
2759 3263 2817 3317 in
2844 3264 3013 3320 tertia
3042 3266 3413 3325 hebdomade
3441 3270 3661 3342 finitur,

2008 3365 2114 3421 pro
2124 3353 2255 3421 pter
2277 3350 2753 3424 anticipationem
2790 3352 3021 3409 dierum
3053 3355 3386 3415 Nativitatis
3415 3360 3661 3431 Domini,

2007 3440 2066 3492 et
2094 3437 2272 3494 habet
2296 3440 2569 3496 tredecim
2592 3440 3335 3516 hebdomadas,aliquando
3355 3446 3413 3503 in
3433 3453 3661 3521 quarta,

2010 3532 2248 3600 propter
2270 3530 2629 3597 tarditatem,
2661 3535 2719 3587 et
2762 3529 2939 3588 habet
2968 3535 3433 3605 quatuordecim.
3466 3535 3666 3611 Neque

2009 3616 2119 3672 hoc
2150 3617 2276 3673 sine
2307 3618 2531 3674 ratione
2561 3623 2669 3675 est.
2704 3620 2851 3684 Quia
2883 3620 2931 3676 si
2963 3628 3337 3696 computetur
3365 3624 3664 3700 catalogus

2010 3704 2341 3761 novissimae
2372 3708 2897 3765 tesserecedecadis
2920 3711 3019 3782 (ita
3048 3712 3276 3782 cod.),et
3304 3713 3484 3770 semel
3505 3731 3665 3771 com-

2010 3795 2597 3867 puteturJechonias,
2631 3814 2747 3854 non
2798 3798 3057 3870 amplius
3108 3803 3487 3859 inveniuntur
3527 3820 3664 3862 cum

2009 3885 2138 3955 ipso
2168 3884 2395 3940 Christo
2427 3901 2605 3957 quam
2638 3886 2917 3941 tredecim
2963 3892 3390 3961 generationes.
3425 3892 3483 3949 Si
3538 3894 3662 3967 ipse

2010 3970 2102 4027 bis
2132 3977 2523 4045 computetur,
2577 3975 3021 4046 quatuordecim
3075 3978 3475 4036 inveniuntur.
3518 4005 3547 4033 ››
3580 3985 3664 4039 En

2010 4059 2212 4129 habes,
2256 4062 2413 4134 quod
2463 4062 2610 4119 scire
2658 4063 2956 4135 cupiebas,
3007 4082 3124 4138 qua
3170 4067 3441 4126 videlicet
3485 4086 3666 4127 causa

2010 4154 2425 4222 argumentum
2460 4154 2712 4223 quatuor
2731 4152 3096 4224 jejuniorum
3129 4173 3197 4212 ex
3249 4157 3470 4214 ratione
3519 4176 3663 4232 qua-

2010 4238 2333 4294 tuordecim
2364 4239 2867 4297 hebdomadarum
2893 4241 2971 4299 sit
3000 4243 3412 4319 colligendum.

2084 4329 2143 4385 G.
2180 4328 2410 4385 Gratias
2442 4329 2559 4386 Deo
2591 4347 2658 4387 ac
2707 4330 2807 4387 tibi
2859 4349 2967 4406 ago
3013 4333 3152 4406 quia
3180 4335 3263 4392 sic
3312 4336 3516 4394 habeo;
3550 4339 3661 4396 Sed

2013 4434 2128 4475 non
2161 4417 2520 4475 infructuose
2569 4420 2763 4477 adhuc
2812 4424 3192 4494 quaerendum
3243 4426 3495 4483 arbitror
3522 4428 3663 4501 quid

240 4506 774 4582 generentur,quod
794 4502 1166 4596 impossibile
1180 4508 1269 4561 est
1291 4504 1618 4596 secundum
1643 4519 1898 4596 carnem,
1930 4527 1982 4596 Β
2012 4507 2120 4564 hoc
2150 4507 2288 4564 velit
2312 4510 2466 4581 quod
2513 4509 2732 4566 dicitur
2763 4527 2775 4566 :
2810 4511 2874 4567 Si
2899 4514 3065 4570 semet
3106 4524 3449 4588 computetur
3475 4518 3663 4575 Jecho-

242 4596 568 4653 secundum
596 4611 731 4651 vero
760 4595 1036 4669 spiritum
1060 4593 1306 4666 dignum
1339 4598 1398 4649 et
1427 4593 1897 4664 habile;hocest:

241 4690 308 4741 ut
351 4701 455 4758 per
502 4684 1013 4757 interpretationes
1066 4684 1375 4740 nominum
1426 4684 1896 4756 patriarcharum

244 4779 565 4833 nascantur
596 4778 810 4845 mente,
845 4775 945 4849 qui
996 4772 1348 4847 genealogize
1381 4772 1595 4832 Christi
1633 4774 1906 4831 videntur

244 4863 597 4922 familiarius
627 4864 853 4922 ascisci.
887 4865 957 4920 Et
985 4864 1129 4936 quia
1158 4863 1549 4936 incongruum
1598 4868 1707 4931 est,
1750 4862 1906 4919 sicut

246 4954 564 5026 unicuique
606 4953 964 5027 generationi
998 4951 1319 5026 singularis
1339 4951 1709 5009 hebdomada
1728 4952 1907 5025 depu-

247 5047 424 5106 tatur,
460 5042 541 5098 ita
569 5058 668 5115 per
700 5057 1183 5116 unamquamque
1228 5041 1663 5101 hebdomadam
1700 5056 1906 5099 conse-

249 5132 565 5188 crationem
594 5131 893 5200 celebrari,
927 5147 1107 5191 causa
1136 5130 1484 5206 congruenti
1513 5148 1619 5204 per
1666 5131 1903 5205 singula

247 5226 662 5294 tempora,quae
697 5222 1002 5279 convenire
1033 5224 1282 5295 possunt
1300 5219 1621 5277 virtutibus
1649 5221 1898 5278 etinter-

249 5310 669 5385 pretationibus
690 5311 1154 5386 patriarcharum
1183 5309 1287 5385 qui
1312 5310 1371 5366 in
1394 5310 1658 5367 articulis
1687 5326 1899 5385 genea-

250 5400 414 5475 logiae
442 5399 613 5472 positi
643 5406 799 5471 sunt,
831 5401 1191 5459 consecratio
1243 5400 1594 5458 celebratur.
1642 5404 1753 5456 Per
1779 5404 1899 5456 tres

249 5493 497 5548 tesseres
522 5490 622 5564 (sic
647 5490 788 5562 cod.)
819 5492 1065 5550 decades
1095 5490 1382 5549 annuales
1405 5489 1557 5547 fiunt
1577 5488 1897 5548 hebdoma-

252 5579 337 5638 (ιω
384 5596 516 5637 xm.
562 5580 667 5638 Tot
718 5581 1120 5657 generationes
1170 5581 1499 5643 secundum
1550 5579 1893 5639 Matthasum

2012 4599 2157 4666 nias,
2189 4613 2299 4653 non
2332 4598 2570 4670 amplius
2599 4600 2960 4658 inveniuntur
2976 4619 3101 4659 cum
3123 4606 3238 4676 ipso
3262 4605 3476 4663 Christo
3500 4624 3665 4680 quam

2016 4686 2279 4743 tredecim
2333 4690 2708 4758 generationes
2728 4708 2752 4755 ;
2779 4692 2834 4747 si
2860 4699 3039 4747 autem
3093 4694 3200 4763 bis,
3254 4696 3664 4767 quatuordecim

2014 4778 2393 4834 inveniuntur.
2806 4776 2813 4785 ’

2085 4869 2152 4920 Β.
2180 4869 2236 4921 S.
2269 4865 2635 4939 Augustinus
2667 4884 2846 4924 causa
2862 4869 3125 4943 mysterii
3157 4871 3422 4945 perhibet
3444 4872 3660 4931 factum

1974 4964 1985 4971 '
2016 4969 2146 5010 esse
2179 4958 2242 5010 ut
2268 4955 2714 5029 Jechonias,qui
2744 4956 3158 5030 interpretatur
3195 4963 3534 5034 praeparatio
3557 4964 3660 5020 Do-

2014 5044 2178 5116 mini,
2210 5044 2301 5101 bis
2331 5048 2674 5102 numeratus
2700 5046 2757 5101 in
2790 5046 2903 5103 fine
2933 5047 3143 5120 prioris
3173 5054 3230 5106 et
3257 5050 3316 5105 in
3352 5050 3539 5124 capite
3568 5070 3657 5109 se-

2011 5134 2244 5206 quentis
2275 5133 2521 5207 catalogi
2551 5140 2883 5206 poneretur,
2918 5135 3171 5210 lapidem
3202 5138 3569 5214 angularem,
3599 5141 3657 5199 id

2009 5226 2117 5291 est,
2148 5222 2441 5279 Christum
2488 5223 2851 5296 significans,
2886 5225 2945 5282 in
2986 5243 3101 5299 quo
3132 5228 3478 5302 praeparavit
3508 5234 3661 5288 Deus

2009 5312 2177 5369 Pater
2203 5313 2351 5369 duos
2372 5312 2619 5385 pepulos
2650 5313 2820 5386 quasi
2843 5315 3093 5388 parietes
3125 5317 3184 5374 in
3208 5335 3386 5375 unam
3409 5319 3659 5393 jungere

2007 5402 2265 5458 domum.
2304 5401 2650 5474 Quanquam
2689 5403 2895 5462 beatus
2926 5405 3315 5481 Hieronymus
3345 5406 3483 5464 vitio
3512 5410 3657 5464 scri-

2006 5495 2240 5566 ptorum
2271 5494 2328 5547 et
2352 5488 2721 5565 longitudine
2765 5498 3098 5570 temporum
3141 5496 3293 5555 inter
3321 5497 3548 5554 Graecos
3601 5502 3662 5558 et

2006 5581 2243 5640 Latinos
2274 5580 2584 5640 confusum
2618 5599 2746 5643 esse
2796 5589 3011 5659 narret,
3063 5589 3120 5644 et
3160 5590 3407 5663 patrem,
3453 5585 3554 5665 qui
3594 5585 3661 5652 in
