4026 6184
401 365 406 368 .
453 303 618 404 4095‘

1528 303 1922 371 BERNONIS
1969 298 2302 368 ABBATIS
2344 299 2784 369 AUGIENSIS.

3635 306 3772 372 {096.

453 443 688 498 Hebraeo
709 440 972 516 Joachim
1005 439 1344 498 nominatus
1373 444 1480 508 est,
1519 459 1634 498 non
1678 439 1739 497 in
1779 440 2106 497 Chaldzeam
2137 439 2192 508 Α
2221 439 2360 496 (uia.
2419 437 2810 496 Conﬁtemini.
2875 438 3092 494 Tractus
3143 453 3157 494 :
3203 437 3462 496 Laudato.
3495 439 3672 513 .Evang.
3715 445 3780 504 Si,

450 533 714 600 ductum,
749 531 848 586 sed
869 531 1208 587 defunctum
1256 530 1315 586 in
1345 535 1499 587 terra
1529 533 1717 594 sua,et
1747 527 1938 586 filium
1967 529 2102 585 Joa-

451 619 610 676 chim
639 619 711 676 de
753 619 1086 692 captivitate
1136 620 1475 676 redeuntem
1533 618 1766 676 Salatiel
1825 618 2104 692 genuisse

450 711 724 766 allirmet.
760 707 949 781 Igitur
977 708 1086 764 hoc
1109 708 1488 782 supradictus
1503 709 1704 764 doctor
1731 707 1915 763 voluit
1934 706 2101 763 intel-

447 795 548 870 ligi
568 801 646 854 ‘ut
673 796 952 853 tredecim
983 799 1040 852 et
1069 797 1508 868 quatuordecim
1540 795 1920 852 hebdomadas
1963 803 2118 868 prea-'

447 885 770 959 ﬁgurarent
820 885 882 940 in
913 885 1190 958 mysterio
1221 887 1376 959 quod
1427 883 1739 942 Jechonias
1769 883 1948 941 semel
2000 888 2102 940 aut

445 974 538 1032 bis
567 979 884 1048 poneretur
915 974 972 1031 in
1005 974 1287 1048 catalogo.

1095 1079 1325 1137 CAPUT
1351 1080 1448 1136 VI.

476 1171 840 1243 Quandouam
869 1169 1123 1227 tredecim
1155 1171 1238 1226 vel
1267 1169 1676 1243 quatuordecim
1707 1168 2064 1228 hebdomada:

1059 1257 1186 1299 even
1194 1243 1334 1308 iant,
1367 1246 1476 1298 etc.

515 1331 574 1389 G.
599 1330 833 1388 Utinam
891 1331 1063 1387 modo
1121 1347 1237 1386 non
1292 1329 1548 1403 graveris
1607 1329 1797 1386 dicere
1860 1329 2096 1402 quando

438 1418 718 1476 tredecim
748 1419 834 1476 vel
865 1420 1100 1493 quando
1123 1418 1564 1492 quatuordecim
1588 1418 1972 1476 hebdomadze
2003 1435 2096 1474 so-

440 1507 601 1565 leant
629 1508 858 1566 evenire
882 1509 894 1563 l

509 1599 576 1652 B.
605 1596 988 1670 Nequaquam
1025 1598 1106 1652 tui
1157 1596 1373 1653 amoris
1421 1613 1600 1654 causa
1639 1597 1924 1670 gravabor
1955 1595 2096 1650 inti-

440 1699 600 1741 mare
631 1685 786 1758 quod
816 1703 1019 1741 verum
1051 1686 1258 1742 exinde
1291 1686 1454 1760 potui
1504 1701 1874 1760 cognoscere.
1903 1685 2098 1740 Enim-

436 1791 570 1830 vero
601 1773 878 1834 omnibus
907 1775 1078 1831 annis
1108 1775 1386 1830 tredecim
1409 1774 1684 1831 eveniunt
1706 1773 1958 1848 exceptis
1979 1771 2093 1840 his,

437 1863 548 1918 hoc
577 1867 667 1918 est
699 1880 713 1918 :
747 1863 980 1936 quando
1013 1863 1260 1920 Martius
1307 1863 1451 1919 feria
1479 1878 1564 1932 ut,
1599 1861 1686 1918 vel
1719 1879 1795 1931 IV,
1815 1861 2097 1918 Nativitas

435 1967 568 2008 vero
603 1947 836 2008 Domini
871 1951 1054 2008 nostri
1085 1951 1226 2008 Jesu
1258 1951 1475 2008 Christi
1526 1951 1831 2008 Dominica
1867 1955 1969 2006 aut
2000 1966 2097 2006 se-

435 2041 630 2096 cunda
659 2039 803 2096 feria
834 2041 1169 2096 acciderint.
1191 2039 1272 2096 De
1305 2041 1413 2096 hoc
1429 2041 1844 2113 jejunio,quod
1875 2039 1934 2095 in
1967 2039 2098 2113 ipsa

431 2128 631 2203 vigilia
657 2129 925 2186 solebant
945 2128 1306 2202 antiquiores
1335 2129 1650 2194 celebrare,
1687 2146 1868 2202 supra
1899 2127 2094 2184 nomi-

436 2223 611 2274 natus
641 2219 790 2274 dixit
815 2217 1149 2275 Amalarius
1161 2219 1316 2291 quod
1343 2219 1703 2275 consecratio
1729 2217 1906 2274 habet
1919 2217 2094 2272 ﬁdem

435 2305 495 2362 in
525 2305 656 2379 ipsa
685 2306 993 2363 Nativitate
1025 2306 1260 2374 Christi,
1295 2307 1453 2364 sicut
1483 2306 1875 2380 quorumdam
1920 2304 2095 2361 Italo-

436 2412 590 2464 rum,
623 2395 820 2452 nescio
853 2413 924 2451 an
951 2396 1240 2462 omnium,
1273 2395 1466 2451 adhuc
1515 2411 1644 2451 mos
1683 2397 1772 2450 est
1803 2409 1994 2466 agere,
2031 2398 2097 2450 ut

384 2519 388 2522 -
434 2499 542 2558 ego
572 2483 697 2556 ipse
726 2483 941 2539 ibidem
964 2484 1190 2556 positus
1205 2483 1466 2557 cognovi.
1501 2484 1613 2540 Sed
1629 2482 1845 2539 ususin
1876 2482 2094 2539 nostris

442 2573 694 2630 excrevit
721 2571 1020 2639 Ecclesiis,
1054 2577 1121 2628 ut
1148 2571 1207 2626 in
1241 2572 1516 2629 anteriori
1546 2571 1915 2628 hebdomada
1944 2571 2094 2627 anti-

445 2661 673 2735 cipetur
695 2680 710 2731 ;
736 2661 877 2734 quia
907 2660 1009 2717 illa
1038 2661 1154 2718 duo
1185 2661 1379 2717 ofﬁcia
1399 2660 1612 2733 jejunii
1642 2665 1700 2716 et
1730 2660 1952 2718 Natalis
1981 2660 2093 2716 Do~

437 2751 580 2808 mini
614 2768 730 2808 non
762 2750 1116 2807 conveniunt
1167 2749 1349 2806 simul
1405 2749 1707 2806 celebrari.
1761 2749 1907 2804 Nam
1941 2747 2096 2806 sicut

435 2839 838 2914 prmveniendo
872 2839 1030 2897 istud
1063 2838 1566 2912 anticipamus,ita
1596 2838 1922 2895 secundum
1955 2837 2096 2894 Sab-

435 2929 641 2986 hatum
670 2918 831 2984 Junii
858 2929 1242 2997 mensis,cum
1273 2928 1330 2983 in
1351 2926 1550 3000 vigilia
1571 2927 1941 2982 Pentecostes
1967 2943 2116 2998 pro-_

434 3017 678 3087 venerit,
710 3017 1110 3092 prolongando
1137 3016 1197 3072 in
1229 3016 1562 3090 proximum
1594 3013 2092 3083 dill'erimus,1icet

437 3107 620 3164 nostri
653 3112 1054 3165 antecessores
1085 3111 1405 3183 utrumque
1434 3106 1494 3161 in
1518 3104 1646 3178 ipsa
1667 3103 1869 3178 vigilia
1888 3108 2094 3160 sancta

2213 526 2460 600 diligitis
2491 545 2604 584 me.
2627 527 2728 600 Off.
2745 526 2958 583 Emitte
2979 525 3260 600 Spiritum
3280 515 3454 584 tuum.
3477 529 3761 589 Communia:

2211 615 2428 674 Ultimo
2460 615 2792 673 festivitatis
2819 615 2933 671 die.

2840 731 3070 788 CAPUT
3103 731 3228 788 νη.

2208 819 2362 895 Num
2367 821 2585 895 jejunio
2615 822 2676 876 in
2722 819 2880 876 aliud
2924 819 3220 895 Saobatum
3244 819 3428 895 dilato,
3453 821 3528 895 vel
3561 823 3610 877 in
3636 824 3768 895 ipsum

2279 892 2670 964 hebdomadam
2717 899 2963 948 sanctam
3004 892 3336 964 Pentecostes
3383 892 3776 964 incidente,'9ra--

2278 963 2432 1020 dalia
2459 981 2534 1020 an
2561 964 2803 1020 Alleluia
2831 964 2944 1018 sint
2963 963 3246 1018 canenda?

2281 1060 2340 1116 G.
2375 1061 2434 1116 Si
2465 1060 2664 1134 ipsum
2695 1060 2984 1133 jejunium
3035 1059 3211 1116 fuerit
3253 1059 3312 1114 in
3342 1059 3488 1116 aliud
3514 1061 3768 1119 Sabbatum

2208 1149 2478 1218 dilatum,
2511 1153 2578 1204 ut
2606 1147 2782 1222 paulo
2811 1153 2944 1205 ante
2984 1147 3182 1204 dixisti
3213 1147 3512 1222 agendum,
3536 1148 3614 1206 vel
3651 1151 3690 1206 si
3727 1152 3769 1207 in

2206 1238 2338 1312 ipsa
2367 1239 2738 1296 hebdomada
2767 1242 2970 1294 sancta
2991 1237 3358 1295 Pentecostes
3372 1237 3769 1305 evenerit,utrum

2205 1327 2470 1400 gradalia
2499 1345 2574 1383 an
2597 1325 2832 1383 alleluia
2862 1331 3004 1384 sunt
3033 1325 3330 1383 canenda?

2274 1417 2340 1473 Β.
2375 1415 2588 1489 Utique
2643 1415 2969 1472 secundum
3019 1415 3494 1472 consuetudinem
3537 1415 3771 1488 antiquam

2205 1505 2488 1579 gradalia,
2524 1505 2676 1560 sicut
2704 1521 2821 1561 non
2853 1503 3044 1561 solum
3077 1504 3137 1560 in
3170 1503 3384 1560 nostris
3411 1503 3560 1560 libris
3586 1503 3774 1560 habetur

2205 1594 2625 1663 insertum,sed
2656 1593 2998 1661 etiam,utin
3023 1594 3282 1666 quodam
3308 1593 3502 1648 ordine
3520 1593 3772 1649 secundum

2205 1684 2264 1740 S.
2299 1682 2513 1739 Gelasii
2546 1700 2707 1756 papae
2758 1682 3166 1739 auctoritatem
3203 1680 3387 1754 reperi
3414 1679 3772 1754 pretitulatum,

2205 1772 2305 1845 qui
2338 1788 2466 1828 mos
2497 1789 2686 1844 usque
2735 1770 2930 1838 hodie,
2961 1775 3027 1826 ut
3065 1774 3428 1844 compertum
3455 1768 3710 1834 habemus,
3731 1768 3774 1823 in

2205 1865 2410 1916 sancta
2438 1860 2701 1915 Romana
2730 1865 2994 1916 servatur
3038 1857 3318 1914 Ecclesia.
3358 1851 3580 1914 Videtur
3601 1873 3774 1930 quoque

2204 1948 2262 2004 id
2293 1949 2432 2005 huic
2463 1947 2781 2005 narrationi
2813 1964 3126 2004 assensum
3167 1947 3441 2020 praebere,
3471 1947 3606 2019 quod
3631 1945 3680 2002 in
3702 1961 3774 2001 au.

2205 2037 2481 2094 thenticis
2531 2035 2974 2110 Antiphonariis
3005 2037 3120 2092 duo
3169 2039 3399 2092 tantum
3424 2033 3634 2092 alleluia
3656 2034 3771 2090 inve.

2205 2127 2448 2182 niuntur
2479 2126 2792 2199 descripta,
2824 2125 2934 2182 hoc
2985 2129 3076 2181 est
3111 2143 3124 2182 :
3156 2125 3358 2182 Emitte
3393 2125 3665 2197 Sqiritum;
3685 2125 3774 2194 Spi-

2201 2217 2345 2272 ritus
2376 2216 2624 2270 Domini.
2655 2214 2873 2270 Caetera
2911 2229 3045 2271 vero
3076 2230 3111 2270 a
3163 2213 3460 2270 modernis
3504 2216 3625 2268 sunt
3660 2227 3776 2267 com-

2203 2303 2414 2376 posita.

2273 2395 2635 2466 Quapropter
2661 2391 3011 2448 intuendum
3042 2395 3152 2460 est,
3180 2391 3322 2465 quia
3351 2389 3465 2446 siin
3481 2385 3776 2446 monasteriis

2203 2480 2439 2538 alleluia
2484 2485 2692 2538 cantus
2731 2481 3011 2548 abundat,
3046 2479 3191 2553 quid
3244 2479 3528 2552 simplices
3567 2476 3775 2534 villarum

2203 2570 2523 2645 presbyteri
2547 2575 2743 2644 agant,
2777 2570 2878 2643 qui
2907 2571 3005 2626 vix
3031 2569 3290 2625 duorum
3323 2573 3542 2625 tantum
3571 2564 3776 2622 notitiam

2202 2659 2458 2717 habent?
2485 2659 2560 2716 Ut
2585 2660 2742 2717 enim
2773 2659 2998 2732 vulgari
3041 2659 3351 2732 proverbio
3394 2665 3517 2714 utar
3541 2674 3552 2712 :
3577 2657 3663 2712 Aut
3683 2670 3777 2708 mn-

2203 2754 2323 2806 tant
2333 2749 2474 2823 quod
2491 2751 2796 2817 sciunt,aut
2807 2756 2984 2805 tacere
3001 2748 3408 2820 compelluntur
3424 2744 3553 2820 quod
3566 2743 3777 2799 nesciunt.

2199 2839 2324 2894 Non
2338 2842 2534 2894 tamen
2546 2837 2666 2894 haec
2680 2837 2943 2894 scribens
2955 2836 3468 2894 sanctissimorum
3481 2832 3780 2891 sacerdotum

2200 2926 2532 2984 auctoritati
2559 2925 2895 3000 prazjudico,
2928 2941 3078 2998 quos
3120 2926 3183 2982 in
3229 2925 3446 2998 Spiritu
3475 2925 3648 2980 sancto
3677 2934 3778 2974 cuu-

2199 3020 2469 3090 gregatos
2489 3015 2616 3087 jam
2650 3015 2876 3071 dudum
2907 3014 3106 3070 audivi
3123 3013 3186 3070 in
3212 3011 3580 3088 synodalibus
3597 3008 3698 3066 suis
3710 3007 3780 3062 de-

2201 3104 2374 3162 cretis
2400 3103 2676 3161 statuisse
2700 3108 2762 3159 ut
2783 3103 2974 3178 magis
2999 3103 3254 3160 debeant
3275 3101 3502 3160 alleluia
3519 3093 3784 3161 decantan',

435 3195 614 3254 simul
645 3197 1024 3266 celebrarent,
1059 3195 1212 3253 sicut
1239 3177 1784 3270 ex‘prmtitulatione
1805 3193 2090 3250 librorum
2204 3194 2303 3250 scd
2336 3191 2682 3266 simpliciter
2721 3207 2849 3264 quis
2899 3177 3116 3248 Sentire
3165 3189 3331 3264 potui
3373 3189 3444 3245 ad
3498 3186 3782 3273 interrogata

434 3287 672 3343 evidens
701 3285 992 3342 habemus
1021 3285 1448 3342 testimonium.

508 3376 565 3432 (ὲ.
599 3373 782 3432 Nosse
814 3374 1080 3432 desidero
1112 3391 1230 3448 qua
1277 3373 1679 3430 convenientia
1720 3372 1841 3430 haec
1871 3372 1986 3428 duo
2015 3371 2094 3428 si-

435 3462 558 3520 mul
591 3464 822 3538 possint
849 3463 1135 3520 celebrari
1168 3461 1399 3519 ofﬁcia?

509 3557 574 3607 B.
608 3549 757 3616 Quid
790 3551 934 3616 adeo
966 3566 1115 3624 Opus
1159 3555 1249 3607 est
1293 3567 1451 3605 nunc
1499 3549 1717 3623 inquiri
1765 3550 1922 3622 quod
1969 3553 2092 3606 tam

438 3639 616 3713 longo
644 3643 905 3712 tempore
927 3641 1051 3712 jam
1085 3639 1258 3712 cmpit
1288 3637 1548 3695 dedisci?
1575 3641 1847 3694 Attamen
1881 3655 1953 3694 ne
1981 3638 2092 3694 hu-

433 3728 696 3801 jusmodi
749 3728 994 3785 scientia
1045 3726 1356 3796 t'rauderis,
1405 3725 1540 3783 talis
1587 3725 1892 3798 inscriptio
1919 3743 2095 3799 super

440 3819 548 3874 hac
580 3835 640 3874 re
670 3817 926 3874 habetur
955 3818 1013 3874 in
1047 3815 1216 3873 libris
1267 3816 1484 3873 nostris
1518 3833 1530 3870 :
1562 3815 1625 3872 Si
1651 3815 1932 3870 evenerint
1957 3814 2094 3870 duo-

439 3906 613 3964 decim
659 3907 913 3964 lectiones
945 3909 1005 3964 in
1051 3905 1286 3963 Sabbato
1343 3919 1521 3962 sacrae
1571 3909 1926 3972 Pentecostes,
1965 3911 2096 3959 tunc

439 3997 502 4052 in
548 4004 747 4069 quarta
792 3997 940 4068 feria
980 4004 1234 4053 cantetur
1283 4003 1334 4051 et
1385 3994 1611 4068 legatur
1639 4012 1658 4048 :
1688 3991 1932 4058 Exaudi,
1981 3991 2094 4048 Do-

441 4083 621 4153 mine,
653 4101 856 4159 paeces
886 4088 1136 4147 nostras.
1169 4085 1405 4157 Require
1447 4084 1508 4138 in
1531 4084 1720 4154 prima
1761 4079 2096 4138 hebdomada

441 4173 916 4250 Quadragesima’.
948 4173 1037 4232 Vel
1065 4175 1202 4230 libri
1221 4173 1566 4246 Sapientiae:
1598 4170 1750 4228 Dixit
1781 4170 2092 4227 Salomon:

441 4265 574 4322 Item
602 4272 768 4321 orat:
799 4264 1176 4321 Devotionem
1205 4259 1428 4336 populi.
1467 4261 1556 4318 Vel
1587 4262 1750 4318 Isaiae
1775 4261 2090 4333 prophetae:

439 4353 614 4422 Audi,
671 4349 872 4410 Iacob.
931 4353 1187 4414 Alleluia.
1219 4351 1321 4425 Off.
1369 4349 1614 4406 Domine
1660 4350 1815 4406 Deus
1862 4347 2094 4405 salutis.

439 4439 799 4512 Evangelium
829 4441 1122 4498 secundum
1151 4443 1390 4496 Lucam:
1415 4439 1769 4496 Accedentes
1799 4436 2094 4511 discipuli.

445 4531 540 4602 0f.
573 4529 696 4586 Viri
729 4529 994 4588 Galliiiei.
1047 4533 1201 4588 Com.
1254 4529 1426 4586 Pater
1476 4545 1611 4584 cum
1661 4543 1874 4584 essem.
1934 4527 2098 4583 Feria
2126 4547 2178 4615 Β

442 4623 596 4676 sexta
631 4634 644 4674 :
677 4617 1294 4687 Exaudi,Domine.0r.
1318 4619 1478 4690 Esto,
1497 4617 1762 4686 Domine,
1786 4615 2094 4689 propitius.

441 4705 907 4776 Lect.Exsultate,
940 4706 1070 4763 filiis
1119 4707 1279 4765 Sion.
1342 4707 1600 4764 Alleluia.
1654 4706 1899 4763 Domine
1938 4705 2096 4762 refu-

441 4797 626 4872 gium.
663 4795 1044 4868 Evang.Venit
1072 4797 1145 4852 ad
1173 4797 1380 4852 Jcsum
1409 4795 1618 4864 vir,cui
1642 4811 1854 4851 nomen
1875 4794 2094 4850 Jairus.

446 4888 558 4960 Oﬁ.
592 4885 700 4944 viri
731 4885 992 4943 Gullilmi.
1029 4887 1175 4942 Com.
1225 4885 1392 4942 Pater
1437 4901 1572 4940 cum
1605 4899 1819 4938 essem.
1864 4883 2098 4938 Sabbato

441 4993 625 5034 omnes
649 4977 840 5050 parati
864 4977 1125 5050 primitus
1139 4984 1359 5032 cantent
1387 4974 1646 5030 litaniam
1665 4971 2096 5046 KyrieEleison.

445 5063 642 5121 Gloria
690 5065 749 5120 in
801 5064 1046 5123 excelsis
1091 5069 1224 5122 Deo.
1271 5065 1468 5120 Postea
1521 5063 1697 5119 oratio
1743 5077 1758 5117 :
1800 5059 2098 5118 mentibus

446 5150 683 5208 nostris.
713 5152 804 5209 0r.
832 5152 933 5210 illo
963 5171 1070 5211 nos
1102 5153 1256 5228 igne.
1291 5151 1384 5209 0r.
1422 5151 1576 5208 Deus
1625 5149 1726 5223 qui
1773 5150 1846 5206 ad
1877 5147 2102 5206 anima-

447 5257 600 5297 rum.
636 5246 734 5299 0r.
767 5247 1378 5316 praesta,quzesumus,
1406 5239 1778 5312 omnipotens
1805 5237 1977 5307 Deus,
2013 5238 2098 5296 sic

446 5345 574 5386 nos.
623 5329 1043 5403 Subsequuntur
1095 5333 1351 5390 lectiones
1407 5347 1532 5386 cum
1587 5326 1926 5398 gradalibus.
1967 5327 2094 5384 Gra.

447 5415 760 5492 Propitius.
795 5419 886 5476 Gr.
922 5417 1232 5476 Protector.
1268 5419 1358 5477 Gr.
1393 5419 1466 5476 ad
1496 5416 1834 5475 Dominum.
1869 5415 1959 5473 Gr.
1993 5415 2094 5472 Di-

448 5506 691 5582 rigatur.
726 5505 852 5566 Gra.
887 5507 1100 5566 Bened.
1135 5508 1285 5566 Orat.
1316 5511 1548 5584 praesta,
1581 5521 1942 5581 quaesumus,
1975 5521 2097 5562 om-

447 5597 720 5676 nipotens
751 5597 926 5672 Deus,
959 5603 1025 5658 ut
1052 5595 1476 5659 clar.Vel.Cum
1507 5593 1710 5674 Apollo
1741 5598 1916 5654 esset.
1933 5594 2097 5655 Allel-

2200 3283 2551 3354 respondere
2582 3280 2801 3346 curavi,
2833 3279 3138 3338 consulere
3169 3277 3372 3336 volens
3421 3277 3599 3342 etiam,
3625 3271 3664 3330 si
3689 3284 3780 3344 pos-

2200 3371 2338 3442 sim,
2365 3371 2480 3427 mei
2511 3368 2798 3426 similium
2831 3368 3160 3442 imperitiae,
3193 3367 3297 3440 qui
3345 3369 3429 3424 tot
3475 3361 3676 3421 alleluia
3697 3373 3779 3415 non

2200 3463 2417 3518 norunt
2445 3462 2698 3516 cantare.

2275 3548 2331 3606 G.
2365 3549 2510 3606 Cum
2553 3546 2960 3604 ecclesiasticae
3011 3547 3088 3603 sit
3145 3535 3576 3604 consuetudinis
3623 3541 3671 3597 in
3713 3533 3780 3592 his

2201 3637 2412 3693 diebus
2439 3640 2504 3692 ut
2535 3639 2757 3693 stantes
2787 3652 3046 3702 oremus,
3101 3635 3280 3709 cupio
3318 3633 3540 3700 rescire,
3569 3629 3682 3686 siin
3703 3625 3785 3714 hac.

2200 3725 2570 3783 hebdomada
2591 3741 2744 3798 saepe
2772 3724 2999 3780 dictum
3031 3725 3294 3780 evenerit
3311 3722 3610 3796 jejunium,
3634 3721 3780 3772 utrum

2202 3809 2522 3872 debeamus
2553 3813 2625 3870 ad
2659 3813 2903 3870 missam
2936 3828 3129 3886 genua
3161 3813 3392 3868 ﬂectere
3420 3823 3604 3866 necne.

2274 3909 2341 3960 Β.
2371 3903 2466 3959 Sic
2511 3902 2574 3958 in
2632 3902 2890 3974 quodam
2943 3897 3148 3957 libello
3211 3903 3283 3958 de
3324 3900 3430 3958 hoc
3485 3895 3660 3956 ordine
3701 3886 3782 3960 legi

2205 3996 2411 4068 (AMAL.
2445 3993 2842 4059 Foa'rum'rus,
2903 3989 3005 4046 lib.
3066 4006 3104 4046 ιι
3162 3989 3320 4062 Ofﬁc.
3378 3989 3577 4052 coclea,
3623 3999 3664 4038 c.
3707 3980 3781 4044 3);

2204 4083 2311 4138 Per
2331 4080 2596 4155 singulas
2621 4079 2913 4136 orationes
2928 4078 3222 4155 debemus
3241 4076 3452 4134 mentis
3465 4069 3782 4130 humilitatem

2204 4187 2307 4244 per
2335 4168 2800 4244 genuﬂexionem
2843 4166 3170 4234 ostendere,
3203 4169 3438 4238 excepto
3467 4159 3602 4218 infra
3629 4157 3786 4216 Ponte:

2204 4257 2493 4316 costen.In
2525 4255 2651 4313 sola
2678 4257 2752 4312 De
2773 4258 2991 4312 camino
3023 4255 3170 4324 ignis
3193 4271 3312 4311 non
3328 4251 3598 4310 ﬂectimus
3623 4255 3780 4319 genus.

2205 4347 2438 4422 quando
2467 4345 3004 4402 Nabuchodonosor
3031 4343 3423 4417 compellebat
3451 4334 3695 4414 populum
3709 4327 3782 4386 ad-

2203 4453 2368 4493 orare
2393 4439 2650 4510 statuam
2683 4450 2858 4506 quam
2893 4432 3130 4499 fecerat,
3163 4435 3232 4488 ut
3262 4433 3524 4504 separata
3545 4423 3612 4482 sit
3635 4422 3783 4510 nostr!

2205 4523 2409 4591 oratio,
2446 4508 2570 4597 qum
2598 4522 2774 4580 estad
2797 4538 2981 4578 unum
3004 4519 3292 4588 Deum,ab
3315 4533 3500 4576 errore
3519 4508 3782 4589 gentilium.

2208 4613 2471 4672 Similem
2502 4613 2574 4668 ob
2606 4627 2847 4668 causam
2878 4609 3053 4666 etiam
3083 4607 3145 4664 in
3177 4609 3486 4664 Parasceve
3511 4614 3674 4676 genua
3696 4605 3781 4649 non

2207 4703 2500 4760 ﬂectimus
2531 4719 2636 4776 pro
2667 4699 2909 4774 perﬁdis
2936 4697 3175 4767 Iudaeis,
3211 4697 3315 4770 qui
3345 4689 3618 4752 illudendo
3643 4693 3785 4776 gemit

2207 4770 2742 4848 ﬂectebant-coram
2775 4787 3122 4854 Domino,ne
3151 4787 3456 4842 videamur
3479 4777 3598 4837 illos
3615 4770 3780 4854 imitari

2209 4881 2310 4954 qui
2345 4897 2492 4952 opus
2522 4879 2743 4935 bonum
2776 4853 3090 4932 siudebant
3116 4875 3271 4932 male
3303 4870 3542 4948 operari,
3569 4853 3786 4954 quemad-

2207 4943 2448 5025 modum
2479 4973 2619 5024 tunc
2645 4967 2716 5024 ab
2747 4963 2948 5024 osculo
2999 4943 3367 5022 abstinemus
3412 4961 3625 5035 propter
3659 4943 3783 5004 ὖυάω

2207 5057 2509 5116 traditoris
2539 5054 3004 5129 exemplum,qui
3033 5070 3137 5127 per
3166 5051 3453 5109 simulatae
3487 5042 3631 5120 pacis
3656 5049 3784 5094 oscu-

2205 5146 2330 5204 lum
2359 5146 2601 5203 tradidit
2621 5143 2938 5203 Dominum
2967 5139 3170 5200 Jesum
3199 5140 3512 5198 Christum.

2829 5249 3061 5306 CAPUT
3083 5248 3232 5306 VIII.

2208 5342 2598 5416 Compendium
2611 5340 2882 5416 doctrinae
2894 5318 3784 5416 hactenusexpositsemcpmﬂirm

2550 5409 2740 5470 modus
2772 5412 2833 5466 in
2851 5410 3156 5484 jejunando
3183 5404 3498 5467 servandus.

2272 5509 2315 5562 G
2325 5503 2487 5571 .Quia
2500 5518 2639 5558 mete
2653 5477 3022 5573 inquisitioni
3037 5499 3095 5555 in
3109 5497 3384 5556 omnibus
3394 5477 3782 5573 satisfeci-alis“?

2206 5597 2403 5672 percst
2423 5595 2654 5651 tantum
2678 5566 2968 5666 quatenus
2989 5605 3058 5646 ex
3075 5585 3425 5647 conuexione
3448 5566 3781 5638 collocutionii
