4026 6184
211 366 351 429 “Oi

1399 368 1811 431 PROLOGUS
1857 368 1935 429 ΙΝ
1980 368 2415 432 TONARIUM.

3450 377 3607 439 1102

273 500 572 573 Septimus
603 500 712 556 hos
742 517 976 573 quoque
998 503 1187 575 spatio
1210 504 1851 576 supervadit,constans
1879 502 1933 568 Α
1965 504 2085 557 tata
2115 506 2222 557 est.
2257 502 2316 558 Si
2346 519 2478 558 vero
2509 503 2742 559 eosdem
2775 504 3013 560 denario
3065 505 3266 576 addas,
3298 508 3606 566 duodecim

205 590 391 645 tribus
418 589 575 645 tonis
605 592 661 645 et
690 590 1101 658 semitonio,ut
1130 591 1251 647 haec
1280 596 1400 648 ant.
1440 611 1452 649 :
1482 599 1648 650 Beata
1673 593 1849 662 Agnes

204 683 259 736 in
287 680 463 736 medio
485 681 686 735 minas.

271 767 541 823 Octavam
573 783 639 823 ac
668 768 718 824 si
744 769 937 824 rarius
970 770 1028 825 in
1060 774 1313 842 quatuor
1332 771 1629 839 tonis,non
1652 774 1848 826 tamen

202 855 411 929 plenis,
440 856 715 929 reperies,
752 862 817 913 ut
847 859 905 913 in
938 858 1047 914 hoc
1072 863 1125 923 ii.
1162 861 1281 930 [Tu,
1314 862 1401 915 vir
1442 861 1845 932 Simphoriane,

199 945 520 1018 suspendere
548 949 609 1001 in
638 954 927 1018 tormenta,
960 948 1031 1003 ab
1062 947 1164 1004 illa
1192 965 1446 1021 namque
1478 966 1846 1022 neuma,quae

199 1032 527 1105 deponitur,
562 1034 633 1088 ad
680 1034 756 1105 (9)
802 1051 951 1100 eam,
987 1052 1114 1106 qua:
1164 1035 1421 1092 elevatur
1469 1038 1539 1092 ad
1594 1040 1673 1105 in,
1708 1041 1847 1093 sunt

198 1121 596 1191 semitonium,
630 1126 748 1178 tres
783 1123 927 1190 toni,
963 1124 1100 1179 item
1134 1125 1541 1194 semitonium;
1570 1144 1697 1199 qum
1730 1128 1844 1182 duo

196 1210 509 1266 semitonia
556 1209 734 1266 simul
759 1211 967 1283 juncta
1016 1229 1132 1268 non
1182 1214 1403 1269 faciunt
1432 1215 1723 1287 integrum
1757 1220 1845 1271 to-

195 1299 511 1356 num.ltem
544 1298 1129 1374 com.](tO)Principes
1153 1305 1640 1375 persecuti.5polia
1672 1304 1845 1360 multa

192 1390 517 1461 concupivit.

259 1479 466 1534 Nonus
497 1478 771 1551 prolixori
804 1496 981 1552 super
1009 1497 1214 1537 omnes
1244 1481 1433 1554 spatio
1488 1487 1691 1539 tensus
1723 1498 1839 1538 me-

192 1573 314 1624 tam
344 1568 685 1639 huiusmodi
719 1568 1072 1625 divisionum
1105 1570 1382 1638 sortitur;
1415 1589 1551 1627 nam
1582 1588 1686 1627 nec
1718 1588 1841 1626 am-

190 1656 604 1729 pliorem‘isto,
638 1674 743 1713 nec
775 1658 1124 1714 strictiorem
1156 1660 1343 1732 primo
1377 1660 1558 1716 ullam
1591 1662 1843 1716 musica-

192 1763 324 1801 rum
355 1762 566 1803 vocum
597 1747 850 1819 reperies
878 1747 1487 1817 divisionem;constat
1515 1750 1672 1806 enim
1703 1767 1843 1822 qua-

1958 591 2122 659 facis,
2154 597 2211 647 et
2240 591 2503 647 binarius
2529 593 2770 663 junctus
2808 594 3044 650 denario
3076 603 3451 653 conservatus
3495 603 3603 655 est.

1958 681 2037 735 Ex
2066 681 2282 752 quibus
2311 681 2503 738 verbis
2534 682 2678 737 satis
2709 687 2951 755 apparet
2977 683 3150 758 longe
3171 685 3333 741 aliud
3362 704 3490 743 esse
3504 705 3610 760 per

1957 768 2256 842 simplices
2271 772 2683 827 consonantias
2696 788 2829 827 cum
2844 789 3122 829 sonorum
3136 774 3461 832 intervallis
3474 793 3608 832 can-

1958 858 2199 915 tilenam
2248 863 2570 927 contexere,
2605 860 2762 917 aliud
2817 879 2921 933 per
2966 863 3322 936 compositas
3368 865 3604 921 easdem

1955 965 2125 1003 voces
2156 948 2275 1004 sive
2320 949 2589 1021 superius
2637 950 2757 1005 sive
2806 949 3048 1007 inferius
3096 969 3199 1025 per
3242 951 3603 1010 immutatio-

1955 1053 2089 1092 nem
2123 1037 2523 1094 resumere.De
2554 1038 2770 1110 quibus
2802 1038 3023 1112 aliquid
3050 1040 3499 1098 dicerealterins
3515 1047 3606 1099 est

1955 1126 2235 1198 temporis
2252 1130 2308 1181 et
2324 1125 2561 1183 loci.Est
2577 1127 2735 1184 etbis
2751 1128 3118 1200 diapason,id
3132 1131 3599 1204 est,quadrupla.

2025 1217 2077 1269 4.
2112 1215 2212 1270 His
2246 1215 2327 1271 ita
2367 1215 2617 1271 breviter
2658 1216 2851 1283 dictis,
2878 1217 2966 1272 vel
3008 1234 3197 1290 pauca
3218 1218 3313 1275 ade
3343 1218 3437 1275 his
3467 1237 3598 1292 pro-

1953 1302 2102 1359 ferre
2133 1307 2447 1371 tentemus,
2482 1320 2610 1375 quze
2648 1304 2718 1360 ad
2765 1305 3014 1376 injuncti
3058 1306 3250 1379 operis
3297 1308 3599 1382 negotium

1953 1392 2285 1451 necessaria
2314 1409 2442 1448 esse
2472 1397 2781 1466 putamus.‘
2803 1394 2866 1450 In
2906 1394 3114 1467 primis
3161 1396 3599 1453 tetrachordum

1952 1480 2219 1535 ﬁnalium
2252 1480 2591 1554 diligentius
2622 1486 2711 1537 est
2738 1482 3124 1553 intuendum;
3147 1485 3241 1540 cui
3272 1488 3435 1542 tanta
3450 1502 3601 1558 qua:-

1951 1570 2087 1625 dam
2115 1569 2402 1626 naturalis
2428 1586 2709 1627 sonorum
2740 1572 2895 1627 inest
2922 1572 3132 1640 virtus,
3154 1577 3221 1629 ut
3250 1590 3319 1630 ex
3350 1576 3602 1646 quatuor

1950 1658 2300 1714 chordarum
2335 1660 2463 1731 ejus
2492 1660 2713 1732 origine
2742 1661 2934 1717 omnis
2964 1662 3274 1717 modorum
3300 1679 3403 1719 seu
3432 1666 3598 1719 tono-

1951 1764 2079 1803 rum
2116 1752 2373 1820 potestas
2400 1749 2665 1805 videatur
2688 1750 3015 1822 procedere.
3048 1750 3248 1823 Neque
3276 1751 3430 1808 enim
3480 1768 3599 1808 non

192 1841 327 1891 tuor
354 1836 509 1891 tonis
539 1840 595 1891 et
625 1836 963 1905 semitonio;
987 1840 1045 1892 et
1069 1837 1250 1893 habes
1279 1838 1611 1912 exemplum
1644 1841 1705 1894 in
1733 1839 1839 1895 hac
1869 1870 1918 1936 Β
1953 1837 2143 1893 divine
2174 1837 2324 1893 hanc
2354 1838 2471 1893 vim
2505 1838 2613 1894 soli
2653 1839 3026 1911 quaternario
3077 1840 3320 1914 contigit
3365 1837 3595 1911 inease;

188 1928 313 1979 ant.
353 1942 366 1979 :
396 1924 476 1980 Ad
503 1932 555 1980 te
580 1925 754 1981 levavi
794 1927 1042 1981 animam
1068 1944 1267 1995 meam,
1298 1929 1441 1984 Deus
1487 1945 1655 1983 meus.
1690 1929 1834 1985 Item

188 2015 234 2074 Ii.
274 2031 289 2069 :
329 2015 476 2069 Inter
524 2018 681 2069 natos
730 2016 1029 2070 mulierum
1079 2032 1209 2071 non.
1259 2018 1402 2072 Item
1445 2023 1497 2083 ii.
1534 2036 1546 2073 :
1595 2020 1724 2075 Haec
1759 2026 1840 2074 est

186 2105 379 2172 virgo;
404 2104 833 2160 IntroivitJtem
864 2104 923 2158 in
955 2104 1224 2161 acumine
1254 2110 1374 2161 ant.
1403 2123 1414 2161 :
1440 2109 1543 2163 Iste
1570 2110 1831 2179 cognovit,

187 2194 239 2247 in
274 2193 389 2248 hoc
435 2191 559 2248 loco
596 2210 608 2248 :
642 2194 705 2248 Et
751 2195 1001 2248 inventus
1048 2203 1125 2250 est
1174 2196 1252 2250 in.
1284 2195 1446 2251 Ultra
1474 2195 1628 2250 hunc
1679 2196 1834 2252 enim

186 2281 578 2338 novissimum
606 2282 870 2349 modum,
904 2283 950 2337 si
986 2300 1134 2355 quas
1165 2301 1330 2341 voces
1361 2285 1510 2340 inter
1546 2301 1607 2340 se
1638 2285 1835 2340 subal—

185 2378 356 2427 terna
380 2371 757 2443 percussione
788 2371 1073 2427 distantes
1103 2372 1423 2445 quaesieris,
1457 2374 1515 2429 in
1547 2359 1719 2430 nullo.
1740 2391 1835 2430 ra-

186 2459 457 2516 tionabili
487 2463 659 2514 cantu
687 2460 960 2531 reperies,
993 2461 1174 2517 donec
1205 2463 1275 2517 ad
1318 2463 1598 2535 diapason
1630 2480 1833 2519 conso-

188 2550 454 2605 nantiam
489 2548 811 2621 pervenias,
845 2549 945 2604 ubi
977 2551 1167 2623 magis
1197 2555 1285 2606 est
1305 2569 1462 2606 nova:
1486 2553 1836 2624 permutatio

183 2639 345 2696 vocis
366 2655 543 2710 quam
562 2638 893 2711 progressio
916 2639 1071 2694 modi
1094 2640 1562 2714 amplioris,quia
1581 2659 1684 2698 nec
1708 2643 1840 2715 ipsa.

182 2727 433 2785 humani
466 2726 750 2800 appulsus
777 2727 1137 2800 possibilitas
1168 2730 1443 2797 admittit,
1474 2736 1539 2785 ut
1570 2731 1838 2786 interval-

180 2818 251 2874 lis
286 2822 416 2872 tam
448 2815 619 2888 longe
648 2816 800 2871 inter
825 2833 887 2873 se
912 2817 1272 2873 distantibus
1290 2818 1503 2891 aliquis
1520 2825 1690 2892 aptus
1713 2821 1836 2875 red-

179 2910 365 2964 datur
390 2923 593 2963 sonus.

246 3000 305 3054 3.
344 2997 409 3054 In
440 2996 536 3065 his
566 2996 842 3051 omnibus
894 2995 1136 3068 quintus
1186 3001 1414 3053 tantum
1464 3003 1518 3054 et
1550 2999 1837 3071 septimus

181 3086 399 3143 modus
418 3085 569 3141 inter
594 3083 830 3140 musicae
855 3084 998 3140 artis
1017 3088 1427 3143 consonantias
1446 3088 1833 3160 reperiuntur,

181 3177 287 3232 hoc
323 3180 435 3242 est,
470 3174 854 3243 diatessaron,
889 3174 1042 3246 quod
1078 3180 1165 3230 est
1194 3176 1594 3248 sesquitertia;
1618 3194 1683 3232 ac
1717 3178 1835 3233 dia-

179 3268 382 3338 pente,
417 3237 571 3335 quod
604 3266 692 3318 est
722 3237 1123 3334 sesquialtera.
1158 3265 1227 3319 Et
1270 3237 1408 3320 tunc
1441 3237 1833 3328 consonantia:
1865 3237 1908 3304 θ’

180 3356 362 3419 ﬁunt,
394 3353 629 3425 quando
661 3350 1008 3408 altrinsecus
1038 3352 1220 3409 virilis
1251 3371 1315 3408 ac
1351 3355 1590 3426 puerilis
1612 3372 1717 3411 vox
1739 3373 1836 3428 pa-

182 3444 329 3499 riter
362 3441 656 3510 sonuerit;
679 3441 767 3496 vel
798 3441 993 3514 potius
1023 3458 1089 3496 eo
1121 3442 1395 3498 cantandi
1425 3460 1655 3517 genere,
1685 3446 1840 3516 quod

180 3535 467 3599 consuete
497 3529 709 3585 dicitur
738 3530 1094 3603 organizare.
1131 3532 1193 3586 In
1245 3531 1485 3604 reliquis
1538 3550 1672 3589 vero
1725 3551 1840 3589 non

182 3625 328 3676 sunt
361 3619 884 3685 consonantiae,sed
919 3619 1223 3675 intervalla
1251 3626 1308 3676 et
1336 3623 1600 3693 quaedam
1632 3639 1840 3678 vocum

182 3707 558 3766 discrimina.
592 3709 742 3763 Sunt
771 3712 827 3763 et
852 3706 976 3764 aliae
1014 3710 1427 3778 consonantiae,
1461 3711 1613 3767 sicut
1643 3711 1843 3784 diapa-

181 3816 316 3867 son,
343 3797 611 3853 videlicet
640 3797 699 3851 in
731 3797 913 3868 dupla
944 3797 1315 3869 proportione
1340 3816 1353 3865 ;
1386 3798 1562 3870 tripla
1590 3816 1842 3872 quoque,

182 3905 316 3960 quae
354 3886 496 3940 iitex
513 3884 795 3958 diapason
823 3885 1159 3957 etdiapente
1189 3886 1476 3959 Diapason
1500 3905 1631 3944 vero
1653 3895 1708 3944 et
1729 3889 1847 3944 dia-

184 3981 485 4042 tessaron,
512 3991 850 4047 quanquam
886 3974 1250 4047 Pythagorici
1286 3980 1499 4048 negant
1528 3993 1850 4033 consonan-

185 4066 336 4122 tiam
371 4080 522 4129 esse,
556 4062 770 4119 idcirco
801 4063 1079 4136 quoniam
1113 4080 1217 4120 nec
1269 4065 1327 4119 in
1378 4064 1708 4138 multiplici,
1742 4083 1848 4122 nec

183 4153 243 4209 in
276 4151 805 4226 superparticulari
838 4152 1111 4208 consistit
1141 4153 1487 4224 quantitate,
1522 4155 1676 4226 quod
1717 4172 1848 4226 pro-

186 4243 391 4315 prium
422 4246 512 4297 est
541 4240 1056 4297 consonantiarum
1089 4241 1231 4296 artis
1245 4243 1687 4309 musicaz,sedin
1704 4243 1851 4299 mul-

188 4330 379 4405 tiplici
412 4331 897 4403 superpartiente.
934 4330 1031 4386 Est
1060 4331 1216 4386 enim
1249 4330 1385 4387 talis
1439 4332 1754 4405 proportio,
1790 4338 1854 4388 ut

188 4426 326 4477 octo
361 4420 434 4476 ad
468 4419 601 4487 tria,
633 4436 759 4492 qua:
790 4419 1087 4492 proportio
1118 4420 1333 4475 dicitur
1377 4419 1434 4475 in
1486 4421 1853 4478 arithmetica

190 4508 382 4583 dupla
408 4508 928 4580 superbipartiens;
943 4509 1119 4564 habet
1135 4509 1288 4563 enim
1310 4510 1641 4566 octonarius
1663 4516 1853 4567 terna-

1949 1942 2121 1981 omne
2151 1926 2307 1981 enim
2341 1928 2496 1999 quod
2529 1944 2806 1983 vocamus
2835 1927 3212 2001 principium,
3237 1928 3472 1986 nonnisi
3498 1928 3598 1985 ali-

1946 2015 2118 2085 cujus
2149 2015 2227 2069 rei
2262 2020 2452 2087 potest
2480 2031 2609 2071 esse
2640 2015 3025 2088 principium;
3060 2016 3329 2074 similiter
3374 2022 3432 2074 et
3460 2018 3595 2074 finis

1898 2099 1905 2104 ’
1946 2101 2196 2174 alicujus
2227 2104 2307 2159 rei
2339 2107 2429 2159 est
2458 2104 2733 2159 finis.Sed
2765 2105 2864 2159 ubi
2896 2100 3355 2178 principiumest
3369 2106 3595 2177 etfinis,

1946 2192 2271 2247 necessario
2329 2196 2419 2247 est
2465 2197 2522 2247 et
2565 2192 2848 2261 medium,
2895 2193 3008 2265 (11)
3046 2202 3105 2249 ut
3144 2211 3179 2249 a
3220 2196 3499 2267 principio
3544 2202 3596 2251 et

1945 2280 2120 2337 medio
2148 2289 2200 2337 et
2226 2281 2337 2351 ﬁne
2368 2282 2697 2352 conswt,vcl]
2728 2284 2793 2336 ut
2821 2299 2855 2337 a
2882 2281 3171 2355 principio
3201 2299 3305 2354 per
3332 2283 3592 2340 medium

1944 2370 2211 2426 veniatur
2240 2370 2309 2425 ad
2343 2370 2538 2426 finem.
2575 2370 2758 2443 Igitur
2786 2375 2851 2425 ut
2880 2374 3067 2426 totum
3095 2371 3317 2444 aliquid
3335 2372 3598 2446 sit,prin-

1946 2458 2095 2531 cipio
2126 2464 2182 2513 et
2214 2458 2403 2514 medio
2434 2463 2489 2513 et
2519 2459 2633 2515 ﬁne
2665 2459 3112 2516 constat.Unum
3144 2477 3301 2534 ergo,
3326 2477 3443 2517 non
3472 2466 3594 2519 tam

1946 2565 2229 2604 numerus
2261 2565 2439 2621 quam
2471 2547 2847 2620 principium,
2882 2550 3013 2607 fons
3054 2553 3113 2605 et
3141 2550 3302 2623 origo
3351 2552 3440 2607 est
3468 2568 3595 2608 om-

1947 2637 2111 2693 nium
2145 2654 2547 2708 numerorum,
2576 2638 2732 2709 quod
2763 2639 2953 2695 medio
3002 2642 3059 2695 et
3106 2640 3221 2695 ﬁne
3268 2644 3444 2707 caret,
3478 2640 3592 2695 nisi

1945 2728 2109 2793 forte,
2142 2744 2246 2798 pro
2278 2726 2365 2781 sui
2416 2726 2787 2797 perfectione,
2820 2726 2972 2782 sicut
3000 2726 3377 2799 principium,
3412 2727 3492 2782 ita
3538 2730 3596 2783 et

1946 2815 2081 2870 ﬁnis
2108 2813 2562 2870 dicatur.Dua1is
2583 2830 2717 2870 vero
2751 2832 3034 2871 numerus
3056 2816 3232 2871 ﬁnem
3254 2832 3370 2871 non
3392 2815 3589 2883 habet,

1944 2905 2015 2960 ad
2048 2920 2222 2977 quem
2253 2920 2356 2975 per
2385 2903 2643 2958 medium
2674 2904 2964 2976 perveniri
2993 2904 3217 2974 debeat,
3250 2906 3420 2977 cujus
3464 2921 3589 2961 om-

1947 2995 2084 3048 nino
2114 3010 2318 3065 expers
2348 2992 2873 3065 cxstitit.Superest
2903 2998 3099 3049 autem
3130 2997 3196 3049 ut
3223 2994 3349 3067 ipse
3372 2994 3587 3065 princi-

1945 3084 2108 3157 pium
2140 3082 2463 3149 dicatur,ut
2492 3081 2601 3137 hoc
2631 3081 2877 3138 alterum
2910 3081 3264 3156 principium
3293 3082 3369 3139 sit
3396 3083 3467 3138 de
3488 3080 3589 3138 illo

1944 3171 2302 3246 primo,illud
2318 3188 2450 3227 vero
2482 3171 2553 3226 de
2582 3170 3189 3227 nullo.Primumillud
3211 3169 3585 3244 principium,

1949 3280 1981 3318 a
2014 3278 2129 3334 quo
2161 3259 2388 3316 numeri
2429 3277 2633 3317 omnes
2682 3260 2984 3331 oriuntur;
3014 3261 3124 3318 hoc
3166 3277 3300 3317 vero
3345 3259 3594 3317 alterum

1950 3355 2056 3417 est,
2078 3367 2179 3423 per
2202 3350 2357 3422 quod
2389 3366 2593 3419 omnes
2625 3350 2854 3405 numeri
2886 3350 3282 3407 inveniuntur.
3314 3350 3387 3406 At
3414 3349 3463 3405 si
3492 3349 3596 3405 uni

1951 3440 2066 3494 duo
2085 3438 3091 3510 fuerintjuncta,occurritternarius
3111 3457 3124 3496 :
3145 3440 3594 3513 primusimpar,

1951 3528 2051 3602 qui
2082 3528 2256 3584 habet
2287 3528 2519 3584 initium
2552 3528 2809 3584 medium
2839 3534 2896 3585 et
2922 3530 3124 3592 ﬁnem.
3150 3529 3251 3586 ubi
3281 3545 3401 3586 una
3427 3528 3599 3585 inter-

1943 3619 2102 3690 jecta
2134 3617 2416 3673 medietas
2448 3633 2617 3689 pares
2648 3617 2758 3674 sibi
2792 3618 3078 3674 terminos
3109 3618 3317 3688 habet;
3342 3636 3411 3675 ex
3440 3622 3602 3674 utro-

1954 3724 2066 3779 que
2096 3705 2252 3761 enim
2303 3706 2480 3762 latere
2525 3707 3002 3763 circumvallatur
3047 3708 3289 3776 unitate,
3342 3711 3401 3764 et
3444 3707 3602 3781 quod

1954 3795 2346 3852 extremitates
2362 3796 2603 3867 junctae,
2629 3795 2737 3852 hec
2769 3796 2904 3852 facit
2956 3797 3239 3855 medietas
3268 3796 3604 3870 duplicata;

1955 3903 2139 3941 unum
2166 3885 2322 3941 enim
2352 3889 2407 3940 et
2432 3903 2616 3940 unum
2640 3885 2863 3941 faciunt
2893 3886 3165 3959 duo,qua3
3179 3886 3603 3957 simuljuncta,

1956 3977 2015 4032 id
2046 3980 2135 4033 est
2169 3977 2391 4032 duo’et
2439 3976 2575 4042 duo,
2612 3976 2836 4032 faciunt
2884 3980 3155 4049 quatuor.
3190 3977 3424 4032 Primus
3468 3992 3606 4049 ergo

1958 4066 2222 4122 omnium
2252 4082 2635 4121 numerorum
2683 4070 2772 4122 est
2815 4066 3122 4133 ternarius,
3154 4066 3247 4121 cui
3294 4065 3446 4120 inter
3490 4065 3607 4120 duo

1958 4171 2194 4211 summa
2224 4154 2506 4221 medium,
2532 4171 2648 4226 quo
2678 4154 3013 4224 vinciretur,
3039 4153 3607 4218 accidit.Quaterna-

1960 4245 2086 4299 rius
2097 4260 2249 4310 vero,
2277 4242 2415 4314 quia
2431 4242 2577 4297 duas
2596 4243 2939 4300 medietates
2956 4243 3214 4299 obtinuit
3243 4242 3448 4315 etquis
3467 4246 3609 4298 tunc

1962 4332 2180 4389 arctius
2211 4330 2427 4387 extima
2456 4330 2811 4400 vinciuntur,
2845 4331 3079 4403 quando
3109 4330 3392 4387 medietas
3426 4329 3610 4404 gemi-

1962 4424 2155 4487 natur,
2190 4419 2395 4475 mcrito
2428 4419 2632 4474 artifex
2662 4426 2872 4476 natura
2893 4421 3068 4491 jussu
3117 4419 3404 4476 Creatoris
3451 4418 3610 4475 hunc

1965 4511 2075 4566 sibi
2110 4526 2421 4565 numerum
2454 4508 2675 4577 ascivit,
2714 4526 2827 4581 quo
2873 4508 3174 4565 insolubili
3222 4507 3612 4583 colligationis

190 4600 356 4654 rium
387 4598 480 4653 bis
512 4599 776 4670 duasque
807 4599 935 4670 ejus
965 4602 1183 4670 partes,
1216 4597 1273 4653 id
1326 4602 1435 4665 est,
1470 4599 1618 4655 duas
1666 4600 1856 4656 unita-
1890 4610 1936 4674 Ι)
1968 4599 2197 4654 vinculo
2228 4597 2515 4654 elementa
2544 4597 2780 4654 sibimet
2823 4598 3213 4671 repugnantia
3240 4596 3611 4663 devinxisset,

196 4688 544 4743 tes.Tamen
571 4687 782 4743 eximio
814 4688 1045 4742 doctore
1075 4687 1271 4742 Boetio
1303 4687 1597 4742 Ptolomaei
1632 4693 1862 4743 senten-

196 4777 351 4832 tiam
379 4793 557 4848 super
584 4776 694 4832 hoc
726 4775 1441 4849 approbante,necessario
1462 4776 1715 4832 fatemur
1728 4793 1857 4831 eam

193 4865 652 4920 consonantiam
703 4880 830 4920 esse
878 4863 1216 4931 maximam,
1248 4865 1528 4935 quoniam
1578 4865 1862 4938 diapason

193 4954 337 5009 talis
371 4958 462 5009 est
493 4952 930 5027 symphonia,ut
952 4970 1366 5025 quamcunque
1386 4951 1560 5008 aliam
1584 4954 1868 5025 suscipiat

197 5043 677 5111 consonantiam,
699 5046 886 5099 servet
914 5060 1019 5099 nec
1048 5042 1345 5109 immutet,
1377 5059 1481 5098 nec
1514 5060 1582 5098 ex
1612 5060 1868 5099 consona

197 5131 515 5188 dissonam
538 5131 951 5201 reddat.Sicut,
972 5132 1185 5204 inquit,
1218 5132 1456 5188 denario
1488 5149 1734 5189 numero
1766 5132 1866 5205 qui

198 5219 386 5277 fuerit
416 5220 835 5290 additus,intra
858 5237 992 5277 eum
1021 5221 1249 5294 positus
1273 5219 1497 5295 integer
1526 5221 1865 5278 inviolatus-

200 5325 322 5382 que
352 5313 779 5377 servatur,cum
812 5310 873 5365 in
904 5310 1126 5366 caeteris
1156 5309 1213 5364 id
1248 5310 1491 5366 minime
1520 5311 1765 5377 eveniat,
1786 5311 1867 5366 ita

200 5398 384 5455 etiam
414 5400 476 5455 in
507 5398 617 5456 hac
632 5399 1184 5456 consonantia.Nam
1202 5400 1249 5455 si
1268 5400 1384 5455 duo
1398 5400 1587 5465 tribus
1601 5399 1866 5471 adjicias,

204 5488 475 5563 quinque
504 5484 785 5546 continuo
818 5488 1028 5546 reddes
1052 5493 1110 5545 et
1138 5489 1370 5545 numeri
1402 5488 1626 5564 species
1652 5489 1866 5545 immu-

280 5595 359 5667 (9)
391 5601 456 5653 In
486 5597 569 5654 de.

284 5668 395 5745 (10)
421 5668 665 5728 Uncinis
696 5668 926 5729 inclusa
959 5667 1173 5726 desunt
1203 5668 1263 5726 in
1294 5669 1427 5742 Lips

1972 4688 2198 4759 triaque
2229 4686 2329 4741 illa
2359 4687 2593 4743 musicm
2632 4703 2865 4759 genera,
2899 4688 2956 4743 id
3006 4691 3113 4755 est,
3147 4687 3481 4751 mundanae,
3512 4685 3617 4740 hu-

1973 4794 2158 4831 mana:
2188 4781 2244 4831 et
2272 4776 2399 4847 ejus
2429 4793 2555 4847 qum
2588 4780 2678 4831 est
2706 4775 2767 4831 in
2799 4775 3235 4843 instrumentis,
3262 4778 3386 4831 rata
3416 4773 3620 4829 modu-

1974 4865 2209 4922 lationis
2240 4865 2366 4937 lege
2398 4866 2832 4921 conformasset.
2859 4864 3084 4934 Merito,
3115 4863 3488 4937 inquam,hic
3519 4879 3622 4917 nu-

1976 4972 2175 5010 merus
2200 4954 2434 5009 musicae
2468 4953 2780 5009 hsrmoniae
2820 4958 2906 5009 est
2956 4953 3294 5020 attributus,
3327 4951 3427 5025 qui
3475 4950 3619 5006 infe-

1976 5044 2131 5099 riora
2160 5042 2558 5115 superioribus
2589 5040 3094 5110 conciliat,animae
3116 5042 3493 5115 corporisque
3510 5045 3624 5097 sta-

1974 5137 2103 5189 tum
2125 5130 2377 5204 jugabili
2409 5130 2848 5203 proportionum
2868 5130 3649 5203 competentiafcederat,be-‘

1974 5220 2174 5276 stiales
2195 5220 2504 5276 hominum
2528 5225 2722 5276 motus
2740 5218 3291 5292 comprimit,mores
3304 5219 3621 5292 componit,

1975 5311 2093 5367 iras
2120 5310 2451 5366 daemonum
2484 5309 2716 5382 mitigat
2748 5308 2831 5364 vel
2866 5307 3059 5381 potius
3090 5308 3254 5383 fugat
3274 5316 3303 5378 ;‘
3324 5309 3500 5365 etiam
3534 5309 3624 5382 ip-

1978 5416 2103 5456 sam
2136 5402 2351 5455 terram
2366 5414 2645 5454 sonorum
2665 5414 2906 5454 suorum
2920 5398 3299 5456 concentibus
3321 5397 3463 5456 caelo
3480 5414 3624 5473 quo-

1978 5488 2292 5545 dammodo
2322 5486 2591 5544 associat.

2052 5596 2164 5671 (11)
2192 5594 2432 5654 Uncinis
2459 5594 2661 5654 clausa
2688 5595 2902 5655 desunt
2930 5595 2988 5653 in
3019 5597 3164 5673 Lips.
