4052 6158
218 310 392 376 nos
1442 311 1868 379 paoLocUs
1912 312 1992 375 1N
2036 280 2496 381 'roN'AaIUM.
3535 321 3711 390 .uoe

217 446 443 505 seriem
474 464 688 506 vocum
720 445 780 505 in
823 446 1009 509 totius
1054 448 1434 508 monochordi
1467 445 1912 509 constructione
1939 446 1991 517 Α
2023 465 2265 517 meson,
2289 455 2581 527 parypate
2624 469 2852 522 meson,
2885 450 3149 516 lichanos
3195 474 3425 532 meson;
3460 477 3588 536 qua
3617 456 3707 519 id-

216 538 570 596 alternatim
603 539 1214 616 dispositas,exceptis
1238 542 1432 599 tribus
1462 538 1912 607 locis,videlicet

214 628 382 686 inter
432 629 655 703 hypate
699 630 958 702 hypaton
1000 635 1056 687 et
1094 632 1358 704 paripate
1389 647 1623 696 meson,
1651 631 1709 685 et
1755 628 1911 685 inter

214 717 649 791 hypatemeson
669 722 726 774 et
741 718 873 774 trite
891 726 1404 792 synemmenon,et
1420 722 1580 776 inter
1604 734 1911 791 paramese

216 794 444 864 ettrite
475 807 894 881 hyperboleon.
932 808 1225 881 Diapason
1258 806 1783 881 autem,quoniam
1818 807 1912 863 his

216 898 458 952 duabus
504 896 908 953 consonantiis
943 898 1293 970 completur,
1326 902 1410 955 tot
1456 898 1643 953 habet
1690 896 1911 952 formas

217 992 366 1059 quot
406 988 520 1043 sub
563 987 657 1043 his
687 985 1094 1042 continentur.
1129 991 1360 1060 Septem
1412 987 1602 1061 igitur
1651 984 1913 1042 continet

215 1075 478 1147 species;
501 1093 605 1148 pro
627 1076 901 1149 diapente
927 1081 1202 1149 quatuor,
1227 1093 1332 1149 pro
1355 1076 1729 1132 diatessaron
1758 1078 1906 1141 tres;

214 1180 474 1236 quarum
496 1165 687 1238 prima
702 1165 856 1221 inter
870 1164 921 1219 A
939 1169 997 1221 et
1014 1183 1068 1233 a,
1082 1165 1139 1220 id
1163 1169 1252 1220 est
1274 1164 1909 1238 proslambanomenos

214 1259 274 1309 et
303 1270 469 1310 mese
497 1255 860 1319 continetur;
897 1256 1164 1310 secunda
1192 1255 1264 1310 ab
1294 1253 1511 1327 hypate
1542 1253 1802 1326 hypaton
1835 1254 1907 1308 ad

2019 635 2266 704 septem
2309 649 2521 689 vocum
2555 633 2898 693 discrimina
2938 638 3309 696 inveniantur
3350 641 3705 713 sonoriores,

2019 725 2184 777 extra
2223 737 2388 793 quas
2419 723 2466 778 si
2497 724 2585 780 vel
2614 729 2779 781 vetus
2810 726 2894 783 vel
2927 745 3074 784 nova
3106 730 3297 785 cantio
3328 731 3590 798 finiatur,
3622 732 3703 788 ir-

2020 807 2335 884 regularis
2360 816 2417 868 et
2448 812 2748 887 illegitima
2777 815 2902 872 sine
2931 817 3112 873 dubio
3134 818 3454 889 judicatur.
3479 819 3700 876 Cantus

2020 900 2208 974 igitur
2265 900 2531 973 magistri
2581 904 2825 976 ejusque
2870 905 3165 978 discipuli;
3197 906 3251 962 id
3302 911 3392 962 est
3437 906 3613 979 primi
3641 913 3699 965 et

2020 989 2279 1047 secundi
2304 990 2461 1045 modi
2486 992 2689 1047 ﬁnitur
2710 992 2765 1047 in
2792 994 2858 1062 D,
2885 995 3128 1050 secundi
3165 995 3427 1068 magistri
3450 996 3695 1068 ejusque

2020 1078 2332 1152 discipuli,
2357 1079 2413 1134 id
2438 1084 2528 1136 est
2548 1080 2701 1136 tertii
2724 1085 2781 1137 et
2811 1083 3005 1154 quarti
3032 1083 3186 1139 modi
3209 1082 3269 1139 in
3290 1084 3353 1151 E,
3386 1083 3543 1139 tertii
3566 1100 3691 1142 ma-

2019 1168 2188 1243 gistri
2216 1170 2470 1241 ejusque
2491 1170 2762 1240 subjecti,
2786 1171 2843 1227 id
2867 1176 2956 1228 est
2979 1172 3171 1244 quinti
3193 1177 3251 1228 et
3277 1172 3420 1228 sexti
3448 1174 3607 1229 modi
3629 1173 3689 1231 in

2018 1259 2080 1327 F,
2110 1257 2311 1331 quarti
2343 1258 2611 1330 magistri
2647 1260 2893 1332 ejusque
2925 1260 3219 1333 discipuli,
3244 1261 3303 1316 id
3333 1264 3424 1318 est
3452 1262 3689 1334 septimi

2018 1354 2075 1404 et
2101 1348 2288 1404 octavi
2334 1347 2491 1402 modi
2542 1347 2599 1403 in
2632 1351 2697 1403 G.
2731 1350 2839 1404 Sed
2874 1349 3016 1421 quia
3073 1349 3314 1406 nomine.
3370 1353 3427 1407 et
3478 1350 3686 1409 ﬁnales

2018 540 2173 596 circo
2209 557 2297 597 ex
2337 544 2618 601 omnibus
2674 545 2866 602 electas
2916 553 3058 605 sunt
3103 550 3310 607 ﬁnales
3342 553 3501 625 quod
3556 551 3709 610 inter
3802 562 3805 563 ⁷

215 1359 529 1415 paramese
568 1343 923 1417 porrigitur;
959 1344 1130 1399 tertia
1158 1361 1191 1398 a
1234 1346 1514 1415 parypate
1548 1341 1811 1415 hypaton
1845 1341 1905 1398 in

213 1430 353 1487 trite
386 1431 851 1505 diezeugmenon
897 1431 1282 1499 terminatur;
1318 1435 1532 1503 quarta
1565 1447 1601 1485 a
1638 1428 1906 1487 lichanos

213 1518 479 1592 hypaton
522 1521 595 1576 ad
642 1522 923 1593 paranete
976 1520 1436 1592 diezeugmenon
1487 1519 1899 1592 protenditur;

214 1608 430 1679 quinta
458 1608 533 1664 ab
565 1608 782 1681 hypate
824 1623 1034 1664 meson
1065 1613 1124 1664 et
1149 1609 1222 1663 ad
1269 1613 1400 1664 nete
1432 1609 1900 1680 diezeugmenon

213 1695 547 1764 limitatur;
572 1701 740 1752 sexta
759 1701 1077 1769 aparypate
1100 1714 1306 1753 meson
1336 1698 1407 1753 ad
1431 1697 1570 1753 trite
1603 1696 1894 1769 hyperbo-

2017 1454 2224 1493 eorum
2257 1435 2537 1504 diximus,
2571 1436 2920 1494 intensionis
2957 1442 3016 1494 et
3054 1437 3421 1495 remissionis
3464 1438 3685 1498 limites

2015 1526 2378 1599 aperiamus.
3644 1528 3653 1537 '

2083 1619 2140 1671 7.
2163 1614 2276 1688 (16)
2311 1615 2650 1688 Protus(17)
2684 1617 2889 1689 [itaque
2919 1618 3234 1682 authentus,
3257 1617 3316 1673 id
3352 1625 3430 1674 est
3462 1620 3681 1691 primus

2010 1706 2301 1776 magister]
2334 1708 2562 1761 constat
2608 1722 2678 1761 ex
2720 1705 2911 1778 prima
2941 1705 3135 1779 specie
3185 1706 3458 1779 diapente
3507 1710 3566 1762 et
3611 1722 3681 1763 ex

211 1784 343 1887 leon
365 1786 727 1853 intenditur;
752 1785 1008 1887 septima
1034 1803 1068 1842 a
1098 1790 1374 1887 paranete
1396 1785 1795 1886 hyperboleon
1824 1787 1895 1887 ad
1931 1817 1977 1882 Β
2011 1793 2209 1866 prima
2248 1793 2440 1865 specie
2491 1794 2854 1851 diatessaron
2905 1795 3180 1866 superius
3212 1794 3323 1868 (18)
3355 1796 3486 1867 [non
3537 1795 3678 1868 quod

209 1872 483 1929 lichanos
512 1891 720 1930 meson
755 1874 1093 1930 remittitur.
1127 1875 1285 1939 Quas
1316 1892 1523 1930 omnes
1563 1873 1810 1947 species,
1844 1876 1895 1932 si

211 1965 493 2019 tonorum
539 1967 598 2018 et
650 1963 1096 2019 semitoniorum
1148 1963 1333 2020 situm
1385 1963 1734 2035 inspexeris,
1766 1981 1801 2019 a
1832 1982 1895 2021 se

206 2050 465 2107 invicem
492 2051 782 2107 distantes
801 2051 1043 2107 videbis.
1069 2053 1232 2119 Quod
1265 2052 1316 2108 si
1355 2057 1623 2109 octavam
1656 2069 1689 2107 a
1734 2069 1894 2111 mese

196 2157 316 2212 -per
337 2156 649 2213 paramese
672 2145 732 2196 et
759 2140 897 2196 trite
927 2141 1394 2214 diezeugmenon
1424 2140 1784 2197 intendendo
1817 2144 1889 2198 ad

207 2233 344 2285 nete
376 2228 777 2302 hyperboleon
807 2230 1159 2301 adjeceris,a
1188 2231 1391 2303 prima
1429 2246 1547 2286 non
1579 2230 1892 2287 dissentire

204 2317 537 2374 videbis.Si
566 2335 705 2374 vero
727 2319 800 2373 ab
829 2319 1030 2374 eadem
1067 2335 1224 2375 mese
1247 2336 1360 2392 per
1388 2319 1524 2374 trite
1555 2336 1889 2391 synemme-

207 2423 333 2463 non
368 2411 427 2462 et
455 2412 738 2479 paranete
771 2424 1188 2481 synemmenon
1224 2408 1590 2475 ascenderis,
1619 2409 1888 2464 eamdem

208 2496 438 2567 quinta;
457 2496 815 2553 notabis.Sic
832 2497 1010 2569 igitur
1020 2498 1302 2570 diapason
1322 2501 1549 2569 septem
1568 2497 1745 2553 habet
1761 2514 1889 2570 spe-

208 2584 357 2651 cies,
373 2600 498 2640 una
511 2585 903 2658 minusquam
919 2603 1107 2655 voces,
1123 2587 1183 2641 in
1196 2587 1418 2659 quibus
1430 2591 1557 2642 octo
1576 2587 1886 2643 modorum

207 2673 456 2729 diversa
474 2675 541 2729 ﬁt
560 2673 807 2747 positio;
830 2676 987 2746 quod
1017 2692 1273 2748 sequens
1293 2675 1560 2748 expediet
1585 2676 1753 2732 ratio.
1786 2680 1886 2732 Se-

194 2765 381 2835 ptem
393 2778 528 2818 vero
549 2767 783 2819 tantum
801 2764 1006 2820 modos
1018 2765 1344 2821 secundum
1357 2765 1638 2836 diapason
1662 2763 1887 2836 species

192 2849 482 2922 -primum
504 2851 712 2920 fuisse,
728 2853 831 2908 sed
854 2852 1229 2909 Ptolomaeum
1252 2857 1523 2909 octavum
1547 2852 1886 2925 superaddi-

207 2938 400 3007 disse,
428 2939 695 2996 Boetium
718 2940 779 2995 in
803 2940 1029 2997 musica
1049 2941 1272 2998 scimus
1292 2941 1609 2998 tradidisse
1630 2958 1882 3012 quorum

207 3028 465 3085 nomina
494 3029 1036 3102 diversitatemque,
1064 3031 1345 3103 quoniam
1384 3030 1649 3086 brevitati
1680 3030 1882 3086 stude-

207 3132 377 3183 mus,
400 3119 733 3173 secundum
764 3118 1227 3176 ecclesiasticum
1273 3136 1449 3175 usum
1482 3119 1880 3190 expediamus.

283 3181 520 3261 6.»0cto
570 3207 771 3279 itaque
818 3208 1157 3264 cantionum
1205 3208 1418 3275 modis,
1444 3181 1593 3279 quo-3
1641 3207 1884 3263 abusive
1915 3181 1958 3248 Ο

208 3299 392 3349 tonos
423 3310 730 3362 vocamus,
756 3296 898 3356 ordo
929 3296 1361 3352 ecclesiasticus
1400 3294 1602 3350 utitur.
1629 3299 1891 3362 Quatuor

209 3381 573 3439 excelsiores
615 3383 999 3439 monoehordi
1027 3401 1197 3440 voces
1236 3383 1424 3439 sortiti
1458 3383 1540 3439 sic
1569 3388 1886 3439 vocantur:

212 3471 610 3527 authenticus
632 3476 861 3544 protus,
878 3472 935 3527 id
952 3477 1039 3528 est
1062 3473 1289 3544 primus
1313 3472 1621 3544 magister;
1647 3472 1890 3527 authen-

210 3558 696 3630 ticusdeuterus,
711 3560 771 3615 id
788 3564 877 3615 est
888 3561 1181 3615 secundus
1194 3559 1499 3632 magister;
1517 3560 1889 3617 authenticus

212 3647 423 3715 tritus,
441 3647 499 3702 id
519 3652 610 3704 est
628 3647 839 3704 tertius
858 3648 1165 3722 magister;
1184 3647 1555 3704 authenticus
1574 3649 1887 3715 tetrardus,

212 3736 273 3791 id
297 3741 396 3792 est
416 3741 673 3808 quartus
707 3737 1008 3809 magister.
1032 3736 1327 3792 Authcnto:
1356 3736 1515 3791 enim
1549 3737 1728 3792 Graeci
1760 3754 1888 3792 ma-

208 3825 445 3897 gistros
476 3825 704 3893 dicunt,
731 3824 901 3896 quasi
947 3828 1299 3893 auctoratos,
1329 3824 1385 3879 id
1424 3829 1513 3881 est
1548 3825 1890 3881 auctoritate

211 3913 524 3985 praeditos,
542 3929 799 3985 quorum
826 3912 1102 3984 praecellit
1126 3912 1464 3969 auctoritas.
1490 3912 1652 3970 Unde
1672 3930 1706 3967 a
1736 3930 1889 3970 com-

210 4003 532 4074 paratione
564 4001 793 4058 altioris
814 4002 1032 4075 gradus
1057 4001 1166 4057 hos
1194 4002 1401 4058 modos
1431 4003 1513 4058 ita
1532 4002 1719 4058 vocari
1743 4003 1889 4058 obti-

210 4093 347 4147 nuit
369 4108 545 4147 usus.
564 4090 678 4145 Alii
703 4107 837 4146 vero
859 4094 1117 4162 quatuor
1140 4090 1416 4146 inferiora
1435 4090 1563 4146 loca
1583 4091 1887 4163 possiden-

208 4182 298 4235 tes
324 4179 416 4235 sic
438 4185 729 4235 vocantur
753 4196 765 4234 :
794 4177 984 4250 plagis
1007 4176 1181 4250 preti,
1204 4178 1261 4232 id
1283 4183 1373 4234 est
1403 4178 1657 4235 lateralis
1687 4180 1885 4251 primi.

207 4267 589 4323 subauditur
619 4267 965 4333 authentici,
990 4264 1160 4338 quasi
1193 4266 1302 4321 sub
1332 4265 1512 4323 latere
1543 4268 1669 4339 ejus
1702 4268 1887 4323 conti-

208 4362 459 4422 neatur,
482 4360 542 4411 et
569 4355 811 4411 inferior
834 4353 929 4422 sit,
953 4352 1136 4410 simili
1165 4353 1388 4409 ratione
1421 4353 1610 4427 plagis
1640 4356 1885 4425 deuteri,

190 4443 413 4518 .plagis
444 4444 594 4512 triti,
628 4442 822 4515 plagis
849 4442 1114 4499 tetrardi.
1144 4442 1254 4497 Sed
1286 4459 1393 4498 nos
1423 4442 1654 4515 regulas
1685 4460 1885 4499 eorum

2009 1884 2092 1939 ibi
2116 1883 2303 1955 prima
2335 1885 2459 1955 ejus
2502 1885 2703 1955 species
2748 1883 3094 1947 exordialur,
3124 1882 3217 1941 sed
3245 1882 3387 1956 quod
3413 1886 3597 1955 forma
3624 1891 3678 1941 et

2005 1971 2319 2028 similitudo
2348 1970 2512 2028 illius
2543 1974 2747 2045 prima?
2773 1974 2994 2044 speciei,
3022 1987 3147 2046 quae
3189 1974 3426 2044 inferius
3455 1980 3551 2039 est,
3584 1972 3677 2028 hic

2003 2062 2104 2117 sub
2135 2075 2332 2115 eorum
2360 2061 2689 2117 chordarum
2730 2061 3083 2133 dispositione
3128 2063 3497 2128 contineatur,
3547 2069 3672 2118 tono

2001 2151 2217 2206 scilicet
2261 2157 2313 2206 et
2357 2152 2645 2207 semitonio
2673 2158 2725 2207 et
2753 2149 2932 2224 tono];
2966 2149 3295 2225 subjugalis
3350 2166 3485 2206 vero
3543 2148 3671 2221 ejus

2004 2243 2239 2294 constat
2261 2255 2330 2294 ex
2352 2240 2552 2295 eadem
2589 2238 2781 2311 specie
2804 2239 3171 2311 diapente,et
3198 2255 3267 2294 ex
3296 2238 3501 2293 eadem
3532 2252 3670 2309 spe—

2002 2326 2088 2385 cie
2110 2326 2482 2383 diatessaron
2516 2325 2782 2392 inferius,
2808 2327 2964 2399 quod
2992 2332 3189 2383 autem
3214 2325 3365 2395 dico,
3391 2324 3508 2383 tale
3539 2328 3627 2381 est
3651 2341 3665 2380 :

2002 2415 2239 2471 Primus
2261 2419 2439 2472 tonus
2459 2433 2491 2471 a
2513 2431 2621 2471 suo
2642 2414 2824 2484 finali,
2847 2413 2902 2470 id
2929 2420 3040 2486 est,
3065 2433 3099 2470 a
3124 2414 3389 2471 lichanos
3407 2413 3667 2487 hypaton

1999 2502 2178 2558 habet
2208 2503 2508 2559 licentiam
2541 2501 2895 2559 ascendendi
2925 2500 2985 2558 in
3011 2503 3305 2581 diapente,
3328 2502 3439 2557 hoc
3468 2504 3576 2571 est,
3603 2500 3666 2557 in

1999 2608 2190 2661 mese;
2215 2597 2276 2648 et
2318 2610 2355 2648 a
2392 2608 2552 2648 mese
2583 2590 2641 2645 in
2693 2597 2968 2663 paranete
2998 2592 3478 2665 diezeugmenon,
3506 2590 3663 2662 quod

1996 2684 2086 2736 est
2139 2681 2337 2753 prima
2393 2676 2615 2753 species
2674 2680 3039 2737 diatessaron
3063 2682 3281 2751 (19),eo
3330 2679 3506 2744 modo,
3558 2693 3662 2750 quo

1992 2769 2325 2841 praedictum
2346 2774 2458 2835 est;
2480 2769 2775 2825 secundus
2801 2786 2934 2825 vero
2953 2772 3152 2838 tonus,
3167 2767 3270 2840 qui
3295 2766 3511 2822 dicitur
3529 2766 3660 2838 ejus

1995 2858 2353 2930 subjugalis,
2386 2858 2445 2913 in
2476 2857 2743 2913 eamdem
2782 2857 3053 2929 diapente
3097 2853 3388 2923 ascendit;
3421 2853 3523 2910 sed
3553 2870 3658 2926 per

1992 2945 2263 3000 eamdem
2288 2945 2542 3018 speciem
2568 2944 2932 3001 diatessaron
2949 2945 3063 3016 (20)
3080 2944 3325 3001 inferius
3341 2960 3375 3000 a
3391 2941 3655 2999 lichanos

1992 3033 2251 3105 hypaton
2281 3033 2344 3089 in
2374 3033 3007 3106 proslambanomenon
3030 3048 3135 3106 per
3161 3036 3371 3089 tonum
3401 3036 3459 3087 et
3487 3028 3658 3087 semi-

1994 3121 2226 3179 tonium
2264 3121 2525 3193 itemque
2541 3125 2744 3177 tonum
2766 3121 3172 3177 descendit.Et
3187 3124 3392 3193 protus
3415 3118 3654 3191 quidem

1998 3209 2319 3281 aliquando
2354 3228 2538 3266 unum
2568 3214 2772 3265 tonum
2814 3226 2994 3282 super
3023 3204 3386 3266 diatessardn
3418 3207 3658 3264 licenter

1999 3298 2252 3354 assumit
2282 3300 2397 3370 (2t)
2425 3317 2436 3354 :
2470 3299 2747 3354 similiter
2784 3302 2841 3354 et
2881 3297 3071 3354 caeteri
3103 3295 3420 3353 authentici
3452 3298 3660 3369 prater

1997 3387 2439 3459 deuterum,qui
2459 3386 2836 3443 semitonium
2855 3386 3087 3443 tantum
3107 3384 3658 3457 admittit.’ltemque

1999 3480 2205 3548 protus
2236 3476 2392 3531 infra
2420 3476 2655 3532 ﬁnalem
2687 3491 2865 3531 suum
2887 3476 3188 3531 descendit
3208 3473 3322 3547 (22)
3353 3473 3413 3530 in
3444 3490 3658 3531 sonum

1999 3566 2109 3621 sibi
2138 3565 2422 3633 vicinum,
2446 3564 2763 3637 aliquando
2796 3565 2854 3620 in
2894 3563 3155 3634 tertium,
3189 3579 3494 3638 nunquam
3522 3579 3658 3619 vero

1998 3653 2058 3708 in
2083 3652 2362 3726 legitimis
2412 3653 2685 3708 cantibus
2727 3652 2785 3706 in
2832 3656 3133 3724 quartum.
3166 3650 3448 3709 Similiter
3475 3653 3533 3708 et
3562 3648 3661 3706 alii

1997 3746 2117 3797 tres
2146 3741 2468 3797 authentici
2489 3742 2662 3812 juxta
2690 3740 2956 3796 ordinem
2988 3739 3257 3795 finalium
3287 3754 3554 3797 suorum.

2070 3830 2357 3884 Deuterus
2388 3834 2617 3885 constat
2646 3844 2716 3884 ex
2756 3829 3017 3884 secunda
3059 3828 3251 3900 specie
3302 3827 3575 3900 diapente
3602 3830 3662 3883 et

1999 3918 2258 3973 secunda
2305 3918 2496 3988 specie
2549 3918 2913 3972 diatessaron
2963 3915 3258 3988 superius,
3290 3914 3392 3971 illo
3438 3914 3660 3972 scilicet

1999 4006 2173 4061 modo
2203 4020 2321 4076 quo
2359 4021 2539 4076 supra
2570 4007 2887 4059 tractatum
2930 4005 3037 4058 est.
3065 4002 3406 4075 Subjugalis
3435 4004 3565 4074 ejus
3588 4019 3660 4058 ex

1997 4094 2200 4150 eadem
2233 4091 2424 4164 specie
2454 4093 2749 4163 diapente,
2772 4096 2828 4147 et
2866 4108 2936 4147 ex
2962 4091 3167 4147 eadem
3207 4089 3398 4162 specie
3435 4089 3656 4147 diates-

1998 4198 2171 4238 saron
2202 4179 2482 4247 inferius;
2517 4197 2588 4235 ex
2617 4179 2903 4250 superiori
2937 4181 3132 4234 autem
3178 4192 3448 4233 sermone
3488 4179 3657 4248 potes

1997 4273 2054 4325 et
2088 4268 2244 4324 istud
2276 4268 2792 4339 comprehendere.
2817 4267 3017 4323 Tritus
3064 4264 3403 4331 authentus,
3435 4265 3538 4336 qui
3569 4270 3660 4322 est

1996 4362 2175 4414 tonus
2206 4356 2472 4428 quintus,
2497 4359 2727 4411 constat
2769 4372 2838 4410 ex
2875 4354 3048 4410 tertia
3077 4353 3270 4426 specie
3299 4352 3571 4426 diapente
3599 4358 3659 4410 et

1996 4447 2171 4503 tertia
2209 4444 2400 4517 specie
2448 4444 2814 4500 diatessaron
2862 4443 3158 4516 superius.
3179 4442 3501 4500 Tetrardus
3545 4456 3656 4498 au-

208 4534 437 4589 dentes
489 4532 717 4589 Latinis
766 4535 1005 4586 utamur
1050 4529 1412 4596 nominibus,
1446 4535 1502 4585 et
1547 4531 1888 4587 excelsiores
1921 4543 1966 4607 [)
1996 4535 2236 4589 thentus
2276 4533 2395 4604 [qui
2424 4540 2502 4588 est
2531 4540 2695 4587 tonus
2732 4532 3016 4603 septimus]
3056 4534 3289 4587 constat
3335 4546 3404 4587 ex
3448 4533 3659 4604 quarta

207 4620 569 4693 magistros,
602 4618 909 4675 interiores
936 4634 1070 4673 vero
1110 4616 1428 4688 discipulos
1457 4617 1850 4674 nominemus.

282 4709 411 4766 Sed
436 4712 760 4780 antequam
782 4723 985 4762 eorum
1008 4704 1371 4761 intensiones
1389 4704 1478 4760 vel
1511 4705 1887 4763 remissiones

205 4796 614 4869 incipiamus,
657 4794 867 4850 ﬁnales
914 4793 1178 4851 omnium
1228 4810 1434 4849 nervos
1483 4795 1885 4850 ostendamus.

209 4888 491 4952 Quatuor
506 4888 649 4941 sunt
665 4899 858 4950 voces,
872 4898 1000 4954 quae
1016 4885 1298 4937 vocantur
1318 4880 1545 4945 ﬂnales,
1559 4898 1625 4937 eo
1647 4883 1802 4954 quod
1825 4883 1886 4938 in

208 4972 617 5046 unaqualibet
636 4972 851 5027 harum
874 4968 1169 5042 regulares
1192 4968 1474 5023 finiantur
1489 4969 1890 5037 cantiones,vi~

148 5050 155 5054 ’
215 5062 435 5120 delicet
459 5062 507 5117 D
530 5062 571 5116 E
595 5061 637 5116 F
661 5064 873 5131 G,qua3
903 5062 1043 5114 sunt
1071 5056 1332 5112 lichanos
1364 5058 1644 5129 hypaton,
1679 5059 1887 5131 hypate

440 5168 548 5248 ﬂio
579 5169 836 5248 pergunt
864 5164 1077 5248 iterum
1110 5162 1598 5248 codices‘reliq‘u‘i.

320 5234 413 5309 17)
448 5234 929 5309 υηοῖηἱεῐβιειμεει
958 5236 1170 5309 desunt
1200 5234 1258 5309 in
1290 5234 1388 5309 cit.
1423 5234 1590 5309 codd.

322 5305 416 5379 18)
447 5309 692 5367 Uncinis
726 5306 1198 5379 inclusadesunt
1228 5305 1288 5359 in
1319 5305 1417 5360 cit.
1451 5307 1619 5362 codd.

318 5376 416 5451 19)
446 5380 693 5438 Addunt
730 5379 831 5435 cit.
865 5376 1044 5432 Codd.
1077 5380 1354 5432 constans
1384 5394 1453 5432 ex
1482 5381 1619 5433 tono
1651 5380 1893 5436 semito-
1969 5434 1981 5445 ,

230 5454 323 5510 nio
356 5457 421 5510 et
450 5457 613 5508 tono.

401 5525 419 5597 )
454 5523 614 5597 Adm.
833 5538 851 5575 :
886 5518 1206 5597 secundum
1237 5517 1522 5597 Boetium.

300 5590 421 5671 (21)
446 5594 607 5652 Adm.
637 5591 793 5650 addit
825 5610 843 5646 :
873 5593 931 5647 et
958 5606 1088 5646 raro
1115 5593 1321 5646 tonum
1351 5594 1409 5646 et
1437 5590 1834 5649 semitonium.

2000 4622 2191 4693 specie
2213 4621 2481 4691 diapente
2503 4626 2559 4676 et
2578 4636 2647 4675 ex
2678 4620 2867 4675 forma
2886 4620 3089 4692 prima;
3121 4620 3336 4692 speciei
3370 4620 3655 4676 diatessa-

1996 4726 2102 4765 ron
2126 4709 2399 4782 superius
2421 4708 2597 4763 modo
2616 4707 3152 4780 dieto.Subjugalis
3190 4709 3321 4781 ejus
3358 4719 3429 4764 ex
3446 4709 3654 4765 eadem

1996 4798 2189 4869 specie
2220 4796 2510 4866 diapente,
2544 4799 2601 4849 et
2629 4811 2698 4849 ex
2728 4794 2919 4866 prima
2947 4794 3139 4867 specie
3170 4796 3533 4852 diatessaron
3563 4795 3652 4850 in-

1996 4884 2176 4940 ferius
2201 4884 2310 4955 (23)
2336 4882 2651 4953 [secundum
2697 4881 2979 4952 quosdam,
3013 4897 3205 4938 revera
3250 4889 3431 4939 tamen
3472 4885 3654 4954 forma

1995 4980 2073 5028 est
2095 4973 2300 5044 prim
2328 4971 2486 5025 illius
2515 4971 2753 5041 speciei].
2779 4968 2985 5025 Omnis
3014 4970 3211 5042 itaque
3240 4974 3417 5027 tonus
3446 4972 3652 5044 subju-

1998 5060 2146 5135 galis
2176 5060 2443 5117 eamdem
2474 5058 2652 5113 habet
2688 5057 2961 5129 diapente
2990 5061 3047 5113 et
3076 5058 3443 5116 diatessaron
3473 5077 3653 5134 quam

2070 5168 2183 5234 (22)
2213 5166 2367 5220 Adm.
2402 5165 2557 5220 Idem
2583 5167 2785 5235 protus
2811 5162 2963 5235 intra
2993 5162 3230 5219 finalem
3261 5164 3566 5224 descendit
3592 5166 3654 5225 in

2000 5238 2384 5303 diatessaron,
2411 5234 2723 5306 aliquando
2756 5234 2814 5288 in
2847 5234 3140 5307 diapente,
3172 5235 3448 5294 similiter
3472 5238 3535 5295 in
3567 5256 3657 5298 so-

2000 5315 2374 5455 Ῑῗῗέέῆῗῗρεη
2399 5376 2591 5433 addit:
2611 5375 2946 5455 subjugalis
2975 5377 3105 5455 ejus
3135 5395 3205 5435 ex
3228 5379 3432 5455 eadem
3461 5382 3654 5455 specie

2004 5447 2295 5523 diapente;
2328 5453 2384 5504 et
2413 5465 2482 5504 ex
2525 5447 2726 5504 eadem
2770 5447 2961 5520 specie
2989 5447 3355 5509 diatessaron
3384 5447 3651 5511 infe-rius.

2007 5525 2222 5579 Inclusa
2254 5522 2477 5577 omittit.
