4052 6158
481 274 636 340 H07

1557 277 1952 342 BERNONIS
1993 278 2326 342 ABBA'I‘IS
2371 277 2803 342 AUGIENSIS.

3665 278 3789 342 1108

482 411 856 472 authenticus
884 411 1041 484 ejus;
1073 410 1348 468 diﬁ‘erunt
1385 414 1579 468 autem
1609 413 1670 469 in
1697 413 1805 470 hoc
1837 413 1992 487 quod
2023 431 2126 470 au-
2155 416 2210 482 Α
2237 429 2622 486 zeugmenon,
2645 428 2775 468 raro
2806 414 2999 468 autem
3030 409 3102 466 ad
3127 409 3187 478 d,
3215 406 3323 465 hoc
3350 411 3432 465 est
3472 407 3536 465 ad
3575 418 3792 484 paranete

479 501 721 560 thentus
745 502 1106 559 diatessaron
1133 501 1308 557 habet
1331 519 1512 575 supra
1534 503 1826 576 diapente,
1847 505 2126 578 subjuga-

481 591 558 650 lis
585 607 718 648 vero
748 591 918 648 infra.

553 684 607 737 8.
633 681 744 754 (24)
765 680 996 736 Primus
1039 680 1220 754 igitur
1247 682 1459 738 modus
1489 682 1574 738 vel
1609 686 1782 739 tonus
1809 684 2134 753 intenditur

483 770 554 825 ad
587 773 819 826 acutam
849 769 906 837 d,
941 769 1000 825 id
1039 773 1128 826 est
1167 776 1442 842 paranete
1489 771 1968 846 diezeugmenon,
2003 791 2132 830 raro

482 862 680 914 autem
711 858 782 914 ad
816 875 866 924 e,
885 875 1014 931 quae
1033 863 1121 915 est
1141 863 1272 916 nete
1295 860 1774 936 diezeugmenon,
1800 867 1857 918 et
1888 865 2133 919 descen-

481 945 570 1002 dit
597 947 670 1003 ad
695 947 758 1014 Ο,
781 947 838 1003 id
861 951 953 1004 est
975 953 1254 1022 parypate
1284 949 1563 1022 hypaton,
1587 952 1886 1008 rarissime
1907 970 2040 1009 vero
2062 954 2134 1008 ad

483 1035 528 1092 B
559 1051 686 1108 quae
747 1040 835 1091 est
891 1037 1104 1110 hypate
1163 1037 1440 1111 hypaton,
1474 1039 1698 1096 habens
1746 1041 1896 1097 inter
1925 1042 1970 1096 D
2002 1046 2059 1098 et
2100 1043 2136 1097 d

483 1128 755 1197 quartam
803 1125 1087 1198 diapason
1139 1126 1410 1195 formam,
1463 1145 1644 1201 supra
1689 1147 1822 1186 vero
1871 1135 1929 1186 et
1985 1131 2138 1186 infra

483 1213 786 1281 chordam,
809 1219 867 1270 et
895 1220 961 1270 ut
984 1215 1205 1271 dictum
1235 1221 1342 1284 est,
1368 1217 1666 1275 rarissime
1693 1219 1840 1276 duas
1869 1219 2134 1278 inferius.

483 1303 790 1360 Secundus
839 1305 1051 1360 modus
1097 1305 1360 1362 ascendit
1388 1307 1460 1362 ad
1494 1325 1546 1373 a,
1578 1309 1636 1363 id
1669 1313 1758 1364 est
1795 1325 1974 1378 mese,
2008 1327 2138 1366 raro

483 1395 680 1448 autem
710 1393 783 1448 ad
815 1393 873 1460 b,
903 1392 988 1448 vel
1020 1393 1173 1462 {o’ﬁd
1203 1399 1293 1450 est
1321 1395 1394 1450 ad
1423 1395 1557 1452 trite
1588 1413 2033 1470 synemmenon,
2051 1398 2140 1454 vel

485 1496 820 1552 paramese;
855 1481 1174 1538 remittitur
1203 1485 1276 1539 ad
1306 1485 1370 1551 A,
1405 1501 1532 1556 qua:
1563 1490 1652 1541 est
1691 1485 2139 1558 proslambano-

487 1585 714 1638 menos,
757 1570 1175 1644 interdumque
1218 1558 1410 1629 adhuc
1457 1590 1600 1630 sono
1647 1575 1912 1643 inferius,
1962 1593 2140 1648 quam

491 1657 778 1726 moderni,
822 1663 888 1716 ut
943 1677 1124 1733 supra
1173 1661 1393 1718 dictum
1446 1668 1554 1732 est,
1603 1665 1973 1734 addiderunt,
2021 1671 2077 1721 et
2109 1681 2142 1724 ι’

490 1747 688 1804 Graeca
711 1746 905 1805 littera
924 1753 1288 1806 notaverunt.
1308 1751 1572 1809 Possidet
1595 1757 1791 1810 autem
1813 1754 1908 1809 hic
1932 1756 2142 1811 modus

490 1835 644 1892 inter
670 1839 717 1892 A
747 1839 805 1892 et
835 1854 868 1893 a
898 1838 1148 1910 primam
1189 1839 1469 1914 diapason
1501 1843 1780 1914 speciem,
1802 1859 1981 1916 supra
2010 1860 2142 1899 vero

490 1927 683 1984 rarius
711 1932 768 1984 et
791 1927 947 1984 infra
981 1945 1202 1986 vocem.
1235 1931 1304 1986 Et
1335 1931 1396 1986 hi
1423 1936 1564 1987 sunt
1603 1933 1886 2004 magister
1915 1933 2143 2005 primus

489 2016 737 2090 ejusque
751 2017 1102 2090 discipulus.
1123 2019 1384 2092 Magistri
1402 2025 1620 2088 autem,
1634 2020 1692 2076 id
1712 2025 1801 2077 est
1823 2020 1995 2094 primi
2018 2020 2141 2076 toni

491 2110 700 2162 cantus
729 2106 1008 2178 incipitur
1027 2124 1128 2164 sex
1153 2108 1364 2175 nervis,
1391 2109 1610 2165 scilicet
1630 2111 1671 2165 Ο
1693 2115 1738 2164 D
1761 2111 1801 2165 E
1820 2111 1860 2166 F
1879 2111 1949 2176 G,
1971 2128 2023 2180 a,
2047 2111 2144 2166 ha-

372 2237 380 2244 .
490 2193 638 2250 hens
666 2193 795 2250 cola
817 2199 875 2250 ct
903 2201 1216 2265 commata,
1241 2197 1299 2252 id
1322 2202 1411 2253 est
1442 2200 1706 2254 membra
1724 2202 1782 2254 et
1806 2198 2142 2264 incisiones,

493 2299 642 2354 quas
673 2282 1080 2339 distinctiones
1111 2289 1320 2341 cantus
1363 2286 1754 2358 appellumus,
1791 2288 1850 2342 in
1897 2287 2138 2343 eisdem.

494 2372 714 2428 Cantus
758 2387 891 2427 vero
938 2371 1234 2445 discipuli,
1268 2372 1325 2429 id
1373 2379 1462 2430 est
1510 2376 1751 2430 secundi
1798 2375 1922 2432 toni
1970 2377 2145 2432 habet

494 2459 784 2534 principia
811 2459 1022 2534 legalia
1051 2466 1302 2533 quatuor
1323 2465 1369 2518 A
1389 2465 1430 2519 B
1453 2467 1494 2520 Ο
1514 2465 1580 2532 D,
1600 2483 1634 2520 a
1655 2465 1858 2521 multis
1877 2483 2009 2522 vero
2033 2467 2148 2522 usi-

494 2553 618 2605 tata
649 2566 748 2606 sex
777 2551 823 2604 A
842 2550 884 2605 Β
907 2549 948 2605 C
969 2551 1013 2606 D
1036 2551 1076 2606 Ε
1099 2551 1160 2614 F,
1184 2551 1244 2606 in
1273 2551 1486 2624 quibus
1516 2555 1692 2610 etiam
1723 2553 1848 2610 cola
1888 2559 1944 2611 et
1987 2573 2143 2613 com-

494 2641 672 2694 mata.
696 2638 858 2703 Quod
893 2639 940 2694 si
981 2639 1156 2712 primi
1198 2646 1437 2698 cantum
1461 2641 1521 2708 C,
1545 2643 1636 2698 vel
1659 2643 1832 2710 D,vel
1867 2645 1929 2707 E,
1961 2645 2050 2700 vcl
2086 2647 2143 2713 Ρ,

497 2727 806 2801 inceperis,
839 2744 955 2783 non
1005 2729 1204 2786 minus
1247 2747 1424 2802 quam
1456 2749 1505 2786 c.
1538 2737 1772 2789 acutam
1805 2735 1936 2806 (25).
1969 2734 2026 2790 id
2059 2740 2150 2791 est

493 2817 631 2873 trite
659 2817 1138 2890 diezeugmenon,
1172 2823 1238 2874 ut
1275 2821 1606 2892 cujusmodi
1649 2822 1744 2888 sit,
1777 2824 2146 2880 ascendendo

497 2905 816 2962 discernes.
839 2905 896 2961 Si
914 2923 1050 2964 vero
1066 2909 1308 2964 secundi
1327 2914 1562 2966 cantum
1584 2911 1644 2967 in
1661 2911 1883 2968 eisdem
1906 2913 2150 2986 inconpe-

499 2994 602 3063 ris,
625 3011 741 3052 non
772 2994 970 3052 minus
991 3013 1172 3069 quam
1203 2998 1275 3054 ad
1299 2999 1341 3054 Β
1361 2999 1640 3072 deponas,
1665 3005 1729 3056 ut
1747 3002 1917 3072 cujus
1947 3002 2024 3059 sit
2053 3019 2147 3058 re-

498 3084 782 3142 mittendo
813 3087 1108 3143 ostendas.
1142 3087 1255 3144 Sed
1295 3088 1354 3144 in
1393 3106 1460 3145 eo
1481 3090 1707 3160 judicio
1739 3096 1992 3162 quatuor
2020 3095 2148 3147 tan-

495 3177 623 3237 tum
653 3173 944 3248 principia
973 3176 1292 3250 unicuique
1320 3177 1619 3234 dabuntur
1647 3179 1956 3252 discipulo.

568 3263 801 3320 Tertius
831 3265 1043 3320 modus
1086 3265 1412 3322 intenditur
1433 3267 1506 3323 ad
1535 3283 1586 3333 e,
1619 3268 1676 3323 id
1729 3273 1818 3326 est
1865 3273 1995 3326 nete
2025 3271 2144 3326 die-

495 3366 879 3425 zeugmenon,
908 3369 1039 3408 raro
1083 3359 1278 3410 autem
1324 3355 1644 3412 remittitur
1689 3359 1762 3414 ad
1804 3359 1849 3414 D
1882 3375 2009 3430 quae
2057 3364 2148 3415 est

492 3439 760 3498 lichanos
797 3441 1075 3514 hypaton.
1107 3442 1291 3499 Habet
1331 3445 1670 3518 principalis
1699 3451 1906 3504 cantus
1937 3447 2144 3504 distin-

497 3527 722 3584 ctiones
743 3529 938 3585 nervis
959 3547 1058 3586 sex
1078 3531 1122 3586 D
1148 3532 1189 3586 E
1209 3532 1250 3586 F
1269 3532 1378 3601 G,a
1407 3536 1472 3602 ᾖ
1505 3534 1813 3604 possidens
1835 3537 1988 3592 inter
2020 3537 2061 3592 E
2091 3541 2148 3592 et

494 3632 549 3682 θ,
572 3615 631 3672 id
663 3620 754 3673 est
780 3616 934 3674 inter
961 3618 1172 3692 hypate
1191 3636 1394 3677 meson
1417 3627 1472 3678 et
1503 3627 1633 3679 nete
1663 3625 2142 3698 diezeugmenon,

495 3703 764 3777 quintam
795 3705 1078 3779 diapason
1111 3708 1386 3781 speciem,
1412 3729 1591 3785 supra
1621 3729 1754 3768 vero
1783 3717 1839 3769 et
1867 3715 2019 3770 infra
2047 3733 2144 3770 vo-

444 3803 452 3813 ·
493 3796 903 3861 cem.Quartus
925 3798 1136 3854 modus
1155 3799 1419 3856 ascendit
1439 3801 1510 3856 ad
1538 3802 1684 3870 $,id
1711 3807 1800 3858 est
1818 3821 2142 3876 paramese,

493 3898 626 3938 raro
655 3883 728 3940 ad
761 3899 792 3938 c
820 3900 947 3956 quae
997 3889 1086 3942 est
1134 3886 1268 3944 trite
1309 3889 1798 3963 diezeugmenon;
1843 3892 2148 3948 descendit

491 3987 628 4028 vero
658 3973 730 4028 ad
762 3973 1142 4041 B,continens
1165 3975 1318 4032 inter
1339 3978 1460 4042 B,et
1487 3981 1552 4044 ᾖ
1587 3979 1906 4034 secundam
1940 3979 1997 4034 in
2020 3981 2145 4036 dia-

491 4076 675 4133 pason
691 4061 963 4132 formam,
979 4080 1160 4136 supra
1173 4081 1308 4121 vero
1325 4064 1502 4122 chord
1511 4083 1626 4123 am.
1640 4069 1819 4140 Cujus
1837 4071 2046 4125 cantus
2063 4087 2148 4126 se-

489 4151 751 4206 cundum
773 4152 1061 4223 quosdam
1087 4169 1186 4209 sex
1215 4155 1428 4222 nervis,
1453 4154 1716 4228 legaliter
1739 4173 1872 4213 vero
1895 4162 2148 4229 quatuor

489 4237 774 4311 incipitur
793 4240 836 4296 B
855 4240 895 4296 C
917 4241 962 4298 D
984 4242 1048 4308 Ε,
1069 4245 1126 4298 et
1146 4259 1247 4298 sex
1267 4242 1652 4316 distinguitur
1672 4245 1714 4299 B
1737 4245 1777 4300 Ο
1797 4246 1842 4301 D
1865 4247 1905 4301 E
1927 4247 1968 4302 F
1989 4247 2056 4302 G.
2076 4249 2147 4304 Et

489 4325 551 4380 hi
572 4333 711 4384 sunt
733 4331 1029 4386 secundus
1051 4330 1330 4404 magister
1349 4334 1594 4405 ejusque
1611 4333 1960 4406 discipulus.
1981 4337 2144 4402 Quod

489 4413 541 4470 si
571 4415 840 4488 magistri
878 4423 1117 4474 cantum
1151 4425 1196 4474 ι)
1223 4420 1310 4476 vel
1344 4419 1386 4476 E
1414 4421 1743 4494 inccnperis,
1767 4439 1884 4478 non
1930 4425 2142 4492 minor,

489 4519 670 4574 quam
702 4506 775 4561 ad
807 4506 866 4572 d,
888 4506 948 4562 id
981 4511 1071 4564 est
1100 4514 1376 4580 paranete
1400 4509 1878 4583 diezeugmenon,
1913 4513 1990 4568 sit
2020 4531 2144 4570 mo-

490 4589 603 4647 dus
635 4592 984 4650 intensionis
1008 4612 1022 4650 :
1051 4597 1167 4668 (26)
1189 4597 1238 4654 si
1259 4598 1556 4671 discipuli,
1580 4616 1694 4654 non
1728 4601 1940 4670 minor,
1966 4619 2143 4674 quam

490 4679 564 4736 ad
593 4684 633 4736 C
662 4681 1065 4754 depositionis,
1087 4689 1151 4740 ut
1176 4687 1511 4758 cujusmodi
1555 4687 1632 4744 sit
1671 4688 2024 4748 intendendo
2054 4694 2142 4748 vel

488 4769 842 4826 remittendo
871 4759 1196 4830 discernes.

558 4859 812 4924 Quintus
839 4862 1051 4919 modus
1080 4863 1406 4920 intenditur
1424 4865 1496 4920 ad
1530 4881 1580 4934 e,
1607 4882 1734 4937 quae
1765 4870 1854 4924 est
1885 4867 2016 4924 trite
2047 4867 2147 4940 hy-

489 4949 827 5020 perboleon,
863 4967 993 5008 raro
1025 4957 1220 5008 autem
1247 4954 1320 5010 ad
1353 4970 1410 5026 g,
1435 4958 1492 5010 et
1519 4955 1838 5011 remittitur
1859 4957 1928 5012 ad
1955 4957 2012 5026 C,
2036 4956 2146 5013 hoc

489 5039 581 5090 est
625 5036 838 5111 hypate
886 5057 1110 5109 meson,
1147 5043 1454 5098 continens
1500 5042 1653 5100 inter
1695 5044 1816 5100 Fet
1859 5045 1887 5100 f
1921 5049 2142 5101 sextam

491 5123 774 5196 diapason
805 5129 1083 5200 speciem,
1107 5147 1287 5203 supra
1319 5148 1456 5187 vero
1503 5137 1561 5187 et
1608 5131 1758 5188 infra
1789 5149 2009 5189 vocem.
2041 5135 2149 5190 Cu-

479 5211 587 5283 jus
616 5219 823 5270 cantus
851 5217 1138 5290 principia
1163 5224 1220 5275 et
1241 5220 1646 5276 distinctienes
1669 5229 1810 5277 sunt
1829 5240 1929 5278 sex
1949 5224 1990 5278 E
2015 5224 2054 5278 F
2076 5225 2143 5293 G,

494 5315 528 5354 a
558 5301 594 5355 b
625 5318 654 5356 c
687 5303 760 5358 ab
791 5303 1002 5375 hypate
1033 5322 1234 5362 meson
1267 5309 1338 5363 ad
1368 5308 1502 5364 trite
1534 5307 2014 5382 diezeugmenon.

563 5388 773 5446 Sextus
813 5393 1022 5448 modus
1072 5397 1332 5452 ascendit
1359 5397 1428 5452 ac]
1463 5414 1514 5467 c,
1548 5415 1675 5470 quae
1724 5403 1814 5454 est
1859 5399 1994 5456 trito
2025 5400 2154 5456 die~

493 5496 768 5623 adﬁngo
799 5497 894 5554 cit.
920 5499 1090 5556 codd.
1120 5499 1242 5558 haec
1281 5503 1480 5560 omnia
1511 5505 1726 5561 desunt
1755 5523 1943 5579 usque
1992 5506 2146 5564 infra

2238 502 2697 576 diezeugmenon
2728 518 2740 557 :
2764 505 2819 556 et
2841 499 3140 556 descendit
3167 499 3236 554 ad
3259 498 3319 566 C,
3341 515 3460 571 quae
3478 503 3558 554 est
3575 506 3793 574 parypate

2237 592 2518 666 hypaton,
2562 591 2868 665 possidens
2913 589 3062 645 inter
3090 591 3130 644 C
3155 591 3211 644 et
3247 605 3278 644 c
3317 587 3530 642 tertiam
3571 588 3794 661 diapason

2239 682 2512 740 formam.
2537 698 2717 752 supra
2745 697 2875 736 vero
2905 677 3216 750 aliquando
3237 675 3682 748 chordam.Cujus
3701 693 3801 734 cano

2241 775 2338 827 tus
2361 771 2648 844 principia
2675 767 2885 841 legalia
2914 772 3050 824 sunt
3078 770 3349 839 quatuor,
3371 768 3410 820 C
3431 765 3472 820 D
3501 765 3538 820 Ε
3566 765 3802 831 F.5ecun-

2241 861 2384 915 dum
2409 858 2694 932 quosdam
2727 874 2846 923 sex,
2877 857 3028 913 sicut
3057 860 3114 912 et
3143 853 3533 910 distinctiones
3561 853 3596 908 C
3616 855 3699 908 DE
3717 855 3803 922 Fa,

2241 954 2300 1006 et
2329 951 2468 1005 sunt
2496 947 2706 1004 tertius
2736 945 3016 1018 magister
3039 945 3287 1016 ejusque
3307 941 3625 1014 discipulus.
3644 942 3692 998 Si
3716 960 3807 998 ma-

2243 1038 2412 1112 gistri
2461 1042 2700 1093 cantum
2735 1035 2776 1090 E
2816 1034 2902 1091 vel
2941 1035 2978 1090 F
3019 1032 3400 1098 inchoaveris,
3431 1031 3498 1086 ad
3537 1047 3584 1096 e,
3611 1047 3714 1102 que
3748 1036 3813 1088 est

2244 1131 2377 1183 nete
2397 1127 2878 1198 diezeugmenon,
2897 1123 2974 1178 sit
2991 1122 3273 1178 minimus
3286 1119 3422 1175 mod
3432 1137 3496 1174 us
3516 1118 3810 1185 intensionis,

2245 1216 2518 1290 discipuli
2546 1231 2680 1272 vero
2713 1214 2784 1270 ad
2817 1213 2858 1268 Β
2891 1209 3276 1277 remissionis,
3301 1212 3364 1264 ut
3385 1207 3474 1264 cui
3499 1207 3725 1280 deputari
3747 1207 3816 1263 de-

2247 1307 2384 1363 beat
2407 1304 2508 1362 tali
2539 1304 2870 1360 dili‘erentia
2894 1301 3150 1374 pateﬁat.

2321 1438 2619 1512 Septimus
2667 1437 2879 1492 modus
2924 1432 3247 1490 intenditur
3295 1432 3366 1488 ad
3397 1447 3452 1504 g,
3481 1430 3536 1485 id
3579 1433 3656 1486 est
3692 1446 3815 1502 para-

2251 1533 2383 1584 nete
2439 1525 2851 1600 hyperboleon,
2903 1528 2960 1580 et
3015 1521 3335 1578 remittitur
3381 1520 3453 1575 ad
3496 1519 3557 1587 E,
3585 1519 3635 1574 id
3661 1521 3732 1574 est
3767 1518 3817 1571 ad

2250 1621 2529 1690 parypate
2559 1631 2784 1680 meson,
2807 1613 3112 1670 continens
3151 1611 3304 1666 inter
3329 1611 3376 1664 G
3403 1612 3459 1664 et
3501 1623 3536 1680 g
3575 1606 3817 1679 septimam

2252 1707 2534 1779 diapason
2592 1703 2869 1776 speciem,
2928 1717 3108 1772 supra
3162 1715 3299 1754 vero
3355 1700 3413 1752 et
3467 1695 3606 1750 infra
3650 1711 3816 1750 vocem.

2173 1789 2220 1854 Β
2250 1796 2440 1866 Hujus
2469 1799 2679 1850 cautus
2708 1791 2994 1865 principia
3041 1793 3099 1844 et
3142 1786 3543 1844 distinctiones
3584 1787 3700 1840 sunt
3732 1800 3816 1849 sex,

2253 1887 2294 1940 F
2324 1887 2368 1942 G
2399 1902 2432 1940 a
2467 1889 2530 1953 Ζ
2563 1901 2593 1940 c
2624 1885 2682 1939 d.
2715 1883 2963 1939 Octavus
2993 1879 3208 1935 modus
3237 1874 3496 1932 ascendit
3525 1874 3589 1930 ad
3617 1873 3666 1940 d,
3694 1873 3739 1927 id
3760 1876 3821 1926 est

2253 1979 2530 2048 paranete
2559 1973 3036 2044 diezeugmenon,
3070 1983 3200 2022 raro
3242 1969 3438 2022 autem
3479 1964 3546 2019 ad
3573 1979 3618 2030 e,
3646 1963 3822 2016 descen-

2251 2065 2340 2121 dit
2365 2081 2502 2119 vero
2546 2063 2619 2118 ad
2649 2063 2720 2129 D,
2749 2062 2806 2116 id
2852 2063 2940 2115 est
2977 2056 3244 2112 lichanos
3293 2055 3560 2128 hypaton,
3586 2049 3821 2124 possidens

2253 2153 2408 2209 inter
2436 2153 2481 2208 D
2514 2155 2570 2207 et
2598 2152 2656 2218 d,
2689 2149 3009 2206 secundum
3042 2145 3302 2218 primum
3333 2141 3676 2214 magistrum,
3698 2153 3820 2209 quar-

2252 2247 2376 2297 tam
2409 2241 2690 2313 diapason
2736 2240 3005 2303 i‘ormam,
3038 2251 3220 2306 supra
3247 2249 3384 2290 vero
3420 2229 3686 2287 chordam.
3707 2226 3822 2282 Hunc

2255 2331 2414 2387 enim
2449 2329 2796 2386 Ptolomaeus
2825 2323 3121 2392 adnexuit,
3145 2327 3205 2379 et
3224 2322 3367 2395 quia
3395 2320 3654 2391 diapason
3679 2320 3824 2371 octava

2255 2419 2450 2492 specie
2495 2422 2672 2484 caret,
2724 2419 2988 2489 quartam
3049 2415 3114 2468 ut
3170 2410 3400 2484 primus
3445 2403 3705 2492 obtinuit;
3737 2400 3822 2492 qui,

2255 2491 2528 2582 quamvis
2558 2507 2826 2563 eamdem
2871 2503 3046 2558 habet
3083 2500 3364 2573 speciem,
3396 2498 3658 2554 diversam
3692 2491 3824 2582 habet

2257 2597 2495 2654 tinalem
2529 2600 2586 2651 et
2615 2612 2730 2650 non
2773 2593 3037 2650 eamdem
3088 2591 3160 2647 ad
3193 2589 3236 2645 C
3265 2587 3666 2644 remissionem.
3689 2581 3824 2651 Hujus

2258 2691 2467 2742 cantus
2496 2685 2664 2740 initia
2695 2688 2758 2739 ut
2796 2681 3040 2737 aliorum
3067 2678 3493 2750 discipulorum
3533 2671 3711 2746 legalis
3727 2670 3825 2724 sunt

2257 2780 2529 2849 quatuor,
2564 2774 2609 2829 D
2641 2774 2681 2830 E
2713 2774 2755 2828 F
2783 2773 2863 2838 G;
2897 2772 3182 2842 usurpata
3224 2783 3349 2834 sex,
3391 2765 3538 2820 sicut
3573 2757 3824 2856 distinctio-

2257 2882 2362 2922 nes
2393 2865 2438 2920 D
2469 2865 2510 2920 E
2543 2864 2583 2919 F
2613 2865 2658 2919 G
2689 2880 2722 2918 a
2753 2861 2915 2934 ᾕρει
2943 2859 3003 2914 hi
3033 2862 3176 2914 sunt
3205 2859 3455 2929 quartus
3483 2851 3724 2925 magister
3741 2851 3824 2916 eju-

2256 2971 2404 3027 sque
2435 2951 2779 3024 discipulus.
2811 2949 2870 3006 Si
2906 2945 3169 3020 magistri
3199 2949 3442 3036 cantum
3473 2939 3616 3036 F-vel
3704 2937 3824 3034 inca:-

2256 3043 2434 3116 peris,
2469 3042 2540 3097 ad
2595 3042 2634 3109 f,
2654 3039 2712 3096 id
2744 3043 2834 3095 est
2864 3037 2994 3092 trite
3040 3032 3436 3108 hyperboleon
3493 3029 3563 3086 sit
3611 3029 3824 3120 minimus

2259 3111 2470 3188 modus
2503 3128 2880 3195 intensionis;
2905 3122 3181 3196 discipuli
3210 3139 3350 3178 vero
3369 3135 3541 3177 causa
3559 3111 3823 3188 supradicta!

2257 3219 2592 3276 differentiae
2622 3218 2696 3274 ad
2726 3218 2767 3272 E
2800 3212 3183 3271 remissionis.

2177 3158 2219 3224 C

2327 3355 2456 3410 Haec
2487 3331 2576 3408 est
2622 3349 2825 3422 regula
2862 3345 3208 3403 intensionis
3258 3348 3321 3401 et
3365 3335 3694 3399 remissionis
3733 3334 3822 3387 octo

2257 3444 2589 3507 modorum,
2617 3445 2673 3496 et
2704 3440 2824 3495 hac
2871 3441 2960 3494 est
3004 3433 3312 3508 sequenda
3359 3432 3448 3488 lex
3475 3443 3671 3492 eorum,
3697 3434 3822 3494 quam

2257 3549 2360 3605 per
2391 3529 2755 3602 singulorum
2789 3532 3058 3582 tonorum
3102 3523 3328 3596 proprii
3361 3525 3559 3576 cantus
3585 3515 3823 3610 dissecan-

2256 3599 2398 3677 tiam
2422 3599 2656 3676 subtilis
2677 3623 2733 3674 et
2755 3619 2926 3673 cauta
2947 3613 3366 3670 modernorum
3390 3603 3626 3666 exaravit
3643 3599 3822 3698 diligen-

2253 3712 2357 3767 tia.
2375 3707 2716 3780 Antiquitus
2736 3707 2892 3763 enim
2921 3701 3261 3766 authentici,
3287 3717 3422 3755 cum
3445 3695 3616 3770 plagis
3633 3695 3722 3746 etsi
3743 3699 3822 3740 non

2254 3799 2556 3872 aequaliter
2579 3795 3054 3858 intendebantur,
3075 3790 3476 3846 indiﬂ‘erenter
3491 3787 3822 3872 tamenmqu

2254 3868 2615 3962 iniquartam
2640 3883 2727 3940 vel
2759 3885 2815 3939 in
2841 3882 3107 3955 quintam
3131 3878 3415 3934 chordam
3445 3868 3823 3962 remittebantur.

2255 3955 2414 4050 quod
2445 3975 2636 4031 adhuc
2668 3971 2988 4028 multorum
3021 3972 3307 4026 cantuum
3338 3955 3824 4050 indiﬂ'erentes

2254 4035 2566 4120 duthentos
2595 4065 2654 4118 et
2683 4058 3022 4132 subjugales
3057 4057 3386 4112 descensus
3413 4053 3691 4108 testantur.
3711 4035 3822 4096 Unde

2253 4153 2313 4208 in
2336 4152 2605 4227 pluribus
2625 4150 2919 4206 interdum
2945 4163 3046 4220 pro
3063 4160 3372 4210 ascensus,
3389 4138 3624 4196 maxime
3636 4138 3822 4227 vero‘pﬁl

2253 4214 2540 4299 descensu
2566 4241 2632 4295 ﬁt
2651 4255 2803 4312 saepe
2822 4214 3090 4292 dubietas
3113 4237 3318 4290 utrum
3350 4229 3614 4288 authento
3632 4238 3693 4312 an

2253 4347 2458 4388 eorum
2483 4302 2778 4384 tribuatur
2799 4323 3144 4398 proprietas.
3169 4321 3320 4377 Hinc
3341 4317 3594 4392 juniores
3621 4302 3825 4404 suptilius

2253 4424 2310 4476 et
2331 4419 2562 4476 acutius
2583 4396 2972 4490 adjudicando
2993 4415 3051 4468 et
3073 4410 3294 4468 certius
3325 4404 3662 4481 legaliusque
3678 4396 3824 4450 discn-

2177 4528 2222 4594 ι)
2254 4509 2569 4576 minantes,
2593 4521 2700 4562 nec
2738 4521 2807 4561 ex
2848 4507 2968 4559 toto
2998 4499 3260 4572 antiquis
3283 4491 3654 4594 consentiunt,
3681 4491 3823 4594 negt:

2253 4602 2374 4654 toto
2405 4566 2782 4652 dissentiunt.
2808 4591 2986 4647 Aiunt
3014 4566 3171 4646 enim
3203 4591 3468 4660 oportere
3513 4582 3647 4635 inter
3669 4566 3825 4670 Pedes

2252 4691 2442 4742 certas
2470 4701 2598 4741 esse
2629 4680 3006 4749 differentias,
3032 4681 3099 4734 ut
3138 4679 3542 4748 cujuscunque
3570 4657 3822 4722 modismla

2250 4753 2603 4849 cognoscere
2632 4771 2928 4844 possimus
2949 4766 3292 4824 cantilenas.
3311 4763 3422 4820 Sed
3443 4759 3488 4816 si
3519 4755 3713 4830 primus
3735 4757 3823 4849 m0;

2251 4826 2467 4920 durat.)
2481 4826 2814 4918 ad
2835 4862 2899 4925 A,
2915 4858 2971 4912 id
2993 4861 3101 4920 cst,
3125 4872 3160 4911 a
3187 4856 3324 4910 nete
3345 4826 3748 4918 diezeugmenon
3769 4826 3818 4884 ad

2250 4951 2881 5025 proslambanomenon
2925 4945 3286 5010 remittatur;
3343 4934 3618 5025 secundus
3659 4937 3762 5025 vero

2252 5019 2578 5115 paramese,
2601 5056 2730 5112 quae
2761 5041 2849 5094 est
2879 5040 2966 5104 ᾗ,
2991 5035 3064 5090 ad
3093 5032 3363 5088 eamdem
3390 5031 3435 5084 A
3463 5019 3818 5115 deponatur?!

2254 5105 2408 5186 inter
2436 5131 2482 5184 A
2511 5105 2572 5184 et
2597 5105 2650 5196 τί,
2685 5127 2742 5182 id
2774 5129 2880 5191 est,
2910 5125 3060 5180 inter
3096 5137 3255 5177 mese
3285 5122 3345 5175 et
3374 5105 3822 5196 proslambattofn‘?‘

2256 5236 2396 5288 non,
2411 5223 2619 5274 cantus
2637 5193 2750 5272 non
2769 5213 3052 5270 excedens
3067 5210 3450 5282 componatur
3467 5199 3592 5258 etin
3610 5193 3648 5250 D
3663 5193 3821 5288 υίξιξξῗ

2257 5275 2559 5381 que'finali
2593 5303 2939 5378 regulariter
2976 5299 3344 5362 terminatur,
3374 5291 3632 5385 incestum

2255 5365 2453 5470 potius
2468 5365 2798 5466 deputetur.
2813 5391 2970 5446 Idem
2989 5385 3272 5458 contingit
3289 5385 3345 5440 in
3363 5375 3594 5439 caeteris;
3609 5365 3670 5424 ad
3685 5367 3814 5432 qum

2326 5505 2439 5572 (25)
2463 5506 2608 5574 Lege
2637 5499 2708 5574 ad
2740 5515 2795 5574 c.
2825 5501 3058 5554 acutam
3091 5491 3380 5550 intendas.

2329 5571 2624 5647 (26)_Fo'rte
2653 5571 2826 5627 sicut.
