4052 6158
489 273 646 340 ΜΗ

1566 277 1882 344 BERNON
1888 280 1957 342 IS
1999 279 2150 342 ABB
2159 279 2336 342 ATIS
2383 280 2426 342 Α
2443 279 2487 341 [ἰ
2496 277 2820 342 GIENSIS.

3703 286 3834 351 ’1412

464 413 722 483 lusimus;
755 413 874 470 ant.
903 412 1068 470 Nemo
1095 419 1146 470 te
1173 410 1328 469 cond.
1355 428 1372 481 ς
1403 417 1522 470 ant.
1559 413 1666 484 Qui
1691 413 1838 484 odit;
1866 432 1994 490 quae
2017 420 2138 474 tam
2169 413 2224 480 Α
2253 411 2512 476 illorum,
2542 429 2720 486 quam
2750 413 2819 470 ad
2851 413 3028 470 ﬁnem
3061 412 3356 487 pertinere
3379 413 3571 472 soleat.
3603 415 3682 473 Fit
3697 419 3838 478 etiam

472 507 660 561 sexto
708 519 886 574 quam
937 506 1136 558 octavo
1185 507 1469 575 reguntur
1523 508 1583 560 et
1630 504 1934 562 ﬁniuntur.
1992 507 2147 572 Quas

413 635 418 642 .
477 591 763 652 ,nonnulli
795 590 985 663 magis
1013 589 1294 647 violenter
1321 607 1497 664 quam
1531 610 1661 649 vere
1691 594 1763 650 ad
1792 594 2029 650 tertium
2060 599 2146 651 to-

497 697 640 736 num
667 682 954 736 conantur
981 679 1294 736 inﬂectere.
1313 679 1454 737 Item
1485 681 1596 737 hoc
1620 683 1653 744 li
1680 683 1834 740 Genti
1855 687 2150 756 peccatrici

495 772 618 825 tam
639 765 760 823 triti
781 781 960 838 quam
981 768 1221 824 tetrardi
1251 785 1394 826 sono
1418 771 1639 842 regitur
1663 790 1675 838 ;
1703 773 1856 827 unde
1882 774 2146 844 ejusdem

495 855 850 929 responsorii
880 873 1086 914 versus
1115 858 1272 930 apud
1303 857 1450 915 alios
1479 861 1551 915 ad
1583 860 1724 928 triti,
1752 862 1808 917 id
1841 866 1930 918 est
1959 863 2148 936 quinti

493 945 619 1002 toni
651 945 893 1003 modum
925 945 1006 1002 ita
1033 946 1286 1016 canitur,
1312 954 1341 1013 ᾗ
1361 949 1487 1005 Esto
1513 951 1804 1021 placabilis
1834 952 1968 1022 (34),
1996 953 2150 1025 apud

497 1034 644 1092 alios
672 1051 805 1092 vero
835 1036 909 1092 ad
939 1038 1265 1094 tetrardum
1287 1037 1392 1110 sic,
1415 1045 1445 1105 γ
1470 1040 1611 1096 Esto.
1643 1039 2150 1115 Antiphonaz,quae

485 1124 870 1182 eunit‘ormiter
897 1125 970 1182 ab
997 1125 1041 1182 Ο
1069 1125 1379 1200 incipiunt,
1400 1133 1466 1184 ut
1493 1134 1613 1185 ant.
1648 1130 1688 1186 0
1717 1133 2008 1202 sapientia,
2031 1138 2150 1188 ant.

477 1213 542 1270 -ο
567 1230 668 1270 rex
693 1216 966 1286 genti-nm,
983 1219 1040 1271 et
1062 1215 1154 1270 his
1177 1215 1422 1282 similes,
1444 1215 1605 1273 velut
1635 1218 1692 1274 in
1723 1221 1974 1292 quodam
2000 1221 2153 1278 bivio

501 1301 658 1358 inter
699 1305 933 1374 protum
982 1307 1040 1360 et
1091 1305 1222 1378 ejus
1272 1306 1644 1378 subjugalem
1695 1308 2044 1380 consistunt,
2088 1327 2155 1367 eo

503 1391 660 1463 quod
690 1395 830 1448 tono
862 1390 1136 1464 diapente
1182 1393 1240 1449 in
1272 1395 1548 1452 omnibu
1581 1398 1998 1469 supervadunt,
2030 1399 2156 1455 ἀίει-

485 1483 767 1538 .tessaron
800 1480 1046 1538 inferius
1075 1483 1134 1537 in
1169 1483 1518 1556 quibusdam
1547 1485 1784 1554 habent,
1819 1487 1876 1542 in
1909 1488 2156 1560 quibus-

505 1569 641 1626 dam
671 1585 804 1626 vero
835 1569 1098 1628 minime.
1131 1573 1242 1629 Sed
1292 1573 1654 1646 frequentior
1683 1593 1829 1632 usus
1861 1577 1920 1632 in
1952 1578 2158 1649 subju-

505 1655 621 1730 gali
652 1657 972 1730 praevaluit,
1002 1659 1141 1732 quia
1168 1659 1228 1714 in
1273 1661 1564 1732 ejusmodi
1611 1663 1904 1720 cantilena
1933 1664 2158 1738 aliquo-

2257 503 2406 558 miro
2439 503 2692 574 quodam
2716 504 2886 560 modo
2910 507 2977 558 ut
2997 501 3200 560 ﬁnales
3219 521 3338 561 non
3359 503 3546 561 solum
3567 505 3622 562 in
3643 509 3842 580 quintis,

2255 596 2320 647 ut
2341 592 2620 654 diximus.
2640 592 2976 664 regionibus
2996 609 3136 649 suos
3158 592 3414 649 habeant
3437 594 3843 663 sociales,verum

2257 681 2432 738 etiam
2485 682 2542 736 in
2593 681 2818 754 quartis
2865 681 3264 754 superioribus
3297 681 3444 738 locis
3471 683 3578 739 sibi
3607 685 3845 744 inveniant

2258 787 2583 842 compares,
2616 774 2683 826 ut
2723 771 3220 842 quemadmodum
3253 773 3520 827 membra
3547 775 3845 846 cantionum,

2259 875 2387 930 quae
2417 863 2558 915 sunt
2587 859 2714 916 cola
2737 863 2792 914 et
2813 864 3122 926 commata,
3143 861 3203 916 in
3235 859 3514 918 ﬁnalibus
3531 866 3587 918 et
3604 862 3655 917 in
3675 864 3848 935 quintis

2259 946 2422 1014 locis,
2458 947 2539 1002 ita
2569 963 2674 1020 per
2701 947 2860 1003 arsin
2888 951 2946 1004 et
2990 947 3184 1004 thesin
3235 949 3562 1004 consistant
3603 950 3785 1022 saepius
3808 955 3846 1008 in

2261 1037 2507 1109 quartis.
2539 1035 2808 1108 Amplius
2854 1039 3070 1103 autem,
3103 1037 3264 1109 quod
3316 1037 3512 1094 omnis
3538 1043 3737 1110 tropus,
3761 1041 3850 1096 sive

2263 1124 2360 1181 ille
2410 1125 2782 1181 authenticus
2830 1126 2926 1194 sit,
2961 1125 3082 1182 sive
3128 1125 3346 1200 plagis,
3379 1127 3429 1182 si
3459 1132 3710 1199 quartas
3733 1130 3850 1185 ﬁnali

2266 1213 2390 1270 loco
2421 1214 2759 1287 diligentius
2789 1215 3104 1284 intueatur,
3136 1216 3293 1272 mira
3321 1232 3394 1271 ac
3429 1217 3620 1272 divina
3641 1218 3851 1290 quaedam

2264 1303 2574 1359 concordia
2604 1303 2948 1372 inveniatur,
2983 1304 3064 1360 ita
3093 1308 3157 1360 ut
3204 1306 3254 1360 si
3290 1304 3431 1378 quis
3459 1311 3655 1362 cantus
3679 1323 3710 1362 a
3733 1307 3853 1362 ﬁnali

2265 1393 2324 1447 in
2357 1394 2635 1464 quartum
2671 1391 2865 1448 locum
2894 1396 3336 1465 transponatur,
3370 1392 3626 1466 legitime
3651 1394 3856 1450 videatur

2265 1482 2378 1536 sub
2413 1481 2617 1537 eodem
2663 1481 2834 1537 modo
2867 1480 2955 1537 vel
3001 1486 3138 1538 tono
3196 1498 3459 1548 currere,
3511 1486 3568 1538 et
3609 1483 3662 1538 in
3701 1484 3852 1540 eodem

2265 1569 2424 1626 velut
2453 1571 2510 1624 in
2540 1569 2698 1625 ﬁnali
2734 1569 3076 1643 regulariter
3103 1571 3380 1628 desinere
3413 1587 3428 1626 :
3460 1572 3600 1628 adeo
3636 1575 3694 1626 ut
3715 1571 3856 1644 plera-

2267 1675 2381 1732 que
2411 1657 2565 1714 mela
2614 1658 2690 1714 ab
2737 1660 2882 1732 ipsis
2929 1658 3207 1716 ﬁnalibus
3257 1677 3368 1716 seu
3407 1659 3856 1732 dexteralsmque

483 1745 617 1804 .ties
658 1763 774 1803 non
824 1746 1018 1804 solum
1066 1748 1449 1818 diatessaron,
1486 1752 1584 1807 sed
1615 1757 1672 1808 et
1701 1753 1970 1824 diapente
2000 1754 2158 1810 inve-
2188 1784 2238 1849 Β
2269 1751 2408 1820 apta
2436 1747 2668 1849 incepta
2697 1748 2895 1849 minus
2943 1749 3292 1849 conveniant
3323 1754 3561 1849 ξωρίετ
3593 1749 3855 1849 Βθξηίξουίξι,

507 1834 669 1892 nitur
696 1835 962 1904 inferius,
996 1841 1061 1893 ut
1087 1838 1148 1893 in
1180 1837 1278 1894 illa
1307 1839 1627 1912 antipllona
1657 1841 1696 1898 0
1727 1845 1840 1898 Rex
1865 1845 2080 1914 gloria,
2100 1843 2160 1900 in

473 1971 479 1976 .
510 1923 610 1981 illo
639 1923 784 1994 loco,
811 1927 1093 1998 spiritum,
1128 1928 1230 1984 sed
1283 1927 1404 1986 haec
1433 1931 1588 2002 apud
1622 1933 1932 2003 quosdam.
1967 1935 2160 1998 Quan-

511 2031 691 2086 quam
722 2013 811 2070 illi
841 2031 957 2072 non
987 2021 1183 2072 errent
1213 2015 1312 2090 qui
1342 2034 1440 2075 eas
1471 2020 1772 2090 duntaxat,
1797 2039 1925 2094 quas
1955 2023 2165 2080 diates-

511 2119 687 2159 saron
731 2103 976 2160 inferius
1025 2123 1141 2161 non
1195 2105 1432 2172 habent,
1465 2109 1535 2163 ad
1572 2113 1805 2181 protum
1834 2109 2161 2168 inflectunt.

588 2193 674 2247 11.
707 2192 948 2264 Propter
977 2193 1318 2265 hujusmodi
1356 2195 1618 2268 aliosque
1661 2199 1856 2256 devios
1899 2217 2163 2257 errorum

515 2279 816 2336 anfractus
870 2281 1043 2338 debet
1104 2282 1328 2355 peritus
1385 2288 1587 2340 cantor
1649 2293 1816 2344 caute
1880 2288 2168 2362 inspicere

518 2371 719 2424 utrum
767 2373 973 2425 cantus
1002 2370 1254 2444 regulari
1286 2389 1320 2427 a
1347 2389 1454 2428 suo
1489 2373 1645 2430 finali
1676 2375 1914 2448 incipiat
1941 2379 2162 2447 ordine,

516 2475 591 2516 an
621 2457 882 2532 legitime
929 2463 1144 2527 currat,
1177 2476 1251 2515 ne
1294 2461 1436 2532 quid
1467 2463 1720 2518 naturali
1748 2465 1948 2522 vitiata
1979 2466 2166 2539 quali-
2204 2525 2216 2535 κ

511 2551 633 2604 tate
661 2547 950 2606 absonum
990 2549 1128 2617 ﬁat;
1162 2548 1210 2604 si
1243 2553 1367 2606 rata
1394 2555 1666 2608 tonorum
1697 2553 2166 2612 semitoniornm-

483 2653 630 2710 .que
657 2637 1024 2695 dimensione
1065 2639 1456 2695 consonantia:
1505 2641 1649 2697 bene
1699 2644 2062 2711 conveniant,
2096 2663 2166 2702 ne

488 2771 494 2776 .
512 2729 675 2784 extra
686 2730 903 2783 metam
921 2726 1167 2783 inferius
1189 2733 1292 2783 aut
1312 2729 1584 2800 superius
1601 2731 1844 2786 canendi
1863 2734 2165 2790 exordium

512 2820 748 2884 sumat;
781 2815 830 2873 si
861 2816 934 2873 ad
967 2815 1200 2873 ﬁnalem
1232 2833 1408 2874 suum
1449 2822 1605 2874 recto
1637 2818 1783 2890 legis
1815 2822 2046 2878 tramite
2079 2839 2166 2879 re»

509 2910 744 2975 currat;
778 2907 878 2978 qui
911 2905 1116 2962 ﬁnales
1146 2905 1307 2963 illius
1349 2911 1407 2962 et
1445 2906 1605 2963 illius
1635 2909 1906 2966 existant.
1939 2911 2166 2968 Finales

494 3012 648 3068 ergo
695 2999 838 3052 sunt
866 2994 1131 3052 lichanos
1180 2996 1459 3069 hypaton,
1493 2995 1706 3070 hypate
1737 3014 1960 3069 meson,
1996 3018 2166 3074 pary-

508 3087 642 3156 pate
689 3101 916 3150 meson,
941 3083 1206 3141 lichanos
1237 3099 1459 3140 meson.
1493 3087 1698 3142 Omnis
1741 3104 1878 3160 ergo
1927 3091 2076 3160 proti
2109 3094 2168 3145 et

2271 1853 2399 1910 quae
2430 1837 2644 1892 desunt
2673 1853 2776 1910 per
2802 1835 2966 1905 loca;
2993 1855 3029 1893 a
3057 1838 3472 1911 superioribus
3501 1855 3628 1894 vero
3654 1837 3856 1894 inchoata

2271 1925 2496 1997 absque
2523 1923 2704 1982 ullius
2732 1927 2856 1981 soni
2882 1926 3272 1984 diminutione
3303 1928 3618 1984 decurrant
3643 1927 3856 1991 modeste,

2274 2014 2600 2086 ﬁniantque
2616 2014 2675 2069 in
2692 2014 3006 2071 socialibus
3022 2015 3287 2072 honeste.
3315 2015 3391 2072 Ut
3407 2017 3562 2071 enim
3583 2015 3681 2072 hoc
3697 2013 3855 2070 clarius

2273 2103 2587 2170 elucescat,
2603 2119 2672 2160 ex
2687 2108 2896 2176 quarto
2910 2108 3045 2160 tono
3064 2121 3365 2177 ponamus
3382 2105 3504 2161 haec
3519 2105 3624 2161 sub
3637 2103 3854 2175 exemplo.

2273 2197 2398 2248 ant.
2431 2194 2622 2249 Factus
2649 2209 2790 2260 sum,
2821 2197 2939 2249 ant.
2973 2193 3013 2248 0
3039 2209 3188 2250 mor:
3206 2210 3322 2261 ero,
3349 2198 3472 2250 ant.
3495 2193 3624 2250 Sion
3643 2193 3856 2256 renovat,

2277 2286 2398 2336 ant.
2433 2281 2584 2350 Sion,
2617 2283 2738 2338 noli
2777 2283 2991 2348 timere,
3023 2287 3140 2338 ant.
3181 2283 3326 2340 Vade
3362 2283 3508 2355 jam.
3540 2284 3598 2340 Si
3641 2283 3732 2338 has
3753 2283 3857 2337 anti-

2278 2372 2506 2444 phonas
2527 2373 2698 2427 tertio
2719 2389 2752 2427 a
2773 2371 2930 2426 ﬁnali
2953 2369 3099 2437 loco,
3133 2372 3192 2427 id
3225 2376 3338 2433 est.
3375 2389 3410 2428 a
3441 2371 3688 2427 lichanos
3713 2386 3857 2425 meson

2279 2460 2533 2533 incipere
2560 2459 2833 2528 volueris,
2863 2461 2920 2515 in
2953 2459 3317 2517 modulanda
3345 2461 3566 2530 deﬁcis,
3592 2461 3716 2516 dum
3741 2459 3859 2515 semi-

2275 2551 2527 2614 tonium,
2553 2549 2651 2604 ubi
2683 2565 2810 2606 esse
2828 2548 3048 2618 debuit,
3075 2548 3325 2606 minime
3357 2549 3594 2622 reperis.
3613 2549 3702 2605 Sin
3719 2553 3858 2602 autem

2277 2642 2550 2710 quartum
2575 2637 2858 2704 locum,id
2878 2641 2967 2694 est
2993 2653 3173 2709 mese,
3187 2639 3484 2704 attendas,
3509 2655 3573 2694 ac
3591 2637 3858 2709 interposito

2277 2727 2535 2800 primum
2585 2726 2890 2783 semitonio
2945 2727 3000 2782 in
3051 2743 3506 2800 synemmenon,
3538 2727 3723 2784 deinde
3745 2730 3860 2787 tono,

2277 2817 2480 2889 sicque
2509 2817 2680 2873 tertio
2713 2815 2859 2881 loco,
2893 2815 3001 2872 hoc
3045 2820 3155 2883 est,
3188 2821 3474 2890 paranete
3519 2830 3859 2890 synemmenon

2275 2905 2509 2960 easdem
2563 2905 2943 2972 inchoaveris,
2975 2909 3158 2962 totam
3197 2905 3559 2962 cantilenam
3590 2896 3776 2975 absque
3795 2902 3858 2956 sui

2274 2993 2510 3050 laesione
2562 2993 2789 3050 videbis
2845 2994 3174 3059 decurrere,
3227 2995 3419 3051 donec
3471 2994 3540 3050 ad
3596 2991 3761 3049 ﬁnalis
3795 2990 3857 3046 sui

2276 3099 2632 3154 comparem,
2657 3083 2716 3139 id
2749 3088 2856 3148 est,
2890 3099 3046 3138 mese
3075 3099 3206 3140 eam
3238 3084 3546 3156 contingat
3575 3083 3627 3138 in
3658 3081 3751 3136 ﬁne
3771 3094 3860 3151 per-

507 3153 838 3246 subjugalis
867 3174 1016 3245 ejus,
1049 3173 1108 3230 id
1138 3178 1246 3240 est,
1281 3174 1455 3247 primi
1487 3193 1552 3230 ac
1583 3177 1824 3232 secundi
1875 3179 1994 3234 toni
2037 3195 2164 3234 me-
2197 3153 2237 3219 θ
2278 3170 2488 3228 venire-

508 3261 667 3319 lodia
694 3261 958 3320 lichanos
983 3263 1326 3319 auctoritate
1358 3264 1582 3336 regitur
1603 3281 1670 3319 ac
1693 3265 1910 3320 ﬁnitur.
1932 3266 2164 3324 Deuteri

509 3367 668 3417 vero,
698 3351 946 3423 ejusque
971 3350 1318 3424 subjugalis,
1345 3351 1402 3406 id
1434 3356 1540 3418 est,
1562 3353 1719 3408 tertii
1747 3371 1813 3409 ac
1838 3357 2029 3428 quarti
2061 3356 2164 3430 by-

513 3445 646 3512 pate
675 3457 876 3498 meson
908 3439 1130 3512 regitur
1158 3456 1226 3496 ac
1256 3439 1474 3496 ﬁnitur.
1499 3441 1698 3498 Tritus
1729 3459 1861 3498 curn
1897 3462 2002 3501 suo
2033 3447 2167 3502 sub-

508 3528 720 3601 jugali,
753 3529 810 3584 id
837 3531 946 3596 est,
978 3529 1222 3600 quintus
1270 3545 1402 3584 cum
1450 3534 1609 3585 sexto
1654 3537 1930 3605 parypate
1963 3551 2164 3590 meson

515 3615 739 3689 regitur
765 3619 824 3671 et
849 3615 1072 3671 ﬁnitur.
1103 3617 1423 3673 Tetrardus
1453 3634 1588 3674 cum
1621 3637 1728 3675 suo
1769 3621 2064 3695 subjugali
2097 3622 2166 3678 li-

515 3703 736 3760 chanos
769 3719 970 3760 meson
1013 3721 1154 3760 sono
1205 3704 1427 3778 regitur
1473 3711 1530 3762 et
1577 3709 1794 3764 ﬁnitur.
1829 3711 1899 3766 Et
1929 3711 2050 3766 haec
2079 3716 2168 3768 est

507 3808 718 3852 eorum
748 3791 952 3865 regula
979 3792 1052 3848 ad
1082 3793 1386 3865 quodlibet
1415 3794 1636 3852 melum
1665 3797 2085 3867 inchoandum,
2104 3805 2168 3856 ut

516 3897 621 3938 nec
647 3898 830 3953 supra
856 3881 1127 3954 quintum
1163 3883 1544 3956 superiorem,
1577 3901 1682 3942 nec
1714 3886 1864 3943 intra
1893 3889 2167 3960 quintum

513 3970 845 4027 inferiorem
876 3970 1070 4028 locum
1103 3971 1414 4044 aliquando
1448 3974 1747 4046 incipiant,
1773 3977 1874 4032 sed
1899 3975 2168 4034 intereas

511 4063 641 4117 ecta
669 4077 841 4118 voces
888 4059 978 4118 vel
1029 4060 1346 4134 aliquando
1394 4079 1596 4119 novem
1649 4065 1816 4119 initia
1858 4081 1966 4122 sua
2007 4067 2166 4123 cohi-

499 4149 710 4206 ibeant.

584 4239 918 4298 Notandum
947 4255 1083 4296 vero
1114 4245 1205 4296 est
1233 4241 1387 4312 quod
1421 4243 1623 4321 quinto
1655 4257 1884 4315 semper
1914 4242 2036 4300 loco
2067 4262 2166 4300 su-

513 4327 846 4400 perioribus
873 4344 1006 4385 cum
1031 4329 1404 4386 inferioribus
1437 4329 1709 4386 ﬁnalibus
1736 4333 2003 4403 quaedam
2032 4333 2167 4390 talis

509 4415 826 4472 concordia
843 4420 950 4488 est,
972 4421 1034 4472 ut
1053 4417 1251 4489 aliqua
1275 4419 1427 4474 mela
1447 4419 1505 4473 in
1527 4418 1612 4474 eis
1629 4421 1796 4490 quasi
1825 4421 2170 4494 regulariter

2347 3259 2630 3316 Similiter
2657 3261 2923 3332 ejusdem
2949 3261 3109 3316 modi
3131 3259 3513 3334 antiphonas,
3531 3257 3760 3315 videlicet
3773 3265 3857 3310 ant.

2273 3350 2352 3406 Ad
2380 3359 2452 3420 te,
2493 3351 2735 3417 Domine,
2785 3350 2980 3416 levavi,
3014 3354 3138 3404 ant.
3185 3351 3274 3404 Ex
3322 3353 3553 3422 ngypto
3587 3347 3758 3411 vocari,
3783 3343 3861 3398 sis

2275 3437 2436 3494 ﬁnali
2470 3439 2648 3494 ordiri
2682 3438 3007 3510 contendis,
3030 3438 3229 3494 minus
3263 3443 3404 3510 apte
3432 3439 3490 3493 in
3523 3437 3694 3494 modio
3713 3447 3858 3489 eonve

2275 3527 2400 3584 nire
2427 3527 2776 3600 pervidebis.
2811 3526 2870 3582 Si
2899 3530 3096 3584 autem
3129 3533 3346 3600 quarto
3377 3527 3525 3593 loco,
3552 3526 3608 3582 id
3634 3528 3726 3591 est,
3748 3533 3858 3577 mese

2275 3616 2391 3672 inci
2400 3617 2496 3689 piu
2507 3621 2589 3683 nt,
2605 3617 2830 3688 absque
2849 3632 2957 3672 neu
2965 3631 3196 3671 marum
3209 3615 3525 3688 dispendio
3539 3613 3854 3670 modulantur.

2275 3706 2460 3762 donec
2480 3704 2696 3761 ibidem
2719 3704 2892 3760 linem
2917 3703 3252 3760 sortiantur.
3279 3703 3450 3768 Quod
3473 3703 3693 3776 quidam
3715 3697 3854 3754 minus

2276 3794 2592 3859 intuentes,
2618 3794 2808 3866 magis
2839 3793 2946 3849 has
2965 3797 3022 3848 et
3049 3791 3403 3865 hujusmodi
3435 3795 3632 3866 putant
3654 3788 3852 3861 septimo.

2276 3900 2455 3956 quam
2487 3887 2696 3956 quarto
2727 3883 2848 3955 regi
2877 3887 3037 3952 tono,
3057 3898 3408 3954 quanquam
3431 3899 3543 3938 non
3573 3881 3751 3952 negent
3773 3889 3857 3929 eas-

2276 3973 2410 4028 dem
2445 3973 2619 4028 ﬁnem
2651 3971 2847 4028 sortiri
2879 3971 2937 4025 in
2979 3974 3210 4042 quarto.
3246 3971 3412 4028 idem
3464 3981 3766 4026 neumarum
3787 3962 3852 4017 de-

2277 4063 2464 4118 fectus
2514 4062 2572 4116 in
2623 4061 2722 4116 illa
2767 4059 3178 4116 communione
3208 4061 3414 4116 Beatus
3459 4074 3651 4122 servus,
3677 4069 3775 4127 qua!
3795 4051 3852 4103 est

2276 4151 2434 4207 tertii
2463 4150 2608 4217 toni,
2643 4149 2962 4223 proveniet,
3007 4149 3122 4204 nisi
3151 4149 3226 4205 ab
3257 4149 3474 4222 hypate
3510 4162 3690 4204 meson
3714 4146 3851 4198 trans-

2278 4241 2466 4312 posita
2497 4239 2563 4295 in'
2580 4255 2741 4296 mese
2760 4238 2951 4295 fuerit.
2971 4237 3098 4294 Non
3122 4238 3442 4294 minimum
3464 4237 3631 4294 etiam
3655 4250 3684 4289 a
3707 4227 3851 4303 pletis.

2277 4345 2390 4402 que
2420 4333 2652 4384 erratur
2680 4328 2740 4384 in
2773 4327 2866 4383 his
2897 4326 3258 4400 antiphonis,
3292 4331 3418 4382 ant.
3446 4328 3574 4383 Ante
3598 4336 3778 4412 mam
3797 4322 3851 4412 fit

2274 4421 2564 4491 formatus,
2597 4421 2716 4472 aut.
2745 4417 2829 4472 Ex
2857 4431 2962 4488 quo
2983 4417 3134 4488 facta
3163 4433 3177 4483 ;
3210 4414 3310 4487 qui
3339 4418 3552 4488 putant
3573 4429 3660 4470 eas
3683 4410 3729 4464 in
3745 4410 3852 4478 prin-

517 4505 890 4560 inveniantur
916 4506 1104 4572 ﬁnire,
1135 4506 1294 4563 velut
1322 4507 1432 4564 hoc
1461 4509 1922 4580 responsorium,
1954 4512 2164 4569 Factum

2286 4508 2438 4580 cipio
2469 4506 2718 4580 septimo
2748 4510 2884 4562 tono
2915 4505 3126 4561 debere
3157 4504 3300 4577 regi,
3335 4508 3568 4577 propter
3593 4491 3851 4588 similitudi-

519 4600 597 4648 est
622 4592 756 4648 dum
783 4595 1017 4650 tolleret.
1041 4596 1202 4661 Quod
1228 4596 1466 4668 quidem
1491 4595 1838 4668 regulariter
1867 4598 2172 4672 incipiens,

521 4681 626 4737 sed
657 4685 822 4740 extra
851 4681 1113 4756 regulam
1144 4683 1299 4740 ultra
1319 4701 1538 4740 nonum
1563 4685 1620 4740 in
1649 4685 1942 4742 decimum
1964 4705 2174 4746 sonum

521 4771 864 4839 ascendens,
881 4787 1253 4846 nequaquam
1273 4776 1548 4830 terminat
1568 4774 1624 4828 in
1643 4773 1903 4832 lichanos
1921 4776 2174 4850 hypaton

519 4859 703 4927 ﬁnali,
733 4859 837 4917 sed
869 4861 928 4918 in
957 4878 1121 4916 mese
1151 4862 1278 4932 ejus
1309 4863 1528 4918 sociali.
1563 4863 1776 4918 Eodem
1832 4867 2002 4921 modo
2062 4866 2176 4923 cla-

516 4949 800 5010 dunturﬂ
864 4951 1152 5007 Terribilis
1207 4957 1324 5018 est;
1385 4952 1722 5008 communio
1777 4957 2022 5010 Cantabo
2069 4957 2172 5011 Do-

517 5039 688 5095 mino.
735 5039 856 5094 Hoc
884 5055 1020 5112 ergo
1064 5038 1406 5096 socialitatis
1441 5040 1627 5096 foedus
1659 5042 1881 5098 obtinet
1911 5041 2175 5099 lichanos

500 5126 775 5200 'hypaton
807 5144 944 5186 cum
985 5145 1165 5197 mese,
1208 5128 1417 5202 hypate
1452 5146 1652 5184 meson
1683 5147 1816 5186 cum
1850 5148 2171 5202 paramese,

523 5216 844 5288 parhypate
866 5233 1065 5272 meson
1089 5235 1225 5273 cum
1257 5218 1390 5274 trite
1416 5219 1891 5291 diezeugmenon,
1913 5219 2176 5278 lichanos

529 5319 728 5358 meson
758 5320 891 5358 cum
943 5312 1216 5376 paranete
1247 5307 1724 5379 diezeugmenon.
1757 5311 1900 5364 Cum
1943 5309 2176 5365 inferio-

529 5391 692 5446 ribus
711 5408 940 5464 quoque
958 5396 1206 5464 quartis,
1221 5396 1350 5451 etin
1369 5397 1724 5468 quibusdam
1738 5397 1960 5468 quintis
1979 5415 2176 5472 parem

530 5479 934 5536 habitudinem
968 5479 1220 5551 habent;
1253 5486 1521 5556 quamvis
1553 5486 1660 5543 hoc
1691 5487 1880 5564 magis
1909 5489 1982 5544 ad
2013 5486 2180 5543 initia

600 5571 714 5645 (34)
746 5568 893 5627 Cum
925 5568 1165 5628 notulis.

2286 4613 2419 4652 nem
2455 4595 2776 4661 cantilenae,
2811 4609 2987 4666 quam
3034 4593 3308 4650 videntur
3359 4610 3492 4650 cum
3535 4582 3850 4662 superioribus

2284 4686 2344 4740 in
2375 4684 2544 4740 initio
2575 4685 2810 4752 habere,
2844 4699 2978 4738 cum
3023 4681 3396 4754 apertissime
3425 4683 3651 4742 constet,
3677 4670 3848 4730 easdem

2283 4779 2340 4830 et
2369 4774 2441 4830 ab
2472 4773 2600 4846 ipso
2629 4772 2804 4846 primi
2834 4771 2955 4826 toni
3006 4769 3168 4826 ﬁnali
3215 4773 3600 4843 congruenter
3640 4760 3848 4846 incipere,

2283 4839 2543 4936 legitime
2573 4839 2677 4934 per
2703 4861 3051 4916 diastemata
3075 4863 3133 4914 et
3160 4839 3482 4932 systemata
3507 4857 3564 4912 in
3590 4839 3846 4937 quartis

2284 4927 2508 5024 quintis
2537 4927 2681 5006 locis
2711 4963 2964 5019 currere,
2983 4927 3446 5022 regulariterque
3467 4945 3524 5000 in
3543 4941 3717 4999 eodem
3733 4927 3845 4990 ﬁnali

2283 5041 2602 5097 terminum
2635 5037 2851 5096 sortiri.
2886 5040 2952 5094 In
2995 5041 3194 5094 octavo
3242 5053 3475 5110 quoque
3501 5034 3547 5090 si
3576 5030 3711 5087 illam
3735 5035 3844 5078 σθω·

2284 5128 2622 5186 munionem
2658 5129 2730 5184 De
2773 5129 2956 5199 fructu
2987 5141 3234 5199 operum,
3267 5142 3302 5182 a
3332 5123 3488 5181 ﬁnali
3535 5121 3733 5178 cantare

2286 5219 2462 5292 peris,
2495 5218 2554 5274 in
2587 5217 2778 5274 medio
2811 5214 3162 5272 cantilenam
3202 5213 3400 5270 minus
3451 5213 3574 5283 apte
3609 5205 3844 5298 convenit?

2289 5290 2390 5380 per
2420 5324 2528 5363 sua
2559 5306 2826 5362 limmata
2870 5303 2958 5360 vel
3003 5303 3314 5361 semitonia
3343 5311 3652 5374 cognosces.
3679 5290 3726 5346 Si
3747 5294 3841 5380 γεω

2290 5371 2420 5468 post
2450 5396 2598 5452 duos
2630 5399 2797 5452 tonos
2828 5398 2886 5451 et
2928 5409 3111 5449 unum
3159 5389 3528 5448 semitonium
3557 5383 3729 5476 quarto
3751 5371 3840 5476 litt?

2287 5485 2516 5541 orditus
2551 5484 2751 5553 fueris,
2785 5486 2966 5540 totam
3013 5479 3311 5538 cantilenae
3363 5477 3534 5548 hujus
3573 5469 3746 5528 seriem
3769 5469 3842 5530 l’er
