  <div class='ocr_page' id='page_1' title='image "/cluster/home/n/w/nwhite01/storage/ocr_20150623/142/hvd.32044054760020/562.png"; bbox 0 0 4026 6184; ppageno 0'>
   <div class='ocr_carea' id='block_1_1' title="bbox 286 272 441 335">
    <p class='ocr_par' dir='ltr' id='par_1_1' title="bbox 286 272 441 335">
     <span class='ocr_line' id='line_1_1' title="bbox 286 272 441 335; baseline 0.006 -1"><span class='ocrx_word' id='word_1_1' title='bbox 286 272 441 335; x_wconf 83' lang='grc'><strong>1113</strong></span> 
     </span>
    </p>
   </div>
   <div class='ocr_carea' id='block_1_2' title="bbox 1483 273 2507 343">
    <p class='ocr_par' dir='ltr' id='par_1_2' title="bbox 1483 273 2507 343">
     <span class='ocr_line' id='line_1_2' title="bbox 1483 273 2507 343; baseline 0.003 -6"><span class='ocrx_word' id='word_1_2' title='bbox 1483 275 1899 340; x_wconf 80' lang='lat' dir='ltr'>PROLOGUS</span> <span class='ocrx_word' id='word_1_3' title='bbox 1948 273 2026 334; x_wconf 92' lang='lat' dir='ltr'>IN</span> <span class='ocrx_word' id='word_1_4' title='bbox 2070 274 2507 343; x_wconf 81' lang='lat' dir='ltr'>TONARIUM.</span> 
     </span>
    </p>
   </div>
   <div class='ocr_carea' id='block_1_3' title="bbox 3523 288 3699 350">
    <p class='ocr_par' dir='ltr' id='par_1_3' title="bbox 3523 288 3699 350">
     <span class='ocr_line' id='line_1_3' title="bbox 3523 288 3699 350; baseline 0.017 -3"><span class='ocrx_word' id='word_1_5' title='bbox 3523 288 3699 350; x_wconf 71' lang='grc'><strong>-1114</strong></span> 
     </span>
    </p>
   </div>
   <div class='ocr_carea' id='block_1_4' title="bbox 281 404 3696 488">
    <p class='ocr_par' dir='ltr' id='par_1_4' title="bbox 281 404 3696 488">
     <span class='ocr_line' id='line_1_4' title="bbox 281 404 3696 488; baseline 0.004 -24"><span class='ocrx_word' id='word_1_6' title='bbox 281 404 669 470; x_wconf 83' lang='lat' dir='ltr'>ordinabilem</span> <span class='ocrx_word' id='word_1_7' title='bbox 701 406 1172 481; x_wconf 78' lang='lat' dir='ltr'>progressionem</span> <span class='ocrx_word' id='word_1_8' title='bbox 1204 410 1419 468; x_wconf 89' lang='lat' dir='ltr'>senties</span> <span class='ocrx_word' id='word_1_9' title='bbox 1468 412 1539 469; x_wconf 91' lang='lat' dir='ltr'>ad</span> <span class='ocrx_word' id='word_1_10' title='bbox 1573 410 1804 468; x_wconf 86' lang='lat' dir='ltr'>socialis</span> <span class='ocrx_word' id='word_1_11' title='bbox 1838 409 1928 468; x_wconf 88' lang='lat' dir='ltr'>sui</span> <span class='ocrx_word' id='word_1_12' title='bbox 1960 408 2016 480; x_wconf 80' lang='grc' dir='ltr'>Α</span> <span class='ocrx_word' id='word_1_13' title='bbox 2045 411 2198 482; x_wconf 89' lang='lat' dir='ltr'>quod</span> <span class='ocrx_word' id='word_1_14' title='bbox 2232 411 2436 470; x_wconf 76' lang='lat' dir='ltr'>deﬁnit</span> <span class='ocrx_word' id='word_1_15' title='bbox 2464 413 2716 488; x_wconf 75' lang='lat' dir='ltr'>explicat</span> <span class='ocrx_word' id='word_1_16' title='bbox 2745 415 2886 488; x_wconf 91' lang='lat' dir='ltr'>quid</span> <span class='ocrx_word' id='word_1_17' title='bbox 2908 416 3004 473; x_wconf 92' lang='lat' dir='ltr'>sit.</span> <span class='ocrx_word' id='word_1_18' title='bbox 3028 417 3140 476; x_wconf 87' lang='lat' dir='ltr'>Sed</span> <span class='ocrx_word' id='word_1_19' title='bbox 3165 417 3264 476; x_wconf 83' lang='lat' dir='ltr'>bid</span> <span class='ocrx_word' id='word_1_20' title='bbox 3296 417 3696 479; x_wconf 80' lang='lat' dir='ltr'>deﬁnitionem</span> 
     </span>
    </p>
   </div>
   <div class='ocr_carea' id='block_1_5' title="bbox 287 496 813 568">
    <p class='ocr_par' dir='ltr' id='par_1_5' title="bbox 287 496 813 568">
     <span class='ocr_line' id='line_1_5' title="bbox 287 496 813 568; baseline 0 -16"><span class='ocrx_word' id='word_1_21' title='bbox 287 496 580 568; x_wconf 78' lang='lat' dir='ltr'>pertinere</span> <span class='ocrx_word' id='word_1_22' title='bbox 614 497 813 559; x_wconf 81' lang='lat' dir='ltr'>ﬁnem.</span> 
     </span>
    </p>
   </div>
   <div class='ocr_carea' id='block_1_6' title="bbox 356 585 1936 663">
    <p class='ocr_par' dir='ltr' id='par_1_6' title="bbox 356 585 1936 663">
     <span class='ocr_line' id='line_1_6' title="bbox 356 585 1936 663; baseline 0.003 -22"><span class='ocrx_word' id='word_1_23' title='bbox 356 585 620 658; x_wconf 88' lang='lat' dir='ltr'>Idipsum</span> <span class='ocrx_word' id='word_1_24' title='bbox 646 586 704 640; x_wconf 91' lang='lat' dir='ltr'>in</span> <span class='ocrx_word' id='word_1_25' title='bbox 722 586 944 658; x_wconf 75' lang='lat' dir='ltr'>quintis</span> <span class='ocrx_word' id='word_1_26' title='bbox 960 586 1101 644; x_wconf 85' lang='lat' dir='ltr'>locis</span> <span class='ocrx_word' id='word_1_27' title='bbox 1120 590 1346 646; x_wconf 84' lang='lat' dir='ltr'><strong>evenire</strong></span> <span class='ocrx_word' id='word_1_28' title='bbox 1369 589 1699 656; x_wconf 90' lang='lat' dir='ltr'>solet,verbi</span> <span class='ocrx_word' id='word_1_29' title='bbox 1729 591 1936 663; x_wconf 85' lang='lat' dir='ltr'>gratia,</span> 
     </span>
    </p>
   </div>
   <div class='ocr_carea' id='block_1_7' title="bbox 285 673 1934 748">
    <p class='ocr_par' dir='ltr' id='par_1_7' title="bbox 285 673 1934 748">
     <span class='ocr_line' id='line_1_7' title="bbox 285 673 1934 748; baseline 0.002 -18"><span class='ocrx_word' id='word_1_30' title='bbox 285 673 400 730; x_wconf 87' lang='lat' dir='ltr'>nisi</span> <span class='ocrx_word' id='word_1_31' title='bbox 433 674 590 730; x_wconf 86' lang='lat' dir='ltr'>enim</span> <span class='ocrx_word' id='word_1_32' title='bbox 620 674 708 730; x_wconf 69' lang='lat' dir='ltr'>ha:</span> <span class='ocrx_word' id='word_1_33' title='bbox 740 675 1093 748; x_wconf 69' lang='lat' dir='ltr'>antipbonte,</span> <span class='ocrx_word' id='word_1_34' title='bbox 1120 679 1268 734; x_wconf 77' lang='lat' dir='ltr'>Alias</span> <span class='ocrx_word' id='word_1_35' title='bbox 1299 696 1416 735; x_wconf 80' lang='lat' dir='ltr'>oves</span> <span class='ocrx_word' id='word_1_36' title='bbox 1447 680 1654 744; x_wconf 82' lang='lat' dir='ltr'>habeo;</span> <span class='ocrx_word' id='word_1_37' title='bbox 1688 681 1934 745; x_wconf 81' lang='lat' dir='ltr'>Domine,</span> 
     </span>
    </p>
   </div>
   <div class='ocr_carea' id='block_1_8' title="bbox 283 763 1935 840">
    <p class='ocr_par' dir='ltr' id='par_1_8' title="bbox 283 763 1935 840">
     <span class='ocr_line' id='line_1_8' title="bbox 283 763 1935 840; baseline 0.005 -24"><span class='ocrx_word' id='word_1_38' title='bbox 283 763 383 834; x_wconf 79' lang='lat' dir='ltr'>qui</span> <span class='ocrx_word' id='word_1_39' title='bbox 411 764 623 834; x_wconf 74' lang='lat' dir='ltr'>operati</span> <span class='ocrx_word' id='word_1_40' title='bbox 650 768 803 833; x_wconf 78' lang='lat' dir='ltr'>sunt,</span> <span class='ocrx_word' id='word_1_41' title='bbox 837 781 962 837; x_wconf 80' lang='lat' dir='ltr'>quae</span> <span class='ocrx_word' id='word_1_42' title='bbox 995 767 1142 822; x_wconf 79' lang='lat' dir='ltr'>sexti</span> <span class='ocrx_word' id='word_1_43' title='bbox 1201 773 1341 824; x_wconf 89' lang='lat' dir='ltr'>sunt</span> <span class='ocrx_word' id='word_1_44' title='bbox 1373 769 1514 838; x_wconf 87' lang='lat' dir='ltr'>toni,</span> <span class='ocrx_word' id='word_1_45' title='bbox 1547 768 1606 823; x_wconf 91' lang='lat' dir='ltr'>in</span> <span class='ocrx_word' id='word_1_46' title='bbox 1664 769 1935 840; x_wconf 92' lang='lat' dir='ltr'>quintum</span> 
     </span>
    </p>
   </div>
   <div class='ocr_carea' id='block_1_9' title="bbox 284 853 1934 930">
    <p class='ocr_par' dir='ltr' id='par_1_9' title="bbox 284 853 1934 930">
     <span class='ocr_line' id='line_1_9' title="bbox 284 853 1934 930; baseline 0.003 -24"><span class='ocrx_word' id='word_1_47' title='bbox 284 856 750 924; x_wconf 87' lang='lat' dir='ltr'>transponantur</span> <span class='ocrx_word' id='word_1_48' title='bbox 776 853 991 921; x_wconf 91' lang='lat' dir='ltr'>locum,</span> <span class='ocrx_word' id='word_1_49' title='bbox 1027 854 1134 910; x_wconf 89' lang='lat' dir='ltr'>hoc</span> <span class='ocrx_word' id='word_1_50' title='bbox 1167 861 1256 911; x_wconf 88' lang='lat' dir='ltr'>est</span> <span class='ocrx_word' id='word_1_51' title='bbox 1287 874 1319 912; x_wconf 89' lang='lat' dir='ltr'>a</span> <span class='ocrx_word' id='word_1_52' title='bbox 1361 857 1679 930; x_wconf 71' lang='lat' dir='ltr'>parhypate</span> <span class='ocrx_word' id='word_1_53' title='bbox 1736 873 1934 912; x_wconf 87' lang='lat' dir='ltr'>meson</span> 
     </span>
    </p>
   </div>
   <div class='ocr_carea' id='block_1_10' title="bbox 281 939 1936 1026">
    <p class='ocr_par' dir='ltr' id='par_1_10' title="bbox 281 939 1936 1026">
     <span class='ocr_line' id='line_1_10' title="bbox 281 939 1936 1026; baseline 0.006 -33"><span class='ocrx_word' id='word_1_54' title='bbox 281 939 342 993; x_wconf 92' lang='lat' dir='ltr'>in</span> <span class='ocrx_word' id='word_1_55' title='bbox 373 939 507 996; x_wconf 91' lang='lat' dir='ltr'>trite</span> <span class='ocrx_word' id='word_1_56' title='bbox 537 939 1014 1014; x_wconf 79' lang='lat' dir='ltr'>diezeugmenon,</span> <span class='ocrx_word' id='word_1_57' title='bbox 1048 960 1422 1018; x_wconf 86' lang='lat' dir='ltr'>nequaquam</span> <span class='ocrx_word' id='word_1_58' title='bbox 1447 947 1504 1000; x_wconf 90' lang='lat' dir='ltr'>in</span> <span class='ocrx_word' id='word_1_59' title='bbox 1540 946 1790 1018; x_wconf 82' lang='lat' dir='ltr'>regulari</span> <span class='ocrx_word' id='word_1_60' title='bbox 1819 963 1936 1026; x_wconf 90' lang='lat' dir='ltr'>mo-</span> 
     </span>
    </p>
   </div>
   <div class='ocr_carea' id='block_1_11' title="bbox 281 1028 1672 1103">
    <p class='ocr_par' dir='ltr' id='par_1_11' title="bbox 281 1028 1672 1103">
     <span class='ocr_line' id='line_1_11' title="bbox 281 1028 1672 1103; baseline 0.004 -19"><span class='ocrx_word' id='word_1_61' title='bbox 281 1028 580 1084; x_wconf 87' lang='lat' dir='ltr'>nocbordo</span> <span class='ocrx_word' id='word_1_62' title='bbox 609 1046 840 1086; x_wconf 88' lang='lat' dir='ltr'>servare</span> <span class='ocrx_word' id='word_1_63' title='bbox 873 1036 1148 1103; x_wconf 83' lang='lat' dir='ltr'>poterunt</span> <span class='ocrx_word' id='word_1_64' title='bbox 1179 1035 1443 1092; x_wconf 89' lang='lat' dir='ltr'>ordinem</span> <span class='ocrx_word' id='word_1_65' title='bbox 1475 1052 1672 1092; x_wconf 90' lang='lat' dir='ltr'>suum.</span> 
     </span>
    </p>
   </div>
   <div class='ocr_carea' id='block_1_12' title="bbox 353 1117 1936 1196">
    <p class='ocr_par' dir='ltr' id='par_1_12' title="bbox 353 1117 1936 1196">
     <span class='ocr_line' id='line_1_12' title="bbox 353 1117 1936 1196; baseline 0.004 -24"><span class='ocrx_word' id='word_1_66' title='bbox 353 1117 486 1173; x_wconf 56' lang='lat' dir='ltr'>Haec</span> <span class='ocrx_word' id='word_1_67' title='bbox 515 1135 698 1189; x_wconf 87' lang='lat' dir='ltr'>pauca</span> <span class='ocrx_word' id='word_1_68' title='bbox 730 1136 832 1190; x_wconf 89' lang='lat' dir='ltr'>pro</span> <span class='ocrx_word' id='word_1_69' title='bbox 857 1122 1139 1193; x_wconf 84' lang='lat' dir='ltr'>exemplis</span> <span class='ocrx_word' id='word_1_70' title='bbox 1163 1124 1282 1179; x_wconf 88' lang='lat' dir='ltr'>sint</span> <span class='ocrx_word' id='word_1_71' title='bbox 1317 1124 1522 1196; x_wconf 86' lang='lat' dir='ltr'>posita.</span> <span class='ocrx_word' id='word_1_72' title='bbox 1556 1127 1837 1180; x_wconf 74' lang='lat' dir='ltr'>Caeterum</span> <span class='ocrx_word' id='word_1_73' title='bbox 1872 1130 1936 1179; x_wconf 90' lang='lat' dir='ltr'>ut</span> 
     </span>
    </p>
   </div>
   <div class='ocr_carea' id='block_1_13' title="bbox 278 1205 1930 1287">
    <p class='ocr_par' dir='ltr' id='par_1_13' title="bbox 278 1205 1930 1287">
     <span class='ocr_line' id='line_1_13' title="bbox 278 1205 1930 1287; baseline 0.005 -27"><span class='ocrx_word' id='word_1_74' title='bbox 278 1206 340 1261; x_wconf 89' lang='lat' dir='ltr'>in</span> <span class='ocrx_word' id='word_1_75' title='bbox 373 1205 713 1277; x_wconf 87' lang='lat' dir='ltr'>hujusmodi</span> <span class='ocrx_word' id='word_1_76' title='bbox 730 1209 1156 1267; x_wconf 88' lang='lat' dir='ltr'>defectionibus</span> <span class='ocrx_word' id='word_1_77' title='bbox 1187 1212 1330 1268; x_wconf 86' lang='lat' dir='ltr'>solet</span> <span class='ocrx_word' id='word_1_78' title='bbox 1353 1215 1681 1270; x_wconf 89' lang='lat' dir='ltr'>necessario</span> <span class='ocrx_word' id='word_1_79' title='bbox 1705 1231 1930 1287; x_wconf 81' lang='lat' dir='ltr'>synem-</span> 
     </span>
    </p>
   </div>
   <div class='ocr_carea' id='block_1_14' title="bbox 282 1295 1936 1377">
    <p class='ocr_par' dir='ltr' id='par_1_14' title="bbox 282 1295 1936 1377">
     <span class='ocr_line' id='line_1_14' title="bbox 282 1295 1936 1377; baseline 0.006 -28"><span class='ocrx_word' id='word_1_80' title='bbox 282 1311 497 1350; x_wconf 88' lang='lat' dir='ltr'>menon</span> <span class='ocrx_word' id='word_1_81' title='bbox 529 1295 588 1351; x_wconf 90' lang='lat' dir='ltr'>in</span> <span class='ocrx_word' id='word_1_82' title='bbox 647 1298 1052 1370; x_wconf 86' lang='lat' dir='ltr'>superioribus</span> <span class='ocrx_word' id='word_1_83' title='bbox 1109 1301 1423 1375; x_wconf 83' lang='lat' dir='ltr'>aliquando</span> <span class='ocrx_word' id='word_1_84' title='bbox 1481 1305 1812 1377; x_wconf 72' lang='lat' dir='ltr'>suffragari,</span> <span class='ocrx_word' id='word_1_85' title='bbox 1854 1303 1936 1359; x_wconf 87' lang='lat' dir='ltr'>ita</span> 
     </span>
    </p>
   </div>
   <div class='ocr_carea' id='block_1_15' title="bbox 279 1386 1933 1464">
    <p class='ocr_par' dir='ltr' id='par_1_15' title="bbox 279 1386 1933 1464">
     <span class='ocr_line' id='line_1_15' title="bbox 279 1386 1933 1464; baseline 0.005 -26"><span class='ocrx_word' id='word_1_86' title='bbox 279 1399 709 1457; x_wconf 82' lang='lat' dir='ltr'>nonnunquam</span> <span class='ocrx_word' id='word_1_87' title='bbox 767 1386 996 1444; x_wconf 89' lang='lat' dir='ltr'>videtur</span> <span class='ocrx_word' id='word_1_88' title='bbox 1043 1391 1344 1464; x_wconf 78' lang='lat' dir='ltr'>refragari,</span> <span class='ocrx_word' id='word_1_89' title='bbox 1405 1393 1463 1448; x_wconf 92' lang='lat' dir='ltr'>in</span> <span class='ocrx_word' id='word_1_90' title='bbox 1497 1393 1591 1449; x_wconf 90' lang='lat' dir='ltr'>his</span> <span class='ocrx_word' id='word_1_91' title='bbox 1651 1394 1933 1449; x_wconf 80' lang='lat' dir='ltr'>duntaxat</span> 
     </span>
    </p>
   </div>
   <div class='ocr_carea' id='block_1_16' title="bbox 279 1473 1930 1554">
    <p class='ocr_par' dir='ltr' id='par_1_16' title="bbox 279 1473 1930 1554">
     <span class='ocr_line' id='line_1_16' title="bbox 279 1473 1930 1554; baseline 0.005 -24"><span class='ocrx_word' id='word_1_92' title='bbox 279 1473 578 1541; x_wconf 81' lang='lat' dir='ltr'>cantibus,</span> <span class='ocrx_word' id='word_1_93' title='bbox 637 1476 736 1547; x_wconf 87' lang='lat' dir='ltr'>qui</span> <span class='ocrx_word' id='word_1_94' title='bbox 798 1476 854 1534; x_wconf 91' lang='lat' dir='ltr'>in</span> <span class='ocrx_word' id='word_1_95' title='bbox 917 1478 1294 1536; x_wconf 89' lang='lat' dir='ltr'>inferioribus</span> <span class='ocrx_word' id='word_1_96' title='bbox 1353 1499 1455 1554; x_wconf 87' lang='lat' dir='ltr'>per</span> <span class='ocrx_word' id='word_1_97' title='bbox 1510 1499 1930 1554; x_wconf 83' lang='lat' dir='ltr'>synemmenon</span> 
     </span>
    </p>
   </div>
   <div class='ocr_carea' id='block_1_17' title="bbox 278 1562 1932 1645">
    <p class='ocr_par' dir='ltr' id='par_1_17' title="bbox 278 1562 1932 1645">
     <span class='ocr_line' id='line_1_17' title="bbox 278 1562 1932 1645; baseline 0.006 -27"><span class='ocrx_word' id='word_1_98' title='bbox 278 1562 640 1631; x_wconf 86' lang='lat' dir='ltr'>decurrunt;</span> <span class='ocrx_word' id='word_1_99' title='bbox 670 1566 843 1636; x_wconf 89' lang='lat' dir='ltr'>cujus</span> <span class='ocrx_word' id='word_1_100' title='bbox 871 1568 1054 1624; x_wconf 86' lang='lat' dir='ltr'>vicem</span> <span class='ocrx_word' id='word_1_101' title='bbox 1097 1569 1156 1625; x_wconf 89' lang='lat' dir='ltr'>in</span> <span class='ocrx_word' id='word_1_102' title='bbox 1207 1571 1606 1642; x_wconf 87' lang='lat' dir='ltr'>superioribus</span> <span class='ocrx_word' id='word_1_103' title='bbox 1659 1573 1932 1645; x_wconf 88' lang='lat' dir='ltr'>supplere</span> 
     </span>
    </p>
   </div>
   <div class='ocr_carea' id='block_1_18' title="bbox 278 1654 1930 1734">
    <p class='ocr_par' dir='ltr' id='par_1_18' title="bbox 278 1654 1930 1734">
     <span class='ocr_line' id='line_1_18' title="bbox 278 1654 1930 1734; baseline 0.005 -27"><span class='ocrx_word' id='word_1_104' title='bbox 278 1656 602 1723; x_wconf 88' lang='lat' dir='ltr'>nequeunt,</span> <span class='ocrx_word' id='word_1_105' title='bbox 636 1654 734 1710; x_wconf 89' lang='lat' dir='ltr'>sed</span> <span class='ocrx_word' id='word_1_106' title='bbox 768 1658 826 1710; x_wconf 94' lang='lat' dir='ltr'>et</span> <span class='ocrx_word' id='word_1_107' title='bbox 855 1656 964 1713; x_wconf 91' lang='lat' dir='ltr'>boc</span> <span class='ocrx_word' id='word_1_108' title='bbox 995 1657 1332 1730; x_wconf 87' lang='lat' dir='ltr'>aliquando,</span> <span class='ocrx_word' id='word_1_109' title='bbox 1368 1679 1480 1716; x_wconf 89' lang='lat' dir='ltr'>non</span> <span class='ocrx_word' id='word_1_110' title='bbox 1531 1679 1783 1734; x_wconf 87' lang='lat' dir='ltr'>semper.</span> <span class='ocrx_word' id='word_1_111' title='bbox 1815 1663 1930 1718; x_wconf 87' lang='lat' dir='ltr'>Hoc</span> 
     </span>
    </p>
   </div>
   <div class='ocr_carea' id='block_1_19' title="bbox 275 1740 2012 1844">
    <p class='ocr_par' dir='ltr' id='par_1_19' title="bbox 275 1740 2012 1844">
     <span class='ocr_line' id='line_1_19' title="bbox 275 1740 2012 1844; baseline 0.007 -49"><span class='ocrx_word' id='word_1_112' title='bbox 275 1757 412 1795; x_wconf 85' lang='lat' dir='ltr'>vero</span> <span class='ocrx_word' id='word_1_113' title='bbox 441 1740 502 1796; x_wconf 90' lang='lat' dir='ltr'>in</span> <span class='ocrx_word' id='word_1_114' title='bbox 567 1741 784 1800; x_wconf 85' lang='lat' dir='ltr'>talibus</span> <span class='ocrx_word' id='word_1_115' title='bbox 828 1750 918 1800; x_wconf 89' lang='lat' dir='ltr'>est</span> <span class='ocrx_word' id='word_1_116' title='bbox 965 1747 1419 1817; x_wconf 89' lang='lat' dir='ltr'>observandum,</span> <span class='ocrx_word' id='word_1_117' title='bbox 1478 1757 1542 1806; x_wconf 89' lang='lat' dir='ltr'>ut</span> <span class='ocrx_word' id='word_1_118' title='bbox 1571 1751 1618 1807; x_wconf 88' lang='lat' dir='ltr'>si</span> <span class='ocrx_word' id='word_1_119' title='bbox 1665 1757 1872 1808; x_wconf 81' lang='lat' dir='ltr'>cantus</span> <span class='ocrx_word' id='word_1_120' title='bbox 1899 1771 1931 1808; x_wconf 90' lang='lat' dir='ltr'>a</span> <span class='ocrx_word' id='word_1_121' title='bbox 1963 1780 2012 1844; x_wconf 79' lang='grc' dir='ltr'><strong>Β</strong></span> 
     </span>
    </p>
   </div>
   <div class='ocr_carea' id='block_1_20' title="bbox 283 1829 1933 1913">
    <p class='ocr_par' dir='ltr' id='par_1_20' title="bbox 283 1829 1933 1913">
     <span class='ocr_line' id='line_1_20' title="bbox 283 1829 1933 1913; baseline 0.009 -30"><span class='ocrx_word' id='word_1_122' title='bbox 283 1829 446 1886; x_wconf 83' lang='lat' dir='ltr'>finali</span> <span class='ocrx_word' id='word_1_123' title='bbox 479 1829 738 1902; x_wconf 83' lang='lat' dir='ltr'>incipiat,</span> <span class='ocrx_word' id='word_1_124' title='bbox 799 1840 1007 1905; x_wconf 89' lang='lat' dir='ltr'>quarto</span> <span class='ocrx_word' id='word_1_125' title='bbox 1063 1836 1187 1893; x_wconf 93' lang='lat' dir='ltr'>loco</span> <span class='ocrx_word' id='word_1_126' title='bbox 1238 1839 1622 1897; x_wconf 88' lang='lat' dir='ltr'>nihilominus</span> <span class='ocrx_word' id='word_1_127' title='bbox 1678 1842 1933 1913; x_wconf 84' lang='lat' dir='ltr'>incipere</span> 
     </span>
    </p>
   </div>
   <div class='ocr_carea' id='block_1_21' title="bbox 297 1913 1933 2003">
    <p class='ocr_par' dir='ltr' id='par_1_21' title="bbox 297 1913 1933 2003">
     <span class='ocr_line' id='line_1_21' title="bbox 297 1913 1933 2003; baseline 0.009 -31"><span class='ocrx_word' id='word_1_128' title='bbox 297 1913 508 1986; x_wconf 81' lang='lat' dir='ltr'>valeat,</span> <span class='ocrx_word' id='word_1_129' title='bbox 538 1919 627 1975; x_wconf 88' lang='lat' dir='ltr'>sin</span> <span class='ocrx_word' id='word_1_130' title='bbox 659 1926 855 1978; x_wconf 87' lang='lat' dir='ltr'>autem</span> <span class='ocrx_word' id='word_1_131' title='bbox 881 1925 1123 1983; x_wconf 87' lang='lat' dir='ltr'>inferius</span> <span class='ocrx_word' id='word_1_132' title='bbox 1152 1927 1239 1983; x_wconf 88' lang='lat' dir='ltr'>vel</span> <span class='ocrx_word' id='word_1_133' title='bbox 1271 1931 1563 2003; x_wconf 82' lang='lat' dir='ltr'>superius,</span> <span class='ocrx_word' id='word_1_134' title='bbox 1601 1935 1776 2003; x_wconf 89' lang='lat' dir='ltr'>quoto</span> <span class='ocrx_word' id='word_1_135' title='bbox 1810 1931 1933 1987; x_wconf 92' lang='lat' dir='ltr'>loco</span> 
     </span>
    </p>
   </div>
   <div class='ocr_carea' id='block_1_22' title="bbox 278 2004 1819 2090">
    <p class='ocr_par' dir='ltr' id='par_1_22' title="bbox 278 2004 1819 2090">
     <span class='ocr_line' id='line_1_22' title="bbox 278 2004 1819 2090; baseline 0.01 -31"><span class='ocrx_word' id='word_1_136' title='bbox 278 2004 362 2060; x_wconf 85' lang='lat' dir='ltr'>ibi</span> <span class='ocrx_word' id='word_1_137' title='bbox 403 2023 438 2061; x_wconf 89' lang='lat' dir='ltr'>a</span> <span class='ocrx_word' id='word_1_138' title='bbox 460 2006 620 2064; x_wconf 82' lang='lat' dir='ltr'>ﬁnali</span> <span class='ocrx_word' id='word_1_139' title='bbox 655 2013 812 2080; x_wconf 91' lang='lat' dir='ltr'>tono,</span> <span class='ocrx_word' id='word_1_140' title='bbox 843 2012 937 2068; x_wconf 91' lang='lat' dir='ltr'>hic</span> <span class='ocrx_word' id='word_1_141' title='bbox 967 2015 1271 2073; x_wconf 88' lang='lat' dir='ltr'>ordinatur</span> <span class='ocrx_word' id='word_1_142' title='bbox 1299 2036 1332 2073; x_wconf 89' lang='lat' dir='ltr'>a</span> <span class='ocrx_word' id='word_1_143' title='bbox 1359 2025 1565 2090; x_wconf 84' lang='lat' dir='ltr'>quarto</span> <span class='ocrx_word' id='word_1_144' title='bbox 1598 2020 1819 2076; x_wconf 89' lang='lat' dir='ltr'>sociali.</span> 
     </span>
    </p>
   </div>
   <div class='ocr_carea' id='block_1_23' title="bbox 353 2095 1928 2167">
    <p class='ocr_par' dir='ltr' id='par_1_23' title="bbox 353 2095 1928 2167">
     <span class='ocr_line' id='line_1_23' title="bbox 353 2095 1928 2167; baseline 0.01 -18"><span class='ocrx_word' id='word_1_145' title='bbox 353 2095 591 2167; x_wconf 89' lang='lat' dir='ltr'>Oportet</span> <span class='ocrx_word' id='word_1_146' title='bbox 620 2098 795 2155; x_wconf 89' lang='lat' dir='ltr'>etiam</span> <span class='ocrx_word' id='word_1_147' title='bbox 827 2106 882 2156; x_wconf 91' lang='lat' dir='ltr'>et</span> <span class='ocrx_word' id='word_1_148' title='bbox 935 2103 1077 2160; x_wconf 89' lang='lat' dir='ltr'>illud</span> <span class='ocrx_word' id='word_1_149' title='bbox 1139 2108 1506 2164; x_wconf 90' lang='lat' dir='ltr'>considerare</span> <span class='ocrx_word' id='word_1_150' title='bbox 1563 2115 1627 2164; x_wconf 90' lang='lat' dir='ltr'>ut</span> <span class='ocrx_word' id='word_1_151' title='bbox 1678 2127 1812 2165; x_wconf 91' lang='lat' dir='ltr'>cum</span> <span class='ocrx_word' id='word_1_152' title='bbox 1869 2110 1928 2165; x_wconf 91' lang='lat' dir='ltr'>in</span> 
     </span>
    </p>
   </div>
   <div class='ocr_carea' id='block_1_24' title="bbox 273 2183 1928 2270">
    <p class='ocr_par' dir='ltr' id='par_1_24' title="bbox 273 2183 1928 2270">
     <span class='ocr_line' id='line_1_24' title="bbox 273 2183 1928 2270; baseline 0.009 -33"><span class='ocrx_word' id='word_1_153' title='bbox 273 2183 557 2242; x_wconf 89' lang='lat' dir='ltr'>omnibus</span> <span class='ocrx_word' id='word_1_154' title='bbox 610 2189 1022 2261; x_wconf 85' lang='lat' dir='ltr'>subjugalibus</span> <span class='ocrx_word' id='word_1_155' title='bbox 1076 2195 1230 2250; x_wconf 89' lang='lat' dir='ltr'>tonis</span> <span class='ocrx_word' id='word_1_156' title='bbox 1283 2214 1562 2253; x_wconf 87' lang='lat' dir='ltr'>ascensus</span> <span class='ocrx_word' id='word_1_157' title='bbox 1622 2215 1810 2270; x_wconf 87' lang='lat' dir='ltr'>usque</span> <span class='ocrx_word' id='word_1_158' title='bbox 1871 2200 1928 2253; x_wconf 91' lang='lat' dir='ltr'>in</span> 
     </span>
    </p>
   </div>
   <div class='ocr_carea' id='block_1_25' title="bbox 273 2272 1930 2359">
    <p class='ocr_par' dir='ltr' id='par_1_25' title="bbox 273 2272 1930 2359">
     <span class='ocr_line' id='line_1_25' title="bbox 273 2272 1930 2359; baseline 0.01 -32"><span class='ocrx_word' id='word_1_159' title='bbox 273 2272 548 2343; x_wconf 85' lang='lat' dir='ltr'>diapente</span> <span class='ocrx_word' id='word_1_160' title='bbox 578 2279 636 2330; x_wconf 91' lang='lat' dir='ltr'>et</span> <span class='ocrx_word' id='word_1_161' title='bbox 667 2276 824 2334; x_wconf 89' lang='lat' dir='ltr'>ultra</span> <span class='ocrx_word' id='word_1_162' title='bbox 854 2286 1145 2351; x_wconf 86' lang='lat' dir='ltr'>suppetat,</span> <span class='ocrx_word' id='word_1_163' title='bbox 1193 2291 1396 2355; x_wconf 90' lang='lat' dir='ltr'>protus</span> <span class='ocrx_word' id='word_1_164' title='bbox 1457 2303 1687 2358; x_wconf 85' lang='lat' dir='ltr'>quoque</span> <span class='ocrx_word' id='word_1_165' title='bbox 1745 2305 1930 2359; x_wconf 90' lang='lat' dir='ltr'>usque</span> 
     </span>
    </p>
   </div>
   <div class='ocr_carea' id='block_1_26' title="bbox 274 2360 1928 2448">
    <p class='ocr_par' dir='ltr' id='par_1_26' title="bbox 274 2360 1928 2448">
     <span class='ocr_line' id='line_1_26' title="bbox 274 2360 1928 2448; baseline 0.012 -34"><span class='ocrx_word' id='word_1_166' title='bbox 274 2360 342 2415; x_wconf 89' lang='lat' dir='ltr'>in</span> <span class='ocrx_word' id='word_1_167' title='bbox 377 2378 595 2419; x_wconf 88' lang='lat' dir='ltr'>nonum</span> <span class='ocrx_word' id='word_1_168' title='bbox 623 2381 833 2422; x_wconf 89' lang='lat' dir='ltr'>sonum</span> <span class='ocrx_word' id='word_1_169' title='bbox 866 2367 923 2422; x_wconf 90' lang='lat' dir='ltr'>in</span> <span class='ocrx_word' id='word_1_170' title='bbox 957 2369 1176 2428; x_wconf 87' lang='lat' dir='ltr'>talibus</span> <span class='ocrx_word' id='word_1_171' title='bbox 1227 2375 1540 2430; x_wconf 90' lang='lat' dir='ltr'>ascendere</span> <span class='ocrx_word' id='word_1_172' title='bbox 1570 2376 1759 2432; x_wconf 85' lang='lat' dir='ltr'>valeat</span> <span class='ocrx_word' id='word_1_173' title='bbox 1788 2377 1928 2448; x_wconf 90' lang='lat'>(35,)</span> 
     </span>
    </p>
   </div>
   <div class='ocr_carea' id='block_1_27' title="bbox 275 2450 1928 2535">
    <p class='ocr_par' dir='ltr' id='par_1_27' title="bbox 275 2450 1928 2535">
     <span class='ocr_line' id='line_1_27' title="bbox 275 2450 1928 2535; baseline 0.01 -32"><span class='ocrx_word' id='word_1_174' title='bbox 275 2452 341 2504; x_wconf 83' lang='lat' dir='ltr'>et</span> <span class='ocrx_word' id='word_1_175' title='bbox 373 2453 490 2506; x_wconf 89' lang='lat' dir='ltr'>tres</span> <span class='ocrx_word' id='word_1_176' title='bbox 512 2450 607 2506; x_wconf 87' lang='lat' dir='ltr'>alii</span> <span class='ocrx_word' id='word_1_177' title='bbox 628 2454 969 2523; x_wconf 86' lang='lat' dir='ltr'>authentici,</span> <span class='ocrx_word' id='word_1_178' title='bbox 995 2458 1259 2516; x_wconf 89' lang='lat' dir='ltr'>videlicet</span> <span class='ocrx_word' id='word_1_179' title='bbox 1279 2463 1524 2533; x_wconf 88' lang='lat' dir='ltr'>quintus</span> <span class='ocrx_word' id='word_1_180' title='bbox 1544 2467 1600 2518; x_wconf 89' lang='lat' dir='ltr'>et</span> <span class='ocrx_word' id='word_1_181' title='bbox 1620 2465 1928 2535; x_wconf 90' lang='lat' dir='ltr'>septimus,</span> 
     </span>
    </p>
   </div>
   <div class='ocr_carea' id='block_1_28' title="bbox 271 2538 1929 2616">
    <p class='ocr_par' dir='ltr' id='par_1_28' title="bbox 271 2538 1929 2616">
     <span class='ocr_line' id='line_1_28' title="bbox 271 2538 1929 2616; baseline 0.011 -24"><span class='ocrx_word' id='word_1_182' title='bbox 271 2538 343 2594; x_wconf 88' lang='lat' dir='ltr'>in</span> <span class='ocrx_word' id='word_1_183' title='bbox 375 2538 569 2596; x_wconf 88' lang='lat' dir='ltr'>locum</span> <span class='ocrx_word' id='word_1_184' title='bbox 601 2542 946 2616; x_wconf 85' lang='lat' dir='ltr'>regulariter</span> <span class='ocrx_word' id='word_1_185' title='bbox 993 2548 1103 2603; x_wconf 90' lang='lat' dir='ltr'>sibi</span> <span class='ocrx_word' id='word_1_186' title='bbox 1137 2550 1472 2608; x_wconf 86' lang='lat' dir='ltr'>ordinatum</span> <span class='ocrx_word' id='word_1_187' title='bbox 1525 2553 1929 2610; x_wconf 82' lang='lat' dir='ltr'>deficientibus</span> 
     </span>
    </p>
   </div>
   <div class='ocr_carea' id='block_1_29' title="bbox 272 2627 1929 2714">
    <p class='ocr_par' dir='ltr' id='par_1_29' title="bbox 272 2627 1929 2714">
     <span class='ocr_line' id='line_1_29' title="bbox 272 2627 1929 2714; baseline 0.01 -32"><span class='ocrx_word' id='word_1_188' title='bbox 272 2627 474 2684; x_wconf 88' lang='lat' dir='ltr'>nervis</span> <span class='ocrx_word' id='word_1_189' title='bbox 489 2629 687 2690; x_wconf 85' lang='lat' dir='ltr'>minus</span> <span class='ocrx_word' id='word_1_190' title='bbox 701 2635 1221 2709; x_wconf 88' lang='lat' dir='ltr'>proveniant,quod</span> <span class='ocrx_word' id='word_1_191' title='bbox 1249 2640 1452 2697; x_wconf 89' lang='lat' dir='ltr'>doctus</span> <span class='ocrx_word' id='word_1_192' title='bbox 1471 2644 1929 2714; x_wconf 87' lang='lat' dir='ltr'>cantor,quoties</span> 
     </span>
    </p>
   </div>
   <div class='ocr_carea' id='block_1_30' title="bbox 2052 501 3699 582">
    <p class='ocr_par' dir='ltr' id='par_1_30' title="bbox 2052 501 3699 582">
     <span class='ocr_line' id='line_1_30' title="bbox 2052 501 3699 582; baseline 0.007 -27"><span class='ocrx_word' id='word_1_193' title='bbox 2052 501 2194 556; x_wconf 86' lang='lat' dir='ltr'>nihil</span> <span class='ocrx_word' id='word_1_194' title='bbox 2228 502 2389 559; x_wconf 85' lang='lat' dir='ltr'>aliud</span> <span class='ocrx_word' id='word_1_195' title='bbox 2421 521 2597 575; x_wconf 83' lang='lat' dir='ltr'>quam</span> <span class='ocrx_word' id='word_1_196' title='bbox 2629 505 3018 563; x_wconf 77' lang='lat' dir='ltr'>diﬂ‘erentiam</span> <span class='ocrx_word' id='word_1_197' title='bbox 3041 508 3348 581; x_wconf 83' lang='lat' dir='ltr'>intelligat,</span> <span class='ocrx_word' id='word_1_198' title='bbox 3372 527 3499 582; x_wconf 69' lang='lat' dir='ltr'>quae</span> <span class='ocrx_word' id='word_1_199' title='bbox 3530 510 3699 568; x_wconf 86' lang='lat' dir='ltr'>initia</span> 
     </span>
    </p>
   </div>
   <div class='ocr_carea' id='block_1_31' title="bbox 2050 592 3697 671">
    <p class='ocr_par' dir='ltr' id='par_1_31' title="bbox 2050 592 3697 671">
     <span class='ocr_line' id='line_1_31' title="bbox 2050 592 3697 671; baseline 0.007 -27"><span class='ocrx_word' id='word_1_200' title='bbox 2050 595 2259 647; x_wconf 88' lang='lat' dir='ltr'>cantus</span> <span class='ocrx_word' id='word_1_201' title='bbox 2284 592 2372 648; x_wconf 88' lang='lat' dir='ltr'>vel</span> <span class='ocrx_word' id='word_1_202' title='bbox 2404 595 2755 651; x_wconf 67' lang='lat' dir='ltr'>saeculorum.</span> <span class='ocrx_word' id='word_1_203' title='bbox 2786 597 2954 652; x_wconf 77' lang='lat' dir='ltr'>Amen</span> <span class='ocrx_word' id='word_1_204' title='bbox 2985 615 3018 652; x_wconf 90' lang='lat' dir='ltr'>a</span> <span class='ocrx_word' id='word_1_205' title='bbox 3048 614 3190 653; x_wconf 89' lang='lat' dir='ltr'>sono</span> <span class='ocrx_word' id='word_1_206' title='bbox 3212 598 3554 671; x_wconf 84' lang='lat' dir='ltr'>principalis</span> <span class='ocrx_word' id='word_1_207' title='bbox 3575 601 3697 656; x_wconf 89' lang='lat' dir='ltr'>toni</span> 
     </span>
    </p>
   </div>
   <div class='ocr_carea' id='block_1_32' title="bbox 2047 680 3694 751">
    <p class='ocr_par' dir='ltr' id='par_1_32' title="bbox 2047 680 3694 751">
     <span class='ocr_line' id='line_1_32' title="bbox 2047 680 3694 751; baseline 0.005 -15"><span class='ocrx_word' id='word_1_208' title='bbox 2047 680 2166 736; x_wconf 87' lang='lat' dir='ltr'>sive</span> <span class='ocrx_word' id='word_1_209' title='bbox 2201 681 2255 736; x_wconf 91' lang='lat' dir='ltr'>in</span> <span class='ocrx_word' id='word_1_210' title='bbox 2289 683 2645 749; x_wconf 77' lang='lat' dir='ltr'>extensione,</span> <span class='ocrx_word' id='word_1_211' title='bbox 2681 685 2802 741; x_wconf 89' lang='lat' dir='ltr'>sive</span> <span class='ocrx_word' id='word_1_212' title='bbox 2834 686 2893 741; x_wconf 91' lang='lat' dir='ltr'>in</span> <span class='ocrx_word' id='word_1_213' title='bbox 2947 686 3313 751; x_wconf 88' lang='lat' dir='ltr'>remissione,</span> <span class='ocrx_word' id='word_1_214' title='bbox 3347 686 3467 742; x_wconf 85' lang='lat' dir='ltr'>sive</span> <span class='ocrx_word' id='word_1_215' title='bbox 3507 688 3694 744; x_wconf 69' lang='lat' dir='ltr'>etiam</span> 
     </span>
    </p>
   </div>
   <div class='ocr_carea' id='block_1_33' title="bbox 2047 771 3697 848">
    <p class='ocr_par' dir='ltr' id='par_1_33' title="bbox 2047 771 3697 848">
     <span class='ocr_line' id='line_1_33' title="bbox 2047 771 3697 848; baseline 0.004 -24"><span class='ocrx_word' id='word_1_216' title='bbox 2047 771 2249 826; x_wconf 91' lang='lat' dir='ltr'>codem</span> <span class='ocrx_word' id='word_1_217' title='bbox 2275 771 2399 827; x_wconf 89' lang='lat' dir='ltr'>loco</span> <span class='ocrx_word' id='word_1_218' title='bbox 2417 772 2774 845; x_wconf 89' lang='lat' dir='ltr'>incipiendo,</span> <span class='ocrx_word' id='word_1_219' title='bbox 2809 777 2974 830; x_wconf 86' lang='lat' dir='ltr'>suavi</span> <span class='ocrx_word' id='word_1_220' title='bbox 3009 792 3076 831; x_wconf 89' lang='lat' dir='ltr'>ac</span> <span class='ocrx_word' id='word_1_221' title='bbox 3121 775 3518 831; x_wconf 87' lang='lat' dir='ltr'>concordabili</span> <span class='ocrx_word' id='word_1_222' title='bbox 3552 793 3697 848; x_wconf 90' lang='lat' dir='ltr'>qua-</span> 
     </span>
    </p>
   </div>
   <div class='ocr_carea' id='block_1_34' title="bbox 2045 860 3694 935">
    <p class='ocr_par' dir='ltr' id='par_1_34' title="bbox 2045 860 3694 935">
     <span class='ocr_line' id='line_1_34' title="bbox 2045 860 3694 935; baseline 0.005 -21"><span class='ocrx_word' id='word_1_223' title='bbox 2045 860 2178 914; x_wconf 88' lang='lat' dir='ltr'>dam</span> <span class='ocrx_word' id='word_1_224' title='bbox 2206 861 2483 916; x_wconf 78' lang='lat' dir='ltr'>dilferunt</span> <span class='ocrx_word' id='word_1_225' title='bbox 2506 863 3212 935; x_wconf 85' lang='lat' dir='ltr'>diversitate.Quanquam</span> <span class='ocrx_word' id='word_1_226' title='bbox 3236 882 3341 919; x_wconf 87' lang='lat' dir='ltr'>nos</span> <span class='ocrx_word' id='word_1_227' title='bbox 3357 865 3694 922; x_wconf 86' lang='lat' dir='ltr'>rectius-dif-</span> 
     </span>
    </p>
   </div>
   <div class='ocr_carea' id='block_1_35' title="bbox 2045 949 3692 1022">
    <p class='ocr_par' dir='ltr' id='par_1_35' title="bbox 2045 949 3692 1022">
     <span class='ocr_line' id='line_1_35' title="bbox 2045 949 3692 1022; baseline 0.005 -20"><span class='ocrx_word' id='word_1_228' title='bbox 2045 949 2318 1006; x_wconf 89' lang='lat' dir='ltr'>ferentias</span> <span class='ocrx_word' id='word_1_229' title='bbox 2342 967 2520 1022; x_wconf 88' lang='lat' dir='ltr'>quam</span> <span class='ocrx_word' id='word_1_230' title='bbox 2547 952 2916 1008; x_wconf 83' lang='lat' dir='ltr'>definitiones</span> <span class='ocrx_word' id='word_1_231' title='bbox 2948 952 3064 1008; x_wconf 91' lang='lat' dir='ltr'>dici</span> <span class='ocrx_word' id='word_1_232' title='bbox 3089 953 3297 1009; x_wconf 91' lang='lat' dir='ltr'>debere</span> <span class='ocrx_word' id='word_1_233' title='bbox 3316 953 3692 1022; x_wconf 83' lang='lat' dir='ltr'>arbitremur,</span> 
     </span>
    </p>
   </div>
   <div class='ocr_carea' id='block_1_36' title="bbox 2047 1039 3697 1114">
    <p class='ocr_par' dir='ltr' id='par_1_36' title="bbox 2047 1039 3697 1114">
     <span class='ocr_line' id='line_1_36' title="bbox 2047 1039 3697 1114; baseline 0.003 -22"><span class='ocrx_word' id='word_1_234' title='bbox 2047 1039 2298 1094; x_wconf 79' lang='lat' dir='ltr'>maxime</span> <span class='ocrx_word' id='word_1_235' title='bbox 2319 1057 2450 1094; x_wconf 88' lang='lat' dir='ltr'>cum</span> <span class='ocrx_word' id='word_1_236' title='bbox 2478 1057 2591 1095; x_wconf 91' lang='lat' dir='ltr'>non</span> <span class='ocrx_word' id='word_1_237' title='bbox 2617 1041 2834 1112; x_wconf 89' lang='lat' dir='ltr'>aliquid</span> <span class='ocrx_word' id='word_1_238' title='bbox 2860 1040 3090 1114; x_wconf 91' lang='lat' dir='ltr'>ibiquid</span> <span class='ocrx_word' id='word_1_239' title='bbox 3107 1040 3547 1098; x_wconf 82' lang='lat' dir='ltr'>sitdeliniamus</span> <span class='ocrx_word' id='word_1_240' title='bbox 3572 1059 3697 1114; x_wconf 90' lang='lat' dir='ltr'>per-</span> 
     </span>
    </p>
   </div>
   <div class='ocr_carea' id='block_1_37' title="bbox 2045 1129 3695 1198">
    <p class='ocr_par' dir='ltr' id='par_1_37' title="bbox 2045 1129 3695 1198">
     <span class='ocr_line' id='line_1_37' title="bbox 2045 1129 3695 1198; baseline 0.004 -17"><span class='ocrx_word' id='word_1_241' title='bbox 2045 1129 2392 1194; x_wconf 90' lang='lat' dir='ltr'>orando,sed</span> <span class='ocrx_word' id='word_1_242' title='bbox 2423 1131 2578 1186; x_wconf 89' lang='lat' dir='ltr'>varie</span> <span class='ocrx_word' id='word_1_243' title='bbox 2607 1133 2954 1188; x_wconf 67' lang='lat' dir='ltr'>saemlorum.</span> <span class='ocrx_word' id='word_1_244' title='bbox 2989 1133 3156 1187; x_wconf 82' lang='lat' dir='ltr'>Amen</span> <span class='ocrx_word' id='word_1_245' title='bbox 3189 1132 3473 1198; x_wconf 87' lang='lat' dir='ltr'>canendo,</span> <span class='ocrx_word' id='word_1_246' title='bbox 3507 1131 3695 1188; x_wconf 85' lang='lat' dir='ltr'>aliter-</span> 
     </span>
    </p>
   </div>
   <div class='ocr_carea' id='block_1_38' title="bbox 2045 1217 3693 1291">
    <p class='ocr_par' dir='ltr' id='par_1_38' title="bbox 2045 1217 3693 1291">
     <span class='ocr_line' id='line_1_38' title="bbox 2045 1217 3693 1291; baseline 0.002 -20"><span class='ocrx_word' id='word_1_247' title='bbox 2045 1233 2160 1288; x_wconf 90' lang='lat' dir='ltr'>que</span> <span class='ocrx_word' id='word_1_248' title='bbox 2172 1217 2391 1274; x_wconf 89' lang='lat' dir='ltr'>melum</span> <span class='ocrx_word' id='word_1_249' title='bbox 2405 1218 2680 1275; x_wconf 90' lang='lat' dir='ltr'>ordiendo</span> <span class='ocrx_word' id='word_1_250' title='bbox 2703 1237 2914 1276; x_wconf 91' lang='lat' dir='ltr'>sonum</span> <span class='ocrx_word' id='word_1_251' title='bbox 2938 1221 3343 1276; x_wconf 89' lang='lat' dir='ltr'>discernamus</span> <span class='ocrx_word' id='word_1_252' title='bbox 3357 1237 3389 1275; x_wconf 84' lang='lat' dir='ltr'>a</span> <span class='ocrx_word' id='word_1_253' title='bbox 3407 1221 3693 1291; x_wconf 86' lang='lat' dir='ltr'>sono(36.)</span> 
     </span>
    </p>
   </div>
   <div class='ocr_carea' id='block_1_39' title="bbox 2115 1307 3692 1380">
    <p class='ocr_par' dir='ltr' id='par_1_39' title="bbox 2115 1307 3692 1380">
     <span class='ocr_line' id='line_1_39' title="bbox 2115 1307 3692 1380; baseline 0.001 -20"><span class='ocrx_word' id='word_1_254' title='bbox 2115 1307 2202 1360; x_wconf 90' lang='grc'>13.</span> <span class='ocrx_word' id='word_1_255' title='bbox 2240 1307 2619 1362; x_wconf 84' lang='lat' dir='ltr'>Inveniuntur</span> <span class='ocrx_word' id='word_1_256' title='bbox 2648 1311 2704 1363; x_wconf 92' lang='lat' dir='ltr'>et</span> <span class='ocrx_word' id='word_1_257' title='bbox 2743 1308 2964 1364; x_wconf 90' lang='lat' dir='ltr'>moduli</span> <span class='ocrx_word' id='word_1_258' title='bbox 3006 1311 3077 1364; x_wconf 92' lang='lat' dir='ltr'>ad</span> <span class='ocrx_word' id='word_1_259' title='bbox 3111 1309 3225 1363; x_wconf 89' lang='lat' dir='ltr'>vim</span> <span class='ocrx_word' id='word_1_260' title='bbox 3259 1309 3548 1380; x_wconf 87' lang='lat' dir='ltr'>cujusque</span> <span class='ocrx_word' id='word_1_261' title='bbox 3569 1307 3692 1364; x_wconf 85' lang='lat' dir='ltr'>toni</span> 
     </span>
    </p>
   </div>
   <div class='ocr_carea' id='block_1_40' title="bbox 2042 1394 3694 1470">
    <p class='ocr_par' dir='ltr' id='par_1_40' title="bbox 2042 1394 3694 1470">
     <span class='ocr_line' id='line_1_40' title="bbox 2042 1394 3694 1470; baseline 0.001 -20"><span class='ocrx_word' id='word_1_262' title='bbox 2042 1394 2506 1468; x_wconf 86' lang='lat' dir='ltr'>investigandam</span> <span class='ocrx_word' id='word_1_263' title='bbox 2534 1397 2864 1469; x_wconf 87' lang='lat' dir='ltr'>antiquitus</span> <span class='ocrx_word' id='word_1_264' title='bbox 2896 1397 3223 1464; x_wconf 86' lang='lat' dir='ltr'>constituti,</span> <span class='ocrx_word' id='word_1_265' title='bbox 3258 1401 3325 1452; x_wconf 92' lang='lat' dir='ltr'>ut</span> <span class='ocrx_word' id='word_1_266' title='bbox 3369 1401 3510 1470; x_wconf 83' lang='lat' dir='ltr'>puta</span> <span class='ocrx_word' id='word_1_267' title='bbox 3539 1396 3694 1452; x_wconf 70' lang='lat' dir='ltr'>Noun</span> 
     </span>
    </p>
   </div>
   <div class='ocr_carea' id='block_1_41' title="bbox 2043 1483 3687 1558">
    <p class='ocr_par' dir='ltr' id='par_1_41' title="bbox 2043 1483 3687 1558">
     <span class='ocr_line' id='line_1_41' title="bbox 2043 1483 3687 1558; baseline -0.001 -17"><span class='ocrx_word' id='word_1_268' title='bbox 2043 1489 2280 1541; x_wconf 80' lang='lat' dir='ltr'>Noeane.</span> <span class='ocrx_word' id='word_1_269' title='bbox 2313 1487 2476 1542; x_wconf 77' lang='lat' dir='ltr'>Noeis</span> <span class='ocrx_word' id='word_1_270' title='bbox 2505 1489 2725 1541; x_wconf 81' lang='lat' dir='ltr'>Noeane</span> <span class='ocrx_word' id='word_1_271' title='bbox 2757 1487 2894 1556; x_wconf 87' lang='lat'>(37.)</span> <span class='ocrx_word' id='word_1_272' title='bbox 2929 1488 2991 1541; x_wconf 91' lang='lat' dir='ltr'>In</span> <span class='ocrx_word' id='word_1_273' title='bbox 3034 1485 3261 1558; x_wconf 86' lang='lat' dir='ltr'>quibus</span> <span class='ocrx_word' id='word_1_274' title='bbox 3291 1484 3483 1557; x_wconf 86' lang='lat' dir='ltr'>magis</span> <span class='ocrx_word' id='word_1_275' title='bbox 3514 1483 3687 1540; x_wconf 86' lang='lat' dir='ltr'>intel-</span> 
     </span>
    </p>
   </div>
   <div class='ocr_carea' id='block_1_42' title="bbox 2041 1571 3692 1646">
    <p class='ocr_par' dir='ltr' id='par_1_42' title="bbox 2041 1571 3692 1646">
     <span class='ocr_line' id='line_1_42' title="bbox 2041 1571 3692 1646; baseline 0.001 -19"><span class='ocrx_word' id='word_1_276' title='bbox 2041 1572 2282 1643; x_wconf 86' lang='lat' dir='ltr'>ligimus</span> <span class='ocrx_word' id='word_1_277' title='bbox 2294 1572 2548 1645; x_wconf 89' lang='lat' dir='ltr'>syllabas</span> <span class='ocrx_word' id='word_1_278' title='bbox 2572 1573 2955 1630; x_wconf 87' lang='lat' dir='ltr'>modulationi</span> <span class='ocrx_word' id='word_1_279' title='bbox 2969 1578 3136 1646; x_wconf 89' lang='lat' dir='ltr'>aptas</span> <span class='ocrx_word' id='word_1_280' title='bbox 3153 1589 3330 1645; x_wconf 87' lang='lat' dir='ltr'>quam</span> <span class='ocrx_word' id='word_1_281' title='bbox 3355 1571 3692 1645; x_wconf 81' lang='lat' dir='ltr'>signiﬁcati-</span> 
     </span>
    </p>
   </div>
   <div class='ocr_carea' id='block_1_43' title="bbox 2041 1660 3692 1734">
    <p class='ocr_par' dir='ltr' id='par_1_43' title="bbox 2041 1660 3692 1734">
     <span class='ocr_line' id='line_1_43' title="bbox 2041 1660 3692 1734; baseline 0 -18"><span class='ocrx_word' id='word_1_282' title='bbox 2041 1679 2142 1716; x_wconf 89' lang='lat' dir='ltr'>vas</span> <span class='ocrx_word' id='word_1_283' title='bbox 2181 1679 2375 1718; x_wconf 88' lang='lat' dir='ltr'>rerum</span> <span class='ocrx_word' id='word_1_284' title='bbox 2405 1669 2596 1729; x_wconf 87' lang='lat' dir='ltr'>notas,</span> <span class='ocrx_word' id='word_1_285' title='bbox 2631 1681 2778 1734; x_wconf 86' lang='lat' dir='ltr'>quas</span> <span class='ocrx_word' id='word_1_286' title='bbox 2810 1681 2927 1719; x_wconf 89' lang='lat' dir='ltr'>una</span> <span class='ocrx_word' id='word_1_287' title='bbox 2955 1681 3090 1719; x_wconf 90' lang='lat' dir='ltr'>cum</span> <span class='ocrx_word' id='word_1_288' title='bbox 3137 1662 3269 1719; x_wconf 89' lang='lat' dir='ltr'>aliis</span> <span class='ocrx_word' id='word_1_289' title='bbox 3321 1660 3627 1718; x_wconf 83' lang='lat' dir='ltr'>versiculis</span> <span class='ocrx_word' id='word_1_290' title='bbox 3651 1677 3692 1716; x_wconf 64' lang='grc' dir='ltr'><strong>Β</strong></span> 
     </span>
    </p>
   </div>
   <div class='ocr_carea' id='block_1_44' title="bbox 2043 1747 3694 1823">
    <p class='ocr_par' dir='ltr' id='par_1_44' title="bbox 2043 1747 3694 1823">
     <span class='ocr_line' id='line_1_44' title="bbox 2043 1747 3694 1823; baseline -0.001 -18"><span class='ocrx_word' id='word_1_291' title='bbox 2043 1751 2338 1806; x_wconf 89' lang='lat' dir='ltr'>modernis</span> <span class='ocrx_word' id='word_1_292' title='bbox 2367 1754 2489 1806; x_wconf 88' lang='lat' dir='ltr'>tam</span> <span class='ocrx_word' id='word_1_293' title='bbox 2522 1751 2591 1807; x_wconf 88' lang='lat' dir='ltr'>ad</span> <span class='ocrx_word' id='word_1_294' title='bbox 2623 1751 2974 1823; x_wconf 88' lang='lat' dir='ltr'>antiphonas</span> <span class='ocrx_word' id='word_1_295' title='bbox 3002 1768 3180 1822; x_wconf 89' lang='lat' dir='ltr'>quam</span> <span class='ocrx_word' id='word_1_296' title='bbox 3227 1751 3299 1806; x_wconf 88' lang='lat' dir='ltr'>ad</span> <span class='ocrx_word' id='word_1_297' title='bbox 3331 1747 3604 1806; x_wconf 86' lang='lat' dir='ltr'>introitus</span> <span class='ocrx_word' id='word_1_298' title='bbox 3635 1751 3694 1804; x_wconf 89' lang='lat' dir='ltr'>et</span> 
     </span>
    </p>
   </div>
   <div class='ocr_carea' id='block_1_45' title="bbox 2041 1838 3692 1913">
    <p class='ocr_par' dir='ltr' id='par_1_45' title="bbox 2041 1838 3692 1913">
     <span class='ocr_line' id='line_1_45' title="bbox 2041 1838 3692 1913; baseline 0 -18"><span class='ocrx_word' id='word_1_299' title='bbox 2041 1839 2486 1897; x_wconf 90' lang='lat' dir='ltr'>communiones</span> <span class='ocrx_word' id='word_1_300' title='bbox 2518 1845 2796 1912; x_wconf 90' lang='lat' dir='ltr'>repertas,</span> <span class='ocrx_word' id='word_1_301' title='bbox 2825 1840 2885 1895; x_wconf 92' lang='lat' dir='ltr'>in</span> <span class='ocrx_word' id='word_1_302' title='bbox 2913 1840 3100 1913; x_wconf 87' lang='lat' dir='ltr'>capite</span> <span class='ocrx_word' id='word_1_303' title='bbox 3131 1838 3499 1912; x_wconf 89' lang='lat' dir='ltr'>singulorum</span> <span class='ocrx_word' id='word_1_304' title='bbox 3531 1842 3692 1895; x_wconf 71' lang='lat' dir='ltr'>tono-</span> 
     </span>
    </p>
   </div>
   <div class='ocr_carea' id='block_1_46' title="bbox 2041 1925 3689 2002">
    <p class='ocr_par' dir='ltr' id='par_1_46' title="bbox 2041 1925 3689 2002">
     <span class='ocr_line' id='line_1_46' title="bbox 2041 1925 3689 2002; baseline -0.001 -19"><span class='ocrx_word' id='word_1_305' title='bbox 2041 1946 2173 1984; x_wconf 89' lang='lat' dir='ltr'>rum</span> <span class='ocrx_word' id='word_1_306' title='bbox 2207 1929 2609 2002; x_wconf 85' lang='lat' dir='ltr'>apposuimus,</span> <span class='ocrx_word' id='word_1_307' title='bbox 2645 1934 2940 2002; x_wconf 84' lang='lat' dir='ltr'>quatenus</span> <span class='ocrx_word' id='word_1_308' title='bbox 2971 1946 3074 2001; x_wconf 88' lang='lat' dir='ltr'>per</span> <span class='ocrx_word' id='word_1_309' title='bbox 3106 1928 3224 1984; x_wconf 66' lang='lat' dir='ltr'>haec</span> <span class='ocrx_word' id='word_1_310' title='bbox 3284 1927 3412 1982; x_wconf 90' lang='lat' dir='ltr'>rudi</span> <span class='ocrx_word' id='word_1_311' title='bbox 3466 1925 3689 1982; x_wconf 81' lang='lat' dir='ltr'>cantari</span> 
     </span>
    </p>
   </div>
   <div class='ocr_carea' id='block_1_47' title="bbox 2041 2017 3042 2090">
    <p class='ocr_par' dir='ltr' id='par_1_47' title="bbox 2041 2017 3042 2090">
     <span class='ocr_line' id='line_1_47' title="bbox 2041 2017 3042 2090; baseline -0.002 -16"><span class='ocrx_word' id='word_1_312' title='bbox 2041 2017 2266 2074; x_wconf 89' lang='lat' dir='ltr'>facilior</span> <span class='ocrx_word' id='word_1_313' title='bbox 2291 2023 2513 2090; x_wconf 89' lang='lat' dir='ltr'>pateret</span> <span class='ocrx_word' id='word_1_314' title='bbox 2541 2019 2631 2075; x_wconf 86' lang='lat' dir='ltr'>via</span> <span class='ocrx_word' id='word_1_315' title='bbox 2658 2017 3042 2090; x_wconf 84' lang='lat' dir='ltr'>intelligendi.</span> 
     </span>
    </p>
   </div>
   <div class='ocr_carea' id='block_1_48' title="bbox 2112 2105 3684 2180">
    <p class='ocr_par' dir='ltr' id='par_1_48' title="bbox 2112 2105 3684 2180">
     <span class='ocr_line' id='line_1_48' title="bbox 2112 2105 3684 2180; baseline -0.001 -18"><span class='ocrx_word' id='word_1_316' title='bbox 2112 2109 2198 2163; x_wconf 82' lang='grc'>14.</span> <span class='ocrx_word' id='word_1_317' title='bbox 2233 2107 2518 2165; x_wconf 75' lang='lat' dir='ltr'>Caeterum</span> <span class='ocrx_word' id='word_1_318' title='bbox 2549 2109 2598 2164; x_wconf 88' lang='lat' dir='ltr'>si</span> <span class='ocrx_word' id='word_1_319' title='bbox 2631 2109 2765 2180; x_wconf 89' lang='lat' dir='ltr'>quis</span> <span class='ocrx_word' id='word_1_320' title='bbox 2795 2112 3002 2164; x_wconf 91' lang='lat' dir='ltr'>cantus</span> <span class='ocrx_word' id='word_1_321' title='bbox 3049 2111 3253 2163; x_wconf 87' lang='lat' dir='ltr'>contra</span> <span class='ocrx_word' id='word_1_322' title='bbox 3289 2105 3480 2177; x_wconf 82' lang='lat' dir='ltr'>legem</span> <span class='ocrx_word' id='word_1_323' title='bbox 3537 2105 3684 2161; x_wconf 80' lang='lat' dir='ltr'>fina-</span> 
     </span>
    </p>
   </div>
   <div class='ocr_carea' id='block_1_49' title="bbox 2040 2192 3688 2269">
    <p class='ocr_par' dir='ltr' id='par_1_49' title="bbox 2040 2192 3688 2269">
     <span class='ocr_line' id='line_1_49' title="bbox 2040 2192 3688 2269; baseline -0.003 -17"><span class='ocrx_word' id='word_1_324' title='bbox 2040 2197 2185 2252; x_wconf 91' lang='lat' dir='ltr'>lium</span> <span class='ocrx_word' id='word_1_325' title='bbox 2217 2202 2382 2252; x_wconf 90' lang='lat' dir='ltr'>ortus</span> <span class='ocrx_word' id='word_1_326' title='bbox 2414 2196 2734 2269; x_wconf 76' lang='lat' dir='ltr'>incmperit,</span> <span class='ocrx_word' id='word_1_327' title='bbox 2769 2196 2854 2252; x_wconf 87' lang='lat' dir='ltr'>vel</span> <span class='ocrx_word' id='word_1_328' title='bbox 2887 2196 3054 2251; x_wconf 85' lang='lat' dir='ltr'>aliter</span> <span class='ocrx_word' id='word_1_329' title='bbox 3083 2199 3286 2250; x_wconf 90' lang='lat' dir='ltr'>contra</span> <span class='ocrx_word' id='word_1_330' title='bbox 3334 2192 3595 2266; x_wconf 82' lang='lat' dir='ltr'>regulam</span> <span class='ocrx_word' id='word_1_331' title='bbox 3628 2193 3688 2247; x_wconf 91' lang='lat' dir='ltr'>in</span> 
     </span>
    </p>
   </div>
   <div class='ocr_carea' id='block_1_50' title="bbox 2041 2279 3690 2357">
    <p class='ocr_par' dir='ltr' id='par_1_50' title="bbox 2041 2279 3690 2357">
     <span class='ocr_line' id='line_1_50' title="bbox 2041 2279 3690 2357; baseline -0.004 -15"><span class='ocrx_word' id='word_1_332' title='bbox 2041 2303 2314 2357; x_wconf 89' lang='lat' dir='ltr'>processu</span> <span class='ocrx_word' id='word_1_333' title='bbox 2348 2285 2673 2353; x_wconf 88' lang='lat' dir='ltr'>variaverit,</span> <span class='ocrx_word' id='word_1_334' title='bbox 2707 2301 2811 2340; x_wconf 89' lang='lat' dir='ltr'>nec</span> <span class='ocrx_word' id='word_1_335' title='bbox 2840 2283 3035 2340; x_wconf 88' lang='lat' dir='ltr'>debito</span> <span class='ocrx_word' id='word_1_336' title='bbox 3075 2282 3177 2339; x_wconf 80' lang='lat' dir='ltr'>fini</span> <span class='ocrx_word' id='word_1_337' title='bbox 3233 2281 3568 2348; x_wconf 87' lang='lat' dir='ltr'>occurrerit,</span> <span class='ocrx_word' id='word_1_338' title='bbox 3607 2279 3690 2336; x_wconf 85' lang='lat' dir='ltr'>ita</span> 
     </span>
    </p>
   </div>
   <div class='ocr_carea' id='block_1_51' title="bbox 2041 2368 3688 2437">
    <p class='ocr_par' dir='ltr' id='par_1_51' title="bbox 2041 2368 3688 2437">
     <span class='ocr_line' id='line_1_51' title="bbox 2041 2368 3688 2437; baseline -0.004 -7"><span class='ocrx_word' id='word_1_339' title='bbox 2041 2381 2107 2430; x_wconf 89' lang='lat' dir='ltr'>ut</span> <span class='ocrx_word' id='word_1_340' title='bbox 2135 2377 2206 2432; x_wconf 90' lang='lat' dir='ltr'>ab</span> <span class='ocrx_word' id='word_1_341' title='bbox 2239 2393 2356 2431; x_wconf 89' lang='lat' dir='ltr'>uno</span> <span class='ocrx_word' id='word_1_342' title='bbox 2387 2382 2525 2431; x_wconf 90' lang='lat' dir='ltr'>tono</span> <span class='ocrx_word' id='word_1_343' title='bbox 2555 2375 2818 2432; x_wconf 83' lang='lat' dir='ltr'>ordiatur</span> <span class='ocrx_word' id='word_1_344' title='bbox 2844 2380 2902 2430; x_wconf 90' lang='lat' dir='ltr'>et</span> <span class='ocrx_word' id='word_1_345' title='bbox 2948 2374 3008 2429; x_wconf 91' lang='lat' dir='ltr'>in</span> <span class='ocrx_word' id='word_1_346' title='bbox 3041 2372 3155 2428; x_wconf 89' lang='lat' dir='ltr'>alio</span> <span class='ocrx_word' id='word_1_347' title='bbox 3189 2370 3554 2437; x_wconf 87' lang='lat' dir='ltr'>terminetur,</span> <span class='ocrx_word' id='word_1_348' title='bbox 3590 2368 3688 2424; x_wconf 84' lang='lat' dir='ltr'>hic</span> 
     </span>
    </p>
   </div>
   <div class='ocr_carea' id='block_1_52' title="bbox 2039 2458 3685 2536">
    <p class='ocr_par' dir='ltr' id='par_1_52' title="bbox 2039 2458 3685 2536">
     <span class='ocr_line' id='line_1_52' title="bbox 2039 2458 3685 2536; baseline -0.004 -17"><span class='ocrx_word' id='word_1_349' title='bbox 2039 2464 2174 2520; x_wconf 90' lang='lat' dir='ltr'>talis</span> <span class='ocrx_word' id='word_1_350' title='bbox 2207 2464 2395 2536; x_wconf 84' lang='lat' dir='ltr'>magis</span> <span class='ocrx_word' id='word_1_351' title='bbox 2429 2463 2645 2520; x_wconf 89' lang='lat' dir='ltr'>nothus</span> <span class='ocrx_word' id='word_1_352' title='bbox 2671 2481 2848 2535; x_wconf 88' lang='lat' dir='ltr'>quam</span> <span class='ocrx_word' id='word_1_353' title='bbox 2873 2461 3172 2535; x_wconf 88' lang='lat' dir='ltr'>legitimus</span> <span class='ocrx_word' id='word_1_354' title='bbox 3194 2464 3283 2516; x_wconf 89' lang='lat' dir='ltr'>est</span> <span class='ocrx_word' id='word_1_355' title='bbox 3304 2458 3685 2530; x_wconf 82' lang='lat' dir='ltr'>judicandus.</span> 
     </span>
    </p>
   </div>
   <div class='ocr_carea' id='block_1_53' title="bbox 2040 2545 3688 2626">
    <p class='ocr_par' dir='ltr' id='par_1_53' title="bbox 2040 2545 3688 2626">
     <span class='ocr_line' id='line_1_53' title="bbox 2040 2545 3688 2626; baseline -0.004 -18"><span class='ocrx_word' id='word_1_356' title='bbox 2040 2557 2404 2626; x_wconf 88' lang='lat' dir='ltr'>Quapropter</span> <span class='ocrx_word' id='word_1_357' title='bbox 2435 2571 2550 2610; x_wconf 92' lang='lat' dir='ltr'>non</span> <span class='ocrx_word' id='word_1_358' title='bbox 2609 2554 2801 2609; x_wconf 91' lang='lat' dir='ltr'>solum</span> <span class='ocrx_word' id='word_1_359' title='bbox 2835 2553 2958 2608; x_wconf 63' lang='lat' dir='ltr'>haec</span> <span class='ocrx_word' id='word_1_360' title='bbox 2989 2557 3162 2624; x_wconf 90' lang='lat' dir='ltr'>atque</span> <span class='ocrx_word' id='word_1_361' title='bbox 3202 2548 3316 2606; x_wconf 88' lang='lat' dir='ltr'>alia</span> <span class='ocrx_word' id='word_1_362' title='bbox 3344 2545 3688 2618; x_wconf 88' lang='lat' dir='ltr'>hujusmodi</span> 
     </span>
    </p>
   </div>
   <div class='ocr_carea' id='block_1_54' title="bbox 2037 2635 3686 2714">
    <p class='ocr_par' dir='ltr' id='par_1_54' title="bbox 2037 2635 3686 2714">
     <span class='ocr_line' id='line_1_54' title="bbox 2037 2635 3686 2714; baseline -0.004 -16"><span class='ocrx_word' id='word_1_363' title='bbox 2037 2645 2177 2698; x_wconf 86' lang='lat' dir='ltr'>vitia</span> <span class='ocrx_word' id='word_1_364' title='bbox 2214 2645 2273 2699; x_wconf 93' lang='lat' dir='ltr'>in</span> <span class='ocrx_word' id='word_1_365' title='bbox 2305 2643 2678 2699; x_wconf 90' lang='lat' dir='ltr'>cantionibus</span> <span class='ocrx_word' id='word_1_366' title='bbox 2698 2648 2837 2698; x_wconf 90' lang='lat' dir='ltr'>sunt</span> <span class='ocrx_word' id='word_1_367' title='bbox 2865 2641 3477 2714; x_wconf 68' lang='lat' dir='ltr'>priecavenda,verum</span> <span class='ocrx_word' id='word_1_368' title='bbox 3509 2635 3686 2692; x_wconf 82' lang='lat' dir='ltr'>etiam</span> 
     </span>
    </p>
   </div>
   <div class='ocr_carea' id='block_1_55' title="bbox 266 2714 3688 2805">
    <p class='ocr_par' dir='ltr' id='par_1_55' title="bbox 266 2714 3688 2805">
     <span class='ocr_line' id='line_1_55' title="bbox 266 2714 3688 2805; baseline 0.004 -35"><span class='ocrx_word' id='word_1_369' title='bbox 266 2714 336 2771; x_wconf 91' lang='lat' dir='ltr'>id</span> <span class='ocrx_word' id='word_1_370' title='bbox 372 2717 516 2773; x_wconf 84' lang='lat' dir='ltr'>ratio</span> <span class='ocrx_word' id='word_1_371' title='bbox 543 2720 819 2792; x_wconf 79' lang='lat' dir='ltr'>exposcit,</span> <span class='ocrx_word' id='word_1_372' title='bbox 845 2722 1088 2780; x_wconf 86' lang='lat' dir='ltr'>inferius</span> <span class='ocrx_word' id='word_1_373' title='bbox 1120 2728 1338 2796; x_wconf 86' lang='lat' dir='ltr'>redeat,</span> <span class='ocrx_word' id='word_1_374' title='bbox 1374 2734 1437 2786; x_wconf 91' lang='lat' dir='ltr'>ut</span> <span class='ocrx_word' id='word_1_375' title='bbox 1459 2747 1561 2802; x_wconf 90' lang='lat' dir='ltr'>per</span> <span class='ocrx_word' id='word_1_376' title='bbox 1585 2732 1932 2787; x_wconf 86' lang='lat' dir='ltr'>octavaloca</span> <span class='ocrx_word' id='word_1_377' title='bbox 2041 2731 2300 2805; x_wconf 85' lang='lat' dir='ltr'>pervigili</span> <span class='ocrx_word' id='word_1_378' title='bbox 2333 2732 2762 2787; x_wconf 89' lang='lat' dir='ltr'>observandum</span> <span class='ocrx_word' id='word_1_379' title='bbox 2785 2735 2875 2787; x_wconf 92' lang='lat' dir='ltr'>est</span> <span class='ocrx_word' id='word_1_380' title='bbox 2895 2747 3035 2786; x_wconf 90' lang='lat' dir='ltr'>cura</span> <span class='ocrx_word' id='word_1_381' title='bbox 3066 2729 3148 2784; x_wconf 91' lang='lat' dir='ltr'>uti</span> <span class='ocrx_word' id='word_1_382' title='bbox 3169 2726 3436 2784; x_wconf 88' lang='lat' dir='ltr'>attendas</span> <span class='ocrx_word' id='word_1_383' title='bbox 3453 2723 3526 2780; x_wconf 75' lang='lat' dir='ltr'>in</span> <span class='ocrx_word' id='word_1_384' title='bbox 3549 2739 3688 2782; x_wconf 86' lang='lat' dir='ltr'>neu-</span> 
     </span>
    </p>
   </div>
   <div class='ocr_carea' id='block_1_56' title="bbox 265 2813 1926 2885">
    <p class='ocr_par' dir='ltr' id='par_1_56' title="bbox 265 2813 1926 2885">
     <span class='ocr_line' id='line_1_56' title="bbox 265 2813 1926 2885; baseline 0.011 -27"><span class='ocrx_word' id='word_1_385' title='bbox 265 2820 445 2862; x_wconf 83' lang='lat' dir='ltr'>voces</span> <span class='ocrx_word' id='word_1_386' title='bbox 469 2813 752 2875; x_wconf 85' lang='lat' dir='ltr'>resumat,</span> <span class='ocrx_word' id='word_1_387' title='bbox 773 2827 919 2882; x_wconf 83' lang='lat' dir='ltr'>quas</span> <span class='ocrx_word' id='word_1_388' title='bbox 952 2813 1008 2867; x_wconf 90' lang='lat' dir='ltr'>in</span> <span class='ocrx_word' id='word_1_389' title='bbox 1030 2816 1430 2885; x_wconf 89' lang='lat' dir='ltr'>superioribus</span> <span class='ocrx_word' id='word_1_390' title='bbox 1457 2836 1572 2874; x_wconf 90' lang='lat' dir='ltr'>non</span> <span class='ocrx_word' id='word_1_391' title='bbox 1607 2819 1926 2877; x_wconf 88' lang='lat' dir='ltr'>invenerat.</span> 
     </span>
    </p>
   </div>
   <div class='ocr_carea' id='block_1_57' title="bbox 263 2893 1929 2978">
    <p class='ocr_par' dir='ltr' id='par_1_57' title="bbox 263 2893 1929 2978">
     <span class='ocr_line' id='line_1_57' title="bbox 263 2893 1929 2978; baseline 0.011 -31"><span class='ocrx_word' id='word_1_392' title='bbox 263 2893 388 2948; x_wconf 88' lang='lat' dir='ltr'>Sed</span> <span class='ocrx_word' id='word_1_393' title='bbox 422 2897 656 2966; x_wconf 87' lang='lat' dir='ltr'>quando</span> <span class='ocrx_word' id='word_1_394' title='bbox 687 2915 892 2956; x_wconf 87' lang='lat' dir='ltr'>vocum</span> <span class='ocrx_word' id='word_1_395' title='bbox 929 2901 1229 2960; x_wconf 90' lang='lat' dir='ltr'>intervallo</span> <span class='ocrx_word' id='word_1_396' title='bbox 1252 2907 1468 2978; x_wconf 86' lang='lat' dir='ltr'>singuli</span> <span class='ocrx_word' id='word_1_397' title='bbox 1497 2909 1818 2967; x_wconf 88' lang='lat' dir='ltr'>authentioi</span> <span class='ocrx_word' id='word_1_398' title='bbox 1840 2910 1929 2966; x_wconf 87' lang='lat' dir='ltr'>vel</span> 
     </span>
    </p>
   </div>
   <div class='ocr_carea' id='block_1_58' title="bbox 263 2980 1927 3062">
    <p class='ocr_par' dir='ltr' id='par_1_58' title="bbox 263 2980 1927 3062">
     <span class='ocr_line' id='line_1_58' title="bbox 263 2980 1927 3062; baseline 0.01 -26"><span class='ocrx_word' id='word_1_399' title='bbox 263 2980 546 3040; x_wconf 84' lang='lat' dir='ltr'>laterales</span> <span class='ocrx_word' id='word_1_400' title='bbox 563 3002 764 3044; x_wconf 89' lang='lat' dir='ltr'>eorum</span> <span class='ocrx_word' id='word_1_401' title='bbox 787 3006 968 3062; x_wconf 87' lang='lat' dir='ltr'>supra</span> <span class='ocrx_word' id='word_1_402' title='bbox 986 2991 1074 3050; x_wconf 85' lang='lat' dir='ltr'>vel</span> <span class='ocrx_word' id='word_1_403' title='bbox 1090 2992 1243 3049; x_wconf 89' lang='lat' dir='ltr'>infra</span> <span class='ocrx_word' id='word_1_404' title='bbox 1262 2994 1610 3052; x_wconf 81' lang='lat' dir='ltr'>intinalibus</span> <span class='ocrx_word' id='word_1_405' title='bbox 1631 2997 1848 3053; x_wconf 87' lang='lat' dir='ltr'>distent</span> <span class='ocrx_word' id='word_1_406' title='bbox 1867 2998 1927 3053; x_wconf 91' lang='lat' dir='ltr'>in</span> 
     </span>
    </p>
   </div>
   <div class='ocr_carea' id='block_1_59' title="bbox 263 3068 1922 3150">
    <p class='ocr_par' dir='ltr' id='par_1_59' title="bbox 263 3068 1922 3150">
     <span class='ocr_line' id='line_1_59' title="bbox 263 3068 1922 3150; baseline 0.012 -27"><span class='ocrx_word' id='word_1_407' title='bbox 263 3068 623 3131; x_wconf 78' lang='lat' dir='ltr'>ditl’erentiis</span> <span class='ocrx_word' id='word_1_408' title='bbox 655 3076 798 3144; x_wconf 88' lang='lat' dir='ltr'>suis,</span> <span class='ocrx_word' id='word_1_409' title='bbox 834 3078 921 3134; x_wconf 87' lang='lat' dir='ltr'>vel</span> <span class='ocrx_word' id='word_1_410' title='bbox 955 3096 1130 3150; x_wconf 89' lang='lat' dir='ltr'>quam</span> <span class='ocrx_word' id='word_1_411' title='bbox 1163 3082 1235 3136; x_wconf 89' lang='lat' dir='ltr'>ad</span> <span class='ocrx_word' id='word_1_412' title='bbox 1269 3083 1538 3140; x_wconf 88' lang='lat' dir='ltr'>ultimam</span> <span class='ocrx_word' id='word_1_413' title='bbox 1568 3087 1922 3143; x_wconf 67' lang='lat' dir='ltr'>amatorum.</span> 
     </span>
    </p>
   </div>
   <div class='ocr_carea' id='block_1_60' title="bbox 259 3159 1926 3244">
    <p class='ocr_par' dir='ltr' id='par_1_60' title="bbox 259 3159 1926 3244">
     <span class='ocr_line' id='line_1_60' title="bbox 259 3159 1926 3244; baseline 0.011 -30"><span class='ocrx_word' id='word_1_414' title='bbox 259 3159 446 3216; x_wconf 77' lang='lat' dir='ltr'>Amen</span> <span class='ocrx_word' id='word_1_415' title='bbox 474 3161 753 3234; x_wconf 75' lang='lat' dir='ltr'>syllabam</span> <span class='ocrx_word' id='word_1_416' title='bbox 790 3166 1190 3224; x_wconf 87' lang='lat' dir='ltr'>habitudinem</span> <span class='ocrx_word' id='word_1_417' title='bbox 1215 3187 1316 3226; x_wconf 91' lang='lat' dir='ltr'>seu</span> <span class='ocrx_word' id='word_1_418' title='bbox 1349 3173 1670 3244; x_wconf 87' lang='lat' dir='ltr'>spatiorum</span> <span class='ocrx_word' id='word_1_419' title='bbox 1705 3175 1926 3232; x_wconf 81' lang='lat' dir='ltr'>dimen-</span> 
     </span>
    </p>
   </div>
   <div class='ocr_carea' id='block_1_61' title="bbox 263 3248 1924 3336">
    <p class='ocr_par' dir='ltr' id='par_1_61' title="bbox 263 3248 1924 3336">
     <span class='ocr_line' id='line_1_61' title="bbox 263 3248 1924 3336; baseline 0.013 -35"><span class='ocrx_word' id='word_1_420' title='bbox 263 3248 500 3305; x_wconf 81' lang='lat' dir='ltr'>sionem</span> <span class='ocrx_word' id='word_1_421' title='bbox 533 3249 808 3324; x_wconf 85' lang='lat' dir='ltr'>habeant,</span> <span class='ocrx_word' id='word_1_422' title='bbox 841 3256 1054 3314; x_wconf 89' lang='lat' dir='ltr'>melius</span> <span class='ocrx_word' id='word_1_423' title='bbox 1085 3261 1481 3328; x_wconf 88' lang='lat' dir='ltr'>ostendemus,</span> <span class='ocrx_word' id='word_1_424' title='bbox 1531 3279 1664 3318; x_wconf 86' lang='lat' dir='ltr'>cum</span> <span class='ocrx_word' id='word_1_425' title='bbox 1698 3265 1751 3318; x_wconf 91' lang='lat' dir='ltr'>in</span> <span class='ocrx_word' id='word_1_426' title='bbox 1798 3264 1924 3336; x_wconf 92' lang='lat' dir='ltr'>ipso</span> 
     </span>
    </p>
   </div>
   <div class='ocr_carea' id='block_1_62' title="bbox 262 3339 1922 3425">
    <p class='ocr_par' dir='ltr' id='par_1_62' title="bbox 262 3339 1922 3425">
     <span class='ocr_line' id='line_1_62' title="bbox 262 3339 1922 3425; baseline 0.013 -35"><span class='ocrx_word' id='word_1_427' title='bbox 262 3339 768 3398; x_wconf 85' lang='lat' dir='ltr'>tonorum&#39;libello</span> <span class='ocrx_word' id='word_1_428' title='bbox 785 3344 911 3399; x_wconf 88' lang='lat' dir='ltr'>suis</span> <span class='ocrx_word' id='word_1_429' title='bbox 932 3345 988 3398; x_wconf 90' lang='lat' dir='ltr'>in</span> <span class='ocrx_word' id='word_1_430' title='bbox 1016 3343 1156 3400; x_wconf 90' lang='lat' dir='ltr'>locis</span> <span class='ocrx_word' id='word_1_431' title='bbox 1182 3347 1239 3401; x_wconf 91' lang='lat' dir='ltr'>id</span> <span class='ocrx_word' id='word_1_432' title='bbox 1262 3348 1548 3419; x_wconf 80' lang='lat' dir='ltr'>explicare</span> <span class='ocrx_word' id='word_1_433' title='bbox 1562 3353 1922 3425; x_wconf 90' lang='lat' dir='ltr'>curabimus,</span> 
     </span>
    </p>
   </div>
   <div class='ocr_carea' id='block_1_63' title="bbox 261 3425 1923 3513">
    <p class='ocr_par' dir='ltr' id='par_1_63' title="bbox 261 3425 1923 3513">
     <span class='ocr_line' id='line_1_63' title="bbox 261 3425 1923 3513; baseline 0.013 -35"><span class='ocrx_word' id='word_1_434' title='bbox 261 3425 416 3496; x_wconf 90' lang='lat' dir='ltr'>quia</span> <span class='ocrx_word' id='word_1_435' title='bbox 444 3429 663 3484; x_wconf 87' lang='lat' dir='ltr'>arctius</span> <span class='ocrx_word' id='word_1_436' title='bbox 695 3433 990 3487; x_wconf 69' lang='lat' dir='ltr'>memoriae</span> <span class='ocrx_word' id='word_1_437' title='bbox 1017 3438 1465 3493; x_wconf 90' lang='lat' dir='ltr'>commendatur</span> <span class='ocrx_word' id='word_1_438' title='bbox 1494 3440 1782 3512; x_wconf 90' lang='lat' dir='ltr'>quidquid</span> <span class='ocrx_word' id='word_1_439' title='bbox 1808 3460 1923 3513; x_wconf 73' lang='lat' dir='ltr'>prie</span> 
     </span>
    </p>
   </div>
   <div class='ocr_carea' id='block_1_64' title="bbox 258 3514 1922 3588">
    <p class='ocr_par' dir='ltr' id='par_1_64' title="bbox 258 3514 1922 3588">
     <span class='ocr_line' id='line_1_64' title="bbox 258 3514 1922 3588; baseline 0.011 -18"><span class='ocrx_word' id='word_1_440' title='bbox 258 3514 456 3570; x_wconf 84' lang='lat' dir='ltr'>oculis</span> <span class='ocrx_word' id='word_1_441' title='bbox 489 3516 722 3574; x_wconf 88' lang='lat' dir='ltr'>babetu.</span> <span class='ocrx_word' id='word_1_442' title='bbox 761 3521 877 3577; x_wconf 87' lang='lat' dir='ltr'>Hoc</span> <span class='ocrx_word' id='word_1_443' title='bbox 908 3527 1102 3579; x_wconf 90' lang='lat' dir='ltr'>tamen</span> <span class='ocrx_word' id='word_1_444' title='bbox 1130 3524 1365 3581; x_wconf 90' lang='lat' dir='ltr'>interim</span> <span class='ocrx_word' id='word_1_445' title='bbox 1416 3529 1668 3584; x_wconf 89' lang='lat' dir='ltr'>breviter</span> <span class='ocrx_word' id='word_1_446' title='bbox 1716 3537 1922 3588; x_wconf 89' lang='lat' dir='ltr'>notan-</span> 
     </span>
    </p>
   </div>
   <div class='ocr_carea' id='block_1_65' title="bbox 257 3602 1924 3684">
    <p class='ocr_par' dir='ltr' id='par_1_65' title="bbox 257 3602 1924 3684">
     <span class='ocr_line' id='line_1_65' title="bbox 257 3602 1924 3684; baseline 0.011 -26"><span class='ocrx_word' id='word_1_447' title='bbox 257 3602 416 3658; x_wconf 89' lang='lat' dir='ltr'>dum</span> <span class='ocrx_word' id='word_1_448' title='bbox 449 3606 602 3676; x_wconf 90' lang='lat' dir='ltr'>quod</span> <span class='ocrx_word' id='word_1_449' title='bbox 648 3609 840 3664; x_wconf 89' lang='lat' dir='ltr'>omnis</span> <span class='ocrx_word' id='word_1_450' title='bbox 887 3612 1226 3684; x_wconf 88' lang='lat' dir='ltr'>principalis</span> <span class='ocrx_word' id='word_1_451' title='bbox 1284 3633 1486 3682; x_wconf 89' lang='lat' dir='ltr'>sonus,</span> <span class='ocrx_word' id='word_1_452' title='bbox 1543 3620 1663 3675; x_wconf 88' lang='lat' dir='ltr'>sive</span> <span class='ocrx_word' id='word_1_453' title='bbox 1694 3620 1788 3676; x_wconf 92' lang='lat' dir='ltr'>ille</span> <span class='ocrx_word' id='word_1_454' title='bbox 1846 3622 1924 3677; x_wconf 91' lang='lat' dir='ltr'>sit</span> 
     </span>
    </p>
   </div>
   <div class='ocr_carea' id='block_1_66' title="bbox 254 3691 1922 3780">
    <p class='ocr_par' dir='ltr' id='par_1_66' title="bbox 254 3691 1922 3780">
     <span class='ocr_line' id='line_1_66' title="bbox 254 3691 1922 3780; baseline 0.013 -34"><span class='ocrx_word' id='word_1_455' title='bbox 254 3691 592 3780; x_wconf 69' lang='lat' dir='ltr'>authentici</span> <span class='ocrx_word' id='word_1_456' title='bbox 623 3696 940 3768; x_wconf 87' lang='lat' dir='ltr'>cujuslibet</span> <span class='ocrx_word' id='word_1_457' title='bbox 979 3701 1101 3756; x_wconf 91' lang='lat' dir='ltr'>sive</span> <span class='ocrx_word' id='word_1_458' title='bbox 1132 3702 1322 3778; x_wconf 86' lang='lat' dir='ltr'>plagis</span> <span class='ocrx_word' id='word_1_459' title='bbox 1351 3705 1500 3775; x_wconf 89' lang='lat' dir='ltr'>ejus,</span> <span class='ocrx_word' id='word_1_460' title='bbox 1535 3724 1768 3780; x_wconf 87' lang='lat' dir='ltr'>semper</span> <span class='ocrx_word' id='word_1_461' title='bbox 1797 3727 1830 3766; x_wconf 94' lang='lat' dir='ltr'>a</span> <span class='ocrx_word' id='word_1_462' title='bbox 1859 3711 1922 3766; x_wconf 85' lang='lat' dir='ltr'>ﬁ-</span> 
     </span>
    </p>
   </div>
   <div class='ocr_carea' id='block_1_67' title="bbox 258 3777 1782 3869">
    <p class='ocr_par' dir='ltr' id='par_1_67' title="bbox 258 3777 1782 3869">
     <span class='ocr_line' id='line_1_67' title="bbox 258 3777 1782 3869; baseline 0.012 -35"><span class='ocrx_word' id='word_1_463' title='bbox 258 3777 387 3834; x_wconf 86' lang='lat' dir='ltr'>nali</span> <span class='ocrx_word' id='word_1_464' title='bbox 423 3797 554 3848; x_wconf 86' lang='lat' dir='ltr'>suo,</span> <span class='ocrx_word' id='word_1_465' title='bbox 585 3782 644 3839; x_wconf 91' lang='lat' dir='ltr'>in</span> <span class='ocrx_word' id='word_1_466' title='bbox 675 3800 851 3856; x_wconf 89' lang='lat' dir='ltr'>quem</span> <span class='ocrx_word' id='word_1_467' title='bbox 879 3788 1224 3860; x_wconf 87' lang='lat' dir='ltr'>regulariter</span> <span class='ocrx_word' id='word_1_468' title='bbox 1253 3793 1487 3862; x_wconf 88' lang='lat' dir='ltr'>desinit,</span> <span class='ocrx_word' id='word_1_469' title='bbox 1521 3777 1782 3869; x_wconf 77' lang='lat' dir='ltr'>incipiat.</span> 
     </span>
    </p>
   </div>
   <div class='ocr_carea' id='block_1_68' title="bbox 339 3869 1916 3956">
    <p class='ocr_par' dir='ltr' id='par_1_68' title="bbox 339 3869 1916 3956">
     <span class='ocr_line' id='line_1_68' title="bbox 339 3869 1916 3956; baseline 0.015 -35"><span class='ocrx_word' id='word_1_470' title='bbox 339 3869 430 3925; x_wconf 85' lang='grc'>12.</span> <span class='ocrx_word' id='word_1_471' title='bbox 447 3869 788 3929; x_wconf 68' lang='grc' dir='ltr'>Βίσθνθηιὶω</span> <span class='ocrx_word' id='word_1_472' title='bbox 812 3893 964 3941; x_wconf 90' lang='lat' dir='ltr'>vero,</span> <span class='ocrx_word' id='word_1_473' title='bbox 985 3895 1112 3950; x_wconf 74' lang='lat' dir='ltr'>quae</span> <span class='ocrx_word' id='word_1_474' title='bbox 1136 3885 1376 3937; x_wconf 89' lang='lat' dir='ltr'>ornatus</span> <span class='ocrx_word' id='word_1_475' title='bbox 1399 3899 1577 3940; x_wconf 86' lang='lat' dir='ltr'>causa</span> <span class='ocrx_word' id='word_1_476' title='bbox 1598 3888 1916 3956; x_wconf 91' lang='lat' dir='ltr'>peritorum</span> 
     </span>
    </p>
   </div>
   <div class='ocr_carea' id='block_1_69' title="bbox 255 3961 1918 4034">
    <p class='ocr_par' dir='ltr' id='par_1_69' title="bbox 255 3961 1918 4034">
     <span class='ocr_line' id='line_1_69' title="bbox 255 3961 1918 4034; baseline 0.012 -21"><span class='ocrx_word' id='word_1_477' title='bbox 255 3961 575 4016; x_wconf 78' lang='lat' dir='ltr'>cantorum</span> <span class='ocrx_word' id='word_1_478' title='bbox 603 3961 818 4033; x_wconf 85' lang='lat' dir='ltr'>placito</span> <span class='ocrx_word' id='word_1_479' title='bbox 850 3970 989 4021; x_wconf 90' lang='lat' dir='ltr'>sunt</span> <span class='ocrx_word' id='word_1_480' title='bbox 1036 3967 1299 4034; x_wconf 73' lang='lat' dir='ltr'>inventae,</span> <span class='ocrx_word' id='word_1_481' title='bbox 1333 3987 1366 4026; x_wconf 88' lang='lat' dir='ltr'>a</span> <span class='ocrx_word' id='word_1_482' title='bbox 1424 3972 1591 4029; x_wconf 89' lang='lat' dir='ltr'>nobis</span> <span class='ocrx_word' id='word_1_483' title='bbox 1642 3974 1724 4030; x_wconf 89' lang='lat' dir='ltr'>ita</span> <span class='ocrx_word' id='word_1_484' title='bbox 1777 3981 1918 4033; x_wconf 90' lang='lat' dir='ltr'>sunt</span> 
     </span>
    </p>
   </div>
   <div class='ocr_carea' id='block_1_70' title="bbox 255 4045 1916 4136">
    <p class='ocr_par' dir='ltr' id='par_1_70' title="bbox 255 4045 1916 4136">
     <span class='ocr_line' id='line_1_70' title="bbox 255 4045 1916 4136; baseline 0.013 -36"><span class='ocrx_word' id='word_1_485' title='bbox 255 4045 568 4136; x_wconf 61' lang='lat' dir='ltr'>ordinata,</span> <span class='ocrx_word' id='word_1_486' title='bbox 599 4055 662 4106; x_wconf 90' lang='lat' dir='ltr'>ut</span> <span class='ocrx_word' id='word_1_487' title='bbox 682 4053 972 4126; x_wconf 84' lang='lat' dir='ltr'>cujusque</span> <span class='ocrx_word' id='word_1_488' title='bbox 994 4057 1115 4112; x_wconf 90' lang='lat' dir='ltr'>toni</span> <span class='ocrx_word' id='word_1_489' title='bbox 1134 4058 1485 4128; x_wconf 72' lang='lat' dir='ltr'>differentia,</span> <span class='ocrx_word' id='word_1_490' title='bbox 1506 4062 1554 4116; x_wconf 87' lang='lat' dir='ltr'>si</span> <span class='ocrx_word' id='word_1_491' title='bbox 1573 4079 1690 4133; x_wconf 89' lang='lat' dir='ltr'>qua</span> <span class='ocrx_word' id='word_1_492' title='bbox 1713 4064 1770 4119; x_wconf 90' lang='lat' dir='ltr'>in</span> <span class='ocrx_word' id='word_1_493' title='bbox 1789 4065 1916 4136; x_wconf 90' lang='lat' dir='ltr'>ipso</span> 
     </span>
    </p>
   </div>
   <div class='ocr_carea' id='block_1_71' title="bbox 256 4134 1918 4216">
    <p class='ocr_par' dir='ltr' id='par_1_71' title="bbox 256 4134 1918 4216">
     <span class='ocr_line' id='line_1_71' title="bbox 256 4134 1918 4216; baseline 0.012 -28"><span class='ocrx_word' id='word_1_494' title='bbox 256 4134 428 4190; x_wconf 83' lang='lat' dir='ltr'>ﬁnali</span> <span class='ocrx_word' id='word_1_495' title='bbox 461 4136 720 4210; x_wconf 84' lang='lat' dir='ltr'>incipiat,</span> <span class='ocrx_word' id='word_1_496' title='bbox 756 4140 1017 4212; x_wconf 89' lang='lat' dir='ltr'>primum</span> <span class='ocrx_word' id='word_1_497' title='bbox 1053 4143 1254 4201; x_wconf 88' lang='lat' dir='ltr'>:locum</span> <span class='ocrx_word' id='word_1_498' title='bbox 1315 4147 1596 4216; x_wconf 87' lang='lat' dir='ltr'>obtineat,</span> <span class='ocrx_word' id='word_1_499' title='bbox 1658 4134 1918 4208; x_wconf 80' lang='lat' dir='ltr'>secunda</span> 
     </span>
    </p>
   </div>
   <div class='ocr_carea' id='block_1_72' title="bbox 257 4227 1915 4310">
    <p class='ocr_par' dir='ltr' id='par_1_72' title="bbox 257 4227 1915 4310">
     <span class='ocr_line' id='line_1_72' title="bbox 257 4227 1915 4310; baseline 0.013 -33"><span class='ocrx_word' id='word_1_500' title='bbox 257 4238 404 4279; x_wconf 83' lang='lat' dir='ltr'>vero</span> <span class='ocrx_word' id='word_1_501' title='bbox 457 4227 787 4296; x_wconf 82' lang='lat' dir='ltr'>proximum</span> <span class='ocrx_word' id='word_1_502' title='bbox 849 4229 1094 4290; x_wconf 90' lang='lat' dir='ltr'>inferius</span> <span class='ocrx_word' id='word_1_503' title='bbox 1146 4234 1361 4304; x_wconf 90' lang='lat' dir='ltr'>locum,</span> <span class='ocrx_word' id='word_1_504' title='bbox 1416 4237 1616 4310; x_wconf 88' lang='lat' dir='ltr'>sicque</span> <span class='ocrx_word' id='word_1_505' title='bbox 1672 4240 1915 4298; x_wconf 89' lang='lat' dir='ltr'>inferius</span> 
     </span>
    </p>
   </div>
   <div class='ocr_carea' id='block_1_73' title="bbox 255 4315 1915 4402">
    <p class='ocr_par' dir='ltr' id='par_1_73' title="bbox 255 4315 1915 4402">
     <span class='ocr_line' id='line_1_73' title="bbox 255 4315 1915 4402; baseline 0.014 -37"><span class='ocrx_word' id='word_1_506' title='bbox 255 4328 575 4402; x_wconf 84' lang='lat' dir='ltr'>quousque</span> <span class='ocrx_word' id='word_1_507' title='bbox 615 4315 909 4375; x_wconf 88' lang='lat' dir='ltr'>invenitur</span> <span class='ocrx_word' id='word_1_508' title='bbox 954 4323 1343 4394; x_wconf 84' lang='lat' dir='ltr'>progreditur.</span> <span class='ocrx_word' id='word_1_509' title='bbox 1396 4326 1616 4384; x_wconf 88' lang='lat' dir='ltr'>Deinde</span> <span class='ocrx_word' id='word_1_510' title='bbox 1644 4331 1915 4402; x_wconf 89' lang='lat' dir='ltr'>superius</span> 
     </span>
    </p>
   </div>
   <div class='ocr_carea' id='block_1_74' title="bbox 243 4401 1914 4489">
    <p class='ocr_par' dir='ltr' id='par_1_74' title="bbox 243 4401 1914 4489">
     <span class='ocr_line' id='line_1_74' title="bbox 243 4401 1914 4489; baseline 0.013 -34"><span class='ocrx_word' id='word_1_511' title='bbox 243 4401 554 4474; x_wconf 80' lang='lat' dir='ltr'>proximo,</span> <span class='ocrx_word' id='word_1_512' title='bbox 581 4421 699 4476; x_wconf 92' lang='lat' dir='ltr'>quo</span> <span class='ocrx_word' id='word_1_513' title='bbox 729 4407 969 4476; x_wconf 88' lang='lat' dir='ltr'>occurit,</span> <span class='ocrx_word' id='word_1_514' title='bbox 999 4409 1131 4466; x_wconf 86' lang='lat' dir='ltr'>loco</span> <span class='ocrx_word' id='word_1_515' title='bbox 1161 4413 1374 4470; x_wconf 89' lang='lat' dir='ltr'>iterum</span> <span class='ocrx_word' id='word_1_516' title='bbox 1410 4415 1652 4489; x_wconf 89' lang='lat' dir='ltr'>incipiat</span> <span class='ocrx_word' id='word_1_517' title='bbox 1683 4401 1914 4476; x_wconf 81' lang='lat' dir='ltr'>currere</span> 
     </span>
    </p>
   </div>
   <div class='ocr_carea' id='block_1_75' title="bbox 2040 2811 3684 2891">
    <p class='ocr_par' dir='ltr' id='par_1_75' title="bbox 2040 2811 3684 2891">
     <span class='ocr_line' id='line_1_75' title="bbox 2040 2811 3684 2891; baseline -0.005 -15"><span class='ocrx_word' id='word_1_518' title='bbox 2040 2821 2174 2884; x_wconf 89' lang='lat' dir='ltr'>mis,</span> <span class='ocrx_word' id='word_1_519' title='bbox 2207 2821 2308 2875; x_wconf 91' lang='lat' dir='ltr'>ubi</span> <span class='ocrx_word' id='word_1_520' title='bbox 2339 2837 2481 2876; x_wconf 75' lang='lat' dir='ltr'>rarze</span> <span class='ocrx_word' id='word_1_521' title='bbox 2523 2820 2632 2891; x_wconf 87' lang='lat'>(38)</span> <span class='ocrx_word' id='word_1_522' title='bbox 2665 2836 2941 2876; x_wconf 85' lang='lat' dir='ltr'>sonorum</span> <span class='ocrx_word' id='word_1_523' title='bbox 2973 2816 3214 2874; x_wconf 70' lang='lat' dir='ltr'>morula</span> <span class='ocrx_word' id='word_1_524' title='bbox 3244 2812 3555 2879; x_wconf 85' lang='lat' dir='ltr'>breviores,</span> <span class='ocrx_word' id='word_1_525' title='bbox 3582 2811 3684 2867; x_wconf 89' lang='lat' dir='ltr'>ubi</span> 
     </span>
    </p>
   </div>
   <div class='ocr_carea' id='block_1_76' title="bbox 2037 2900 3682 2981">
    <p class='ocr_par' dir='ltr' id='par_1_76' title="bbox 2037 2900 3682 2981">
     <span class='ocr_line' id='line_1_76' title="bbox 2037 2900 3682 2981; baseline -0.005 -17"><span class='ocrx_word' id='word_1_526' title='bbox 2037 2927 2172 2966; x_wconf 90' lang='lat' dir='ltr'>vero</span> <span class='ocrx_word' id='word_1_527' title='bbox 2203 2910 2324 2966; x_wconf 89' lang='lat' dir='ltr'>sint</span> <span class='ocrx_word' id='word_1_528' title='bbox 2354 2909 2657 2965; x_wconf 65' lang='lat' dir='ltr'>metienda</span> <span class='ocrx_word' id='word_1_529' title='bbox 2688 2909 3112 2981; x_wconf 88' lang='lat' dir='ltr'>productiores,</span> <span class='ocrx_word' id='word_1_530' title='bbox 3147 2922 3218 2960; x_wconf 90' lang='lat' dir='ltr'>ne</span> <span class='ocrx_word' id='word_1_531' title='bbox 3251 2902 3462 2975; x_wconf 82' lang='lat' dir='ltr'>raptim</span> <span class='ocrx_word' id='word_1_532' title='bbox 3495 2900 3682 2958; x_wconf 42' lang='lat' dir='ltr'>et&#39;mi-</span> 
     </span>
    </p>
   </div>
   <div class='ocr_carea' id='block_1_77' title="bbox 2039 2991 3686 3070">
    <p class='ocr_par' dir='ltr' id='par_1_77' title="bbox 2039 2991 3686 3070">
     <span class='ocr_line' id='line_1_77' title="bbox 2039 2991 3686 3070; baseline -0.005 -16"><span class='ocrx_word' id='word_1_533' title='bbox 2039 2999 2197 3055; x_wconf 91' lang='lat' dir='ltr'>nime</span> <span class='ocrx_word' id='word_1_534' title='bbox 2229 3000 2326 3053; x_wconf 91' lang='lat' dir='ltr'>diu</span> <span class='ocrx_word' id='word_1_535' title='bbox 2363 2998 2619 3070; x_wconf 86' lang='lat' dir='ltr'>proferas</span> <span class='ocrx_word' id='word_1_536' title='bbox 2652 2998 2807 3070; x_wconf 88' lang='lat' dir='ltr'>quod</span> <span class='ocrx_word' id='word_1_537' title='bbox 2838 2997 3062 3051; x_wconf 91' lang='lat' dir='ltr'>diutius</span> <span class='ocrx_word' id='word_1_538' title='bbox 3093 2998 3150 3049; x_wconf 86' lang='lat' dir='ltr'>et</span> <span class='ocrx_word' id='word_1_539' title='bbox 3181 2991 3523 3064; x_wconf 89' lang='lat' dir='ltr'>productius</span> <span class='ocrx_word' id='word_1_540' title='bbox 3545 3005 3686 3061; x_wconf 71' lang='lat' dir='ltr'>prea-</span> 
     </span>
    </p>
   </div>
   <div class='ocr_carea' id='block_1_78' title="bbox 2038 3080 3676 3157">
    <p class='ocr_par' dir='ltr' id='par_1_78' title="bbox 2038 3080 3676 3157">
     <span class='ocr_line' id='line_1_78' title="bbox 2038 3080 3676 3157; baseline -0.007 -14"><span class='ocrx_word' id='word_1_541' title='bbox 2038 3089 2231 3143; x_wconf 90' lang='lat' dir='ltr'>cinere</span> <span class='ocrx_word' id='word_1_542' title='bbox 2257 3087 2464 3142; x_wconf 89' lang='lat' dir='ltr'>statuit</span> <span class='ocrx_word' id='word_1_543' title='bbox 2502 3084 2914 3157; x_wconf 85' lang='lat' dir='ltr'>magisterialis</span> <span class='ocrx_word' id='word_1_544' title='bbox 2962 3082 3300 3139; x_wconf 84' lang='lat' dir='ltr'>auctoritas.</span> <span class='ocrx_word' id='word_1_545' title='bbox 3335 3080 3534 3150; x_wconf 87' lang='lat' dir='ltr'>Neque</span> <span class='ocrx_word' id='word_1_546' title='bbox 3573 3095 3676 3134; x_wconf 89' lang='lat' dir='ltr'>au-</span> 
     </span>
    </p>
   </div>
   <div class='ocr_carea' id='block_1_79' title="bbox 2038 3166 3680 3248">
    <p class='ocr_par' dir='ltr' id='par_1_79' title="bbox 2038 3166 3680 3248">
     <span class='ocr_line' id='line_1_79' title="bbox 2038 3166 3680 3248; baseline -0.005 -16"><span class='ocrx_word' id='word_1_547' title='bbox 2038 3177 2234 3232; x_wconf 91' lang='lat' dir='ltr'>diendi</span> <span class='ocrx_word' id='word_1_548' title='bbox 2253 3180 2392 3232; x_wconf 91' lang='lat' dir='ltr'>sunt</span> <span class='ocrx_word' id='word_1_549' title='bbox 2408 3175 2505 3248; x_wconf 91' lang='lat' dir='ltr'>qui</span> <span class='ocrx_word' id='word_1_550' title='bbox 2525 3175 2864 3230; x_wconf 90' lang='lat' dir='ltr'>dicuntsine</span> <span class='ocrx_word' id='word_1_551' title='bbox 2879 3172 3098 3230; x_wconf 89' lang='lat' dir='ltr'>ratione</span> <span class='ocrx_word' id='word_1_552' title='bbox 3111 3169 3349 3227; x_wconf 90' lang='lat' dir='ltr'>omnino</span> <span class='ocrx_word' id='word_1_553' title='bbox 3363 3166 3680 3224; x_wconf 86' lang='lat' dir='ltr'>consistere</span> 
     </span>
    </p>
   </div>
   <div class='ocr_carea' id='block_1_80' title="bbox 2034 3260 3681 3354">
    <p class='ocr_par' dir='ltr' id='par_1_80' title="bbox 2034 3260 3681 3354">
     <span class='ocr_line' id='line_1_80' title="bbox 2034 3260 3681 3354; baseline -0.005 -33"><span class='ocrx_word' id='word_1_554' title='bbox 2034 3267 2190 3338; x_wconf 89' lang='lat' dir='ltr'>quod</span> <span class='ocrx_word' id='word_1_555' title='bbox 2225 3266 2281 3320; x_wconf 91' lang='lat' dir='ltr'>in</span> <span class='ocrx_word' id='word_1_556' title='bbox 2342 3269 2517 3320; x_wconf 89' lang='lat' dir='ltr'>cantu</span> <span class='ocrx_word' id='word_1_557' title='bbox 2550 3269 2695 3337; x_wconf 76' lang='lat' dir='ltr'>aptae</span> <span class='ocrx_word' id='word_1_558' title='bbox 2750 3260 3189 3318; x_wconf 87' lang='lat' dir='ltr'>numerositatis</span> <span class='ocrx_word' id='word_1_559' title='bbox 3239 3275 3465 3314; x_wconf 89' lang='lat' dir='ltr'>moram</span> <span class='ocrx_word' id='word_1_560' title='bbox 3522 3272 3681 3354; x_wconf 77' lang='lat' dir='ltr'>nunc</span> 
     </span>
    </p>
   </div>
   <div class='ocr_carea' id='block_1_81' title="bbox 2032 3346 3679 3420">
    <p class='ocr_par' dir='ltr' id='par_1_81' title="bbox 2032 3346 3679 3420">
     <span class='ocr_line' id='line_1_81' title="bbox 2032 3346 3679 3420; baseline -0.009 -9"><span class='ocrx_word' id='word_1_561' title='bbox 2032 3354 2395 3418; x_wconf 89' lang='lat' dir='ltr'>velociorem,</span> <span class='ocrx_word' id='word_1_562' title='bbox 2438 3370 2594 3408; x_wconf 89' lang='lat' dir='ltr'>nunc</span> <span class='ocrx_word' id='word_1_563' title='bbox 2650 3369 2782 3408; x_wconf 87' lang='lat' dir='ltr'>vero</span> <span class='ocrx_word' id='word_1_564' title='bbox 2840 3351 3088 3406; x_wconf 87' lang='lat' dir='ltr'>facimus</span> <span class='ocrx_word' id='word_1_565' title='bbox 3140 3346 3596 3420; x_wconf 84' lang='lat' dir='ltr'>productiorem,</span> <span class='ocrx_word' id='word_1_566' title='bbox 3630 3346 3679 3402; x_wconf 84' lang='lat' dir='ltr'>si</span> 
     </span>
    </p>
   </div>
   <div class='ocr_carea' id='block_1_82' title="bbox 2036 3433 3680 3517">
    <p class='ocr_par' dir='ltr' id='par_1_82' title="bbox 2036 3433 3680 3517">
     <span class='ocr_line' id='line_1_82' title="bbox 2036 3433 3680 3517; baseline -0.008 -18"><span class='ocrx_word' id='word_1_567' title='bbox 2036 3442 2458 3517; x_wconf 85' lang='lat' dir='ltr'>grammaticus</span> <span class='ocrx_word' id='word_1_568' title='bbox 2491 3441 2809 3514; x_wconf 88' lang='lat' dir='ltr'>quilibette</span> <span class='ocrx_word' id='word_1_569' title='bbox 2836 3437 3230 3510; x_wconf 88' lang='lat' dir='ltr'>reprehendit,</span> <span class='ocrx_word' id='word_1_570' title='bbox 3252 3451 3385 3490; x_wconf 87' lang='lat' dir='ltr'>eum</span> <span class='ocrx_word' id='word_1_571' title='bbox 3416 3433 3477 3488; x_wconf 86' lang='lat' dir='ltr'>in</span> <span class='ocrx_word' id='word_1_572' title='bbox 3505 3446 3680 3488; x_wconf 87' lang='lat' dir='ltr'>versu</span> 
     </span>
    </p>
   </div>
   <div class='ocr_carea' id='block_1_83' title="bbox 2032 3521 3676 3620">
    <p class='ocr_par' dir='ltr' id='par_1_83' title="bbox 2032 3521 3676 3620">
     <span class='ocr_line' id='line_1_83' title="bbox 2032 3521 3676 3620; baseline -0.009 -30"><span class='ocrx_word' id='word_1_573' title='bbox 2032 3550 2098 3590; x_wconf 88' lang='lat' dir='ltr'>eo</span> <span class='ocrx_word' id='word_1_574' title='bbox 2138 3533 2244 3588; x_wconf 92' lang='lat' dir='ltr'>loci</span> <span class='ocrx_word' id='word_1_575' title='bbox 2279 3531 2565 3606; x_wconf 85' lang='lat' dir='ltr'>syllabam</span> <span class='ocrx_word' id='word_1_576' title='bbox 2595 3529 2876 3602; x_wconf 88' lang='lat' dir='ltr'>corripias</span> <span class='ocrx_word' id='word_1_577' title='bbox 2913 3529 3012 3582; x_wconf 90' lang='lat' dir='ltr'>ubi</span> <span class='ocrx_word' id='word_1_578' title='bbox 3043 3526 3385 3620; x_wconf 88' lang='lat' dir='ltr'>producere</span> <span class='ocrx_word' id='word_1_579' title='bbox 3442 3521 3676 3620; x_wconf 72' lang='lat' dir='ltr'>debeas,</span> 
     </span>
    </p>
   </div>
   <div class='ocr_carea' id='block_1_84' title="bbox 2031 3617 3677 3683">
    <p class='ocr_par' dir='ltr' id='par_1_84' title="bbox 2031 3617 3677 3683">
     <span class='ocr_line' id='line_1_84' title="bbox 2031 3617 3677 3683; baseline -0.009 -5"><span class='ocrx_word' id='word_1_580' title='bbox 2031 3622 2196 3679; x_wconf 89' lang='lat' dir='ltr'>nulla</span> <span class='ocrx_word' id='word_1_581' title='bbox 2217 3621 2331 3677; x_wconf 88' lang='lat' dir='ltr'>alia</span> <span class='ocrx_word' id='word_1_582' title='bbox 2352 3638 2530 3676; x_wconf 87' lang='lat' dir='ltr'>causa</span> <span class='ocrx_word' id='word_1_583' title='bbox 2550 3619 2897 3675; x_wconf 89' lang='lat' dir='ltr'>naturaliter</span> <span class='ocrx_word' id='word_1_584' title='bbox 2909 3617 3190 3672; x_wconf 81' lang='lat' dir='ltr'>existente</span> <span class='ocrx_word' id='word_1_585' title='bbox 3212 3629 3317 3668; x_wconf 90' lang='lat' dir='ltr'>cur</span> <span class='ocrx_word' id='word_1_586' title='bbox 3337 3617 3526 3683; x_wconf 85' lang='lat' dir='ltr'>magis</span> <span class='ocrx_word' id='word_1_587' title='bbox 3547 3623 3677 3664; x_wconf 86' lang='lat' dir='ltr'>eam</span> 
     </span>
    </p>
   </div>
   <div class='ocr_carea' id='block_1_85' title="bbox 2030 3696 3680 3784">
    <p class='ocr_par' dir='ltr' id='par_1_85' title="bbox 2030 3696 3680 3784">
     <span class='ocr_line' id='line_1_85' title="bbox 2030 3696 3680 3784; baseline -0.01 -16"><span class='ocrx_word' id='word_1_588' title='bbox 2030 3713 2348 3784; x_wconf 89' lang='lat' dir='ltr'>producere</span> <span class='ocrx_word' id='word_1_589' title='bbox 2377 3711 2614 3776; x_wconf 86' lang='lat' dir='ltr'>debeas,</span> <span class='ocrx_word' id='word_1_590' title='bbox 2646 3708 2759 3764; x_wconf 91' lang='lat' dir='ltr'>nisi</span> <span class='ocrx_word' id='word_1_591' title='bbox 2791 3708 2931 3780; x_wconf 89' lang='lat' dir='ltr'>quia</span> <span class='ocrx_word' id='word_1_592' title='bbox 2961 3705 3340 3776; x_wconf 88' lang='lat' dir='ltr'>antiquorum</span> <span class='ocrx_word' id='word_1_593' title='bbox 3371 3701 3454 3756; x_wconf 86' lang='lat' dir='ltr'>ita</span> <span class='ocrx_word' id='word_1_594' title='bbox 3483 3696 3680 3756; x_wconf 78' lang='lat' dir='ltr'>sanxit</span> 
     </span>
    </p>
   </div>
   <div class='ocr_carea' id='block_1_86' title="bbox 2028 3788 3676 3869">
    <p class='ocr_par' dir='ltr' id='par_1_86' title="bbox 2028 3788 3676 3869">
     <span class='ocr_line' id='line_1_86' title="bbox 2028 3788 3676 3869; baseline -0.009 -13"><span class='ocrx_word' id='word_1_595' title='bbox 2028 3801 2350 3857; x_wconf 90' lang='lat' dir='ltr'>auctoritas</span> <span class='ocrx_word' id='word_1_596' title='bbox 2376 3818 2388 3867; x_wconf 92' lang='lat'>;</span> <span class='ocrx_word' id='word_1_597' title='bbox 2415 3815 2520 3855; x_wconf 91' lang='lat' dir='ltr'>cur</span> <span class='ocrx_word' id='word_1_598' title='bbox 2549 3815 2666 3853; x_wconf 90' lang='lat' dir='ltr'>non</span> <span class='ocrx_word' id='word_1_599' title='bbox 2700 3796 2888 3869; x_wconf 90' lang='lat' dir='ltr'>magis</span> <span class='ocrx_word' id='word_1_600' title='bbox 2920 3794 3155 3850; x_wconf 68' lang='lat' dir='ltr'>musicae</span> <span class='ocrx_word' id='word_1_601' title='bbox 3189 3791 3358 3854; x_wconf 89' lang='lat' dir='ltr'>ratio,</span> <span class='ocrx_word' id='word_1_602' title='bbox 3389 3788 3462 3846; x_wconf 84' lang='lat' dir='ltr'>ad</span> <span class='ocrx_word' id='word_1_603' title='bbox 3493 3802 3676 3858; x_wconf 81' lang='lat' dir='ltr'>quam</span> 
     </span>
    </p>
   </div>
   <div class='ocr_carea' id='block_1_87' title="bbox 2027 3874 3676 3962">
    <p class='ocr_par' dir='ltr' id='par_1_87' title="bbox 2027 3874 3676 3962">
     <span class='ocr_line' id='line_1_87' title="bbox 2027 3874 3676 3962; baseline -0.008 -18"><span class='ocrx_word' id='word_1_604' title='bbox 2027 3890 2158 3962; x_wconf 84' lang='lat' dir='ltr'>ipsa</span> <span class='ocrx_word' id='word_1_605' title='bbox 2182 3887 2546 3944; x_wconf 85' lang='lat' dir='ltr'>rationabilis</span> <span class='ocrx_word' id='word_1_606' title='bbox 2601 3903 2808 3941; x_wconf 88' lang='lat' dir='ltr'>vocum</span> <span class='ocrx_word' id='word_1_607' title='bbox 2861 3880 3151 3939; x_wconf 87' lang='lat' dir='ltr'>dimensio</span> <span class='ocrx_word' id='word_1_608' title='bbox 3181 3883 3238 3936; x_wconf 88' lang='lat' dir='ltr'>et</span> <span class='ocrx_word' id='word_1_609' title='bbox 3285 3874 3676 3935; x_wconf 84' lang='lat' dir='ltr'>numenositas</span> 
     </span>
    </p>
   </div>
   <div class='ocr_carea' id='block_1_88' title="bbox 2028 3969 3676 4050">
    <p class='ocr_par' dir='ltr' id='par_1_88' title="bbox 2028 3969 3676 4050">
     <span class='ocr_line' id='line_1_88' title="bbox 2028 3969 3676 4050; baseline -0.009 -16"><span class='ocrx_word' id='word_1_610' title='bbox 2028 3978 2299 4050; x_wconf 89' lang='lat' dir='ltr'>pertinet,</span> <span class='ocrx_word' id='word_1_611' title='bbox 2335 3979 2676 4031; x_wconf 88' lang='lat' dir='ltr'>succenseat</span> <span class='ocrx_word' id='word_1_612' title='bbox 2697 3971 3157 4045; x_wconf 88' lang='lat' dir='ltr'>quodammodo,</span> <span class='ocrx_word' id='word_1_613' title='bbox 3192 3969 3243 4023; x_wconf 92' lang='lat' dir='ltr'>si</span> <span class='ocrx_word' id='word_1_614' title='bbox 3274 3983 3388 4023; x_wconf 90' lang='lat' dir='ltr'>non</span> <span class='ocrx_word' id='word_1_615' title='bbox 3412 3980 3516 4036; x_wconf 90' lang='lat' dir='ltr'>pro</span> <span class='ocrx_word' id='word_1_616' title='bbox 3538 3977 3676 4034; x_wconf 75' lang='lat' dir='ltr'>qua-</span> 
     </span>
    </p>
   </div>
   <div class='ocr_carea' id='block_1_89' title="bbox 2025 4053 3673 4128">
    <p class='ocr_par' dir='ltr' id='par_1_89' title="bbox 2025 4053 3673 4128">
     <span class='ocr_line' id='line_1_89' title="bbox 2025 4053 3673 4128; baseline -0.011 -7"><span class='ocrx_word' id='word_1_617' title='bbox 2025 4066 2188 4121; x_wconf 87' lang='lat' dir='ltr'>litate</span> <span class='ocrx_word' id='word_1_618' title='bbox 2218 4065 2479 4121; x_wconf 91' lang='lat' dir='ltr'>locorum</span> <span class='ocrx_word' id='word_1_619' title='bbox 2512 4064 2783 4118; x_wconf 89' lang='lat' dir='ltr'>observes</span> <span class='ocrx_word' id='word_1_620' title='bbox 2815 4060 3073 4116; x_wconf 89' lang='lat' dir='ltr'>debitam</span> <span class='ocrx_word' id='word_1_621' title='bbox 3126 4053 3518 4128; x_wconf 81' lang='lat' dir='ltr'>quantitatem</span> <span class='ocrx_word' id='word_1_622' title='bbox 3549 4065 3673 4110; x_wconf 85' lang='lat' dir='ltr'>mo-</span> 
     </span>
    </p>
   </div>
   <div class='ocr_carea' id='block_1_90' title="bbox 2026 4139 3672 4224">
    <p class='ocr_par' dir='ltr' id='par_1_90' title="bbox 2026 4139 3672 4224">
     <span class='ocr_line' id='line_1_90' title="bbox 2026 4139 3672 4224; baseline -0.01 -15"><span class='ocrx_word' id='word_1_623' title='bbox 2026 4171 2224 4209; x_wconf 88' lang='lat' dir='ltr'>rarum</span> <span class='ocrx_word' id='word_1_624' title='bbox 2245 4154 2272 4207; x_wconf 90' lang='lat'><strong>?</strong></span> <span class='ocrx_word' id='word_1_625' title='bbox 2302 4154 2361 4208; x_wconf 87' lang='lat' dir='ltr'>Si</span> <span class='ocrx_word' id='word_1_626' title='bbox 2391 4152 2707 4224; x_wconf 87' lang='lat' dir='ltr'>aliquando</span> <span class='ocrx_word' id='word_1_627' title='bbox 2737 4150 3028 4205; x_wconf 77' lang='lat' dir='ltr'>offendere</span> <span class='ocrx_word' id='word_1_628' title='bbox 3059 4150 3117 4200; x_wconf 88' lang='lat' dir='ltr'>te</span> <span class='ocrx_word' id='word_1_629' title='bbox 3149 4142 3338 4216; x_wconf 87' lang='lat' dir='ltr'>potuit</span> <span class='ocrx_word' id='word_1_630' title='bbox 3361 4139 3514 4197; x_wconf 85' lang='lat' dir='ltr'>male</span> <span class='ocrx_word' id='word_1_631' title='bbox 3540 4154 3672 4210; x_wconf 89' lang='lat' dir='ltr'>pro-</span> 
     </span>
    </p>
   </div>
   <div class='ocr_carea' id='block_1_91' title="bbox 2024 4225 3675 4324">
    <p class='ocr_par' dir='ltr' id='par_1_91' title="bbox 2024 4225 3675 4324">
     <span class='ocr_line' id='line_1_91' title="bbox 2024 4225 3675 4324; baseline -0.011 -27"><span class='ocrx_word' id='word_1_632' title='bbox 2024 4243 2233 4308; x_wconf 89' lang='lat' dir='ltr'>latum,</span> <span class='ocrx_word' id='word_1_633' title='bbox 2267 4241 2422 4314; x_wconf 90' lang='lat' dir='ltr'>quod</span> <span class='ocrx_word' id='word_1_634' title='bbox 2455 4244 2546 4296; x_wconf 87' lang='lat' dir='ltr'>est</span> <span class='ocrx_word' id='word_1_635' title='bbox 2572 4243 2733 4296; x_wconf 82' lang='lat' dir='ltr'>extra</span> <span class='ocrx_word' id='word_1_636' title='bbox 2758 4243 2833 4306; x_wconf 90' lang='lat' dir='ltr'>te,</span> <span class='ocrx_word' id='word_1_637' title='bbox 2869 4239 3087 4310; x_wconf 88' lang='lat' dir='ltr'>quanto</span> <span class='ocrx_word' id='word_1_638' title='bbox 3129 4230 3339 4324; x_wconf 82' lang='lat' dir='ltr'>magis,</span> <span class='ocrx_word' id='word_1_639' title='bbox 3395 4225 3555 4324; x_wconf 62' lang='lat' dir='ltr'>guod</span> <span class='ocrx_word' id='word_1_640' title='bbox 3585 4228 3675 4324; x_wconf 78' lang='lat' dir='ltr'>est</span> 
     </span>
    </p>
   </div>
   <div class='ocr_carea' id='block_1_92' title="bbox 2022 4317 3675 4413">
    <p class='ocr_par' dir='ltr' id='par_1_92' title="bbox 2022 4317 3675 4413">
     <span class='ocr_line' id='line_1_92' title="bbox 2022 4317 3675 4413; baseline -0.012 -25"><span class='ocrx_word' id='word_1_641' title='bbox 2022 4332 2175 4388; x_wconf 85' lang='lat' dir='ltr'>infra</span> <span class='ocrx_word' id='word_1_642' title='bbox 2206 4331 2317 4404; x_wconf 85' lang='lat'>(39)</span> <span class='ocrx_word' id='word_1_643' title='bbox 2348 4329 2448 4385; x_wconf 83' lang='lat' dir='ltr'>te?</span> <span class='ocrx_word' id='word_1_644' title='bbox 2479 4347 2593 4385; x_wconf 90' lang='lat' dir='ltr'>non</span> <span class='ocrx_word' id='word_1_645' title='bbox 2633 4329 2789 4386; x_wconf 85' lang='lat' dir='ltr'>enim</span> <span class='ocrx_word' id='word_1_646' title='bbox 2849 4322 3252 4399; x_wconf 87' lang='lat' dir='ltr'>grammatica,</span> <span class='ocrx_word' id='word_1_647' title='bbox 3313 4317 3415 4413; x_wconf 78' lang='lat' dir='ltr'>sed</span> <span class='ocrx_word' id='word_1_648' title='bbox 3448 4317 3675 4413; x_wconf 75' lang='lat' dir='ltr'>musica</span> 
     </span>
    </p>
   </div>
   <div class='ocr_carea' id='block_1_93' title="bbox 2024 4408 3671 4488">
    <p class='ocr_par' dir='ltr' id='par_1_93' title="bbox 2024 4408 3671 4488">
     <span class='ocr_line' id='line_1_93' title="bbox 2024 4408 3671 4488; baseline -0.012 -12"><span class='ocrx_word' id='word_1_649' title='bbox 2024 4420 2322 4476; x_wconf 87' lang='lat' dir='ltr'>hominem</span> <span class='ocrx_word' id='word_1_650' title='bbox 2380 4420 2700 4475; x_wconf 86' lang='lat' dir='ltr'>consistere</span> <span class='ocrx_word' id='word_1_651' title='bbox 2760 4414 3176 4488; x_wconf 83' lang='lat' dir='ltr'>percepimus:</span> <span class='ocrx_word' id='word_1_652' title='bbox 3211 4409 3389 4481; x_wconf 89' lang='lat' dir='ltr'>quod,</span> <span class='ocrx_word' id='word_1_653' title='bbox 3435 4408 3511 4463; x_wconf 78' lang='lat' dir='ltr'>.ut</span> <span class='ocrx_word' id='word_1_654' title='bbox 3562 4408 3671 4460; x_wconf 81' lang='lat' dir='ltr'>viri</span> 
     </span>
    </p>
   </div>
   <div class='ocr_carea' id='block_1_94' title="bbox 255 4487 3671 4579">
    <p class='ocr_par' dir='ltr' id='par_1_94' title="bbox 255 4487 3671 4579">
     <span class='ocr_line' id='line_1_94' title="bbox 255 4487 3671 4579; baseline 0.002 -33"><span class='ocrx_word' id='word_1_655' title='bbox 255 4487 474 4579; x_wconf 76' lang='lat' dir='ltr'>ordine</span> <span class='ocrx_word' id='word_1_656' title='bbox 488 4507 597 4548; x_wconf 83' lang='lat' dir='ltr'>suo</span> <span class='ocrx_word' id='word_1_657' title='bbox 620 4509 804 4566; x_wconf 92' lang='lat' dir='ltr'>usque</span> <span class='ocrx_word' id='word_1_658' title='bbox 825 4496 966 4554; x_wconf 90' lang='lat' dir='ltr'>dum</span> <span class='ocrx_word' id='word_1_659' title='bbox 990 4500 1059 4554; x_wconf 86' lang='lat' dir='ltr'>ad</span> <span class='ocrx_word' id='word_1_660' title='bbox 1087 4500 1359 4570; x_wconf 88' lang='lat' dir='ltr'>quint-um</span> <span class='ocrx_word' id='word_1_661' title='bbox 1383 4487 1574 4562; x_wconf 78' lang='lat' dir='ltr'>locum</span> <span class='ocrx_word' id='word_1_662' title='bbox 1595 4507 1910 4579; x_wconf 89' lang='lat' dir='ltr'>perveniat,</span> <span class='ocrx_word' id='word_1_663' title='bbox 1945 4511 1992 4576; x_wconf 90' lang='lat' dir='ltr'><strong>D</strong></span> <span class='ocrx_word' id='word_1_664' title='bbox 2025 4508 2407 4564; x_wconf 81' lang='lat' dir='ltr'>eruditissimi</span> <span class='ocrx_word' id='word_1_665' title='bbox 2440 4507 2630 4562; x_wconf 85' lang='lat' dir='ltr'>verbis</span> <span class='ocrx_word' id='word_1_666' title='bbox 2688 4487 2841 4574; x_wconf 84' lang='lat' dir='ltr'>utar,</span> <span class='ocrx_word' id='word_1_667' title='bbox 2893 4500 3166 4575; x_wconf 88' lang='lat' dir='ltr'>quisquis</span> <span class='ocrx_word' id='word_1_668' title='bbox 3195 4499 3256 4555; x_wconf 89' lang='lat' dir='ltr'>in</span> <span class='ocrx_word' id='word_1_669' title='bbox 3301 4512 3443 4555; x_wconf 71' lang='lat' dir='ltr'>sese</span> <span class='ocrx_word' id='word_1_670' title='bbox 3473 4495 3671 4566; x_wconf 78' lang='lat' dir='ltr'>ipsum</span> 
     </span>
    </p>
   </div>
   <div class='ocr_carea' id='block_1_95' title="bbox 262 4576 1910 4666">
    <p class='ocr_par' dir='ltr' id='par_1_95' title="bbox 262 4576 1910 4666">
     <span class='ocr_line' id='line_1_95' title="bbox 262 4576 1910 4666; baseline 0.015 -36"><span class='ocrx_word' id='word_1_671' title='bbox 262 4576 368 4631; x_wconf 89' lang='lat' dir='ltr'>ubi</span> <span class='ocrx_word' id='word_1_672' title='bbox 403 4581 813 4655; x_wconf 88' lang='lat' dir='ltr'>unusquisque</span> <span class='ocrx_word' id='word_1_673' title='bbox 844 4585 1038 4642; x_wconf 83' lang='lat' dir='ltr'>finalis</span> <span class='ocrx_word' id='word_1_674' title='bbox 1094 4589 1368 4648; x_wconf 88' lang='lat' dir='ltr'>socialem</span> <span class='ocrx_word' id='word_1_675' title='bbox 1400 4576 1612 4649; x_wconf 47' lang='lat' dir='ltr'>suum_</span> <span class='ocrx_word' id='word_1_676' title='bbox 1636 4596 1910 4666; x_wconf 86' lang='lat' dir='ltr'>inveniat,</span> 
     </span>
    </p>
   </div>
   <div class='ocr_carea' id='block_1_96' title="bbox 261 4669 1920 4760">
    <p class='ocr_par' dir='ltr' id='par_1_96' title="bbox 261 4669 1920 4760">
     <span class='ocr_line' id='line_1_96' title="bbox 261 4669 1920 4760; baseline 0.015 -41"><span class='ocrx_word' id='word_1_677' title='bbox 261 4669 560 4760; x_wconf 78' lang='lat' dir='ltr'>quatenus</span> <span class='ocrx_word' id='word_1_678' title='bbox 585 4669 709 4742; x_wconf 91' lang='lat' dir='ltr'>ipse</span> <span class='ocrx_word' id='word_1_679' title='bbox 731 4673 925 4730; x_wconf 83' lang='lat' dir='ltr'>ﬁnalis</span> <span class='ocrx_word' id='word_1_680' title='bbox 947 4677 1116 4748; x_wconf 84' lang='lat' dir='ltr'>quasi</span> <span class='ocrx_word' id='word_1_681' title='bbox 1139 4679 1378 4750; x_wconf 89' lang='lat' dir='ltr'>quidam</span> <span class='ocrx_word' id='word_1_682' title='bbox 1400 4683 1536 4748; x_wconf 60' lang='lat' dir='ltr'>dux,</span> <span class='ocrx_word' id='word_1_683' title='bbox 1561 4701 1626 4739; x_wconf 87' lang='lat' dir='ltr'>ac</span> <span class='ocrx_word' id='word_1_684' title='bbox 1648 4686 1920 4760; x_wconf 82' lang='lat' dir='ltr'>princeps</span> 
     </span>
    </p>
   </div>
   <div class='ocr_carea' id='block_1_97' title="bbox 249 4755 1915 4846">
    <p class='ocr_par' dir='ltr' id='par_1_97' title="bbox 249 4755 1915 4846">
     <span class='ocr_line' id='line_1_97' title="bbox 249 4755 1915 4846; baseline 0.013 -37"><span class='ocrx_word' id='word_1_685' title='bbox 249 4755 718 4846; x_wconf 57' lang='lat' dir='ltr'>«medere-torque</span> <span class='ocrx_word' id='word_1_686' title='bbox 747 4762 807 4816; x_wconf 90' lang='lat' dir='ltr'>in</span> <span class='ocrx_word' id='word_1_687' title='bbox 825 4765 1032 4820; x_wconf 83' lang='lat' dir='ltr'>medio</span> <span class='ocrx_word' id='word_1_688' title='bbox 1055 4766 1339 4834; x_wconf 86' lang='lat' dir='ltr'>residens,</span> <span class='ocrx_word' id='word_1_689' title='bbox 1370 4787 1438 4826; x_wconf 85' lang='lat' dir='ltr'>ex</span> <span class='ocrx_word' id='word_1_690' title='bbox 1467 4755 1718 4845; x_wconf 84' lang='lat' dir='ltr'>utraque</span> <span class='ocrx_word' id='word_1_691' title='bbox 1749 4755 1915 4846; x_wconf 75' lang='lat' dir='ltr'>parte</span> 
     </span>
    </p>
   </div>
   <div class='ocr_carea' id='block_1_98' title="bbox 261 4843 1912 4934">
    <p class='ocr_par' dir='ltr' id='par_1_98' title="bbox 261 4843 1912 4934">
     <span class='ocr_line' id='line_1_98' title="bbox 261 4843 1912 4934; baseline 0.014 -37"><span class='ocrx_word' id='word_1_692' title='bbox 261 4843 365 4934; x_wconf 9' lang='lat' dir='ltr'>sui,</span> <span class='ocrx_word' id='word_1_693' title='bbox 391 4845 737 4906; x_wconf 65' lang='lat' dir='ltr'>differentiis</span> <span class='ocrx_word' id='word_1_694' title='bbox 759 4852 972 4908; x_wconf 89' lang='lat' dir='ltr'>condat</span> <span class='ocrx_word' id='word_1_695' title='bbox 994 4853 1183 4927; x_wconf 91' lang='lat' dir='ltr'>legem</span> <span class='ocrx_word' id='word_1_696' title='bbox 1214 4857 1548 4916; x_wconf 90' lang='lat' dir='ltr'>inchoandi.</span> <span class='ocrx_word' id='word_1_697' title='bbox 1585 4843 1912 4934; x_wconf 36' lang='lat' dir='ltr'>Ipsae—vero</span> 
     </span>
    </p>
   </div>
   <div class='ocr_carea' id='block_1_99' title="bbox 259 4931 1914 5025">
    <p class='ocr_par' dir='ltr' id='par_1_99' title="bbox 259 4931 1914 5025">
     <span class='ocr_line' id='line_1_99' title="bbox 259 4931 1914 5025; baseline 0.014 -39"><span class='ocrx_word' id='word_1_698' title='bbox 259 4931 622 4992; x_wconf 77' lang='lat' dir='ltr'>differentias</span> <span class='ocrx_word' id='word_1_699' title='bbox 675 4939 916 5010; x_wconf 89' lang='lat' dir='ltr'>quidam</span> <span class='ocrx_word' id='word_1_700' title='bbox 969 4943 1336 5004; x_wconf 82' lang='lat' dir='ltr'>deﬁnitiones</span> <span class='ocrx_word' id='word_1_701' title='bbox 1393 4931 1627 5005; x_wconf 59' lang='lat' dir='ltr'>vocant:</span> <span class='ocrx_word' id='word_1_702' title='bbox 1676 4951 1736 5005; x_wconf 88' lang='lat' dir='ltr'>ln</span> <span class='ocrx_word' id='word_1_703' title='bbox 1797 4969 1914 5025; x_wconf 87' lang='lat' dir='ltr'>quo</span> 
     </span>
    </p>
   </div>
   <div class='ocr_carea' id='block_1_100' title="bbox 259 5022 1910 5104">
    <p class='ocr_par' dir='ltr' id='par_1_100' title="bbox 259 5022 1910 5104">
     <span class='ocr_line' id='line_1_100' title="bbox 259 5022 1910 5104; baseline 0.013 -29"><span class='ocrx_word' id='word_1_704' title='bbox 259 5022 708 5095; x_wconf 88' lang='lat' dir='ltr'>providendum,</span> <span class='ocrx_word' id='word_1_705' title='bbox 742 5045 814 5084; x_wconf 92' lang='lat' dir='ltr'>ne</span> <span class='ocrx_word' id='word_1_706' title='bbox 872 5029 1012 5086; x_wconf 91' lang='lat' dir='ltr'>dum</span> <span class='ocrx_word' id='word_1_707' title='bbox 1063 5033 1196 5104; x_wconf 91' lang='lat' dir='ltr'>quis</span> <span class='ocrx_word' id='word_1_708' title='bbox 1249 5036 1493 5094; x_wconf 89' lang='lat' dir='ltr'>verbum</span> <span class='ocrx_word' id='word_1_709' title='bbox 1554 5022 1910 5096; x_wconf 76' lang='lat' dir='ltr'>definitionis</span> 
     </span>
    </p>
   </div>
   <div class='ocr_carea' id='block_1_101' title="bbox 260 5109 1910 5196">
    <p class='ocr_par' dir='ltr' id='par_1_101' title="bbox 260 5109 1910 5196">
     <span class='ocr_line' id='line_1_101' title="bbox 260 5109 1910 5196; baseline 0.013 -33"><span class='ocrx_word' id='word_1_710' title='bbox 260 5109 532 5178; x_wconf 85' lang='lat' dir='ltr'>audierit,</span> <span class='ocrx_word' id='word_1_711' title='bbox 565 5129 632 5168; x_wconf 92' lang='lat' dir='ltr'>eo</span> <span class='ocrx_word' id='word_1_712' title='bbox 661 5130 838 5171; x_wconf 90' lang='lat' dir='ltr'>sensu</span> <span class='ocrx_word' id='word_1_713' title='bbox 871 5118 1120 5190; x_wconf 89' lang='lat' dir='ltr'>accipiat</span> <span class='ocrx_word' id='word_1_714' title='bbox 1163 5137 1278 5194; x_wconf 91' lang='lat' dir='ltr'>quo</span> <span class='ocrx_word' id='word_1_715' title='bbox 1327 5125 1620 5196; x_wconf 88' lang='lat' dir='ltr'>sapientes</span> <span class='ocrx_word' id='word_1_716' title='bbox 1668 5128 1910 5185; x_wconf 79' lang='lat' dir='ltr'>definie-</span> 
     </span>
    </p>
   </div>
   <div class='ocr_carea' id='block_1_102' title="bbox 261 5199 1907 5286">
    <p class='ocr_par' dir='ltr' id='par_1_102' title="bbox 261 5199 1907 5286">
     <span class='ocr_line' id='line_1_102' title="bbox 261 5199 1907 5286; baseline 0.013 -35"><span class='ocrx_word' id='word_1_717' title='bbox 261 5202 424 5266; x_wconf 91' lang='lat' dir='ltr'>runt,</span> <span class='ocrx_word' id='word_1_718' title='bbox 458 5199 858 5259; x_wconf 81' lang='lat' dir='ltr'>definitionem</span> <span class='ocrx_word' id='word_1_719' title='bbox 885 5205 1102 5262; x_wconf 89' lang='lat' dir='ltr'>dictam</span> <span class='ocrx_word' id='word_1_720' title='bbox 1133 5225 1260 5265; x_wconf 88' lang='lat' dir='ltr'>esse</span> <span class='ocrx_word' id='word_1_721' title='bbox 1301 5212 1622 5269; x_wconf 88' lang='lat' dir='ltr'>orationem</span> <span class='ocrx_word' id='word_1_722' title='bbox 1673 5231 1799 5286; x_wconf 68' lang='lat' dir='ltr'>qua:</span> <span class='ocrx_word' id='word_1_723' title='bbox 1849 5217 1907 5272; x_wconf 91' lang='lat' dir='ltr'>id</span> 
     </span>
    </p>
   </div>
   <div class='ocr_carea' id='block_1_103' title="bbox 335 5341 1908 5425">
    <p class='ocr_par' dir='ltr' id='par_1_103' title="bbox 335 5341 1908 5425">
     <span class='ocr_line' id='line_1_103' title="bbox 335 5341 1908 5425; baseline 0.007 -19"><span class='ocrx_word' id='word_1_724' title='bbox 611 5348 668 5425; x_wconf 62' lang='lat' dir='ltr'>et</span> <span class='ocrx_word' id='word_1_725' title='bbox 697 5345 850 5425; x_wconf 77' lang='lat' dir='ltr'>ultra</span> <span class='ocrx_word' id='word_1_726' title='bbox 879 5347 1196 5425; x_wconf 85' lang='lat' dir='ltr'>aliquando</span> <span class='ocrx_word' id='word_1_727' title='bbox 1227 5356 1534 5411; x_wconf 90' lang='lat' dir='ltr'>ascendere</span> <span class='ocrx_word' id='word_1_728' title='bbox 1563 5355 1775 5425; x_wconf 87' lang='lat' dir='ltr'>valeat,</span> <span class='ocrx_word' id='word_1_729' title='bbox 1800 5365 1908 5417; x_wconf 88' lang='lat' dir='ltr'>etc.</span> 
     </span>
    </p>
   </div>
   <div class='ocr_carea' id='block_1_104' title="bbox 335 5413 1908 5504">
    <p class='ocr_par' dir='ltr' id='par_1_104' title="bbox 335 5413 1908 5504">
     <span class='ocr_line' id='line_1_104' title="bbox 335 5413 1908 5504; baseline 0.014 -39"><span class='ocrx_word' id='word_1_730' title='bbox 477 5413 578 5504; x_wconf 69' lang='lat' dir='ltr'>llic</span> <span class='ocrx_word' id='word_1_731' title='bbox 598 5417 827 5504; x_wconf 40' lang='lat' dir='ltr'>ldesinit</span> <span class='ocrx_word' id='word_1_732' title='bbox 857 5413 1382 5504; x_wconf 36' lang='lat' dir='ltr'>prologus‘in‘cod.</span> <span class='ocrx_word' id='word_1_733' title='bbox 1407 5413 1908 5504; x_wconf 13' lang='lat' dir='ltr'>Admontonsi&#39;Lﬁs&#39;e-V</span> 
     </span>
    </p>
   </div>
   <div class='ocr_carea' id='block_1_105' title="bbox 267 5483 1912 5572">
    <p class='ocr_par' dir='ltr' id='par_1_105' title="bbox 267 5483 1912 5572">
     <span class='ocr_line' id='line_1_105' title="bbox 267 5483 1912 5572; baseline 0.015 -36"><span class='ocrx_word' id='word_1_734' title='bbox 267 5483 1114 5572; x_wconf 47' lang='lat' dir='ltr'>quiturquetonariu-s.nomine</span> <span class='ocrx_word' id='word_1_735' title='bbox 1135 5497 1440 5567; x_wconf 87' lang='lat' dir='ltr'>Guidonis,</span> <span class='ocrx_word' id='word_1_736' title='bbox 1467 5483 1912 5572; x_wconf 48' lang='lat' dir='ltr'>pauluma&#39;Ber-</span> 
     </span>
    </p>
   </div>
   <div class='ocr_carea' id='block_1_106' title="bbox 267 5561 1004 5621">
    <p class='ocr_par' dir='ltr' id='par_1_106' title="bbox 267 5561 1004 5621">
     <span class='ocr_line' id='line_1_106' title="bbox 267 5561 1004 5621; baseline 0.019 -14"><span class='ocrx_word' id='word_1_737' title='bbox 267 5561 436 5612; x_wconf 87' lang='lat' dir='ltr'>nonis</span> <span class='ocrx_word' id='word_1_738' title='bbox 467 5561 692 5616; x_wconf 89' lang='lat' dir='ltr'>tonario</span> <span class='ocrx_word' id='word_1_739' title='bbox 722 5561 1004 5621; x_wconf 82' lang='lat' dir='ltr'>diversus.</span> 
     </span>
    </p>
   </div>
   <div class='ocr_carea' id='block_1_107' title="bbox 2027 4595 2672 4669">
    <p class='ocr_par' dir='ltr' id='par_1_107' title="bbox 2027 4595 2672 4669">
     <span class='ocr_line' id='line_1_107' title="bbox 2027 4595 2672 4669; baseline -0.006 -14"><span class='ocrx_word' id='word_1_740' title='bbox 2027 4598 2347 4666; x_wconf 85' lang='lat' dir='ltr'>descendit,</span> <span class='ocrx_word' id='word_1_741' title='bbox 2381 4595 2672 4669; x_wconf 82' lang='lat' dir='ltr'>intelligit.</span> 
     </span>
    </p>
   </div>
   <div class='ocr_carea' id='block_1_108' title="bbox 2100 4675 3672 4753">
    <p class='ocr_par' dir='ltr' id='par_1_108' title="bbox 2100 4675 3672 4753">
     <span class='ocr_line' id='line_1_108' title="bbox 2100 4675 3672 4753; baseline -0.011 -11"><span class='ocrx_word' id='word_1_742' title='bbox 2100 4687 2319 4742; x_wconf 89' lang='lat' dir='ltr'>Idcirco</span> <span class='ocrx_word' id='word_1_743' title='bbox 2344 4691 2406 4741; x_wconf 93' lang='lat' dir='ltr'>ut</span> <span class='ocrx_word' id='word_1_744' title='bbox 2434 4685 2493 4740; x_wconf 92' lang='lat' dir='ltr'>in</span> <span class='ocrx_word' id='word_1_745' title='bbox 2527 4689 2711 4740; x_wconf 90' lang='lat' dir='ltr'>metro</span> <span class='ocrx_word' id='word_1_746' title='bbox 2733 4686 2890 4739; x_wconf 88' lang='lat' dir='ltr'>certa</span> <span class='ocrx_word' id='word_1_747' title='bbox 2907 4681 3122 4753; x_wconf 90' lang='lat' dir='ltr'>pedum</span> <span class='ocrx_word' id='word_1_748' title='bbox 3151 4675 3516 4732; x_wconf 89' lang='lat' dir='ltr'>dimensione</span> <span class='ocrx_word' id='word_1_749' title='bbox 3540 4687 3672 4728; x_wconf 85' lang='lat' dir='ltr'>con-</span> 
     </span>
    </p>
   </div>
   <div class='ocr_carea' id='block_1_109' title="bbox 2024 4759 3669 4845">
    <p class='ocr_par' dir='ltr' id='par_1_109' title="bbox 2024 4759 3669 4845">
     <span class='ocr_line' id='line_1_109' title="bbox 2024 4759 3669 4845; baseline -0.012 -14"><span class='ocrx_word' id='word_1_750' title='bbox 2024 4777 2244 4833; x_wconf 87' lang='lat' dir='ltr'>texitur</span> <span class='ocrx_word' id='word_1_751' title='bbox 2271 4791 2495 4838; x_wconf 90' lang='lat' dir='ltr'>versus,</span> <span class='ocrx_word' id='word_1_752' title='bbox 2528 4773 2609 4829; x_wconf 85' lang='lat' dir='ltr'>ita</span> <span class='ocrx_word' id='word_1_753' title='bbox 2651 4776 2788 4845; x_wconf 91' lang='lat' dir='ltr'>apta</span> <span class='ocrx_word' id='word_1_754' title='bbox 2840 4775 2897 4825; x_wconf 90' lang='lat' dir='ltr'>et</span> <span class='ocrx_word' id='word_1_755' title='bbox 2953 4764 3348 4825; x_wconf 86' lang='lat' dir='ltr'>concordabiti</span> <span class='ocrx_word' id='word_1_756' title='bbox 3389 4759 3669 4817; x_wconf 84' lang='lat' dir='ltr'>brevi-um</span> 
     </span>
    </p>
   </div>
   <div class='ocr_carea' id='block_1_110' title="bbox 2025 4852 3667 4947">
    <p class='ocr_par' dir='ltr' id='par_1_110' title="bbox 2025 4852 3667 4947">
     <span class='ocr_line' id='line_1_110' title="bbox 2025 4852 3667 4947; baseline -0.011 -27"><span class='ocrx_word' id='word_1_757' title='bbox 2025 4865 2333 4937; x_wconf 89' lang='lat' dir='ltr'>longorum</span> <span class='ocrx_word' id='word_1_758' title='bbox 2353 4879 2630 4921; x_wconf 90' lang='lat' dir='ltr'>sonorum</span> <span class='ocrx_word' id='word_1_759' title='bbox 2653 4859 3018 4934; x_wconf 90' lang='lat' dir='ltr'>copulatione</span> <span class='ocrx_word' id='word_1_760' title='bbox 3045 4853 3416 4947; x_wconf 86' lang='lat' dir='ltr'>componitur</span> <span class='ocrx_word' id='word_1_761' title='bbox 3437 4852 3667 4947; x_wconf 76' lang='lat' dir='ltr'>cantus,</span> 
     </span>
    </p>
   </div>
   <div class='ocr_carea' id='block_1_111' title="bbox 2022 4941 3668 5014">
    <p class='ocr_par' dir='ltr' id='par_1_111' title="bbox 2022 4941 3668 5014">
     <span class='ocr_line' id='line_1_111' title="bbox 2022 4941 3668 5014; baseline -0.012 -5"><span class='ocrx_word' id='word_1_762' title='bbox 2022 4958 2080 5008; x_wconf 88' lang='lat' dir='ltr'>et</span> <span class='ocrx_word' id='word_1_763' title='bbox 2111 4954 2266 5008; x_wconf 90' lang='lat' dir='ltr'>velut</span> <span class='ocrx_word' id='word_1_764' title='bbox 2293 4953 2354 5007; x_wconf 92' lang='lat' dir='ltr'>in</span> <span class='ocrx_word' id='word_1_765' title='bbox 2385 4952 2720 5007; x_wconf 85' lang='lat' dir='ltr'>hexametro</span> <span class='ocrx_word' id='word_1_766' title='bbox 2740 4965 2931 5012; x_wconf 91' lang='lat' dir='ltr'>versu,</span> <span class='ocrx_word' id='word_1_767' title='bbox 2967 4945 3016 5000; x_wconf 91' lang='lat' dir='ltr'>si</span> <span class='ocrx_word' id='word_1_768' title='bbox 3040 4941 3295 5014; x_wconf 87' lang='lat' dir='ltr'>legitime</span> <span class='ocrx_word' id='word_1_769' title='bbox 3317 4941 3518 5004; x_wconf 90' lang='lat' dir='ltr'>currit,</span> <span class='ocrx_word' id='word_1_770' title='bbox 3541 4941 3668 5008; x_wconf 89' lang='lat' dir='ltr'>ipso</span> 
     </span>
    </p>
   </div>
   <div class='ocr_carea' id='block_1_112' title="bbox 2023 5022 3666 5097">
    <p class='ocr_par' dir='ltr' id='par_1_112' title="bbox 2023 5022 3666 5097">
     <span class='ocr_line' id='line_1_112' title="bbox 2023 5022 3666 5097; baseline -0.012 0"><span class='ocrx_word' id='word_1_771' title='bbox 2023 5058 2164 5097; x_wconf 90' lang='lat' dir='ltr'>sono</span> <span class='ocrx_word' id='word_1_772' title='bbox 2189 5041 2422 5097; x_wconf 90' lang='lat' dir='ltr'>animus</span> <span class='ocrx_word' id='word_1_773' title='bbox 2447 5038 2786 5094; x_wconf 90' lang='lat' dir='ltr'>delectatur.</span> <span class='ocrx_word' id='word_1_774' title='bbox 2803 5038 2874 5091; x_wconf 88' lang='lat' dir='ltr'>At</span> <span class='ocrx_word' id='word_1_775' title='bbox 2895 5035 2945 5090; x_wconf 90' lang='lat' dir='ltr'>si</span> <span class='ocrx_word' id='word_1_776' title='bbox 2967 5048 3132 5088; x_wconf 90' lang='lat' dir='ltr'>verso</span> <span class='ocrx_word' id='word_1_777' title='bbox 3156 5029 3356 5085; x_wconf 91' lang='lat' dir='ltr'>ordine</span> <span class='ocrx_word' id='word_1_778' title='bbox 3378 5027 3436 5081; x_wconf 91' lang='lat' dir='ltr'>in</span> <span class='ocrx_word' id='word_1_779' title='bbox 3461 5022 3666 5097; x_wconf 89' lang='lat' dir='ltr'>penul-</span> 
     </span>
    </p>
   </div>
   <div class='ocr_carea' id='block_1_113' title="bbox 2021 5110 3668 5202">
    <p class='ocr_par' dir='ltr' id='par_1_113' title="bbox 2021 5110 3668 5202">
     <span class='ocr_line' id='line_1_113' title="bbox 2021 5110 3668 5202; baseline -0.012 -18"><span class='ocrx_word' id='word_1_780' title='bbox 2021 5130 2161 5186; x_wconf 90' lang='lat' dir='ltr'>timo</span> <span class='ocrx_word' id='word_1_781' title='bbox 2193 5129 2556 5202; x_wconf 50' lang='lat' dir='ltr'>spondeum,</span> <span class='ocrx_word' id='word_1_782' title='bbox 2595 5127 2653 5182; x_wconf 88' lang='lat' dir='ltr'>in</span> <span class='ocrx_word' id='word_1_783' title='bbox 2683 5124 2890 5182; x_wconf 89' lang='lat' dir='ltr'>ultimo</span> <span class='ocrx_word' id='word_1_784' title='bbox 2923 5118 3217 5192; x_wconf 83' lang='lat' dir='ltr'>dactylum</span> <span class='ocrx_word' id='word_1_785' title='bbox 3271 5113 3545 5179; x_wconf 89' lang='lat' dir='ltr'>admittit,</span> <span class='ocrx_word' id='word_1_786' title='bbox 3578 5110 3668 5166; x_wconf 90' lang='lat' dir='ltr'>vel</span> 
     </span>
    </p>
   </div>
   <div class='ocr_carea' id='block_1_114' title="bbox 2021 5207 3669 5298">
    <p class='ocr_par' dir='ltr' id='par_1_114' title="bbox 2021 5207 3669 5298">
     <span class='ocr_line' id='line_1_114' title="bbox 2021 5207 3669 5298; baseline -0.012 -24"><span class='ocrx_word' id='word_1_787' title='bbox 2021 5219 2069 5274; x_wconf 90' lang='lat' dir='ltr'>si</span> <span class='ocrx_word' id='word_1_788' title='bbox 2100 5218 2233 5291; x_wconf 92' lang='lat' dir='ltr'>quis</span> <span class='ocrx_word' id='word_1_789' title='bbox 2264 5219 2324 5273; x_wconf 91' lang='lat' dir='ltr'>in</span> <span class='ocrx_word' id='word_1_790' title='bbox 2357 5216 2627 5272; x_wconf 69' lang='lat' dir='ltr'>secunda:</span> <span class='ocrx_word' id='word_1_791' title='bbox 2658 5209 3089 5284; x_wconf 88' lang='lat' dir='ltr'>conjugationis</span> <span class='ocrx_word' id='word_1_792' title='bbox 3133 5208 3304 5262; x_wconf 88' lang='lat' dir='ltr'>verbo</span> <span class='ocrx_word' id='word_1_793' title='bbox 3352 5207 3522 5260; x_wconf 90' lang='lat' dir='ltr'>acuto</span> <span class='ocrx_word' id='word_1_794' title='bbox 3572 5217 3669 5298; x_wconf 82' lang='lat' dir='ltr'>ac-</span> 
     </span>
    </p>
   </div>
   <div class='ocr_carea' id='block_1_115' title="bbox 2090 5354 3322 5432">
    <p class='ocr_par' dir='ltr' id='par_1_115' title="bbox 2090 5354 3322 5432">
     <span class='ocr_line' id='line_1_115' title="bbox 2090 5354 3322 5432; baseline -0.011 -15"><span class='ocrx_word' id='word_1_795' title='bbox 2090 5361 2203 5432; x_wconf 90' lang='lat'>(37)</span> <span class='ocrx_word' id='word_1_796' title='bbox 2234 5361 2290 5416; x_wconf 91' lang='lat' dir='ltr'>S.</span> <span class='ocrx_word' id='word_1_797' title='bbox 2326 5363 2440 5416; x_wconf 88' lang='lat' dir='ltr'>Em.</span> <span class='ocrx_word' id='word_1_798' title='bbox 2469 5363 2520 5415; x_wconf 83' lang='lat' dir='ltr'>et</span> <span class='ocrx_word' id='word_1_799' title='bbox 2550 5359 2696 5428; x_wconf 80' lang='lat' dir='ltr'>Lips.</span> <span class='ocrx_word' id='word_1_800' title='bbox 2731 5356 2960 5421; x_wconf 86' lang='lat' dir='ltr'>Noeais,</span> <span class='ocrx_word' id='word_1_801' title='bbox 3003 5354 3322 5409; x_wconf 82' lang='lat' dir='ltr'>Noeoeane.</span> 
     </span>
    </p>
   </div>
   <div class='ocr_carea' id='block_1_116' title="bbox 2096 5434 3384 5508">
    <p class='ocr_par' dir='ltr' id='par_1_116' title="bbox 2096 5434 3384 5508">
     <span class='ocr_line' id='line_1_116' title="bbox 2096 5434 3384 5508; baseline 0.009 -23"><span class='ocrx_word' id='word_1_802' title='bbox 2096 5435 2205 5508; x_wconf 73' lang='lat'>(38)</span> <span class='ocrx_word' id='word_1_803' title='bbox 2243 5434 2381 5508; x_wconf 55' lang='lat' dir='ltr'>Lips.</span> <span class='ocrx_word' id='word_1_804' title='bbox 2419 5435 2576 5485; x_wconf 65' lang='lat' dir='ltr'>ratae.</span> <span class='ocrx_word' id='word_1_805' title='bbox 2699 5500 2714 5508; x_wconf 87' lang='lat'>_</span> <span class='ocrx_word' id='word_1_806' title='bbox 2895 5499 2904 5508; x_wconf 39' lang='grc' dir='ltr'>ι</span> <span class='ocrx_word' id='word_1_807' title='bbox 3018 5495 3032 5508; x_wconf 55' lang='grc'>,</span> <span class='ocrx_word' id='word_1_808' title='bbox 3205 5494 3220 5508; x_wconf 66' lang='grc'>,</span> <span class='ocrx_word' id='word_1_809' title='bbox 3375 5493 3384 5502; x_wconf 88' lang='grc'>,</span> 
     </span>
    </p>
   </div>
   <div class='ocr_carea' id='block_1_117' title="bbox 2090 5494 3534 5575">
    <p class='ocr_par' dir='ltr' id='par_1_117' title="bbox 2090 5494 3534 5575">
     <span class='ocr_line' id='line_1_117' title="bbox 2090 5494 3534 5575; baseline -0.012 -16"><span class='ocrx_word' id='word_1_810' title='bbox 2090 5494 2206 5575; x_wconf 62' lang='grc'>(39)</span> <span class='ocrx_word' id='word_1_811' title='bbox 2238 5494 2331 5559; x_wconf 73' lang='lat' dir='ltr'>Sic</span> <span class='ocrx_word' id='word_1_812' title='bbox 2364 5519 2588 5569; x_wconf 83' lang='lat' dir='ltr'>omnes,</span> <span class='ocrx_word' id='word_1_813' title='bbox 2617 5500 2717 5558; x_wconf 88' lang='lat' dir='ltr'>sed</span> <span class='ocrx_word' id='word_1_814' title='bbox 2750 5499 2988 5556; x_wconf 90' lang='lat' dir='ltr'>omnino</span> <span class='ocrx_word' id='word_1_815' title='bbox 3018 5494 3330 5568; x_wconf 88' lang='lat' dir='ltr'>legendum</span> <span class='ocrx_word' id='word_1_816' title='bbox 3363 5494 3534 5547; x_wconf 77' lang='lat' dir='ltr'>intra.</span> 
     </span>
    </p>
   </div>
  </div>
