4052 6158
412 305 565 368 1115

1485 305 1877 370 BERNONIS
1920 305 2248 370 ABBA'I‘lS
2298 307 2736 372 AUGIENSIS.

3681 309 3816 371 1116

413 443 584 499 centu
606 440 665 498 in
690 438 1147 515 antepenultima
1167 439 1508 513 pronuntiat
1532 439 1630 508 ita,
1653 440 1833 498 docete
1853 460 1874 506 ;
1891 438 1981 497 vel
2002 439 2058 495 in
2089 441 2143 508 Α
2175 443 2253 499 Ex
2277 443 2386 499 hoc
2409 460 2665 516 namque
2688 441 2980 517 colligitur
2993 459 3170 516 quam
3192 441 3512 500 veridicam
3540 459 3719 515 super
3736 442 3814 500 his

413 531 586 588 tertia
606 531 1016 604 conjugatione
1035 530 1091 585 in
1115 529 1441 602 penultima
1461 530 1852 599 circumﬂexo,
1878 531 2058 599 legite,

416 621 657 678 omnino
679 619 807 692 ipsa
827 617 1065 675 auditur
1087 618 1342 675 novitate
1363 619 1608 676 tabescit
1635 637 1647 674 :
1675 621 1759 675 sic
1791 621 1849 675 in
1879 619 2062 675 canti-

415 707 548 765 lena
571 726 639 765 ex
659 712 915 764 veterum
949 707 1296 764 auctoritate
1327 713 1464 781 apta
1483 713 1540 765 et
1563 711 1695 764 mod
1706 715 1833 765 esta
1855 710 1985 764 mod
1997 726 2063 761 u-

415 796 699 854 lationum
731 797 1094 868 coaptatione
1126 799 1592 868 conjuncta,tota
1623 799 1830 853 anima:
1861 815 2063 869 corpo-

415 885 611 958 risque
663 901 945 958 compago
993 886 1350 952 delectatur;
1394 887 1548 942 sicut
1608 888 1932 943 econtrario
1992 887 2062 940 ab

415 974 691 1030 audiendi
713 975 1007 1047 voluptate
1028 992 1089 1031 se
1111 977 1440 1049 suspendit,
1463 977 1508 1032 si
1535 977 1676 1048 quid
1699 978 1756 1032 in
1781 993 1847 1032 ea
1867 977 2067 1049 depra-

411 1068 611 1120 vatum
643 1064 838 1121 sentit.

485 1152 764 1225 Quisquis
799 1153 980 1226 igitur
1010 1153 1118 1210 sibi
1147 1155 1377 1209 videtur
1407 1155 1532 1210 sine
1564 1155 1705 1210 artis
1726 1155 1903 1226 hujus
1925 1155 2070 1209 noti-

416 1241 498 1296 tia
529 1242 676 1298 bene
707 1260 936 1313 canere,
973 1261 1106 1299 cum
1167 1245 1559 1316 interrogatus
1603 1246 1673 1299 de
1705 1261 1948 1299 numero
1979 1244 2065 1298 vel

416 1331 486 1387 de
517 1331 840 1387 intervallis
886 1338 1190 1388 auctorum
1237 1332 1618 1405 graviumque
1651 1349 1932 1388 sonorum
1964 1350 2068 1388 ne-

417 1420 565 1475 sciat
584 1422 983 1492 respondere,»
999 1423 1198 1493 ultque
1223 1422 1591 1477 solummodo
1613 1422 1843 1477 aurium
1867 1423 2065 1477 sensui

417 1509 670 1575 credere,
705 1526 821 1565 non
883 1516 1074 1566 autem
1131 1511 1339 1567 rationi
1394 1511 1708 1583 magistrae,
1743 1528 1876 1566 cum
1909 1516 2070 1566 utro-

419 1614 669 1668 rumque
691 1598 984 1668 judicium
1018 1600 1094 1654 sit
1123 1599 1566 1670 exquirendum,
1592 1599 1848 1672 amplius
1874 1604 2069 1655 tamen

419 1685 684 1754 rationis,
717 1703 845 1758 quae
875 1687 1064 1760 ipsam
1114 1689 1414 1744 veritatem
1458 1689 1968 1761 integritatemque
2000 1689 2068 1743 ad

2171 535 2412 606 quidam
2433 534 2668 606 sapiens
2682 534 2933 606 proferat
2965 533 3339 590 sententiam.
3363 534 3600 600 Protus,
3623 533 3814 604 inquit,

2171 628 2228 679 et
2254 624 2550 680 tetrardus
2579 622 2853 679 contrarii
2903 627 3059 694 sunt,
3092 640 3158 678 eo
3192 623 3348 695 quod
3382 622 3663 694 diapente
3687 622 3817 694 preti

2173 713 2338 784 prius
2361 713 2578 769 habeat
2601 714 2748 768 duos
2768 717 2957 778 tonos,
2972 717 3029 769 et
3048 716 3251 784 postea
3268 710 3680 777 semitonium,
3699 717 3754 765 et
3772 712 3818 764 in

2174 804 2290 857 ﬁne
2323 806 2528 858 tonum
2554 821 2567 871 ;
2604 801 2870 874 diapente
2901 819 3032 858 vero
3063 801 3305 857 tetrardi
3339 800 3508 872 prius
3538 805 3746 855 tonum
3776 807 3821 855 et

2175 892 2580 959 semitonium,
2612 896 2814 964 postea
2839 893 2984 947 duos
3015 895 3204 946 tonos.
3238 889 3617 945 Concordant
3643 894 3821 945 autem

2176 982 2367 1054 prima
2390 981 2582 1053 specie
2614 981 2995 1046 diatessaron,
3019 983 3257 1051 excepto
3283 979 3441 1050 quod
3474 977 3724 1034 tetrardi
3751 984 3824 1033 est

2176 1070 2462 1140 superior.
2492 1069 2778 1125 Deuterus
2799 1074 2853 1124 et
2882 1069 3054 1124 tritus
3086 1067 3326 1124 omnino
3359 1071 3502 1123 sunt
3533 1065 3824 1128 contrarii.

2179 1175 2311 1220 cum
2345 1159 2619 1231 diapente
2667 1158 2887 1213 deuteri
2949 1157 3111 1229 prius
3159 1162 3278 1212 tres
3327 1161 3500 1211 tonos
3541 1156 3756 1211 habeat
3783 1160 3829 1209 et

2172 1243 2382 1320 postea
2413 1247 2821 1314 semitonium;
2846 1247 3114 1318 diapente
3142 1262 3278 1301 vero
3308 1245 3435 1300 triti
3469 1244 3642 1317 prius
3672 1243 3828 1298 semi-

2179 1337 2433 1404 tonium,
2461 1341 2594 1409 post
2622 1341 2740 1391 tres
2767 1341 2955 1402 tonos,
2999 1340 3054 1390 et
3083 1335 3452 1390 diatessaron
3499 1333 3732 1388 deuteri
3767 1334 3830 1388 sit

2182 1425 2434 1480 duorum
2465 1431 2739 1480 tonorum
2783 1429 2839 1480 et
2887 1422 3204 1490 semitonii,
3238 1423 3614 1478 diatessaron
3647 1427 3827 1477 autem

2181 1513 2302 1568 triti
2336 1513 2628 1570 semitonii
2659 1518 2717 1568 et
2757 1514 3007 1568 duorum
3057 1517 3356 1567 tonorum.
3391 1511 3452 1568 Si
3487 1510 3830 1567 converteris

2181 1603 2455 1674 diapente
2488 1603 2661 1675 proti,
2693 1603 2947 1658 efﬁcitur
2995 1602 3267 1673 diapente
3313 1601 3563 1656 tetrardi
3592 1619 3606 1667 ;
3638 1616 3831 1654 rursus

2183 1692 2454 1763 diapente
2487 1691 2724 1747 tetrardi
2757 1708 3034 1746 conversa
3063 1695 3299 1746 resonat
3339 1690 3622 1762 diapente
3655 1689 3829 1761 preti;

419 1773 711 1847 liquidum
733 1775 792 1831 in
816 1793 1011 1832 rerum
1035 1778 1330 1841 natura,in
1352 1783 1639 1849 quantum
1665 1777 1942 1849 possibile
1960 1782 2068 1843 est,
2105 1814 2152 1878 Β
2185 1782 2548 1837 diatessaron
2580 1797 2713 1836 vero
2747 1781 3010 1852 ipsorum
3041 1797 3155 1835 non
3205 1779 3594 1834 convertitur.
3625 1778 3685 1834 Si
3719 1795 3833 1832 con-

418 1878 488 1918 ex
518 1880 759 1920 munere
783 1864 1202 1937 omnipotentis
1231 1865 1486 1921 Artiﬁcis
1518 1866 1981 1938 comprehendit,
1999 1866 2073 1932 is,

418 1951 685 2024 inquam,
715 1953 850 2009 talis
884 1954 1070 2027 magis
1101 1954 1382 2020 lusciniae,
1409 1972 1535 2027 quae
1565 1972 1742 2010 verno
1775 1954 1910 2009 anni
1933 1958 2075 2010 tem-

418 2058 558 2113 pore
593 2058 659 2098 ac
690 2045 738 2098 si
771 2059 1082 2100 numerose
1122 2049 1178 2099 et
1203 2043 1458 2100 suaviter
1488 2048 1677 2109 canat,
1711 2049 1802 2099 est
1833 2059 2074 2116 compa-

420 2131 640 2186 randus
663 2149 838 2204 quam
863 2133 1086 2204 peritus
1110 2137 1311 2188 cantor
1342 2133 1670 2188 habendus.
1697 2133 1977 2196 Quocirca
1999 2131 2076 2188 sit

420 2223 634 2274 nostrae
666 2220 906 2276 musicae
937 2221 1228 2277 cantilena
1257 2226 1382 2277 rata
1428 2239 1706 2277 sonorum
1754 2221 2076 2293 quantitate

421 2307 1074 2374 distincta,neumarum
1098 2311 1378 2381 gravitate
1396 2311 1711 2382 ponderata
1731 2311 2073 2381 prudenter-

423 2412 537 2468 que
570 2397 901 2469 conjuncta,
938 2398 1222 2463 modesta,
1259 2399 1503 2470 simplex
1552 2403 1609 2454 ct
1656 2399 1938 2464 mascula,
1971 2416 2076 2454 nec

423 2483 777 2552 eﬁ'eminata,
811 2490 1104 2557 quatenus
1151 2487 1280 2556 ejus
1331 2487 1640 2543 dulcedine
1692 2488 1890 2544 attacti
1927 2489 2075 2544 inci-

423 2575 619 2628 temur
669 2574 742 2629 ad
795 2573 1165 2646 psallendum
1217 2575 1464 2631 Domino
1519 2575 1652 2639 laeti,
1685 2593 1919 2648 semper
1948 2594 2074 2633 me-

425 2677 618 2718 mores
681 2662 999 2718 Psalmista:
1055 2662 1213 2719 vocis
1270 2664 1688 2721 admonentis:
1724 2666 1957 2720 Psallite
1991 2683 2076 2721 sa-

416 2752 652 2823 pientcr.

495 2841 584 2895 15.
617 2840 922 2897 Enimvero
953 2841 1250 2913 sapienter
1289 2842 1623 2914 psallimus,
1655 2843 1702 2898 si
1732 2860 1848 2899 non
1881 2842 2074 2899 solum

423 2945 670 3002 quaeque
691 2929 997 2986 intervalla
1019 2931 1264 2988 musicis
1287 2931 1450 2987 sonis
1471 2936 1858 3004 congruenter
1879 2937 2077 3005 aptata

424 3018 826 3087 observamus,
859 3037 1059 3074 verum
1111 3021 1306 3082 etiam.
1337 3037 1450 3092 quo
1503 3020 1839 3076 barmonice
1886 3022 2075 3093 spatio

425 3107 538 3180 ipsi
556 3107 880 3164 authentici
902 3125 1036 3164 cum
1069 3109 1482 3181 subjugalibus
1504 3109 1628 3165 suis
1657 3109 1806 3164 inter
1835 3125 1896 3164 se
1918 3109 2077 3166 diﬁ'e-

2182 1869 2443 1936 verteris,
2473 1869 2743 1941 diapente
2774 1869 2996 1926 deuteri
3043 1868 3302 1923 efﬁcitur
3349 1868 3633 1940 diapente
3685 1867 3830 1928 triti;

2183 1977 2391 2015 rursus
2448 1958 2569 2013 triti
2627 1958 2896 2030 diapente
2949 1973 3226 2013 conversa
3280 1962 3521 2012 resonat
3576 1956 3833 2027 diapente

2183 2048 2427 2104 deuteri.
2479 2047 2761 2104 Similiter
2808 2051 3001 2119 potest
3047 2046 3304 2101 converti
3341 2046 3720 2101 diatessaron
3750 2061 3835 2099 eo-

2184 2155 2339 2193 rum.

2255 2227 2418 2281 Nunc
2453 2225 2649 2299 igitur,
2686 2229 2748 2281 ut
2777 2242 2956 2298 supra
2980 2225 3389 2298 promisimus,
3416 2241 3718 2296 ponamus
3738 2224 3838 2278 sin-

2184 2315 2455 2387 gulorum
2502 2315 2792 2387 diapente,
2829 2314 3296 2386 uniuscujusque
3328 2331 3361 2368 a
3396 2313 3639 2386 proprio
3692 2311 3837 2367 ﬁnali

2184 2404 2550 2476 incipientes,
2585 2408 2643 2459 et
2682 2421 2783 2476 per
2831 2403 3042 2476 quinas
3091 2403 3372 2476 syllabas,
3400 2401 3836 2459 connumeratis

2185 2511 2313 2565 qna:
2345 2491 2402 2548 in
2438 2493 2630 2548 medio
2676 2496 2814 2549 sunt
2841 2492 3100 2560 vocibus,
3136 2492 3555 2558 ascendamus,
3595 2492 3837 2562 itemque

2185 2599 2289 2654 per
2305 2582 2451 2637 alias
2469 2583 2683 2653 quinas
2700 2582 2754 2637 in
2780 2598 2966 2654 usque
2982 2581 3189 2637 ﬁnales
3206 2580 3392 2636 simili
3411 2581 3591 2637 modo
3614 2582 3836 2636 descen-

2185 2671 2418 2739 damus,
2451 2671 2532 2726 ita
2563 2671 2712 2743 proti
2744 2671 3010 2742 diapente
3050 2669 3412 2725 modulando
3447 2686 3460 2725 :
3498 2672 3833 2740 Principium

2183 2776 2278 2831 ego
2307 2777 2430 2816 sum
2458 2768 2511 2815 et
2537 2761 2667 2832 ﬁnis
2690 2779 2710 2823 ,θ
2737 2758 2960 2815 deuteri
3017 2775 3150 2814 vero
3208 2759 3294 2813 sic
3329 2777 3341 2814 :
3375 2765 3492 2815 Duo
3552 2759 3831 2814 alacritati:

2179 2853 2456 2921 praecepta
2474 2857 2606 2904 sunt
2625 2868 2646 2915 ;
2678 2848 2799 2902 triti
2828 2863 2962 2903 vero
2987 2846 3045 2902 in
3079 2847 3236 2902 hunc
3269 2848 3549 2903 modum:
3588 2849 3831 2902 Triaszmt

2181 2954 2415 2993 munera
2439 2939 2718 3009 pretiosa;
2745 2935 2985 2991 tetrardi
3014 2953 3148 2991 vero
3181 2935 3266 2991 sic
3297 2935 3666 2991 concinendo
3698 2951 3710 2989 :
3742 2936 3829 2990 No—
3887 2926 3890 2928 ’

2182 3043 2306 3082 men
2341 3028 2571 3082 Domini
2599 3032 3097 3094 tetragrammaton.
3133 3023 3237 3080 His
3265 3024 3348 3079 ita
3377 3040 3440 3080 se
3463 3023 3824 3086 habentibus,

2186 3132 2259 3170 ne
2289 3114 2424 3187 quis
2455 3130 2549 3170 me
2581 3114 2707 3169 sine
2739 3113 2978 3185 pudoris
3008 3116 3277 3184 respectu
3303 3112 3508 3183 jaculo
3543 3111 3830 3184 reprehen-

428 3201 579 3263 rant,
614 3195 664 3252 si
694 3196 1003 3270 diligenter
1030 3197 1414 3265 intendimus,
1449 3214 1521 3253 ne
1550 3215 1668 3270 qua
1709 3197 2075 3255 confusibilis
2105 3183 2148 3249 C
2186 3183 2369 3259 signis
2400 3183 2941 3275 feriendum—putet,
2975 3219 3041 3258 eo
3073 3183 3229 3274 quod
3261 3203 3558 3274 quasdam
3586 3183 3830 3256 differen-

405 3284 580 3344 ._inter
609 3285 835 3358 seipsos
856 3287 1236 3342 commutatio
1268 3287 1389 3352 ﬁat,
1407 3304 1531 3359 qum
1551 3287 1738 3359 magis
1769 3288 2074 3343 absoniam

429 3375 652 3430 reddat.
685 3375 755 3429 Et
783 3375 1062 3447 quoniam
1091 3375 1268 3430 tritus
1300 3392 1365 3430 ac
1395 3377 1671 3430 deuterus
1715 3375 2076 3431 discernibili

429 3461 582 3518 inter
612 3478 694 3529 se,
723 3463 831 3518 hoc
880 3467 970 3518 est
1017 3462 1314 3518 semitonii
1367 3463 1725 3518 dirimuntur
1753 3464 2076 3529 intervallo,

432 3550 621 3605 caeteri
681 3567 813 3606 vero
865 3551 1088 3606 distant
1142 3555 1280 3606 tono
1334 3551 1578 3621 ideoque
1630 3551 1826 3607 minus
1885 3558 2079 3624 aperte

433 3637 700 3710 dignosci
725 3637 919 3694 valent
946 3655 1146 3693 eorum
1176 3639 1558 3710 proprietates
1589 3640 1648 3694 in
1677 3658 1840 3704 sono,
1876 3641 2077 3714 singu-

433 3725 625 3782 lorum
643 3730 896 3798 quatuor
911 3727 1185 3800 diapente
1197 3744 1331 3782 cum
1353 3728 1661 3783 verborum
1685 3729 2082 3786 modulatione

434 3815 768 3870 curavimus
789 3816 1511 3888 subternotare,quatcnus
1527 3835 1594 3873 ex
1612 3817 1845 3873 illorum
1861 3819 2083 3876 ordinis

436 3903 877 3960 circumstantia
906 3903 1136 3961 facilius
1169 3907 1574 3979 cujuscunque
1607 3906 1792 3979 possit
1821 3924 2082 3980 compre-

434 3992 610 4049 hendi
639 3993 864 4050 notitia.

506 4082 692 4156 Igitur
721 4100 855 4138 cum
887 4083 1153 4140 omnium
1194 4084 1462 4156 diapente
1510 4102 1578 4140 ex
1629 4085 1817 4141 tribus
1848 4085 2000 4142 tonis
2031 4090 2088 4143 et

437 4169 748 4226 semitonio
767 4173 1011 4236 constet,
1046 4171 1104 4226 in
1137 4189 1202 4227 eo
1235 4171 1694 4244 maxime,cujus
1725 4174 1934 4230 borum
1968 4175 2086 4231 dia-

438 4263 610 4333 pente
629 4259 725 4326 sit,
749 4260 1106 4332 agnoscitur,
1133 4261 1180 4316 si
1213 4265 1387 4334 quoto
1419 4263 1795 4322 semitonium
1828 4265 2085 4336 positum

440 4348 519 4404 sit
548 4347 692 4414 loco,
718 4365 833 4404 non
873 4349 1236 4423 negligenter
1265 4350 1594 4422 inspicitur.
1628 4351 1907 4425 Diapente
1938 4353 2087 4425 proti

441 4441 576 4511 post
595 4438 744 4494 duos
763 4441 934 4494 tonos
958 4438 1338 4495 semitonium
1361 4440 1617 4496 admittit
1633 4457 1647 4508 ;
1664 4442 1933 4513 diapente
1945 4443 2090 4498 deu-

2183 3293 2318 3361 tias,
2345 3292 2563 3364 quibus
2584 3291 2764 3364 aliqui
2788 3290 3051 3347 moderni
3072 3295 3352 3354 utuntur,
3374 3291 3514 3346 huic
3547 3291 3701 3362 operi
3733 3289 3827 3344 mi-

2187 3380 2346 3437 nime
2368 3379 2716 3448 addiderim,
2741 3380 2967 3435 noverit
2992 3379 3137 3434 mibi
3163 3380 3217 3434 id
3244 3379 3428 3434 studii
3455 3380 3639 3435 fuisse
3663 3377 3828 3450 magis

2186 3486 2391 3526 eorum
2416 3469 2518 3541 qui
2541 3473 2677 3523 ante
2709 3485 2816 3524 nos
2849 3472 3013 3524 aetate
3033 3473 3092 3523 et
3112 3467 3357 3524 scientia
3387 3470 3608 3525 rectius
3637 3480 3826 3539 sapue-

2189 3562 2349 3626 runt,
2365 3559 2672 3614 observare
2687 3556 2941 3613 voluisse
2969 3557 3420 3614 constitutiones
3442 3575 3622 3630 quam
3645 3572 3825 3612 vocum

2191 3647 2359 3720 sequi
2392 3646 2698 3703 novitates.
2731 3647 2802 3701 Et
2831 3663 2902 3701 ne
2931 3645 3170 3701 omnino
3208 3646 3464 3701 intactas
3496 3646 3724 3702 easdem
3753 3659 3828 3697 re-

2190 3734 2549 3808 linquam,in
2572 3735 2760 3808 primo
2785 3738 2920 3790 tono
2943 3733 3073 3790 aliis
3094 3751 3274 3806 quam
3302 3751 3410 3790 nos
3434 3731 3828 3789 ntunturdiﬂ'e-

2191 3825 2418 3892 rentiis,
2444 3824 2515 3879 ad
2546 3823 2698 3880 hanc
2729 3822 3115 3896 antiphonam
3145 3840 3158 3876 :
3193 3823 3371 3879 Biduo
3403 3825 3614 3888 vivens,
3644 3822 3719 3876 ita
3744 3833 3828 3874 sa:-

2191 3915 2459 3969 culorum.
2495 3916 2685 3978 Amen,
2719 3912 2978 3982 itemque
3021 3912 3374 3968 saeculorum.
3408 3916 3626 3973 Amen,-
3655 3911 3692 3965 0
3723 3909 3828 3963 bea-

2195 4007 2313 4057 tum
2337 4001 2671 4073 pontiﬁcem,
2685 4005 2823 4056 tono
2843 3999 3109 4055 videlicet
3126 3999 3373 4056 inferius
3387 3999 3677 4062 ﬁnientes.
3697 3994 3829 4052 mul-

2195 4095 2370 4162 taque
2401 4091 2457 4145 id
2490 4089 2997 4162 genus,in‘quarto
3027 4105 3161 4144 vero
3193 4089 3251 4144 in
3283 4089 3394 4144 hac
3422 4088 3734 4160 antipbona
3748 4101 3832 4138 nos

2192 4181 2461 4245 scientes;
2495 4177 2554 4233 in
2588 4177 2836 4250 septimo
2871 4177 2929 4232 in
2959 4177 3074 4232 ista
3094 4177 3503 4250 Loquebantur,
3519 4175 3832 4250 peregrinos

2197 4267 2486 4340 quosdam
2519 4265 2902 4322 modulantur
2927 4270 3207 4333 sonos;et
3228 4265 3274 4322 si
3308 4283 3429 4337 qua
3461 4263 3705 4321 inveniri
3719 4277 3834 4335 pos-

2198 4359 2338 4412 sunt
2362 4355 2598 4411 similia.
2633 4355 2799 4410 Nunc
2827 4371 2984 4422 vero,
3015 4354 3066 4411 si
3112 4354 3254 4410 adeo
3302 4353 3648 4425 bujusmodi
3693 4364 3832 4406 novae

2200 4444 2540 4501 sonoritatis
2565 4445 2818 4517 ﬂagrant
2839 4443 3149 4512 desiderio,
3166 4451 3346 4516 agant
3377 4448 3446 4498 ut
3475 4442 3619 4499 libet
3637 4440 3831 4498 animo.

442 4526 561 4617 teri-
582 4530 714 4617 post
743 4531 861 4617 tres
892 4533 1082 4617 tonos,
1102 4525 1374 4600 diapente
1395 4529 1515 4584 triti
1543 4529 1730 4602 primo
1757 4530 1881 4586 loco
1912 4532 2089 4586 semi-
2126 4552 2170 4617 Ι)
2201 4533 2319 4606 Ego
2349 4550 2482 4590 vero
2507 4533 2634 4605 jam
2665 4532 2932 4590 desinam
2959 4531 3148 4588 multa
3177 4531 3443 4604 loqui,ut
3465 4533 3602 4587 ﬁnis
3633 4530 3702 4587 sit
3722 4543 3834 4601 pro-

442 4613 670 4670 tonium
693 4613 897 4683 habet;
920 4615 1194 4688 diapente
1215 4617 1457 4673 tetrardi
1485 4623 1618 4690 post
1647 4636 1831 4674 unum
1863 4624 2091 4676 tonum.

2203 4620 2344 4693 logi.

1502 4974 2112 5090 TONABIUS
2181 4977 2792 5091 BEltNONlS

1048 5198 1152 5258 Ex
1182 5197 1312 5260 cod.
1348 5197 1632 5259 Palatino
1667 5198 1934 5260 biblioz'lz.
1980 5200 2193 5279 Vatia,
2225 5199 2439 5263 collato
2469 5221 2600 5263 cum
2630 5201 2822 5264 codice
2850 5200 3256 5265 Admontensi.

520 5488 905 5545 Authenticus
946 5492 1149 5572 protus
1178 5497 1406 5548 constat
1434 5511 1500 5549 ex
1533 5493 1722 5566 prima
1755 5493 1946 5567 specie
1978 5495 2101 5550 dia-

451 5585 645 5655 pente,
693 5583 750 5635 et
801 5595 869 5634 ex
925 5577 1117 5651 prima
1172 5581 1363 5653 specie
1401 5583 1766 5641 diatessaron
1809 5585 2100 5659 superius.

2211 5498 2400 5568 Hujus
2425 5497 2632 5554 ultima
2663 5496 2884 5570 syllaba
2916 5497 2973 5552 in
3003 5499 3352 5554 saeculorum.
3376 5507 3546 5556 Amen
3577 5493 3736 5551 altius
3758 5485 3836 5542 di-

2213 5590 2386 5644 stata
2415 5587 2576 5644 ﬁnali
2605 5587 2970 5646 diatessaron
3003 5585 3326 5644 intervallo.
