4052 6158
520 296 679 362 1119
1593 298 1990 364 BERNONIS
2034 302 2120 365 AI

2226 301 2369 366 LTIS
2412 302 2858 367 AUGIENSIS.
3703 311 3826 375 1120

578 430 928 492 ‘Ditl‘erentia
944 430 1118 491 tertia
1145 428 1412 491 ultimam
1444 396 1732 509 syllabam
1770 450 1939 491 «amen
1988 434 2166 492 semi-
2194 438 2247 505 Α
2276 435 2570 510 diapente,
2622 439 2681 493 et
2724 452 2794 493 ex
2845 435 3038 510 prima
3084 434 3271 510 specie
3318 434 3646 497 diatessaron
3695 458 3828 517 supe-

508 524 681 580 tonio
711 527 767 580 et
795 529 933 580 tono
958 523 1115 580 ultra
1132 523 1377 579 ﬁnalem
1408 524 1666 596 deponit,
1692 525 1935 580 canendi
1968 529 2167 581 autem
2277 525 2423 582 rius.

521 614 821 669 exordium
851 613 1004 668 infra
1032 630 1149 669 uno
1179 617 1317 669 tono
1347 613 1828 686 assumit,sicque
1850 613 2083 670 initium
2111 619 2169 670 et
2942 616 3260 672 Noeoeane.

521 702 720 768 ﬁnem,
745 701 804 757 id
835 705 925 758 est
948 718 1131 770 amen,
1155 702 1518 759 diatessaron
1551 707 1706 758 recte
1736 703 2060 775 conjungit.
2347 705 2560 777 Septem
2582 712 2702 761 svnt
2730 706 2957 777 spiritus
2985 712 3110 760 ante
3135 705 3389 760 thronum
3417 708 3536 772 Dei;
3553 708 3831 767 saculomm.

587 789 943 846 Sa'culorum.
974 791 1163 847 Amen.
1193 796 1315 847 ant.
1348 793 1483 848 Ante
1502 795 1702 847 torum.
2278 794 2479 861 Amen;
2509 798 2631 849 ant.
2666 793 2953 849 Benedicta
2998 801 3077 858 tu,
3116 797 3226 848 etc.
3260 792 3389 848 Haec
3435 794 3714 865 antipbona
3751 813 3836 853 uno

587 877 923 935 Differentia
954 885 1163 953 quarta
1193 897 1355 936 amen
1387 879 1445 936 in
1478 879 1637 935 ﬁnali
1673 881 2173 953 deponit,semito-
2276 886 2415 937 tono
2445 882 2717 955 superius
2746 882 2985 955 incipit;
3018 887 3134 937 ant.
3168 882 3287 953 Ipse
3310 883 3541 952 praeibit.

520 968 615 1025 nio
646 969 921 1041 superius
949 968 1185 1042 incipit;
1220 970 1323 1025 sed
1350 969 1409 1024 in
1442 970 1798 1041 quibusdam
1827 969 2085 1035 ﬁnalem,
2110 969 2168 1024 in
2350 970 2684 1027 Diﬁerentia
2714 970 2905 1044 prima
2934 986 2968 1025 a
2997 969 3151 1025 ﬁnali
3186 970 3423 1042 quidem
3465 975 3527 1024 ut
3568 970 3837 1044 principalis

518 1057 872 1130 quibusdam
903 1062 1098 1113 autem
1131 1058 1369 1114 tertium
1401 1076 1435 1113 a
1467 1058 1623 1113 ﬁnali
1658 1058 1882 1115 obtinet
1916 1058 2132 1114 locum.
2278 1063 2456 1116 tonus
2485 1059 2709 1132 incipit,
2742 1064 2800 1115 et
2826 1075 2986 1115 amen
3015 1058 3219 1131 quinto
3249 1057 3375 1113 loco
3397 1059 3644 1129 superius
3658 1076 3742 1131 per
3757 1061 3841 1115 dia-

586 1147 951 1204 Szculorum.
987 1148 1174 1203 Amen.
1208 1152 1329 1202 aut.
1363 1149 1633 1203 Anxietas
1660 1156 1753 1203 est.
2279 1153 2452 1221 pente
2481 1148 2739 1214 ﬁnit,sed
2771 1150 2901 1220 post
2925 1141 3157 1202 initium
3205 1145 3504 1203 cantilena:
3547 1148 3841 1205 variandose

580 1237 707 1292 'Hac
736 1233 896 1292 ﬁnali
919 1235 1208 1307 incipiunt
1229 1236 1338 1291 sub
1357 1236 1559 1292 eadem
1581 1236 2170 1309 differentia,excepto
2280 1238 2649 1312 dignoscitur
2678 1255 2711 1292 a
2740 1235 3044 1309 principali
3076 1235 3331 1292 differre.

518 1326 674 1397 quod
706 1324 766 1380 in
800 1325 891 1379 his
924 1325 1280 1394 antiihonis,
1314 1328 1433 1381 ant.
1470 1326 1559 1381 Ad
1590 1334 1657 1392 te,
1694 1327 1941 1392 Domine,
1972 1327 2168 1393 levavi,
2348 1328 2713 1386 Saeculorum.
2747 1326 2950 1392 Amen,-
2976 1329 3097 1380 ant.
3128 1325 3411 1397 Assumpta
3438 1332 3530 1391 est,
3559 1329 3655 1381 etc.

518 1418 639 1483 aut,
672 1431 742 1471 ea:
782 1421 1011 1487 Egyplo
1067 1416 1272 1478 vocavi,
1325 1414 1526 1470 minus
1581 1418 1735 1470 recte
1791 1414 2170 1470 semitonium
2350 1415 2687 1473 Dill'erentia
2717 1414 2975 1471 secunda
3004 1412 3215 1470 aﬁnali
3240 1412 3468 1486 incipit,
3488 1429 3633 1469 amen
3652 1417 3762 1469 tono
3777 1430 3845 1469 su-

517 1503 727 1570 evenit,
760 1504 808 1560 si
842 1521 877 1559 a
905 1504 1067 1559 ﬁnali
1098 1503 1392 1559 cantilena
1416 1520 1647 1560 currere
1689 1504 1939 1575 casperit.
1973 1503 2170 1570 Quali-
2282 1505 2480 1577 perius
2509 1504 2767 1577 deponit.

512 1595 610 1648 ter
636 1609 772 1649 vero
802 1593 1026 1666 absque
1073 1609 1421 1649 neumarum
1456 1593 1762 1665 dispendio
1793 1592 2023 1648 valeant
2052 1608 2173 1647 mo-
2352 1596 2712 1651 stimulorum.
2746 1598 2954 1661 Amen,-
2984 1596 3104 1648 ant.
3137 1592 3381 1664 Accipite
3407 1593 3673 1663 Spiritum,
3699 1595 3783 1647 etc.

521 1679 733 1749 dulari,
766 1680 998 1753 plenius
1029 1682 1086 1737 in
1119 1680 1401 1755 prooemio
1434 1688 1634 1737 notare
1676 1683 1892 1738 curavi.
1924 1684 2057 1737 Ant.
2092 1680 2173 1737 Ad
2353 1683 2690 1739 Diﬁ‘erentia
2720 1683 2893 1738 tertia
2921 1682 3061 1737 item
3094 1699 3127 1737 a
3157 1680 3322 1738 ﬁnali
3355 1681 3573 1754 incipit,
3601 1680 3849 1753 statimque

522 1777 591 1836 te,
625 1772 878 1836 Domine,
913 1772 1106 1839 levavi,
1138 1776 1246 1827 etc.
1283 1770 1383 1826 Isti
1429 1787 1563 1827 vero
1611 1771 1920 1827 semitonio
1949 1775 2006 1826 et
2033 1775 2172 1827 tono
2205 1809 2253 1874 Β
2281 1772 2342 1828 in
2372 1772 2616 1829 tertium
2649 1771 2839 1828 locum
2870 1770 3150 1836 ascendit,
3184 1770 3286 1825 ubi
3321 1774 3380 1826 et
3407 1786 3561 1826 amen
3594 1769 3798 1841 deponit.

521 1857 793 1930 superius
818 1860 928 1916 sub
958 1859 1161 1916 eodem
1192 1876 1335 1917 sono
1366 1859 1811 1934 incipiunt.Ant.
1847 1862 2172 1917 Benedictus
2206 1857 2253 1874 υ
2354 1863 2714 1920 διτωιονωη.
2754 1862 2952 1928 Amen,-
2985 1863 3107 1915 ant.
3139 1858 3380 1916 Ascendo
3410 1860 3497 1915 ad.

518 1948 805 2014 Dominus,
837 1951 946 2004 etc.
2353 1950 2694 2007 Diﬁ‘erentia
2724 1954 2930 2023 quarta
2958 1948 3179 2004 ultimae
3211 1965 3379 2005 men
3403 1947 3623 2021 syllabae
3646 1963 3730 2019 per
3764 1946 3850 2001 dia-

487 2090 493 2096 .
592 2035 931 2093 Diﬁerentia
960 2037 1168 2111 quinta
1213 2037 1275 2092 in
1326 2038 1496 2094 tertia
1524 2056 1559 2095 a
1589 2038 1751 2094 ﬁnali
1801 2038 2039 2105 chorda,
2073 2037 2173 2093 ubi
2282 2043 2455 2113 pente
2485 2040 2544 2095 in
2578 2037 2740 2095 ﬁnali
2768 2037 3042 2106 concinit,
3075 2054 3141 2093 ac
3175 2037 3475 2110 reciproca
3517 2035 3632 2093 vice
3669 2034 3728 2090 de
3761 2033 3852 2107 ipsa

518 2140 678 2181 amen
710 2124 1210 2197 deponit,initium
1242 2127 1425 2183 sumit
1451 2128 1739 2185 Lichanos
1771 2144 1993 2183 meson.
2284 2129 2445 2185 ﬁnali
2477 2129 2536 2184 in
2568 2129 2833 2185 eamdem
2864 2126 3309 2184 consonantiam
3343 2127 3512 2182 redit.

592 2214 956 2270 δεσμίαν-ατη.
992 2220 1205 2283 Amen,-
1237 2220 1356 2272 ant.
1390 2222 1430 2272 Α
1465 2218 1582 2272 viro
1611 2219 1823 2289 iniquo.
2351 2219 2719 2275 Sacculorum.
2753 2217 2959 2283 Amen,-
2987 2220 3107 2271 ant.
3140 2216 3297 2287 Aqua
3320 2214 3598 2270 comburit.

592 2301 932 2358 Diﬁ‘erentia
955 2307 1121 2359 sexta
1150 2303 1459 2361 semitonio
1489 2310 1548 2360 et
1577 2309 1715 2361 tono
1743 2304 2016 2378 superius
2036 2304 2177 2361 iuci-
2356 2306 2453 2362 Hie
2483 2306 2835 2377 antiphonaa,
2866 2303 3003 2360 licet
3032 2308 3163 2377 post
3194 2318 3508 2359 ascensum
3552 2300 3607 2357 in
3649 2299 3852 2372 diapente

524 2389 632 2462 pit,
662 2406 826 2447 auten
854 2390 913 2446 in
944 2391 1308 2448 diatessaron
1342 2409 1376 2447 a
1405 2392 1565 2448 ﬁnali
1596 2391 1910 2449 concludit.
2283 2412 2421 2453 mox
2449 2395 2509 2451 in
2535 2395 2716 2451 alium
2747 2410 2809 2451 se
2828 2394 3069 2450 modum
3092 2392 3425 2453 mutent.ad
3445 2389 3687 2447 eamdem
3704 2392 3849 2443 tamen

590 2480 958 2537 Sareulorum.
990 2497 1147 2536 amen
1171 2502 1191 2547 ;
1218 2485 1337 2536 ant.
1371 2482 1560 2537 Factus
1577 2498 1703 2537 sum
1730 2482 1887 2537 sicut.
2284 2484 2672 2540 differentiam
2696 2499 2758 2539 se
2775 2482 3020 2550 habent;
3040 2485 3161 2537 ant.
3187 2487 3499 2551 Argentum
3512 2488 3560 2536 et
3573 2494 3757 2542 eum,
3773 2480 3847 2531 etc.

594 2568 724 2625 Haac
741 2567 1067 2641 antiphona
1084 2570 1155 2625 ad
1174 2569 1408 2626 ﬁnalem
1431 2570 1792 2626 diatessaron
1812 2570 1883 2625 ad
1905 2568 2173 2627 ultimam
2355 2572 2691 2630 Difl‘erentia
2718 2572 2924 2645 quinta
2950 2571 3181 2627 duobus
3211 2569 3371 2626 tonis
3402 2566 3656 2641 superius
3686 2562 3853 2636 incipit,

506 2656 810 2731 syllabam
836 2674 1001 2714 amen
1030 2658 1561 2732 resonat,superius
1591 2659 1861 2732 diapente
1880 2677 1895 2728 ;
1914 2663 2174 2716 attamen
2282 2666 2421 2719 tono
2450 2663 2812 2719 diatessaron
2842 2676 3005 2717 amen
3030 2658 3259 2715 a-ﬁnali
3290 2656 3524 2715 desinit.

521 2745 680 2802 dulci
702 2746 958 2819 quodam
982 2748 1177 2803 canori
1196 2748 1452 2821 gutturis
1468 2749 1683 2805 reﬂexu
1703 2748 2171 2806 facitdiscrimen
2261 2744 2265 2748 ’
2356 2753 2715 2810 Saeculorum.
2750 2755 2964 2818 Amen;
2998 2753 3116 2805 ant.
3153 2748 3451 2805 Benedicta
3477 2748 3609 2818 ﬁlia.

521 2836 596 2892 ab
620 2834 862 2892 alterius
893 2835 1234 2893 differentia
1264 2837 1483 2894 sonitu.
2356 2840 2695 2897 Ditl‘erentia
2745 2844 2909 2895 sexta
2958 2842 3166 2910 quarto
3196 2855 3234 2893 a
3264 2835 3426 2897 ﬁnali
3483 2834 3600 2891 loco
3649 2827 3855 2903 superius

594 2922 959 2981 Saecularum.
992 2926 1180 2991 Amen,
1217 2931 1338 2982 ant.
1372 2927 1496 2983 Nisi
1534 2926 1846 2999 diligenter,
1899 2944 2030 2996 non,
2063 2931 2174 2984 etc.
2284 2946 2447 2987 amen
2476 2928 2607 2985 ﬁnit
2636 2928 2973 3000 ibidemque
3001 2926 3227 2998 incipit.

593 3012 979 3070 Autheulious
1004 3013 1180 3070 tritus
1210 3019 1442 3072 constat
1489 3034 1559 3073 ex
1596 3016 1772 3072 tertia
1813 3016 2007 3088 specie
2052 3016 2177 3073 dia-
2354 3021 2716 3078 Seeculorum.
2750 3021 2954 3084 Amen,-
2985 3019 3108 3073 ant.
3141 3016 3317 3087 Aquae
3342 3015 3553 3071 multae.

526 3104 717 3175 ponte,
750 3104 809 3157 et
835 3118 903 3158 ex
931 3103 1135 3159 eadem
1167 3104 1360 3176 specie
1383 3105 1747 3161 diatessaron
1771 3106 2067 3178 superius.
2359 3108 2696 3165 Diﬁ‘erentia
2726 3106 2975 3179 septima
3004 3122 3039 3161 a
3067 3120 3177 3161 suo
3207 3103 3373 3161 ﬁnali
3406 3103 3463 3158 in
3493 3117 3639 3156 amen
3670 3113 3753 3170 per
3771 3093 3857 3149 dia-

1179 3194 1535 3251 Noeaoeane.
2079 3228 2082 3231 λ
2209 3180 2252 3245 C
2290 3201 2462 3270 pente
2491 3198 2551 3253 in
2582 3195 2853 3253 acumine
2883 3195 3079 3263 distat,
3112 3210 3217 3266 per
3264 3192 3618 3248 diatessaron
3656 3184 3856 3245 inchoat;

599 3282 861 3354 Quinque
886 3281 1180 3354 prudentes
1209 3284 1557 3339 intraverunt
1585 3284 1656 3339 ad
1683 3285 1927 3356 nuptias,
1960 3289 2070 3341 etc.
2287 3286 2480 3342 differt
2509 3286 2665 3342 enim
2691 3286 2805 3341 ista
2835 3301 2870 3341 a
2898 3281 3185 3356 superiori
3220 3281 3381 3353 quod
3413 3281 3529 3335 hac
3555 3295 3588 3334 a
3613 3272 3746 3366 ﬁnali

597 3370 962 3427 δέεαιιονυνη·
997 3370 1205 3437 Amen:
1233 3376 1352 3426 ant.
1389 3372 1574 3427 Adhuc
1599 3374 1797 3428 multa.
2289 3377 2361 3432 ad
2387 3375 2659 3449 diapente
2685 3372 2966 3448 pervenit,
3000 3372 3101 3428 illa
3146 3387 3286 3427 vero
3336 3386 3453 3426 non
3502 3366 3673 3424 solum
3698 3363 3745 3417 in
3768 3358 3856 3449 dia-

601 3459 851 3524 Quidam
881 3459 1035 3514 hanc
1066 3477 1099 3514 a
1127 3476 1289 3515 mese
1337 3459 1631 3532 incipiunt
1673 3465 1791 3516 ant.
1826 3461 2065 3517 Laudem
2093 3463 2180 3517 di-
2290 3468 2461 3537 pente
2489 3445 2758 3519 dicentiar
2811 3460 3109 3534 pertingit,
3152 3476 3362 3515 verum
3405 3456 3574 3514 etiam
3617 3445 3858 3523 aliquando

527 3547 654 3610 cite,
679 3551 790 3603 etc.
824 3546 1157 3604 Diﬁ'erentia
1199 3548 1391 3620 prima
1435 3565 1615 3621 supra
1662 3549 1898 3607 ﬁnalem
1950 3550 2181 3607 duobus
2289 3556 2494 3609 contra
2520 3551 2709 3626 legem
2738 3550 2990 3607 ulterius
3013 3548 3300 3622 procedit.

512 3634 687 3691 tonis
717 3634 943 3708 incipit,
974 3635 1072 3690 ubi
1109 3641 1164 3693 et
1195 3653 1365 3693 amen
1398 3637 1544 3693 ﬁnit.
2359 3642 2723 3701 Saecula-um.
2756 3644 2970 3707 Amen,-
2998 3640 3116 3694 ant.
3151 3637 3294 3693 Deus
3317 3636 3557 3702 deorum,
3582 3636 3679 3688 etc.

598 3724 962 3783 ‘Samdorum.
992 3730 1205 3793 Amen,-
1234 3730 1356 3782 ant.
1389 3727 1704 3784 Bxsultavit
1740 3729 2001 3801 Spiritus,
2033 3733 2143 3785 etc.
2354 3730 2702 3788 'Diﬁ‘erentia
2730 3732 2931 3785 octava
2961 3726 3130 3800 quasi
3163 3742 3299 3781 rara
3329 3741 3396 3780 ac
3425 3723 3657 3780 barbara
3687 3718 3736 3771 in
3759 3711 3858 3769 ulti-

602 3812 939 3870 Diﬁ'erentia
966 3815 1243 3882 secunda,
1279 3816 1376 3871 ubi
1409 3820 1466 3871 et
1512 3816 1780 3889 superior
1822 3834 1983 3874 amen
2030 3817 2179 3885 ﬁnit,
2293 3837 2389 3876 mo
2418 3819 2657 3893 ponitur
2693 3815 3171 3883 extraordinaria,
3206 3831 3337 3887 qua:
3384 3812 3707 3871 saeculorum.

534 3900 753 3958 melum
785 3918 919 3959 vero
949 3919 1052 3976 per
1080 3903 1353 3976 diapente
1384 3904 1597 3961 aﬁnali
1620 3906 1891 3978 superius
1919 3905 2144 3978 incipit.
2292 3889 2499 3982 quarto
2556 3908 2683 3963 loco
2714 3925 2748 3964 a
2778 3903 2938 3962 ﬁnali
2998 3903 3249 3960 inferius
3307 3900 3574 3976 deponit;
3624 3889 3857 3982 melodiﬂll

598 3991 969 4048 Sat-uiarum.
1005 3996 1212 4060 Amen;
1243 3997 1364 4049 ant.
1399 3994 1660 4062 Alleluia,
1692 4011 1853 4064 quem
1882 3996 2109 4068 quaeris.
2290 3980 2424 4055 vero
2454 3995 2772 4069 aliquando
2802 3993 3006 4068 quinto
3031 3992 3263 4049 orditur
3290 3991 3439 4057 loco,
3472 3990 3548 4045 ita
3576 3990 3635 4042 ut
3659 3980 3858 4051 dispellit

605 4079 798 4154 Plagis
825 4080 949 4136 triti
978 4086 1207 4138 constat
1261 4099 1330 4138 ex
1378 4084 1581 4139 eadem
1639 4084 1832 4156 specie
1888 4083 2181 4156 diapente,
2293 4085 2594 4143 intervallo
2623 4084 2805 4141 distet
2828 4100 2861 4138 a
2890 4080 3051 4139 ﬁnali
3090 4098 3223 4149 suo,
3258 4078 3569 4153 aliquando
3610 4087 3723 4129 vero
3760 4078 3858 4137 qm-

532 4186 651 4242 qua
672 4174 737 4227 'et
764 4170 1141 4227 authenticus
1163 4172 1315 4243 ejus,
1347 4188 1416 4227 ex
1444 4172 1646 4228 eadem
1680 4173 1871 4245 specie
1899 4171 2182 4229 diatessa-
2292 4180 2446 4239 tuor,
2475 4178 2540 4230 ut
2569 4172 2851 4245 subjectis
2879 4170 3129 4243 liquebit
3158 4167 3466 4240 exemplis.

530 4275 639 4315 ron
672 4257 937 4317 inferius.
2362 4265 2517 4320 Sicut
2540 4267 2660 4320 erat
2689 4264 2747 4318 in
2772 4260 3050 4333 principio
3078 4267 3131 4315 et
3158 4275 3311 4314 nunc
3338 4263 3396 4313 et
3418 4268 3632 4326 semper,
3661 4254 3703 4303 α
3721 4247 3766 4300 ii
3782 4252 3858 4333 εξ·

1247 4349 1477 4406 Noeais.
2292 4353 2419 4410 cuia
2446 4328 2797 4410 seculorum:
2833 4328 3009 4406 Amen
3037 4346 3188 4421 (At);
3222 4350 3347 4402 ant.
3373 4333 3763 4414 Angeli
3775 4328 3859 4386 ιιιίη

533 4436 702 4494 Sexta
721 4438 855 4493 hora
872 4436 1009 4493 sedit
1028 4452 1192 4509 super
1209 4439 1996 4509 puteumsceculorumeen
2022 4460 2040 4507 ;
2062 4444 2184 4496 aut.
2294 4444 2558 4517 Martyres
2585 4441 2825 4498 Domini.

497 4557 507 4566 .
536 4525 883 4615 Αεςςηάεηῳ,
1128 4612 1140 4615 _
2217 4550 2264 4615 D
2365 4510 2559 4587 Simili
2590 4530 2764 4586 modo
2794 4528 2916 4585 ista
2940 4528 3243 4593 tonantur,
3274 4521 3539 4615 quamvis
3566 4510 3859 4615 ξιιῖοξῐᾳξ

609 4612 741 4668 Hac
771 4612 897 4670 sola
924 4617 1061 4670 tono
1091 4612 1268 4671 altius
1298 4616 1452 4689 apud
1494 4616 1782 4689 quosdam
1830 4617 2039 4691 incipit
2065 4624 2185 4677 ant.
2217 4597 2263 4615 υ
2297 4618 2554 4675 diantur.
2605 4620 2738 4675 Ant.
2788 4620 2897 4675 Nos
2954 4616 3054 4688 qui
3102 4615 3387 4680 vivimus;
3417 4613 3532 4667 aut.
3563 4609 3621 4664 In
3666 4597 3859 4658 [06W

536 4702 1014 4759 Nescierat-mater.
1344 4692 1345 4695 ‘
2298 4709 2485 4766 bmd-
3656 4780 3670 4783 -
3770 4771 3786 4783 -
3838 4780 3839 4783 γ

604 4790 946 4849 Ηωῖίιειυιιω
976 4791 1438 4866 υδίιειιρθτίοιιθε
1467 4794 1790 4868 incipiunt;
1823 4799 1941 4854 ant.
1994 4798 2190 4855 Notum
2365 4800 2439 4854 At
2464 4812 2599 4853 vero
2629 4794 2738 4861 bes,
2771 4811 2896 4867 quas
2943 4796 3296 4865 sequuntur,
3329 4789 3464 4846 licet
3499 4786 3555 4841 in
3578 4780 3749 4868 eodem
3770 4771 3859 4868 ιοίξο

535 4883 687 4954 fecit,
721 4885 829 4938 etc.
1180 4858 1199 4866 ’
1588 4858 1607 4868 ’
1778 4858 1787 4865 ’
2294 4858 3009 4957 ἱιιοὶιοθηι,ωαέὶεἰαωθη
3028 4858 3353 4954 principali
3384 4890 3527 4934 sono
3552 4858 3860 4946 ρπδίιρθδδθ

611 4969 1079 5028 llaec-semitonio
1107 4987 1175 5027 ac
1203 4974 1340 5028 tono
1360 4971 1616 5028 inferius
1645 4973 1757 5029 sub
1793 4973 1995 5031 eodem
2046 4991 2189 5033 sono
2299 4974 2676 5048 respondent.
3601 5050 3611 5055 _
3685 5044 3695 5055 _

540 5058 748 5133 incipit
776 5066 896 5117 ant.
929 5063 996 5118 Si
1019 5075 1120 5131 ego
1146 5075 1307 5117 verus
1333 5060 1556 5117 Christi.
1918 5030 1921 5031 ν
2058 5030 2093 5031 η
2300 5030 2315 5032 ἡ
2340 5030 2730 5122 ήὲέοαιοναῃι,
2791 5060 3000 5127 Am,-
3031 5061 3152 5114 ειη,
3208 5058 3273 5113 ιη
3327 5055 3540 5111 cm
3578 5044 3746 5117 igua,-
3770 5030 3858 5090 aut

611 5148 743 5206 Hac
769 5149 1099 5206 differentia
1127 5149 1273 5206 sexti
1302 5148 1428 5207 toni
1456 5166 1617 5207 amen
1641 5154 1780 5206 tono
1818 5152 2092 5225 superius
2122 5154 2189 5209 ﬁ-
2296 5153 2585 5225 Sapientia
2606 5151 2876 5216 clamitat,
2911 5151 3029 5205 ant.
3061 5146 3300 5203 Stabunt
3318 5144 3479 5217 justi.

516 5238 647 5303 -nit,
678 5237 998 5311 incipiendi
1028 5243 1223 5296 autem
1254 5239 1557 5296 exordium
1575 5240 1648 5294 ab
1663 5239 1791 5311 ipso
1809 5213 1967 5297 ﬁnali
1986 5243 2188 5298 sumit.
2370 5213 2435 5297 ln
2467 5240 2562 5296 his
2588 5239 2745 5296 enim
2766 5213 2959 5293 tribus
2979 5253 3012 5291 a
3026 5236 3223 5308 primo
3245 5213 3516 5307 supremo
3536 5234 3700 5319 usqu?
3716 5213 3859 5319 “igni:

539 5296 866 5399 Parhypale
888 5341 1119 5401 meson.
1152 5326 1509 5385 Saeculorum.
1554 5296 1759 5395 Amen;
1803 5296 2192 5387 ant.Benedie¥
2302 5296 2447 5388 num
2477 5344 2687 5386 sonum
2712 5296 3859 5407 cantilenainﬂectituritautalifiulllfilllllfilt

540 5420 630 5473 tus
656 5399 963 5482 Dominus,-
994 5417 1117 5470 ant.
1149 5416 1462 5475 Benedicit.
2299 5418 2565 5477 lichanos
2586 5412 3086 5488 meson,singulas
3106 5412 3359 5470 chordas
3384 5399 3858 5488 tangendoin

615 5500 1329 5666 slighcentieustﬁtrardus
1359 5511 1590 5564 constat
1628 5523 1697 5564 ex
1744 5510 1955 5579 quarta
2003 5508 2195 5580 specie
2301 5514 2431 5565 tum
2451 5480 2820 5581 phthongum
2840 5480 3088 5575 utraque
3103 5480 3853 5577 regionedaotapwmd‘w'

802 5606 897 5651 um
922 5605 998 5650 no
1087 5608 1154 5651 ιδ.

802 5606 897 5651 um
922 5605 1154 5651 notum.
