4026 6184
108 4215 111 4218 ’
193 4209 243 4269 ἡ.
280 4203 652 4276 Aspiciebam
682 4205 740 4259 in
773 4205 922 4261 visu.

169 335 311 400 H21
1661 333 1827 398 TON.

1999 336 2083 397 IS.
3421 332 3574 394 “9'2

237 469 392 526 Modi
431 469 521 525 vel
570 467 745 542 tropi,
781 484 928 541 quos
977 467 1260 525 usualitcr
1304 472 1474 526 tonos
1521 487 1818 535 vocamus,
1849 472 1903 536 Α
1929 475 1978 534 ιξι.
2013 469 2259 525 Doccam
2293 468 2525 540 iniquos
2550 465 2692 522 vias.

168 559 602 618 nocturnalium
636 557 1303 630 responsoriorum,licct
1323 576 1357 613 a
1386 557 1629 614 diversis
1659 557 1820 612 cbor—
1927 562 1979 622 ἡ.
2014 557 2181 612 Sicut
2206 561 2391 612 mater
2419 555 2774 612 consolatur.

167 651 377 705 darum
409 647 649 703 sedibus
679 646 1185 718 incipiant,tamen
1235 647 1642 720 unusquisque
1688 646 1820 701 illo-
1931 649 1982 709 ἢ.
2019 645 2214 701 Oravit
2233 645 2429 700 Jacob.

168 755 299 794 rum
334 754 437 810 per
465 735 816 791 uniformem
856 752 1140 791 versuum
1184 753 1426 793 suorum
1476 734 1822 792 modulatio-
1929 737 1980 797 ιῆ.
2017 735 2203 790 Senex
2233 750 2501 806 puerum.
2536 732 2733 790 Gloria
2764 733 2939 790 Patri.

169 844 305 884 nem
340 825 570 881 facilem
604 824 694 879 sui
721 825 938 897 praebet
960 825 1582 897 cognitionem;veluti
1602 842 1670 879 ex
1688 841 1826 896 pau-
2005 823 2151 878 'l‘oni
2181 823 2538 894 pertinentes
2585 823 2656 877 ad
2710 823 2986 878 introitus
3033 829 3094 878 ct
3140 825 3583 881 communiones

169 917 414 988 cis,qua3
446 931 548 987 pro
579 914 843 986 exemplo
875 915 1078 970 subter
1111 913 1824 982 notavimus,manil‘cstus
1935 927 2037 983 per
2079 915 2418 966 consuetam
2473 910 2931 967 modulationem
2988 911 3170 968 Gloria
3225 915 3389 969 Patri
3439 915 3582 970 satis

170 1009 333 1078 patet
361 1002 841 1060 intellectus.Nisi
875 1004 1017 1058 forte
1045 1003 1433 1076 multiplicata
1475 1017 1826 1058 neumarum
1936 1005 2184 1073 possunt
2213 1000 2626 1064 discerni.Qua3
2657 1001 2800 1056 dum
2831 1001 2891 1056 in
2923 1001 3176 1074 singulis
3200 1007 3318 1058 tam
3351 1003 3410 1060 in
3432 1004 3583 1060 anti-

169 1092 284 1164 (45)
312 1091 603 1148 variarum
637 1091 774 1147 velit
804 1093 937 1164 quis
960 1093 1221 1164 ipsorum
1256 1108 1532 1148 versuum
1567 1089 1829 1147 modula-
1936 1089 2304 1162 phonis,quaa
2335 1088 2611 1144 dicuntur
2640 1088 3120 1163 introitus,quam
3145 1091 3204 1147 in
3227 1093 3587 1150 communio-

170 1182 391 1237 tionem
421 1181 724 1237 decentius
749 1181 1052 1236 adornare.
1938 1178 2113 1234 nibus
2151 1177 2520 1233 uniformiter
2564 1178 2771 1246 vadat;
2803 1196 2910 1234 nos
2957 1183 3153 1236 tamen
3198 1198 3301 1254 pro
3348 1199 3586 1240 conser-

666 1285 1056 1325 AUTHENTICUS
1096 1285 1337 1325 pno'rus.
1938 1269 2126 1324 vando
2156 1267 2432 1323 cantandi
2463 1265 2664 1323 ordine
2705 1269 2970 1340 quaedam
3018 1269 3298 1343 gradalia,
3331 1271 3585 1344 alleluia,

171 1359 224 1418 Ii.
261 1362 434 1414 Beata
463 1373 547 1423 es,
576 1357 780 1412 Maria.
1940 1357 2234 1413 oll‘ertoria
2263 1355 2596 1413 curavimus
2625 1355 3009 1430 ioterponere.

174 1451 226 1510 1.
260 1450 397 1514 Ave,
431 1446 638 1513 Maria,
668 1446 856 1519 gratia
881 1446 1074 1518 plena,
1107 1447 1389 1502 Dominus
1420 1451 1636 1502 tecum.
2427 1462 2819 1501 AUTHENTICUS
2858 1463 3101 1504 pno'rus.

171 1538 223 1596 Ii.
261 1536 683 1591 Confirmatum
711 1541 820 1591 est.
2012 1535 2204 1592 Primo
2237 1553 2338 1608 pro
2365 1534 2618 1592 culmine
2647 1540 2760 1590 tum
2789 1552 3050 1608 quaerere
3088 1538 3353 1610 justitize,
3390 1541 3590 1596 Domi-

175 1630 225 1688 ).
262 1625 307 1681 Ο
339 1640 536 1697 regem
586 1623 714 1680 θαιιί
765 1625 878 1680 cui.
913 1623 1109 1680 Gloria
1158 1626 1310 1680 Patri
1341 1631 1396 1682 et
1427 1624 1591 1691 Filio,
1623 1628 1679 1680 et
1711 1623 1833 1696 Spi-
1943 1643 2034 1692 ne,
2070 1642 2272 1681 verum
2299 1641 2599 1682 summum
2627 1641 2858 1698 quoque
2887 1624 3086 1682 lumen
3133 1627 3222 1683 fac
3272 1646 3418 1698 nos;
3447 1630 3591 1702 peti-

249 1714 386 1770 ritui
420 1718 642 1770 sancto.
1945 1732 2076 1771 mus
2107 1720 2172 1770 ut
2202 1716 2258 1768 in
2295 1713 2438 1769 caelo
2470 1731 2702 1786 semper
2730 1714 2834 1768 tibi
2860 1715 3207 1785 jubilemus.
3239 1718 3446 1774 Amen.

1865 1845 1912 1910 Β
2085 1803 2465 1860 Saeculorum.
2495 1805 2700 1858 Amen.

2015 1895 2149 1950 Aut.
2184 1893 2442 1948 Gaudete
2468 1892 2525 1947 in
2559 1892 2822 1948 Domino.

2013 1986 2149 2038 Ant.
2184 1983 2442 2054 Exsurge
2475 1998 2684 2054 quare.-

2015 2075 2146 2127 Ant.
2183 2070 2424 2138 Exaudi,
2455 2071 2718 2140 Domine,
2749 2088 2969 2127 vocem.

2015 2163 2149 2216 Ant.
2180 2161 2458 2226 Laudate,
2491 2160 2675 2232 pueri.

2016 2253 2148 2304 Ant.
2180 2250 2384 2305 Justus
2417 2253 2481 2304 ut
2512 2248 2726 2321 palma.

2016 2342 2147 2394 Ant.
2179 2339 2388 2394 Justus
2419 2355 2533 2394 non
2560 2338 3026 2409 conturbabitur,

2020 2427 2148 2480 Ant.
2182 2425 2334 2480 Dicit
2365 2425 2652 2480 Dominus
2685 2442 2698 2480 :
2732 2429 3061 2482 Sermo-nes.

2018 2516 2151 2570 Ant.
2187 2514 2271 2570 Da
2297 2531 2518 2587 pacem,
2553 2513 2818 2570 Domine.

2021 2608 2156 2660 Ant.
2191 2604 2406 2659 Statuit
2437 2603 2487 2659 ei
2519 2602 2824 2660 Dominus.

2019 2696 2154 2748 Ant.
2185 2694 2393 2748 Factus
2424 2697 2514 2747 est
2544 2692 2848 2747 Dominus.

2021 2785 2152 2838 Ant.
2185 2781 2392 2838 Justus
2423 2797 2506 2848 es,
2539 2781 2802 2837 Domine.

2023 2874 2154 2926 Ant.
2189 2871 2414 2925 Etenim
2447 2871 2744 2926 sederunt.

2023 2963 2155 3015 Ant.
2187 2959 2479 3016 Misereris
2510 2959 2773 3014 omnium
2786 3001 2799 3014 .

181 3053 234 3112 ii.
280 3049 398 3105 Rex
429 3052 626 3104 noster
655 3050 943 3106 adveniet.
2023 3052 2154 3104 Ant.
2189 3049 2305 3122 Ego
2337 3051 2529 3104 autem
2563 3048 2620 3102 in
2649 3046 2915 3104 Domino.

186 3144 231 3201 ᾗ.
281 3139 422 3193 Ecce
452 3140 652 3211 Agnus
683 3138 942 3205 Dei,ecce
972 3139 1071 3210 qui
1105 3137 1256 3194 tollit
1282 3141 1513 3211 peccata
1544 3139 1771 3194 mundi.
2025 3141 2157 3195 Ant.
2191 3137 2689 3194 Exclamaverunt.

183 3232 235 3292 ιῆ.
279 3226 444 3282 Sicut
464 3227 694 3282 cedrus.
1878 3211 1920 3277 C
2027 3232 2160 3284 Ant.
2193 3227 2478 3284 Dominus
2508 3244 2678 3283 secus
2709 3243 2890 3282 mare.

183 3319 234 3378 Ii.
276 3315 429 3370 Dum
461 3315 789 3371 transisset.
2097 3316 2474 3375 Saeculorum.
2505 3318 2712 3373 Amen.

184 3409 234 3468 li.
279 3405 615 3460 Ascendens
647 3405 704 3459 in
732 3405 938 3460 altum.
969 3405 1162 3462 Gloria
1189 3406 1344 3461 Patri
1373 3411 1433 3462 et
1466 3407 1628 3462 Filio.
2023 3409 2158 3462 Ant.
2192 3407 2421 3476 Rorate,
2456 3405 2603 3461 caeli.

685 3511 1079 3550 AUTHENTICUS
1129 3512 1354 3551 'rm'rus.
2024 3498 2159 3552 Ant.
2194 3495 2567 3552 Gaudeamus
2593 3512 2818 3552 omnes.

184 3583 234 3644 ἡ.
279 3581 632 3638 Benedictus
663 3583 785 3653 qui.
2026 3588 2139 3642 Ant
2168 3585 2566 3658 Suscepimus,
2601 3585 2774 3641 Deus.

188 3675 236 3733 ᾖ.
280 3670 581 3742 Lapidem,
617 3688 792 3743 quem
843 3673 1302 3744 reprobaverunt
1347 3673 1720 3740 aedificantes,
1752 3671 1847 3728 hic
2029 3677 2157 3730 Ant.
2193 3674 2434 3742 lnclina,
2467 3674 2732 3741 Domine,
2767 3692 2988 3730 aurem.

262 3759 458 3814 factus
489 3764 578 3814 est
607 3759 665 3814 in
699 3766 872 3832 caput
895 3760 1130 3834 anguli;
1165 3779 1199 3817 a
1229 3761 1470 3817 Domino
1513 3763 1732 3816 tactum
1761 3767 1851 3817 est
2100 3764 2480 3820 Saeculorum.
2513 3767 2718 3820 Amen.

261 3848 450 3913 istud,
483 3852 539 3903 et
570 3852 659 3904 est
689 3848 956 3906 mirabile
987 3850 1045 3904 in
1078 3850 1260 3906 oculis
1292 3851 1527 3906 nostris.
2030 3858 2164 3910 Ant.
2201 3855 2313 3909 Lex
2342 3853 2572 3910 Domini
2605 3855 2778 3926 irrep.

190 3941 241 4000 ἡ.
271 3935 535 4009 Angelus
566 3937 798 3993 Domini
832 3937 1080 3994 locutus.
2029 3947 2164 4000 Ant.
2199 3941 2495 3999 Meditatio
2526 3942 2736 3998 cordis.

192 4032 241 4091 ii.
283 4025 464 4081 Hodie
497 4026 666 4081 nobis
696 4025 998 4082 caelorum.
1031 4028 1226 4083 Gloria
1257 4029 1408 4084 Patri
1441 4033 1496 4084 et
1527 4027 1692 4084 Filio.
2031 4035 2164 4088 Ant.
2197 4032 2555 4104 Sapientiam
2588 4034 2944 4087 sanctorum.

826 4133 1022 4172 PLAGIS
1058 4133 1228 4172 rem.
2033 4123 2166 4176 Ant.
2199 4119 2370 4176 Salus
2401 4123 2620 4176 autem.

2033 4214 2168 4266 Ant.
2200 4209 2326 4265 Scio
2357 4213 2550 4265 autem
2583 4209 2676 4265 cui
2710 4210 2950 4266 credidi.

787 1819 984 1858 PLAGIS
1038 1820 1226 1858 PROTI.

171 1893 227 1952 Ii.
266 1891 483 1947 Sancta
513 1896 572 1947 et
601 1891 901 1947 immacul.

174 1983 225 2040 Ῡ.
258 1981 573 2037 Benedicta
603 1987 663 2036 tu
698 1981 754 2035 in
788 1981 1154 2046 mulieribus,
1184 1985 1241 2037 et
1289 1981 1631 2036 benedictus
1681 1981 1832 2036 fruc-

251 2075 351 2125 tus
378 2069 599 2126 ventris
624 2071 730 2124 tui.

172 2161 226 2220 ἡ.
261 2161 467 2231 Agnus
499 2159 598 2214 Dei
631 2159 916 2215 Christus.

172 2251 226 2312 ἡ.
267 2248 561 2304 Lzetentur
590 2247 738 2304 casli.

176 2337 231 2398 ἢ.
269 2337 442 2406 Audi,
477 2337 672 2393 Israel.
703 2337 895 2394 Gloria
929 2339 1101 2394 Patri.

635 2443 1034 2483 AUTHENTICUS
1076 2444 1386 2484 DEUTERUS.

179 2516 234 2577 Ii.
274 2514 772 2588 Congratulamini
785 2559 797 2571 .

183 2606 235 2664 ὶ.
277 2603 559 2660 Tulerunt
589 2604 904 2664 Dominum
939 2621 1159 2673 meum,
1192 2610 1249 2660 et
1280 2604 1474 2662 nescio
1507 2605 1604 2660 ubi
1640 2621 1842 2677 posue-

257 2696 399 2746 runt
427 2709 596 2759 eum;
630 2693 677 2748 si
713 2698 773 2746 tu
807 2692 1100 2748 sustulisti
1132 2711 1289 2759 eum,
1322 2694 1499 2748 dicito
1530 2694 1695 2749 mihi.

177 2785 230 2846 ἡ.
271 2780 586 2853 Postquam
619 2781 848 2852 impleti
884 2787 1042 2837 sunt.

180 2875 232 2933 ᾖ.
272 2869 628 2926 Salvatorem
659 2875 910 2942 exspect.
943 2871 1138 2926 Gloria
1169 2871 1342 2927 Patri.

763 2977 959 3016 PLAGIS
1008 2977 1078 3015 DE
1085 2977 1250 3016 UTERI
1262 3004 1273 3016 .

194 4297 244 4354 ὶ.
285 4294 430 4350 Ecce
461 4293 796 4350 dominator
825 4294 1108 4351 Dominus
1138 4311 1271 4351 cum
1299 4294 1512 4351 virtute
1534 4295 1744 4351 veniet.

197 4388 249 4448 ﬂ.
291 4381 469 4438 Beata
498 4399 582 4448 es,
615 4383 776 4456 virgo
807 4381 1010 4438 Maria.

197 4476 248 4535 ﬂ.
289 4470 649 4527 Decantabat
674 4471 945 4544 populus.

197 4564 249 4625 ii.
288 4559 458 4616 Modo
486 4561 698 4618 veniet.
727 4560 922 4618 Gloria
953 4561 1130 4618 Patri.
1889 4580 1936 4646 Β

669 4667 1056 4707 AUTHENTICUS
1092 4667 1370 4708 TETRARDI
1379 4694 1392 4707 .

2035 4299 2233 4356 Gloria
2262 4299 2439 4364 Patri,
2491 4303 2548 4354 et
2597 4297 2762 4365 Filio,
2813 4304 2872 4355 et
2915 4299 3158 4373 Spiritui
3206 4302 3433 4368 sancto,
3465 4296 3616 4354 sicut

1964 4393 2090 4447 erat
2134 4389 2193 4444 in
2243 4387 2528 4461 principio
2571 4392 2628 4444 et
2675 4405 2832 4444 nunc
2872 4393 2930 4444 et
2954 4404 3204 4462 semper,
3237 4391 3296 4444 et
3320 4385 3618 4445 in-saacula

1965 4477 2334 4536 saeculorum.
2363 4479 2568 4533 Amen.

2648 4565 2927 4624 Gradalia.

2037 4657 2212 4714 Grad.
2247 4656 2520 4712 Miserere
2545 4655 2682 4722 mei,
2718 4661 2886 4712 Deus.

199 4737 250 4797 li.
286 4738 466 4794 Beata
491 4738 718 4794 viscera
747 4739 962 4795 Mariae.

203 4831 252 4889 1.
288 4827 421 4883 Dies
469 4827 867 4884 sanctiﬁcatus
915 4827 1107 4884 illuxit
1156 4829 1360 4896 nobis;
1389 4829 1597 4899 venite,
1630 4835 1854 4904 gentes,

273 4921 334 4972 et
364 4916 602 4972 adorato
632 4916 968 4973 Dominum.

207 5007 257 5066 ιῆ.
291 5001 604 5061 Elisabeth'
621 5004 931 5062 Zacharias.

208 5097 258 5157 i'
295 5094 446 5150 Puer
472 5111 661 5164 meus,
689 5093 831 5151 noli.

210 5184 261 5244 Ii.
294 5183 596 5256 Aspiciens
622 5201 656 5240 a
684 5183 875 5257 longe.
910 5183 1106 5240 Gloria
1136 5184 1324 5251 Patri,
1344 5189 1400 5240 et
1425 5184 1590 5242 Filio.

771 5289 967 5330 PLAGIS
1003 5291 1284 5331 TETRA—BDI
1295 5316 1306 5330 .

212 5363 263 5423 ἡ.
298 5361 425 5418 Dies
455 5361 879 5419 sanctiﬁcatus.

214 5453 264 5510 y.
297 5450 524 5520 Venite,
554 5452 867 5509 adoremus
899 5467 1056 5518 eum,
1091 5451 1239 5525 quia.
1272 5452 1397 5524 ipse
1444 5457 1536 5510 est
1579 5454 1864 5512 Dominus

285 5539 437 5596 Deus
469 5545 688 5597 noster.

284 5628 394 5701 (45)
424 5631 490 5702 f.,
520 5629 816 5689 varietate.

2035 4747 2210 4802 Grad.
2243 4745 2420 4801 Beata
2449 4761 2592 4818 gens
2623 4746 2817 4817 cujus.

2038 4835 2212 4892 Grad.
2247 4833 2521 4902 Posuisti,
2555 4833 2820 4890 Domine.

2041 4924 2212 4980 Grad.
2246 4923 2585 4980 Sacerdotes
2613 4924 2762 4994 ejus.

2662 5013 2920 5068 Alleluia.

2042 5103 2126 5159 Al.
2159 5101 2266 5166 Qui
2297 5101 2505 5157 timent
2534 5101 2872 5158 Dominum.

2040 5192 2128 5248 A1.
2158 5193 2364 5247 Justus
2395 5195 2462 5246 ut
2489 5190 2703 5264 palma.

2041 5280 2131 5336 Al.
2166 5279 2454 5337 Mirabilis
2486 5281 2792 5337 Dominus.

2649 5369 2957 5440 Oﬂertoria.

2043 5459 2132 5525 Of,
2169 5458 2393 5532 Repleti
2427 5475 2656 5516 sumus.

2043 5548 2132 5606 Of.
2163 5549 2417 5606 Jubilate
2447 5549 2562 5607 Deo
2592 5548 2753 5609 univ.
