4052 6158
467 333 627 393 ,ιιρςι
1482 334 1499 343 ί
1541 318 1933 382 BERNONIS
1977 316 2308 380 ABBATIS
2353 317 2788 382 AUGIENSIS.
3451 365 3462 374 .
3654 325 3817 385 ιω-

536 464 624 520 0f.
659 461 1002 518 Bcnedicam
1035 456 1298 539 Domino.
2135 459 2192 525 Α
2221 455 2345 507 crat
2374 451 2433 506 in
2467 449 2754 524 principio
2784 452 2840 507 et
2868 466 3024 506 nunc
3053 452 3110 505 et
3156 465 3401 524 semper,
3427 455 3481 506 et
3523 452 3575 508 in
3614 457 3781 511 secula

1069 545 1503 602 Communiones.
2222 540 2591 597 saeculorum.
2625 542 2824 597 Amen.

534 646 695 701 Com.
726 642 868 696 Ecce
895 636 1072 709 Virgo
1101 650 1262 691 conc.
2911 629 3186 687 mm.

532 733 695 789 Com.
728 730 845 785 Vos
869 727 972 800 qui
1003 724 1213 781 secuti.
1394 792 1395 797 η
2289 718 2465 775 Grad.
2495 720 2576 776 De
2607 718 3071 776 necessitatibus.

530 827 691 878 Com.
721 818 831 885 Qui
860 816 987 872 vult
1014 815 1230 872 venire.
2288 808 2463 865 Grad.
2498 809 2765 865 Universi
2793 808 2892 882 qui
2923 814 2999 865 te.

527 915 689 968 Com.
720 908 896 965 Panis
920 921 1095 979 quem
1125 919 1252 975 ego.
1830 978 1833 979 ν
2287 897 2463 954 Grad.
2495 899 2578 954 Ne
2603 903 2831 955 avertas
2864 899 3086 954 faciem.

528 1001 692 1058 Com.
725 978 1025 1069 Principes
1056 988 1347 1066 persecuti
1385 992 1544 1046 sunt.
1828 978 1833 983 ’
2287 987 2460 1044 Grad.
2493 987 2729 1061 Angelis
2760 987 2905 1045 suis.

529 1091 693 1148 Com.
727 1084 1248 1144 Manducaverunt.
2488 1084 2496 1094 -
2907 1076 3164 1133 Alleluia.

528 1180 691 1238 Com.
721 1178 865 1234 Cum
897 1174 1226 1230 invocarem
1252 1171 1330 1224 te.
2286 1165 2374 1221 Al.
2408 1166 2542 1223 Dies
2573 1165 2991 1223 sanctiﬁcatus.

527 1270 690 1326 Com.
725 1264 990 1331 Domine,
1018 1259 1306 1317 Dominus
1336 1259 1551 1312 noster.

1213 1275 1306 1313 ius
1336 1259 1551 1312 noster.
2285 1256 2376 1312 Al.
2407 1255 2590 1312 Video
2621 1255 2813 1312 cwlos.

526 1362 685 1416 Com.
717 1356 961 1412 Cantate
991 1349 1258 1408 Domino.
2284 1343 2372 1399 Al.
2408 1343 2694 1400 Dominus
2725 1344 3007 1417 regnavit.

527 1452 687 1505 Com.
722 1444 1003 1507 Gaudete,
1035 1439 1065 1496 J
1072 1436 1212 1494 usti.

2886 1434 3192 1506 Olfertoria.

525 1537 685 1593 Com.
718 1531 953 1590 Psallite
984 1527 1251 1585 Domino.
2286 1522 2374 1578 0f.
2406 1523 2665 1580 Laudate
2692 1522 3028 1579 Dominum,

527 1627 689 1683 Com.
721 1621 901 1679 Petito
932 1624 989 1675 et
1017 1617 1201 1688 accip.
2285 1612 2373 1667 0f.
2410 1612 2672 1685 Protege,
2697 1611 2961 1684 Domine.

528 1720 687 1772 Com.
719 1708 1163 1768 Confundantur
1194 1700 1449 1776 superbi.
1947 1741 1964 1768 ,
2285 1701 2373 1756 0f,
2403 1701 2506 1756 Vir
2534 1706 2659 1757 erat
2682 1701 2741 1756 in
2773 1706 2948 1757 terra,

527 1806 687 1862 Com.
722 1798 1052 1857 Posuerunt
1081 1796 1254 1850 mort.
2131 1832 2177 1862 ι,
2287 1790 2374 1846 Of.
2406 1792 2491 1846 Ad
2526 1796 2599 1859 te,
2632 1791 2896 1858 Domine,
2930 1789 3126 1847 levavi.

527 1832 687 1862 υυω.
723 1832 1052 1857 Ιυουῠιυιιυ
1083 1832 1199 1850 mu.
1216 1832 1254 1847 υ.
2290 1832 2374 1846 νη
2406 1832 2491 1846 ιιι..
2527 1832 2599 1859 νυ,
2632 1832 2840 1847 υνιυιμ

526 1897 686 1950 Com.
717 1890 896 1946 Notas
927 1884 1073 1943 mihi
1103 1884 1209 1938 fec.
2130 1832 2179 1896 B
2283 1879 2373 1935 of.
2406 1880 2487 1936 De
2519 1879 2845 1954 profundis.

525 1983 686 2039 Com.
719 1983 902 2034 Amen
934 1975 1064 2031 dico
1094 1971 1279 2028 vobis.
2814 1968 3248 2026 Communiones,

524 2076 684 2127 Com.
716 2068 833 2124 Etsi
866 2081 1060 2123 coram
1092 2062 1253 2117 hom.
2354 2057 2734 2114 Saeculorum.
2766 2060 2970 2113 Amen.

524 2161 688 2217 Com.
722 2155 1005 2213 Dominus
1029 2152 1193 2208 dabit
1221 2147 1661 2220 benignitatem.
2278 2148 2439 2203 Com.
2474 2146 2789 2203 Multitudo
2819 2146 2975 2220 lang.

523 2251 687 2306 Com.
720 2242 1092 2302 Revelabitur
1121 2238 1324 2313 gloria.
2279 2238 2439 2291 Com.
2472 2236 2682 2291 Potum
2715 2251 2931 2291 meum.

521 2342 682 2394 Com.
714 2334 1001 2389 Viderunt
1029 2345 1255 2385 omnes.
2279 2324 2442 2379 Com.
2476 2323 2863 2392 Hierusalem,
2893 2340 3083 2397 surge.

523 2426 685 2481 Com.
718 2421 847 2488 Fili,
879 2419 1017 2494 quid
1051 2415 1282 2474 fecisti?
2277 2413 2439 2469 Com.
2471 2413 2828 2469 Lmtabimur
2855 2412 2913 2467 iu
2947 2428 3076 2467 saec.

525 2513 761 2571 Rectius
786 2510 892 2566 has
918 2510 1139 2581 regeret
1167 2503 1547 2561 authenticus
1574 2499 1888 2567 tetrardus,
1920 2496 1970 2553 si
2002 2497 2096 2553 in-
2276 2506 2435 2557 Com.
2467 2502 2647 2557 Aufer
2677 2519 2709 2556 a
2741 2518 2854 2557 me.

449 2607 744 2664 veteratus
774 2599 1129 2673 permitteret
1160 2611 1326 2650 usus.
2276 2590 2436 2648 Com.
2467 2591 2679 2647 Vovete
2708 2595 2765 2647 et
2794 2590 3032 2646 reddite.

460 2686 469 2689 4
521 2697 682 2751 Com.
714 2687 989 2747 lllumina
1019 2684 1245 2741 faciem.
2277 2681 2437 2737 Com.
2470 2681 2729 2736 Narrabo
2759 2680 2975 2737 omnia.

518 2784 682 2841 Com.
714 2779 1055 2850 Quicunque
1078 2771 1299 2830 fecerit.
2276 2770 2439 2826 Com.
2470 2771 2582 2838 Tu,
2615 2786 2782 2842 puer,
2814 2768 3115 2843 propheta.

518 2873 681 2929 Com.
717 2872 892 2926 Amen
924 2866 1050 2922 dico
1077 2863 1262 2920 vobis.
2275 2863 2431 2916 Com.
2463 2860 2721 2915 Cantabo
2754 2858 3015 2914 Domino.

519 2963 681 3019 Com.
710 2960 855 3016 Data
883 2960 973 3012 est
1003 2953 1168 3010 mibi.
2274 2949 2435 3005 Com.
2471 2948 2733 3019 Domine,
2768 2952 2919 3004 Deus
2949 2962 3115 3003 meus
3147 2947 3205 3000 in
3238 2951 3319 3002 te.

521 3050 719 3110 Gloria
770 3046 948 3116 Patri,
979 3049 1036 3100 et
1081 3042 1245 3109 Filio,
1278 3042 1334 3096 et
1381 3035 1621 3110 Spiritui
1680 3039 1903 3103 sancto,
1944 3034 2098 3089 sicut
2275 3043 2434 3094 Com.
2467 3037 2621 3093 Exiit
2650 3054 2863 3093 sermo,

450 3146 576 3200 erat
602 3140 663 3196 in
693 3134 1000 3212 principio,
1035 3135 1093 3188 et
1122 3146 1277 3187 nunc
1303 3133 1362 3185 et
1399 3142 1650 3200 semper,
1677 3129 1732 3180 et
1773 3123 1831 3179 in
1883 3121 2097 3179 saecula
2131 3198 2167 3212 ﬂ
2276 3129 2436 3183 Com.
2469 3127 2754 3182 Dominus
2783 3126 2974 3191 Jesus,
3008 3128 3346 3198 postquam.

448 3229 819 3291 saeculorum.
851 3227 1057 3280 Amen.
2126 3198 2168 3264 (ἶ
2277 3222 2435 3273 Com.
2470 3216 2754 3272 Dominus
2786 3215 2933 3289 regit
2963 3230 3074 3270 me.

1064 3325 1257 3366 ruens
1294 3323 1482 3363 PROTI.
2274 3304 2432 3362 Com.
2460 3304 2746 3361 Dominus
2778 3305 3236 3359 ﬁrmamentum.

515 3406 849 3466 Secundum
882 3419 1011 3475 qua:
1040 3399 1186 3472 legis
1217 3397 1483 3463 verbum,
1514 3396 1722 3449 mutua
1772 3409 1887 3465 quo
1926 3391 2095 3448 dilec-
2345 3392 2543 3449 Gloria
2574 3391 2745 3461 Patri,
2778 3396 2835 3448 et
2866 3390 3029 3459 Filio,
3063 3395 3154 3446 etc

443 3499 603 3555 tione
632 3495 730 3551 Dei
758 3498 817 3549 et
843 3488 1112 3563 proximi,
1143 3485 1391 3551 Christe,
1426 3481 1718 3539 mandasti
1745 3481 1952 3549 colere,
1977 3495 2093 3553 quo
2656 3497 3046 3537 Aumaxncus
3085 3497 3409 3537 nam-mus,

443 3602 549 3660 per
577 3585 697 3640 haec
727 3562 973 3654 geminas
1005 3572 1384 3633 observantiae
1426 3576 1709 3644 praecepta
1757 3570 2090 3625 reddamus.
2274 3571 2470 3628 Tertia
2497 3571 2609 3639 die,
2642 3570 2887 3637 Christe,
2920 3575 2975 3625 te
3006 3586 3313 3642 resurgere
3344 3574 3401 3625 et
3445 3565 3645 3623 mundo
3682 3562 3790 3617 ferre

442 3658 650 3731 Amen.
2203 3661 2401 3717 lumen
2433 3660 2748 3715 credimus.
2783 3658 2827 3714 Ο
2857 3658 3029 3728 alme,
3064 3658 3153 3714 fac
3184 3675 3294 3714 nos
3325 3663 3383 3714 et
3412 3663 3570 3713 tuum
3614 3665 3792 3731 semper

588 3757 968 3817 Saeculorum.
1001 3756 1204 3810 Amen.
1498 3748 1501 3751 ⁷
2203 3750 2443 3807 laudare
2474 3765 2708 3815 nomen,
2736 3752 2793 3804 et
2824 3748 2883 3803 in
2916 3748 3114 3821 patriaa
3148 3752 3203 3804 te
3233 3752 3464 3803 aeternae
3486 3743 3689 3817 regione
3705 3728 3790 3793 cer-

514 3853 648 3907 Ant.
676 3846 958 3904 Dominus
988 3844 1134 3901 dixit
1164 3843 1234 3898 ad
1267 3858 1379 3896 me.
2204 3845 2410 3895 nentes
2441 3839 2661 3895 sedere.
2694 3839 2899 3893 Amen.

514 3942 645 3996 Ant.
681 3935 920 3994 Redime
943 3950 1057 4000 me,
1089 3930 1353 3987 Domine.
1771 3997 1775 4001 _
2346 3926 2728 3984 Smculorum.
2759 3928 2962 3982 Amen.

514 4032 648 4085 Ant.
684 4027 763 4082 Ex
793 4041 890 4081 ore
924 4020 1259 4078 infantium.
2273 4020 2404 4073 Ant.
2441 4017 2713 4073 Miserere
2744 4015 2912 4085 mihi,
2945 4015 3209 4084 nomine,
3244 4014 3542 4088 quoniam.

388 4124 405 4130 ”
512 4120 646 4174 Ant.
678 4117 759 4173 De
787 4118 987 4171 ventre
1019 4110 1250 4167 matris.
1482 4134 1487 4139 -
2271 4109 2403 4164 Ant.
2438 4108 2557 4180 Ego
2589 4110 2785 4162 autem
2814 4105 2966 4161 sicut
2996 4103 3166 4161 oliva.

512 4211 648 4264 Ant.
678 4203 923 4261 Vultum
947 4206 1139 4258 tuum.
2272 4199 2406 4251 Ant.
2439 4201 2590 4251 Dum
2622 4193 2957 4250 clamarem.

519 4300 649 4354 Ant.
679 4296 788 4352 Fac
819 4308 1073 4361 mecum,
1107 4286 1367 4345 Domine.
2272 4288 2406 4341 Ant.
2434 4282 2734 4340 Confessio
2767 4286 2824 4339 et
2852 4280 3051 4355 pulch.

514 4389 651 4443 Ant.
679 4383 1105 4440 Clamaverunt.
2272 4376 2406 4430 Ant.
2441 4371 2713 4446 Cognovi,
2738 4371 3001 4428 Domine.

513 4477 648 4531 Ant.
680 4470 982 4530 Terribilis
1012 4474 1119 4524 est.
1538 4490 1543 4493 >
2256 4453 2403 4518 Ἀηῐ.
2437 4462 2557 4535 Ego
2587 4459 2833 4517 clamavi
2865 4458 3162 4532 quoniam.

513 4565 649 4619 Ant.
681 4561 873 4617 Multa:
903 4557 1103 4614 tribui.
2122 4568 2170 4633 ῃ
2272 4553 2405 4608 Ant.
2442 4556 2589 4606 Dum
2619 4549 3041 4606 sanctiﬁcatus.

511 4654 647 4709 Ant.
678 4649 1020 4705 Sacerdotes
1051 4646 1225 4716 ejus.
1472 4650 1475 4655 '
2271 4643 2418 4697 Antr
2450 4641 2513 4696 ln
2545 4639 2780 4696 nomine
2808 4638 3059 4695 Domini.

432 4800 436 4803 _
512 4744 647 4798 Ant.
682 4739 976 4805 Sitientes,
1010 4734 1220 4791 venite.
2273 4733 2406 4785 Ant.
2439 4727 2652 4785 Vocem
2676 4727 3089 4799 jucunditatis.
3150 4736 3153 4739 ‘

508 4835 644 4889 Ant.
677 4828 813 4885 Mihi
847 4831 1040 4883 autem
1076 4823 1273 4879 nimis.
2271 4820 2404 4875 Ant.
2438 4817 2753 4891 Repleatur
2782 4833 2848 4872 os
2877 4831 3095 4872 meum.

511 4924 649 4977 Ant.
679 4918 823 4976 Veni
855 4922 911 4974 et
936 4914 1180 4974 ostende
1209 4911 1397 4969 nobis.
2273 4910 2405 4965 Ant.
2440 4907 2500 4963 Si
2532 4905 2899 4979 iniquitates.

509 5012 643 5067 Ant.
676 5009 820 5065 Ecce
849 5005 1108 5064 advenit.
2346 4995 2726 5054 Saeculorum.
2757 4998 2963 5053 Amen.

510 5103 647 5155 Hat.
680 5098 932 5153 Laetetur
960 5112 1079 5152 cor.
1112 5111 1291 5168 qum.
2271 5088 2408 5144 Ant.
2436 5087 2612 5155 Deus,
2643 5086 2786 5141 dum
2817 5083 3198 5158 egredereris.

510 5191 645 5245 Ant.
680 5184 903 5242 Cibavit
940 5202 1061 5243 eos.
2271 5177 2406 5232 Ant.
2437 5174 2620 5231 Intret
2651 5174 2858 5230 oratio.

509 5278 644 5333 Ant.
676 5273 963 5332 Dominus
992 5271 1370 5330 illuminatio.
2271 5266 2406 5320 Ant.
2441 5262 2818 5319 Sarcerdotes
2846 5261 2956 5330 tui,
2989 5259 3259 5317 Domine.

508 5367 645 5422 Ant.
678 5361 965 5421 Dominus
992 5361 1297 5419 fortitudo.
2274 5355 2409 5410 Ant.
2441 5351 2572 5409 Tibi
2603 5352 2750 5409 dixit
2778 5368 2893 5408 cor.

506 5455 640 5512 Ant.
673 5457 761 5509 Me
794 5454 1289 5523 exspectaverunt.
2272 5444 2409 5499 Ant.
2442 5441 2507 5498 In
2541 5441 2657 5498 Deo
2686 5440 2960 5498 laudabo.

506 5546 638 5602 Ant.
666 5541 897 5608 Venite,
932 5539 1265 5597 adoremus.
2274 5535 2409 5588 Ant.
2446 5530 2748 5588 Liberator
2772 5546 2960 5587 meus.

506 5633 704 5697 Gloria
758 5630 940 5711 Patri,
985 5632 1045 5690 et
1100 5628 1265 5701 Filio,
1298 5632 1355 5687 et
1384 5627 1628 5706 Spiritui
1685 5627 1908 5696 sancto,
1942 5623 2095 5682 sicut
2273 5623 2405 5679 Ant.
2437 5619 2648 5677 Omnia
2675 5636 2802 5697 quzs
2834 5617 3045 5677 fecisti.
