4052 6158
201 359 356 421 “99

261 491 352 547 Al.
388 492 687 551 Exsultate
719 495 853 553 Deo.

259 580 349 637 Al.
380 580 588 638 Venite
619 584 998 643 exsultemus.

255 671 346 724 Al.
381 670 672 734 Quoniam
707 679 856 731 Deus
887 693 1156 750 magnus.

252 758 343 814 Al.
377 760 648 829 Domine,
686 763 998 837 refugium.

860 851 1169 924 Oﬂ'ertoria.

251 936 340 992 Of.
378 937 658 994 Precatus
683 945 792 996 est.

251 1026 341 1081 0f.
377 1027 852 1086 Confitebuntur.

251 1116 342 1171 Of.
378 1116 553 1188 Eripe
588 1134 683 1173 me
716 1119 786 1174 de
817 1119 1090 1176 inimicis.

801 1209 1154 1266 Cozmmunion
1163 1226 1235 1266 es.

245 1296 410 1350 Com.
446 1295 636 1352 Dicite
665 1296 940 1369 pusillan.

244 1384 411 1440 Com.
448 1383 616 1441 Tolle
652 1403 922 1458 puerum.

242 1473 410 1528 Com.
448 1472 672 1531 Fidelis
705 1491 928 1531 servus.

240 1562 408 1618 Com.
444 1562 602 1618 Dum
637 1563 863 1620 venerit
888 1565 1242 1622 Paracletus.

239 1655 406 1708 Com.
441 1652 503 1708 Si
535 1654 1076 1710 conresurrexistis.

237 1745 404 1796 Com.
441 1741 708 1813 Populus
740 1743 1166 1814 acquisitionis.

235 1831 406 1886 Com.
446 1831 663 1886 Factus
696 1837 784 1886 est
815 1837 1066 1904 repente.

234 1921 406 1975 Com.
441 1921 526 1976 Ne
558 1920 892 1976 tradideris.

231 2013 401 2064 Com.
438 2009 805 2065 Erubescant
833 2014 890 2064 et
920 2026 1098 2067 rever.

232 2099 404 2154 Com.
438 2099 561 2170 Ego
594 2115 730 2154 sum
759 2099 913 2155 vitis.

230 2188 402 2244 Com.
436 2187 630 2258 Pater,
661 2187 712 2242 si
744 2203 859 2243 non
890 2192 1097 2261 potest.

223 2277 398 2333 Com.
435 2277 680 2332 Redime
713 2294 825 2344 me,
858 2278 1030 2333 Deus.

225 2366 401 2422 Com.
438 2365 711 2432 Domine,
746 2365 1028 2439 quinque.

223 2460 396 2510 Com.
431 2454 553 2510 Vox
586 2454 646 2510 in
681 2455 884 2510 Rama.

221 2550 397 2600 Com.
431 2545 540 2610 Qui
575 2543 791 2598 biberit
819 2559 1052 2616 aquam.

380 2633 600 2698 Gloria,
633 2636 745 2688 etc.

1872 503 1928 570 Α

1863 1878 1911 1942 Β

735 2737 933 2778 PLAGlS
971 2740 1272 2780 TETRARDI.

218 2813 396 2879 Octo,
426 2811 521 2884 pie
555 2828 675 2877 rex,
708 2809 934 2867 Christe
968 2813 1177 2881 lucide,
1212 2812 1602 2869 beatitudines
1649 2829 1821 2869 evan-

149 2901 356 2975 gelicae
389 2901 590 2974 gratiae
621 2900 776 2972 plebi
809 2905 920 2955 tua:
953 2903 1140 2974 praebe
1173 2903 1462 2976 benignus
1483 2907 1539 2957 et
1564 2901 1820 2958 clemens
1923 2908 1928 2914 '

151 2991 589 3064 sempiternam
622 2989 980 3061 requiem,et
1013 2992 1199 3047 refove
1223 2990 1346 3046 sine
1378 2991 1490 3046 {ide
1521 2991 1821 3047 credentes

150 3081 204 3136 in
233 3086 318 3136 te.

336 3176 338 3178 ’
412 3167 796 3225 Saeculorum.
829 3169 1032 3224 Amen.

213 3263 363 3316 Ant.
399 3258 464 3313 In
498 3255 727 3312 excelso
759 3257 986 3313 throno.

215 3351 364 3404 Ant.
403 3347 701 3401 Invocavit
729 3361 842 3400 me.

216 3439 364 3492 Ant.
399 3435 465 3491 In
497 3434 712 3489 virtute
744 3437 864 3488 tua.

215 3528 364 3582 Ant.
397 3523 655 3580 Jubilate
683 3527 816 3578 Deo.

214 3618 362 3672 Ant.
401 3612 720 3668 Laetabitur
737 3613 961 3683 justus.

214 3707 360 3760 Ant.
397 3701 687 3758 Dilexisti.

216 3795 360 3849 Ant.
397 3789 687 3857 Probasti,
722 3789 986 3846 Domine.

181 3884 361 3938 ‘Ant.
391 3877 705 3934 Victricem
737 3895 999 3934 manum.

217 3974 359 4027 Ant.
394 3969 669 4024 Miserere
701 3968 837 4034 mei,
864 3968 1128 4036 Domine,
1158 3967 1296 4041 quia
1322 3969 1392 4024 ad
1426 3973 1480 4024 te

371 4055 757 4112 Saeculorum.
787 4058 992 4112 Amen.

218 4151 362 4204 Ant.
393 4146 480 4202 Ad
508 4149 565 4201 te
597 4145 799 4201 levavi.

223 4240 368 4294 Ant.
406 4236 532 4291 Lux
563 4233 831 4306 fulgebit.

220 4329 362 4381 Ant.
398 4323 731 4380 Introduxit
760 4340 883 4379 vos.

223 4418 370 4469 Ant.
407 4412 684 4484 Spiritus,
718 4411 950 4468 Domini
985 4412 1244 4485 replevit.

222 4507 362 4558 Ant.
398 4500 666 4569 Domine,
701 4517 772 4556 ne
804 4500 994 4573 longe.

223 4596 363 4648 Ant.
399 4590 552 4646 Dum
585 4589 865 4646 medium.

412 4678 630 4748 Gloria,
664 4684 772 4736 etc.

861 4767 1141 4826 Gradalia.

223 4859 407 4916 Grad.
442 4857 789 4914 Benedictus
819 4857 1123 4914 Dominus.

227 4949 410 5004 Grad.
448 4947 687 5018 Propter
717 4945 1038 5002 veritatem.

229 5037 386 5092 Grad
399 5077 412 5090 .
449 5035 792 5092 Benedicam
824 5034 1092 5091 Domino.

857 5124 1117 5180 Alleluia.

229 5214 322 5272 Al.
353 5214 622 5270 Adorabo
655 5213 723 5269 ad
761 5211 1067 5285 templum.

229 5304 323 5360 Al.
357 5309 512 5360 Deus
533 5303 719 5375 judex
739 5304 963 5375 justus.

229 5393 322 5450 Al.
355 5393 611 5449 Ostende
637 5391 827 5449 nobis.

229 5481 322 5538 Al.
355 5483 560 5555 Specie
593 5486 713 5539 tua.

1848 3245 1892 3312 C

1850 4616 1896 4681 D

233 5662 349 5736 (46)
379 5663 531 5731 msh,
564 5661 937 5738 poenitentiae.

405 5779 418 5786 ’
497 5789 762 5852 ΡΑΤΒΟῙ..
809 5786 1042 5851 CXLII.

1691 369 2112 434 TONARIUS.

3473 392 3626 452 “30

2655 515 2966 589 Offertoria.

2031 595 2116 650 0f.
2156 597 2447 658 Miserere
2478 603 2613 660 mei.

2031 685 2118 742 Of.
2153 688 2424 762 Angelus
2453 692 2704 750 Domini.

2029 774 2116 830 Of.
2149 775 2437 847 Posuisti,
2470 779 2732 838 Domine.

2028 863 2115 919 Of.
2161 867 2430 935 Domine,
2454 868 2608 926 Deus
2639 871 2870 929 salutis.

2027 952 2116 1008 Of.
2153 956 2404 1025 Exaudi,
2439 957 2612 1028 Deus,
2646 962 2989 1019 orationem.

2573 1067 3011 1128 Communiones.

2099 1169 2489 1227 Saeculorum.
2523 1174 2727 1231 Amen.

2024 1257 2198 1312 Com.
2233 1258 2488 1330 Spiritus
2511 1267 2752 1322 sanctus
2782 1266 3032 1324 docebit.

2022 1346 2195 1402 Com.
2226 1347 2492 1406 Christus
2518 1369 2850 1427 resurgens.

1985 1498 1994 1503 _
2022 1436 2195 1492 Com.
2229 1437 2368 1494 Dico
2402 1444 2599 1497 autem
2630 1443 2815 1501 vobis.

2022 1530 2189 1582 Com.
2221 1526 2490 1586 Circuibo
2511 1534 2568 1587 et
2593 1531 2930 1592 immolabo.

2021 1618 2189 1671 Com.
2226 1615 2429 1674 Simile
2458 1623 2546 1675 est
2573 1638 2819 1694 regnum
2850 1624 2976 1679 coel.

2020 1704 2190 1760 Com.
2223 1704 2488 1763 Primum
2521 1711 2782 1781 quaerite.

2020 1793 2188 1850 Com.
2226 1795 2482 1853 Introibo
2511 1800 2584 1854 ad
2612 1800 2814 1857 altare.

2016 1883 2182 1939 Com.
2217 1884 2455 1957 Oportet
2483 1891 2559 1943 te.

2019 1973 2187 2028 Com.
2221 1971 2402 2031 Nemo
2433 1979 2488 2032 te
2520 1979 2947 2036 condemnavit.

2016 2061 2182 2118 Com.
2217 2063 2333 2120 Hoc
2364 2081 2596 2138 corpus.

2015 2155 2177 2208 Com.
2210 2153 2391 2210 Video
2422 2155 2618 2213 coelos.

2013 2244 2175 2297 Com.
2212 2243 2473 2310 Domine,
2510 2246 2834 2302 memorab.

2012 2329 2176 2386 Com.
2211 2332 2464 2404 Spiritus
2498 2333 2619 2389 ubi.

2009 2418 2149 2474 Com
2162 2462 2174 2474 .
2208 2421 2323 2494 Ego
2355 2421 2502 2477 clam
2512 2423 2622 2478 avi.

2007 2508 2169 2564 Com.
2207 2509 2578 2584 Responsum
2605 2512 2844 2583 accepit.

2005 2597 2168 2653 Com.
2207 2600 2434 2656 Lavabo
2463 2599 2618 2656 inter
2649 2600 3008 2657 innocentes.

2004 2687 2166 2742 Com.
2199 2688 2495 2744 Comedite
2523 2689 2783 2761 pinguia.

2003 2775 2164 2831 Com.
2197 2777 2317 2848 Ego
2344 2793 2476 2832 sum
2511 2781 2728 2848 pastor.

2073 2863 2292 2931 Gloria,
2325 2869 2436 2921 etc.

2000 2987 2131 3042 Haec
2163 3005 2412 3045 munera
2454 2989 2754 3061 quondam
2804 2989 2942 3045 Sion
2991 2989 3189 3046 animo
3234 2991 3585 3063 exsultante,

1930 3081 2104 3148 prout
2135 3078 2461 3149 potuimus,
2495 3078 2855 3133 concinendo
2887 3078 3366 3151 deprompsimus
3389 3099 3402 3138 :
3429 3098 3587 3138 nunc

1929 3169 2123 3220 autem
2149 3166 2307 3222 velut
2330 3183 2506 3240 super
2521 3167 2766 3222 ﬂumina
2783 3166 3092 3240 Babylonis
3114 3168 3588 3237 sed-entes,mali

1931 3253 2256 3326 amaricati,
2283 3257 2408 3328 jam
2441 3272 2659 3329 organa
2697 3261 2900 3312 nostra
2935 3256 3379 3330 suspendimus,
3405 3259 3588 3334 lacry-

1929 3343 2225 3400 mabiliter
2255 3343 2576 3402 clamantes
2606 3363 2672 3402 ac
2700 3345 2960 3401 dicentes
2995 3363 3007 3400 :
3041 3345 3314 3414 Quomodo
3342 3349 3588 3405 eantabi-
3667 3391 3669 3395 .

1926 3450 2047 3489 mus
2075 3436 2353 3489 canticum
2383 3436 2610 3492 Domini
2640 3436 2696 3490 in
2731 3439 2880 3491 terra
2906 3436 3128 3491 aliena?
3158 3437 3338 3493 Terra
3364 3437 3585 3510 quippe

1930 3523 2100 3578 nobis
2124 3523 2276 3578 facta
2313 3530 2402 3581 est
2426 3524 2635 3592 aliena,
2667 3524 3146 3597 quandoquidem
3182 3543 3256 3581 ne
3273 3526 3482 3596 vivere,
3509 3544 3584 3584 ne
3647 3595 3652 3598 .

1817 3613 1820 3615 ’
1928 3611 2120 3667 dicam
2153 3612 2552 3680 cantare,licet
2578 3613 2638 3669 in
2666 3611 3014 3685 ea.Impleta
3043 3611 3103 3668 in
3135 3614 3306 3672 nobis
3331 3615 3581 3688 prephe-

1927 3701 2030 3771 tia,
2053 3718 2182 3773 quae
2214 3701 2353 3758 olim
2382 3703 2607 3759 miserae
2639 3719 2705 3758 ac
2736 3702 2950 3758 infelici
2988 3703 3202 3758 Judaeaa
3250 3703 3444 3760 taliter
3489 3707 3582 3761 est

1927 3791 2330 3848 comminata:
2369 3794 2530 3848 Terra
2584 3801 2765 3848 vestra
2820 3791 3050 3856 deserta,
3081 3794 3330 3850 civitate:
3386 3801 3581 3853 vestra

1926 3880 2052 3949 igne
2081 3896 2372 3949 succensw,
2407 3883 2684 3949 regionem
2711 3887 2943 3935 vestram
2971 3883 3032 3935 in
3076 3891 3360 3955 conspectu
3405 3893 3579 3942 vestro

1926 3969 2103 4024 alieni
2130 3968 2405 4035 devorant,
2428 3974 2479 4024 et
2510 3969 2846 4024 desolabitur
2862 3970 3003 4024 sicut
3032 3972 3092 4024 in
3114 3972 3368 4027 vastitate
3386 3971 3581 4029 hostili

1925 4059 2051 4126 (Isa.
2085 4074 2123 4122 ι,
2155 4059 2231 4124 7).
2264 4060 2556 4128 Propterea
2602 4057 2799 4128 defecit
2844 4057 3110 4126 gaudium
3155 4060 3333 4115 cordis
3380 4063 3575 4131 nostri,

1926 4161 2109 4200 versus
2137 4153 2215 4200 est
2239 4147 2297 4200 in
2328 4146 2535 4200 luctum
2563 4145 2758 4201 chorus
2779 4153 2979 4212 noster,
2993 4146 3186 4203 cecidit
3212 4163 3411 4204 corona
3430 4152 3579 4221 capi-

1928 4236 1997 4290 tis
2027 4235 2205 4290 nostri
2237 4234 2524 4306 (Thren.v,
2551 4235 2660 4307 15),
2689 4235 2772 4290 ita
2792 4239 2858 4290 ut
2886 4235 3312 4309 compellamur
3339 4236 3532 4295 dicere
3558 4255 3573 4295 :

1933 4328 2033 4381 Vae
2055 4323 2230 4389 nobis,
2263 4324 2395 4396 quia
2423 4323 3116 4397 peccavimus(lbid.,i6);
3149 4328 3210 4381 et
3240 4329 3305 4380 ut
3332 4326 3578 4398 quidam

1929 4413 2166 4484 sapiens
2195 4411 2337 4468 dicit
2360 4429 2373 4468 :
2393 4413 2572 4468 Vacat
2600 4412 2709 4469 hoc
2734 4417 2996 4485 tempore
3026 4414 3362 4487 potentibus
3381 4415 3577 4489 oppri-

1929 4519 2109 4572 mere,
2143 4501 2386 4574 privatis
2417 4501 2675 4574 perdere,
2710 4502 2944 4559 miseris
2973 4503 3130 4560 ﬂere.

2002 4591 2112 4647 Sed
2139 4591 2278 4664 quid
2313 4591 2462 4647 inter
2493 4591 2613 4647 base
2645 4595 2826 4648 restet
2854 4593 3290 4666 agendum,nisi
3313 4594 3459 4651 utin
3477 4595 3577 4652 ille

1932 4680 2270 4752 prophetico
2300 4680 2615 4747 volumine,
2652 4681 2708 4736 in
2742 4697 2857 4753 quo
2880 4683 3099 4756 scripta
3126 4686 3266 4739 sunt
3294 4682 3578 4741 lamenta-

1929 4768 2137 4835 tiones,
2163 4785 2396 4825 carmen
2430 4773 2486 4824 et
2507 4787 2610 4838 vae,
2644 4770 2738 4826 die
2777 4777 3070 4844 noctuque
3109 4771 3481 4843 meditemur,
3514 4778 3580 4830 ut

1930 4858 2072 4912 dum
2105 4858 2225 4913 ﬁlia
2258 4857 2564 4930 Babylonis
2589 4858 2804 4915 misera
2833 4861 3008 4932 (Psat.
3040 4863 3286 4930 cxxxvr),
3317 4859 3426 4917 hoc
3464 4866 3574 4931 est,

1929 4946 2132 5018 iniqua
2168 4964 2274 5002 nos
2321 4948 2798 5019 persequentium
2852 4948 3166 5005 multitudo
3223 4948 3580 5008 retribuente

1932 5035 2180 5091 Domino
2211 5036 2446 5108 recipiet
2477 5038 2939 5107 retributionem,
2963 5055 3143 5110 quam
3177 5036 3446 5094 retribuit
3475 5056 3577 5096 no-

1929 5123 2023 5178 bis
2054 5124 2261 5195 (lbid.),
2295 5125 2515 5180 scilicet
2543 5143 2623 5180 va:
2655 5142 2930 5198 perenne,
2955 5143 3061 5182 nos
3086 5143 3188 5200 per
3215 5126 3581 5184 lamentatio-

1928 5229 2032 5267 nes
2066 5214 2275 5286 dignas
2306 5215 2578 5286 potentiae
2611 5216 2726 5287 (46)
2755 5231 2954 5270 verum
2983 5232 3314 5272 mereamur
3345 5221 3579 5274 cantare

1927 5289 2161 5357 carmen
2196 5303 2425 5371 laetitiae,
2461 5303 2922 5376 suffragantibus
2954 5304 3237 5379 Principis
3287 5306 3588 5378 apostolo--

1929 5407 2059 5446 rum
2083 5392 2328 5461 meritis,
2361 5393 2530 5464 cujus
2559 5409 2753 5449 amore
2775 5394 3272 5463 tuis,beatissime
3305 5395 3490 5464 Pater,
3517 5388 3576 5455 in

1924 5477 2035 5537 hoc
2066 5497 2236 5555 opere
2267 5481 2614 5540 studuimus
2639 5483 2941 5557 praeceptis
2971 5483 3226 5542 obedire.

3182 5790 3261 5854 36
