4026 6184
193 340 350 407 1133

1153 345 1255 407 DE
1296 345 1541 409 VARIA
1587 338 1876 406 PSALM.
1921 339 2022 405 ET
2064 343 2296 406 CANT.
2339 343 2635 408 MODUL.

3442 349 3596 410 1134

189 483 354 535 sexta
383 477 579 547 editio,
608 478 679 533 de
710 494 825 549 qua
846 478 1052 533 beatus
1073 478 1462 551 Hieronymus
1487 494 1500 532 :
1528 498 1555 528 ‹‹
1578 476 1836 542 Illud,in-
1865 476 1917 543 Α
1947 481 2079 549 post
2108 477 2299 549 prima
2326 477 2612 534 elementa
2632 470 2822 534 solent
2841 478 3063 535 discere
3083 481 3446 554 psalmorum
3474 492 3594 538 car-

188 567 595 641 quit,breviter
623 567 1001 635 admoneo,ut
1032 566 1233 623 sciatis
1263 567 1438 622 aliam
1477 583 1604 622 esse
1632 565 1834 621 editio-

184 674 527 729 nem,quam
558 656 836 729 Origenes
867 661 923 712 et
953 656 1272 712 Caesariens
1293 655 1582 711 Eusebius
1608 672 1836 710 omnes-

185 762 317 819 que.
369 746 597 802 Graecia
664 750 945 801 tractores
995 759 1162 814 Κοινη,
1196 746 1254 800 id
1312 749 1402 800 est
1453 748 1834 800 Communem

183 833 483 908 appellant
501 839 678 907 atque
697 834 1010 908 Vulgatam
1030 852 1042 902 ;
1065 834 1238 889 aliam
1261 834 1399 888 LXX
1420 833 1831 904 Interpretum,

181 942 313 996 qua
346 923 405 978 in
439 930 661 991 ἑξαπλοις
705 924 1005 978 codicibus
1052 922 1357 995 reperitur,
1406 926 1463 976 et
1492 939 1525 976 a
1556 920 1724 976 nobis
1758 921 1831 981 jn

179 1013 457 1068 Latinum
490 1028 819 1068 sermonem
852 1011 1101 1066 ﬁdeliter
1123 1029 1290 1066 versa
1318 1014 1426 1079 est,
1459 1015 1516 1065 et
1543 1009 1601 1064 in
1633 1010 1831 1065 Hiero-

180 1101 423 1175 solyma:
455 1105 627 1173 atque
659 1100 715 1154 in
748 1101 996 1156 Orientis
1025 1099 1298 1156 Ecclesiis
1330 1100 1687 1155 decantatur.
1707 1121 1733 1147 ››
1768 1099 1835 1154 Et

178 1190 359 1264 paulo
391 1196 522 1262 post
548 1190 772 1263 iterum‘
811 1190 983 1245 infert
1019 1206 1031 1244 :
1063 1213 1091 1239 «
1125 1189 1278 1245 sicut
1326 1194 1517 1244 autem
1567 1188 1625 1244 in
1675 1189 1831 1245 Novo

178 1279 630 1349 Testamento,si
663 1280 897 1350 quando
926 1279 1081 1351 apud
1113 1278 1351 1333 Latinos
1382 1277 1624 1349 qumstio
1647 1277 1830 1333 exori-

175 1373 362 1438 tur,et
391 1372 480 1424 est
509 1368 662 1424 inter
685 1367 1039 1439 exemplaria
1059 1366 1737 1436 varietas,concurrimus
1760 1367 1832 1421 ad

179 1459 405 1513 fontem
437 1457 616 1512 Graeci
649 1456 956 1523 sermonis,
993 1473 1105 1530 quo
1156 1473 1369 1511 novum
1417 1455 1700 1526 scriptum
1744 1459 1833 1510 est

175 1547 640 1602 instrumentum
663 1563 676 1613 ;
702 1545 782 1600 ita
804 1545 860 1599 in
892 1545 1082 1599 Veteri
1115 1542 1563 1605 Testamento,si
1597 1544 1831 1615 quando

174 1636 332 1691 inter
347 1636 574 1690 Graecos
592 1634 946 1705 Latinosque
963 1633 1266 1688 diversitas
1284 1633 1467 1698 est,ad
1488 1631 1829 1687 Hebraicam

175 1724 556 1796 confugimus
584 1723 982 1786 veritatem,ut
1003 1722 1287 1794 quidquid
1316 1722 1386 1776 de
1419 1722 1576 1775 fonte
1608 1721 1833 1792 prolici-

175 1815 384 1879 scitur,
416 1813 525 1867 hoc
556 1828 887 1884 qumramus
918 1812 975 1865 in
1021 1810 1243 1866 rivulis.
1278 1824 1425 1879 Κουνη
1458 1814 1652 1865 autem
1698 1810 1826 1876 ista,
1864 1849 1907 1912 Β

174 1903 289 1959 hoc
320 1908 411 1958 est
439 1900 780 1958 Communis
813 1901 1010 1964 editio,
1032 1900 1160 1973 ipsa
1189 1904 1278 1955 est
1308 1917 1436 1971 quae
1468 1904 1523 1954 et
1555 1899 1827 1970 LXX,sed

175 1993 291 2047 hoc
322 1992 563 2047 interest
611 1991 762 2046 inter
810 1995 1140 2061 utramque,
1174 1990 1327 2060 quod
1361 2014 1501 2056 κοινη
1534 2005 1636 2061 pro
1686 1988 1829 2043 locis

172 2085 235 2137 et
264 2080 651 2153 temporibus,
682 2084 739 2134 et
768 2095 872 2151 pro
904 2078 1203 2134 voluntate
1251 2079 1601 2149 scriptorum
1649 2078 1830 2134 Vetus

174 2174 459 2243 corrupta
510 2169 686 2225 editio
744 2172 864 2235 est;
898 2185 966 2224 ea
1025 2171 1241 2233 autem,
1293 2184 1420 2239 quae
1471 2166 1718 2223 habetur
1768 2166 1827 2221 in

172 2267 423 2328 ἑξαπλοις,
450 2263 506 2314 et
536 2275 711 2330 quam
771 2274 880 2313 nos
933 2256 1391 2327 vertimus,ipsa
1447 2260 1535 2311 est
1591 2272 1719 2327 quae
1768 2256 1827 2311 in

168 2349 540 2405 eruditorum
573 2347 738 2403 libris
780 2347 1115 2419 incorrupta
1163 2350 1219 2400 et
1266 2345 1642 2400 immaculata
1690 2345 1829 2400 LXX

168 2442 573 2510 Interpretum
606 2436 985 2492 translatione
1030 2439 1313 2491 servatur.
1348 2434 1640 2505 Quidquid
1692 2449 1828 2506 ergo

167 2528 250 2584 ab
280 2527 393 2582 hac
424 2525 737 2597 discrepat,
772 2524 915 2580 nulli
950 2524 1196 2579 dubium
1228 2526 1316 2579 est
1346 2524 1486 2595 quin
1541 2522 1621 2576 ita
1670 2527 1725 2577 et
1756 2523 1826 2576 ab

166 2618 551 2672 Hebraeorum
585 2613 926 2670 auctoritate
957 2614 1268 2669 discordet.
1297 2635 1323 2660 ››
1356 2612 1667 2682 Hucusque
1697 2609 1826 2665 Hie-

166 2722 481 2777 ronymus.
511 2705 616 2759 Ilic
649 2702 781 2759 talis
810 2719 877 2757 ac
903 2707 1104 2757 tantus
1135 2701 1446 2773 aliquando
1478 2702 1548 2755 ad
1572 2698 1827 2754 tribunal

166 2795 380 2851 aeterni
410 2793 638 2849 Judicis
687 2796 908 2864 raptus,
945 2792 1041 2845 ubi
1075 2790 1270 2846 divina
1320 2789 1711 2862 increpatione
1741 2793 1829 2843 est

164 2883 542 2951 admonitus,
575 2886 641 2937 ut
671 2881 885 2937 studiis
936 2879 1147 2935 divinis
1198 2880 1494 2935 insisteret
1531 2883 1582 2932 et
1617 2881 1826 2933 sanctae

166 2971 448 3029 Ecclesia:
473 2956 708 3026 utilitati
737 2970 1069 3025 deserviret.

249 3064 303 3116 4.
342 3062 499 3117 Inter
542 3064 748 3115 caetera
791 3076 859 3114 ex
905 3059 1215 3114 emendata
1262 3058 1395 3112 LXX
1441 3059 1826 3128 lnterpretum

166 3150 566 3207 translatione
600 3149 943 3205 Psalterium
975 3165 1043 3203 ex
1065 3149 1259 3203 Grtcco
1282 3148 1341 3201 in
1365 3147 1634 3202 Latinum
1660 3143 1830 3199 vertit

1946 567 2427 639 mina,imprimis
2458 568 2671 640 incipio
2701 569 3002 625 exordium
3025 586 3266 627 sumens
3287 589 3322 627 a
3340 576 3586 632 timore:

1948 655 2086 726 quia
2114 657 2343 711 initium
2379 658 2674 728 sapientiae
2717 658 2881 714 timor
2923 660 3153 715 Domini
3195 668 3274 716 est
3300 661 3465 733 (Psal.
3496 680 3586 733 cx,

1946 744 2056 813 10),
2092 748 2158 798 ut
2189 761 2291 815 per
2320 745 2593 800 timorem
2642 746 3052 817 perveniamus
3099 748 3172 803 ad
3221 748 3588 819 charitatem,

1943 847 2069 903 quae
2091 834 2334 904 perfecta
2361 836 2512 905 foras
2540 836 2715 892 mittit
2742 837 2993 892 timorem
3024 837 3073 911 (Ι
3096 838 3254 893 Joan.
3280 855 3356 906 ιν,
3392 837 3503 907 48).
3522 840 3594 896 Et

1944 937 2060 976 non
2093 921 2284 977 solum
2317 923 2374 978 in
2407 927 2811 991 cantu,verum
2841 924 3015 981 etiam
3049 925 3108 981 in
3159 924 3293 982 aliis
3341 926 3590 1000 quibus-

1944 1010 2079 1065 dam
2105 1010 2266 1080 locis,
2299 1012 2397 1068 ubi
2447 1016 2648 1068 nostra
2688 1018 2744 1068 et
2791 1014 3053 1071 Romana
3099 1016 3276 1071 editio
3306 1014 3366 1071 in
3397 1016 3590 1075 verbis

1942 1098 2272 1171 discrepare
2300 1101 2589 1168 videntur,
2621 1105 2820 1158 notare
2852 1103 3115 1161 nitimur.

2015 1189 2213 1259 Itaque
2244 1190 2597 1261 antiphonas
2629 1191 2717 1246 vel
2747 1192 3211 1261 communiones,
3244 1211 3393 1267 quis,
3418 1195 3591 1266 juxta

1943 1275 2271 1332 Romanum
2305 1277 2653 1334 Psalterium
2684 1284 3011 1337 eanuntur:
3037 1282 3245 1339 Servite
3264 1283 3498 1340 Domino
3529 1286 3589 1339 in

1942 1366 2153 1432 timore,
2185 1373 2236 1420 et
2256 1368 2526 1423 exsultate
2553 1370 2607 1424 ei
2637 1385 2758 1424 cum
2787 1378 3036 1440 tremore,
3061 1388 3168 1427 nos
3189 1373 3361 1443 juxta
3389 1389 3588 1430 emen-

1943 1453 2237 1509 dationem
2271 1455 2422 1511 beati
2454 1456 2787 1531 Hieronymi
2818 1459 3086 1516 canimus
3110 1477 3123 1516 :
3146 1463 3222 1516 Et
3243 1462 3508 1518 exsultate
3536 1464 3592 1518 ei

1941 1542 2002 1596 in
2033 1550 2281 1599 tremore.
2321 1548 2384 1599 In
2417 1546 2588 1602 tertio
2618 1547 2866 1619 psalmo,
2900 1549 2999 1604 ubi
3049 1548 3134 1604 illi
3179 1554 3399 1606 canunt
3434 1565 3446 1606 :
3476 1553 3590 1620 Ego

1940 1630 2177 1686 dormivi
2203 1640 2255 1688 et
2279 1649 2547 1689 sommum
2575 1637 2722 1707 cepi;
2756 1652 2863 1692 nos
2897 1654 2910 1692 :
2942 1638 3049 1708 Ego
3079 1637 3317 1694 dormivi
3342 1646 3395 1695 et
3430 1654 3588 1712 sopo-

1938 1716 2097 1775 ratus
2124 1737 2261 1775 sum.
2297 1722 2359 1777 In
2386 1728 2593 1795 quarto
2624 1723 2873 1796 psalmo,
2908 1726 3007 1782 ubi
3040 1725 3126 1783 illi
3157 1730 3377 1783 canunt
3404 1746 3417 1784 :
3454 1728 3588 1784 Cum

1938 1810 2245 1864 invocarem
2277 1818 2345 1878 te,
2379 1819 2431 1867 et
2465 1813 2741 1869 exaudisti
2783 1831 2869 1869 me
2916 1819 3098 1883 Deus;
3128 1833 3235 1872 nos
3284 1816 3537 1874 dicimus
3570 1836 3584 1875 :

1942 1898 2077 1952 Cum
2125 1900 2451 1965 invocarem,
2485 1902 2767 1969 exaudivit
2815 1919 2904 1959 me
2959 1904 3097 1960 Deus
3137 1905 3381 1977 justitia':
3424 1922 3583 1965 mea.

1939 1988 2099 2052 Quod
2132 2005 2263 2044 vero
2295 2006 2327 2045 a
2359 1990 2551 2062 prima
2594 2008 2845 2063 persona
2894 1992 3088 2050 subito
3131 1994 3345 2051 transit
3385 1997 3459 2053 ad
3493 2013 3589 2052 se-

1937 2077 2190 2132 cundam
2223 2078 2301 2133 ita
2327 2079 2526 2147 dicens
2559 2097 2572 2134 :
2606 2081 2669 2134 In
2718 2080 3075 2137 tribulatione
3120 2081 3377 2140 dilatasti
3418 2085 3582 2152 mihi,

1938 2181 2098 2221 more
2129 2167 2392 2221 omnium
2427 2167 2841 2240 prophetarum
2869 2170 2967 2237 ait,
2986 2171 3087 2242 qui
3113 2171 3302 2227 solent
3321 2176 3588 2246 tempora

1937 2257 1993 2308 et
2025 2271 2304 2325 personas
2336 2256 2661 2328 saepissime
2691 2263 3024 2330 permutare
3053 2264 3111 2316 et
3140 2260 3383 2317 rationis
3430 2264 3587 2319 ordi-

1937 2359 2069 2397 nem
2103 2342 2201 2397 tali
2238 2345 2411 2399 modo
2442 2344 2768 2403 observare.

2011 2431 2071 2485 In
2099 2432 2304 2503 quinto
2337 2432 2564 2505 psalmo
2599 2452 2612 2489 :
2648 2436 2843 2505 Dirige
2873 2436 2932 2491 in
2971 2442 3255 2510 conspectu
3302 2447 3394 2496 tuo
3441 2442 3589 2498 viam

1935 2536 2145 2587 meum;
2180 2522 2355 2592 quod,
2389 2527 2455 2577 ut
2482 2524 2546 2577 A.
2582 2523 2968 2598 Hieronymus
3002 2526 3164 2594 dicit,
3195 2544 3299 2584 nec
3329 2528 3452 2585 LXX
3481 2529 3585 2587 ha-

1937 2609 2094 2676 bent,
2126 2626 2230 2663 nec
2260 2611 2603 2682 Aquila,nee
2632 2614 3039 2686 Symmachus,
3063 2632 3167 2671 nec
3198 2616 3582 2688 Theodotion,

1937 2698 2035 2752 sed
2070 2697 2190 2753 sola
2221 2708 2374 2767 Κοινη
2405 2700 2579 2755 editio
2602 2700 3244 2774 habet.Denique,sicut
3264 2704 3323 2759 in
3345 2704 3583 2764 Hebraeo

1938 2784 2221 2857 scriptum
2253 2792 2361 2853 est,
2395 2804 2597 2843 omnes
2626 2806 2765 2846 voce
2797 2790 2973 2846 simili
3007 2792 3434 2850 transtulerunt
3457 2796 3587 2869 :‘Di-

1936 2876 2054 2943 rige
2084 2877 2141 2929 in
2181 2885 2459 2948 conspectu
2505 2895 2623 2933 meo
2668 2882 2815 2934 viam
2858 2887 3028 2949 tuam,
3060 2883 3385 2939 secundum
3435 2883 3582 2941 illud

1937 2964 2092 3033 quod
2141 2963 2197 3018 in
2250 2965 2470 3020 ratione
2520 2967 2823 3024 Dominica
2876 2969 3093 3025 dicitur
3124 2988 3137 3026 :
3172 2973 3335 3028 Pater
3380 2983 3581 3043 noster,

1937 3053 2034 3123 qui
2060 3069 2115 3107 es
2142 3055 2197 3107 in
2227 3055 2392 3121 caelis,
2423 3057 2790 3128 sanetiﬁcetur
2834 3074 3031 3114 nomen
3081 3068 3267 3128 tuum;
3302 3079 3419 3118 non
3466 3080 3582 3135 quo

1940 3142 2107 3196 nobis
2137 3136 2440 3199 orantibus
2463 3144 2861 3202 sanetiﬁcetur
2884 3147 2940 3202 in
2963 3148 3133 3203 nobis
3156 3167 3172 3203 :
3195 3166 3332 3223 ergo
3353 3155 3409 3207 et
3428 3169 3586 3207 nunc

162 3240 447 3312 illudque
477 3240 831 3294 cantandum
865 3237 1140 3293 omnibus
1161 3235 1361 3291 Galliae
1384 3252 1450 3290 ac
1474 3234 1826 3307 quibusdam
1863 3221 1905 3285 C
1946 3230 2230 3303 PrOpbeta
2260 3233 2536 3304 postulat,
2568 3238 2633 3289 ut
2661 3235 2753 3290 via
2781 3235 3034 3302 Domini,
3060 3254 3185 3310 quae
3207 3221 3311 3311 per
3339 3256 3400 3296 se
3430 3244 3587 3297 recta

162 3327 509 3385 Germania:
543 3326 813 3382 Ecclesiis
844 3325 1115 3393 tradidit;
1139 3329 1195 3381 et
1223 3326 1295 3380 ob
1329 3325 1437 3379 hoc
1468 3323 1832 3380 Gallicanum

168 3417 535 3475 Psalterium
572 3414 885 3488 appellant,
920 3414 1201 3470 Romanis
1248 3414 1438 3469 adhuc
1465 3431 1531 3469 ex
1561 3415 1835 3483 corrupta

162 3508 437 3580 Vulgata
466 3506 717 3561 editione
747 3504 1090 3560 Psalterium
1124 3504 1565 3571 canentibus,ex
1588 3518 1705 3573 qua
1730 3501 1836 3555 Ro-

166 3597 343 3654 mani
376 3599 614 3651 cantum
643 3596 1101 3666 composuerunt
1142 3592 1428 3663 nobisque
1478 3607 1650 3646 usum
1700 3606 1833 3644 can-

168 3686 350 3743 tandi
383 3682 1053 3740 contradiderunt.Unde
1082 3681 1291 3737 accidit
1321 3681 1474 3752 quod
1506 3680 1835 3751 verba,quaa

169 3778 233 3831 in
258 3772 503 3829 diurnis
523 3768 689 3827 velin
714 3771 1014 3827 nocturnis
1034 3770 1242 3826 ofﬁciis
1264 3769 1507 3825 canendi
1531 3785 1691 3823 more
1712 3785 1835 3822 mo-

168 3860 1010 3927 dulantur,intermisceantur
1024 3863 1079 3915 et
1094 3860 1332 3914 confuse
1356 3856 1571 3912 nostris
1593 3854 1838 3928 psalmis

170 3953 616 4015 inserantur,ut
646 3966 681 4004 a
710 3948 906 4004 minus
936 3947 1140 4020 peritis
1167 3947 1323 4002 haud
1360 3946 1523 4001 facile
1554 3944 1741 4017 possit
1759 3942 1840 3998 di-

172 4039 381 4098 scerni
417 4038 556 4110 quid
591 4041 802 4093 nostra:
831 4037 921 4094 vel
956 4037 1228 4092 Romana:
1259 4035 1559 4090 conveniat
1575 4032 1834 4088 editioni.

173 4129 354 4197 Quod
384 4128 518 4200 pius
546 4130 709 4199 pater
738 4141 803 4181 ac
833 4125 1056 4198 peritus
1099 4124 1396 4197 magister,
1431 4124 1839 4195 Hieronymus,

174 4220 577 4283 intuens,tres
607 4215 892 4270 editiones
915 4213 974 4270 in
1008 4231 1124 4269 uno
1153 4212 1449 4269 volumine
1477 4211 1839 4284 composuit:

173 4307 561 4365 Gallicanum
594 4303 961 4373 Psalterium,
996 4304 1149 4374 quod
1181 4320 1289 4357 nos
1317 4300 1841 4369 canimus,ordina-

172 4398 267 4454 vit
300 4397 363 4451 in
400 4412 519 4450 una
549 4393 843 4461 columna,
879 4393 937 4446 in
971 4391 1154 4448 altera
1198 4392 1548 4458 Romanum,
1584 4390 1641 4444 in
1673 4389 1845 4445 tertia

176 4484 601 4544 HebraeumEt
628 4482 964 4554 ubicunque
995 4481 1213 4553 aliquid
1244 4481 1301 4535 in
1326 4484 1521 4536 nostro
1544 4478 1847 4551 interposi-

1942 3324 2049 3385 est,
2084 3320 2259 3376 etiam
2292 3321 2402 3377 sibi
2431 3327 2585 3378 recta
2614 3324 2733 3380 ﬁat.

2015 3412 2076 3462 In
2112 3413 2270 3465 sexto
2301 3410 2655 3482 psalmo,ubi
2688 3411 2771 3467 illi
2799 3418 3052 3472 canunt:
3081 3418 3403 3485 Domine,ne
3424 3421 3484 3475 in
3505 3420 3591 3476 ira

1943 3505 2037 3553 tua
2063 3513 2262 3569 arguas
2288 3517 2394 3566 me,
2422 3517 2594 3572 neque
2623 3503 2685 3557 in
2713 3504 2903 3573 furore
2932 3511 3022 3561 tuo
3049 3508 3315 3578 corripias
3337 3524 3422 3564 me
3432 3529 3453 3577 ,-
3486 3522 3592 3564 nos

1944 3586 2213 3642 canimus
2247 3605 2259 3642 :
2292 3590 2536 3658 Domine,
2568 3606 2637 3645 ne
2669 3592 2727 3645 in
2756 3593 2943 3662 furore
2965 3597 3058 3649 tuo
3083 3611 3286 3664 arguas
3309 3612 3595 3669 me,neque

1946 3676 2005 3729 in
2039 3677 2123 3730 ira
2158 3679 2249 3731 tua
2279 3678 2547 3748 corripias
2580 3696 2680 3735 me.
2708 3670 2891 3736 ltem':
2917 3681 3253 3751 Convertere,
3286 3688 3595 3754 Domine,et

1945 3765 2096 3835 eripe
2123 3767 2368 3823 animam
2394 3782 2609 3835 meam;
2642 3785 2748 3823 nos
2777 3769 3031 3826 dicimus
3066 3789 3079 3827 :
3113 3771 3452 3842 Convertere,
3481 3776 3593 3831 Do-’

1947 3854 2116 3920 mine,
2152 3856 2300 3925 eripe
2328 3856 2575 3910 animam
2604 3873 2798 3912 meam.
2832 3858 2896 3913 In
2928 3859 3199 3931 septimo,
3232 3862 3333 3917 ubi
3376 3863 3458 3918 illi
3493 3881 3593 3920 ea-

1947 3945 2095 3996 nunt
2124 3960 2136 3997 :
2170 3944 2439 4013 Exsurge,
2467 3945 2693 3999 Domine
2725 3950 2871 4000 Deus
2898 3949 3143 4015 meus,in
3156 3954 3429 4021 praecepto
3441 3969 3466 4016 ;
3486 3969 3593 4008 nos

1902 4076 1906 4080 .
1947 4029 2200 4085 dicimus
2234 4048 2246 4085 :
2279 4039 2331 4086 et
2357 4047 2603 4103 exsurge,
2636 4035 2887 4091 Domine.

2020 4120 2084 4172 In
2117 4122 2316 4173 octavo
2342 4118 2569 4191 psalmo
2604 4138 2616 4175 :
2658 4121 2813 4178 Video
2841 4123 2999 4179 caelos
3025 4132 3164 4192 tuos,
3192 4141 3308 4181 non
3347 4125 3597 4182 habetur

1950 4207 2008 4261 in
2042 4207 2257 4300 Graeco,
2311 4208 2411 4262 sed
2462 4208 2521 4263 in
2569 4209 2805 4266 Hebraeo
2856 4210 3071 4285 legitur
3109 4222 3280 4300 Tum
3307 4213 3593 4285 Samecha,

1951 4296 2107 4367 quod
2138 4294 2558 4368 interpretatur
2587 4300 2749 4355 caelos
2778 4308 2917 4365 tuos,
2950 4305 3007 4357 et
3036 4302 3106 4358 de
3135 4294 3391 4359 editione
3417 4303 3602 4360 Theo-

1953 4384 2206 4440 dotionis
2254 4383 2313 4439 in
2360 4386 2499 4441 LXX
2549 4389 2968 4461 lnterpretibus
3016 4391 3282 4447 additum
3341 4396 3432 4448 est
3487 4392 3600 4448 sub

1952 4473 2228 4529 asterisco
2373 4474 2477 4530 Ubi
2504 4476 2748 4532 Romani
2777 4483 2997 4534 canunt
3029 4496 3042 4535 :
3079 4481 3196 4536 Tibi
3222 4482 3370 4537 enim
3397 4481 3602 4538 dereli-

178 4582 323 4633 tum
358 4578 451 4630 est
476 4574 631 4646 quod
664 4572 721 4627 in
752 4548 991 4627 Hebraeo
1020 4548 1135 4626 non
1169 4570 1434 4639 habetur,
1451 4568 1637 4634 obelo,
1669 4548 1725 4621 id
1759 4548 1921 4653 esti)
1951 4571 2069 4616 ctus
2098 4567 2177 4653 est
2194 4580 2412 4653 pauper
2444 4582 2455 4619 :
2481 4566 2695 4636 pupillo
2725 4569 2784 4621 tu
2811 4568 2922 4622 eris
2961 4568 3212 4639 adjutor;
3246 4586 3352 4627 nos
3401 4570 3601 4627 relicto

176 4683 357 4731 veru,
389 4662 591 4718 taliter
619 4678 751 4717 cum
784 4660 893 4715 hoc
920 4660 1087 4733 signo
1119 4658 1340 4714 notavit
1365 4664 1420 4723 μὲι
1457 4676 1470 4725 ;
1503 4657 1602 4712 ubi
1624 4674 1755 4713 vero
1779 4673 1847 4712 ex

180 4755 442 4811 Hebraeo
473 4749 691 4823 aliquid
724 4749 967 4815 addidit,
1002 4766 1135 4804 cum
1168 4748 1436 4814 asterico,
1467 4746 1523 4801 id
1556 4750 1644 4801 est
1683 4745 1850 4801 stella

180 4851 283 4919 ᾖς,
311 4842 426 4897 hoc
454 4840 624 4895 modo
655 4838 988 4893 illucescere
1020 4837 1174 4893 fecit.

261 4930 551 5001 5.1lujus
606 4928 785 5001 igitur
831 4926 1051 4982 summi
1109 4925 1383 4993 doctoris,
1421 4922 1553 4979 licet
1611 4922 1853 4979 scientia

183 5021 462 5080 multum
494 5017 752 5084 inferior,
784 5020 984 5089 utpote
1012 5015 1114 5088 qui
1144 5015 1204 5069 in
1241 5015 1370 5086 ejus
1420 5011 1852 5085 comparatione

185 5128 307 5170 nec
337 5110 602 5180 linguam
638 5124 732 5163 me
759 5106 972 5163 habere
1004 5108 1224 5176 putem,
1251 5104 1473 5175 alonge
1502 5101 1744 5175 vestigia
1772 5118 1857 5157 se—

188 5217 395 5274 quens
426 5201 627 5253 vestrae
659 5194 985 5252 dilectionis
1015 5211 1194 5250 causa
1214 5192 1384 5265 cupio
1406 5190 1624 5264 aliquid
1649 5190 1861 5247 discer-

189 5306 342 5348 nere
374 5287 518 5360 quid
565 5287 623 5341 in
674 5284 1030 5358 antiphonis,
1063 5280 1448 5354 responsoriis
1495 5280 1858 5354 gradalibus,

189 5376 541 5445 afferendis,
564 5373 1101 5441 communionibus,
1126 5370 1483 5427 modulando
1513 5369 1860 5441 psallamus,

192 5467 350 5543 quid
383 5467 446 5521 in
477 5464 752 5521 Ecclesiis
784 5462 1056 5518 distincte
1087 5459 1432 5534 proferendo
1472 5458 1759 5513 dicamus.
1794 5458 1865 5512 Et

192 5557 350 5632 quia
381 5571 559 5610 sensu
594 5571 724 5611 sum
746 5549 1288 5626 parvulus,ingenio
1320 5548 1605 5615 tardus,et
1624 5545 1671 5602 si
1696 5550 1865 5603 astate

193 5643 713 5746 provectus,senio
738 5641 860 5715 jam
897 5642 1176 5715 defectus,
1209 5655 1369 5697 more
1400 5653 1732 5713 puerorum,
1766 5634 1864 5714 qui

1954 4652 2102 4706 enim
2146 4651 2400 4707 dicimus
2434 4671 2446 4707 :
2483 4655 2600 4709 Tibi
2646 4654 2933 4712 derelictus
2974 4665 3052 4713 est
3095 4674 3327 4730 pauper,
3358 4659 3603 4731 orphano

1958 4747 2016 4795 tu
2047 4741 2157 4795 eris
2188 4740 2421 4811 adjutor.
2458 4741 2519 4796 In
2552 4741 2649 4797 illo
2680 4743 2906 4815 psalmo
2933 4747 3123 4802 :Dixit
3143 4746 3603 4819 insipiens,ﬁnito

1958 4845 2127 4885 versu
2163 4845 2175 4885 :
2209 4830 2401 4885 Omnes
2439 4830 2868 4900 declinaverunt,
2916 4837 3033 4890 tres
3081 4834 3183 4906 qui
3226 4839 3601 4907 sequuntur:

1960 4920 2281 4990 Sepulcrum
2309 4928 2499 4990 potens
2527 4928 2604 4976 est
2615 4938 2635 4985 ;
2663 4924 2920 4977 contritio
2965 4931 3017 4977 et
3063 4923 3384 4994 infelicitas,
3418 4939 3606 4995 usque

1961 5023 2069 5063 non
2100 5012 2177 5062 est
2207 5010 2371 5063 timor
2398 5010 2494 5063 Dei
2521 5017 2647 5064 ante
2675 5011 2854 5066 oculos
2881 5026 3090 5078 eorum,
3107 5011 3165 5065 in
3197 5010 3467 5066 hebraico
3490 5028 3606 5067 non

1963 5095 2272 5164 habentur,
2305 5095 2405 5150 sed
2436 5113 2469 5150 a
2500 5096 2669 5151 beato
2700 5096 3036 5152 Hieronimo
3065 5097 3136 5153 de
3166 5098 3359 5154 Graeco
3390 5098 3450 5154 in
3472 5115 3611 5155 nos-

1966 5189 2118 5239 tram
2151 5184 2593 5241 translationem
2621 5184 2949 5257 interpositi
2980 5190 3138 5242 sunt.

2041 5272 2127 5327 llli
2166 5290 2179 5328 :
2214 5274 2434 5329 Custodi
2460 5290 2567 5341 me,
2597 5274 2838 5342 Domine,
2872 5282 2932 5330 ut
2954 5278 3232 5348 pupillam
3260 5276 3432 5345 oculi,
3464 5294 3611 5335 nos:

1972 5362 2197 5419 Custodi
2220 5378 2307 5418 me
2334 5371 2391 5418 ut
2416 5364 2690 5435 pupillam
2720 5364 2882 5419 oculi.
2906 5365 3015 5421 Sed
3048 5366 3150 5420 ubi
3178 5366 3366 5439 ipsius
3402 5366 3619 5440 psalmi

1969 5452 2145 5508 verba
2173 5469 2287 5509 non
2318 5453 3276 5527 prazceduntmec’subsequuntur,
3305 5473 3421 5512 non
3453 5456 3622 5512 obest

1975 5542 2023 5598 si
2055 5543 2113 5598 in
2146 5541 2268 5598 solo
2317 5559 2484 5597 versu
2536 5541 2787 5597 dicimus
2824 5558 2835 5600 :
2864 5545 3137 5616 Exsurge,
3180 5546 3439 5613 Domine;
3472 5543 3623 5598 sicut

1977 5633 2034 5689 in
2068 5631 2165 5688 illo
2204 5648 2375 5689 versu
2409 5647 2421 5688 :
2454 5630 2681 5691 Salvum
2725 5634 2817 5707 fac
2856 5634 3123 5708 populum
3170 5642 3346 5702 tuum,
3376 5630 3625 5713 Domine,
