4052 6158
524 327 678 408 ιιειξ

1597 328 1991 396 ΒΕΠΝΟΝΊΞ
2021 331 2077 390 Ἀ
2093 327 2361 392 BB‘A'PIS
2403 323 2837 392 A'UGIENSIS.

3697 323 3821 394 uno

525 471 576 520 et
593 461 812 520 benerlic
825 461 1138 519 haereditati
1152 465 1266 520 tua?
1281 481 1303 528 ;
1319 467 1584 522 nostrum
1606 463 1952 520 Psalterium
1970 463 2164 520 habet:
2197 463 2256 530 Α
2281 461 2340 518 in
2361 461 2624 520 secundo
2656 459 2932 528 autem,-id
2966 463 3056 517 est
3084 460 3143 516 in
3161 459 3287 516 'ﬁue
3309 459 3489 533 ipsius
3514 459 3691 533 psalmi
3713 479 3724 518 :
3747 465 3822 519 Sa-

525 550 860 622 Salvumch
880 551 1146 627 populum
1171 555 1226 608 et
1263 551 1490 608 benedic
1536 551 1854 610 heereditati
1897 561 2028 610 tum.
2061 551 2169 608 Ubi

527 634 611 694 illi
638 642 858 696 canunt
890 657 904 694 :
934 643 1046 712 Ego
1096 647 1282 696 autem
1337 656 1464 697 cum
1507 641 1732 714 justitia
1791 641 2060 714 apparebo
2111 643 2174 696 in

526 729 809 798 conspectu
851 735 944 784 tuo
957 747 983 795 ;
1004 730 1266 797 satiabor,
1313 730 1446 788 dum
1494 732 1945 802 mani/(stabitur
1991 731 2174 800 gloria

528 818 658 886 tua;
688 831 795 870 nos
828 815 1079 874 dicimus
1113 835 1126 874 :
1157 821 1266 890 Ego
1312 827 1494 875 autem
1541 821 1600 875 in
1635 821 1861 892 justitia
1907 819 2175 891 apparebo

525 905 836 976 conspectui
862 908 992 973 tuo;
1017 907 1283 978 satiabor,
1315 905 1787 980 cum‘apparuerit
1830 909 2013 980 gloria
2056 915 2170 964 tua.

597 995 663 1048 In
693 991 924 1064 psalmo
959 1011 1074 1052 xvn
1111 1012 1124 1051 :
1157 997 1288 1054 Prae
1339 997 1556 1069 fulgore
1611 997 1672 1052 in
1727 1005 2006 1070 conspectu
2061 997 2178 1068 ejus

526 1081 697 1138 nubes
721 1085 1082 1152 transierunt,
1117 1085 1258 1140 dicit
1287 1085 1350 1141 B.
1376 1085 1758 1142 Cassiodorus
1782 1103 1796 1143 :
1821 1103 1936 1142 non
1959 1091 2050 1141 est
2069 1085 2180 1141 iste

527 1187 732 1232 versus
777 1171 945 1228 facile
989 1173 1408 1230 transeundas.
1440 1175 1572 1232 Prae
1613 1175 1827 1247 fulgore
1875 1191 1994 1230 una
2043 1191 2178 1247 pars

529 1259 811 1322 oratiunis
841 1265 951 1328 est,
983 1261 1042 1318 id
1080 1266 1169 1319 est
1217 1262 1616 1320 nominativus
1657 1261 1922 1336 pluralis,
1954 1266 2012 1318 et
2059 1280 2180 1319 res-

531 1346 750 1424 pondet
778 1349 851 1406 ad
879 1352 1088 1418 nubes,-
1120 1352 1308 1408 nubes
1339 1355 1559 1417 autem,
1583 1353 1734 1408 sicut
1763 1351 2034 1425 superius
2065 1351 2184 1408 dic-

531 1441 660 1494 tum
688 1439 1212 1512 est,pr:adicatores
1235 1439 1412 1496 divini
1436 1439 1595 1495 verbi
1626 1440 1990 1515 intelligendi
2021 1444 2181 1496 sunt.

533 1523 856 1612 Iupsalmo
886 1545 1025 1585 xvm
1058 1544 1073 1584 :
1105 1529 1416 1586 Exsultavit
1445 1533 1506 1585 ut
1541 1531 1694 1602 gigas
1741 1530 1812 1586 ad
1857 1529 2186 1586 eurrendam

535 1613 684 1670 viam
711 1631 906 1686 suam;
939 1633 1044 1673 nec
1074 1616 1136 1674 in
1165 1617 1383 1690 Graeco,
1415 1635 1520 1674 nec
1551 1618 1610 1678 in
1651 1619 1891 1675 Hebraeo
1939 1619 2188 1676 habetur

536 1719 712 1772 suam,
747 1705 844 1760 sed
879 1722 912 1760 a
941 1706 1110 1762 beato
1138 1705 1486 1780 Hieronymo
1517 1707 1629 1764 sub
1659 1724 1818 1772 veru,
1852 1708 1910 1763 id
1959 1712 2048 1764 est
2083 1707 2187 1764 tali

539 1789 708 1867 signo
736 1799 792 1860 ᾧ·
838 1794 1102 1850 additum
1135 1799 1241 1852 est.
1271 1795 1334 1851 In
1379 1797 1604 1862 eodem,
1638 1795 1736 1852 ubi
1786 1795 1866 1852 illi
1917 1802 2138 1853 canunt
2169 1813 2184 1852 :

537 1875 651 1936 Lee:
676 1883 900 1938 Domini
929 1884 1443 1957 irreprehensibilis,
1477 1888 1722 1954 nos,Le.c
1748 1887 1970 1942 Domini
1999 1887 2191 1942 imma-

507 2031 516 2039 _
537 1962 742 2026 calata.

611 2057 675 2116 In
708 2055 808 2117 illa
855 2061 1149 2121 oll‘erenda
1180 2078 1194 2117 :
1225 2063 1468 2120 Iustitiae
1513 2063 1736 2119 Domini
1782 2072 1950 2122 rectae
1992 2063 2190 2139 laetiﬁf

537 2144 720 2206 cantes
747 2151 930 2220 corda,
964 2151 1103 2224 quia
1131 2151 1346 2208 desunt
1379 2150 1476 2208 illa
1505 2153 1697 2219 verba,
1727 2169 1856 2225 quae
1886 2153 1946 2208 in
1980 2153 2192 2210 Psalte-

541 2231 626 2292 rio
659 2237 848 2310 posita
877 2243 1036 2307 sunt,
1069 2257 1256 2314 usque
1281 2239 1340 2296 in
1371 2239 1538 2296 illum
1578 2240 1771 2298 locum
1805 2258 1818 2297 :
1853 2244 1916 2298 Et
1943 2227 2199 2299 dulciora

539 2341 704 2396 super
742 2327 851 2382 mel
899 2336 952 2384 et
996 2331 1226 2400 favum;
1257 2328 1472 2385 rectius
1529 2346 1874 2387 caneremus
1907 2349 1920 2387 :
1951 2333 2194 2390 Iustitiae

543 2411 776 2469 Domini
803 2421 970 2470 rectze
1005 2413 1357 2488 la'tiﬁcantes
1383 2417 1557 2472 corda
1582 2425 1640 2472 et
1687 2418 1978 2475 dulcim'es
2021 2434 2196 2490 super

545 2502 657 2557 mel
685 2506 741 2556 et
767 2503 988 2573 favum.
1025 2501 1088 2560 In
1118 2502 1218 2559 illo
1250 2508 1460 2572 tractu,
1495 2505 1594 2560 ubi
1643 2505 1888 2562 Romani
1925 2513 2142 2564 canunt
2175 2525 2190 2566 :

546 2587 976 2648 Annuntiabunt
998 2593 1120 2650 σιειί
1137 2593 1429 2664 justitiam
1458 2597 1604 2667 eius,
1632 2611 1739 2650 nos
1761 2595 1890 2652 caeli
1910 2613 2025 2654 non
2059 2597 2196 2654 dici-

548 2679 812 2750 mus,sed
841 2681 1110 2738 canimus
1135 2701 1149 2739 :
1176 2683 1605 2740 Anztuntiabunt
1619 2684 1912 2754 justitiam
1935 2687 2196 2758 ejus.Ubi

548 2764 793 2826 Romani
826 2775 1046 2826 canunt
1075 2787 1088 2826 :
1125 2775 1194 2828 Et
1217 2775 1484 2842 poculum
1515 2783 1680 2830 tuum
1711 2774 2197 2849 inebriansquam

487 2891 492 2894 -
547 2855 900 2928 praclarum
929 2867 1050 2918 est!
1079 2865 1280 2918 nostra
1309 2861 1486 2919 editio
1517 2862 1730 2920 habet:
1759 2868 1825 2920 Et
1853 2864 2019 2922 calta:
2036 2882 2198 2924 meus

546 2941 842 3006 inebrians
887 2965 1058 3022 quam
1103 2954 1424 3021 praeclarus
1478 2960 1580 3008 est.
1633 2952 1876 3009 Romani
1932 2959 2194 3012 canunt:

550 3031 690 3092 νίας
709 3045 859 3107 tuas,
884 3029 1139 3108 Domine,
1171 3050 1336 3098 notas
1359 3043 1458 3117 fac
1507 3041 1758 3110 mihi,-el
1787 3045 2022 3100 semitas
2068 3053 2200 3102 tuas

547 3124 687 3183 doce
712 3143 840 3194 me;
870 3145 978 3186 nos
1007 3146 1139 3186 vero
1173 3146 1186 3186 :
1225 3131 1361 3189 Vias
1404 3139 1534 3187 tuas
1577 3132 1906 3188 demonstra
1951 3133 2116 3199 mihi,
2142 3141 2201 3190 et

543 3211 786 3280 semitas
815 3227 945 3275 tuas
970 3219 1109 3276 doce
1135 3236 1246 3276 me.
1281 3221 1344 3276 In
1387 3218 1488 3276 illo
1532 3220 1779 3293 psalmo,
1813 3221 1916 3278 ubi
1957 3221 2053 3277 isti
2101 3239 2196 3279 ca-
2231 3201 2274 3268 (ἶ

548 3309 697 3360 nunt
725 3321 738 3360 :
770 3307 1004 3364 Exaudi
1030 3308 1288 3376 Domine,
1319 3325 1508 3366 vocem
1537 3311 1755 3378 meum,
1778 3327 1892 3384 qua
1939 3309 2200 3369 clamavi

547 3393 635 3450 ad
664 3403 752 3464 te;
775 3395 881 3453 tibi
909 3395 1065 3452 dixit
1095 3413 1198 3453 cor
1222 3413 1412 3454 meum
1437 3414 1450 3454 :
1485 3399 1730 3468 Quasivi
1758 3401 1978 3457 vultum
2006 3406 2194 3468 tuum,

546 3480 765 3540 vultum
795 3493 980 3554 tuum,
1003 3485 1256 3554 Domine,
1288 3487 1725 3559 requiram.Nos
1756 3493 1950 3545 autem
1972 3505 1984 3544 :
2005 3491 2196 3546 Exau-

549 3569 1088 3640 di,Domine,vocem
1115 3590 1329 3642 meum,
1348 3592 1464 3649 qua
1492 3577 1761 3644 elanmvi,
1783 3578 1888 3634 tibi
1915 3578 2070 3634 dixit
2097 3595 2198 3636 eor

549 3675 740 3719 meum
765 3677 777 3718 :
809 3660 1126 3734 acquisivit
1148 3663 1334 3734 facies
1363 3665 1729 3735 mea,faciem
1751 3668 2196 3738 tuam,Domine,

549 3749 940 3825 requiram..ln
969 3750 1076 3807 illa
1100 3750 1394 3808 offerenda
1425 3769 1437 3808 :
1470 3758 1542 3810 In
1569 3760 1626 3809 te
1651 3755 1906 3824 speravi,
1937 3757 2190 3827 Domine,

542 3837 672 3913 dixi
693 3857 713 3895 :
747 3829 937 3896 Tu'es
981 3841 1128 3897 Deus
1172 3857 1353 3914 meus,
1382 3843 1442 3898 in
1494 3843 1759 3900 manibus
1786 3843 1900 3900 tuis
1927 3850 2198 3916 tempora

541 3946 713 3997 mea;
741 3946 848 3986 nos
878 3947 983 4003 pro
1030 3945 1096 3986 eo
1145 3931 1300 4003 quod
1349 3937 1488 3988 sunt
1536 3941 1819 4006 tempora,
1849 3932 2140 3992 habemus
2173 3953 2188 3992 :

539 4014 732 4076 Sortes
759 4020 991 4076 metaln
1022 4017 1123 4076 illo
1157 4019 1656 4092 psalmozconver.
1678 4039 1744 4078 us
1759 4023 2190 4082 simzineerum-

538 4123 617 4166 na
643 4107 858 4178 mea,in
891 4109 1086 4168 Graeco
1110 4125 1238 4166 mea
1258 4127 1372 4166 non
1399 4109 1773 4177 habetur,sed
1797 4129 1866 4168 ex
1885 4113 2188 4180 Hebraieo,

537 4202 596 4255 et
623 4199 694 4255 de
725 4197 1108 4256 translatione
1138 4197 1555 4256 Theodolionis
1576 4201 1687 4256 sub
1713 4200 2077 4270 asterisco,id
2100 4207 2192 4260 est

538 4287 778 4356 εἰθὶίαῇ
811 4329 828 4358 ,
861 4287 1128 4344 additum
1160 4291 1268 4345 est.
2001 4301 2004 4306 '

610 4377 672 4434 In
705 4375 808 4433 illa
827 4375 1150 4451 antiphona
1163 4376 1249 4433 vel
1267 4377 1808 4444 communione,ubi
1827 4377 1911 4432 illi
1929 4383 2143 4435 canunt
2169 4397 2184 4437 :

537 4465 1060 4544 Gaudete,justi,in
1079 4467 1348 4540 Domino;
1373 4485 1480 4524 nos
1509 4467 1776 4523 canimus
1809 4484 1822 4522 :
1857 4466 2182 4535 Exsultate,

2280 551 2457 608 luturc
2480 551 2666 605 vultus
2694 549 2804 604 mei
2828 555 2880 604 et
2922 549 3062 604 Deus
3105 564 3278 616 meus,
3311 548 3396 604 ita
3429 549 3691 618 duntaxat,
3712 556 3829 608 utet

2279 636 2618 710 conjunctis
2640 637 2712 692 de
2741 637 2976 692 Hebraeo
3005 641 3062 693 et
3087 635 3475 694 Theodotione
3515 639 3618 693 sub
3639 641 3829 695 astet-im

2297 721 2384 798 ἧς
2405 727 2670 784 adthum
2700 726 2798 782 sit.
2824 716 2888 782 In
2917 726 3153 782 eodem:
3185 726 3609 799 Exprobaverunt
3634 728 3743 783 mihi
3759 730 3832 802 qui

2281 817 2556 873 tribulam
2580 832 2666 871 me
2695 816 2912 871 inimici
2938 817 3070 881 mei,
3103 815 3258 887 quod
3308 817 3458 888 apud
3480 815 3728 872 Romanos
3749 833 3832 872 non

2283 905 2554 972 habetur,
2586 905 2686 961 sed
2719 904 2777 959 in
2810 903 3048 960 Hebraeo
3085 905 3344 976 positum
3388 907 3473 960 est
3502 923 3515 960 :
3543 905 3836 978 lis-probrum.

2283 1002 2416 1051 runt
2432 994 2576 1050 mihi
2601 993 2777 1050 hostes
2807 995 2938 1049 mei.

2359 1085 2424 1140 In
2455 1081 2685 1156 psalmo
2714 1098 2850 1138 xum
2894 1082 3217 1139 secundum
3266 1082 3579 1138 Romanum
3625 1083 3840 1156 scriptum

2287 1175 2380 1228 est
2409 1187 2422 1225 :
2456 1173 2522 1227 Et
2549 1186 2660 1228 non
2704 1169 3020 1242 egredieris,
3050 1172 3208 1239 Deus,
3249 1171 3312 1226 in
3354 1172 3630 1228 virtutibus
3667 1175 3842 1242 naso-is,-

2289 1260 2393 1317 sed
2421 1261 2564 1316 Deus
2589 1259 2669 1315 ibi
2699 1259 3065 1332 superﬂuum
3095 1259 3353 1315 est.Item
3375 1257 3434 1314 in
3457 1259 3640 1316 eodem
3661 1258 3844 1333 psalmo,

2291 1365 2426 1405 cum
2455 1348 2515 1404 in
2547 1351 2723 1404 cantu
2754 1352 2812 1402 et
2843 1346 2902 1402 in
2932 1363 3099 1404 versu
3131 1346 3457 1420 psallamus
3488 1365 3502 1405 :
3532 1348 3754 1419 Exsurge,
3775 1351 3848 1406 Do-

2289 1439 2462 1504 mine,
2495 1437 2698 1508 adjuva
2725 1453 2846 1504 nos,
2876 1443 2928 1493 et
2956 1436 3131 1494 libera
3157 1452 3256 1493 nos
3281 1444 3501 1510 propter
3524 1453 3693 1493 nomen
3709 1447 3847 1507 tuum;

2293 1526 2620 1584 secundum
2641 1525 2955 1582 editionem
2977 1530 3237 1582 nostram
3261 1525 3618 1582 solummodo
3633 1526 3847 1584 dicimus:

2295 1617 2562 1686 assurge,
2613 1615 2813 1688 adjuva
2857 1631 2954 1672 nos
2997 1623 3052 1672 et
3095 1614 3300 1676 redime
3336 1631 3434 1671 nos
3475 1623 3674 1688 propter
3711 1631 3851 1670 nam

2297 1713 2474 1762 tuum.
2525 1703 2634 1760 Ubi
2690 1703 2936 1760 Romani
2991 1706 3231 1760 cantant
3262 1721 3276 1760 :
3311 1703 3590 1777 Adjuvabit
3634 1719 3734 1760 ea:
3756 1709 3854 1760 Dm
3968 1701 3969 1710 “

2296 1794 2454 1850 vultu
2482 1810 2600 1860 suo,
2630 1793 2768 1848 Deus
2796 1795 2856 1850 in
2883 1792 3061 1850 medio
3089 1793 3208 1865 ejus
3235 1809 3348 1848 non
3371 1793 3855 1857 cmnnwvebitur;nu

2299 1883 2551 1939 dicimus
2584 1900 2597 1939 :
2632 1881 2924 1954 Adjuvabit
2951 1897 3073 1937 eam
3115 1883 3257 1937 Deus
3301 1898 3462 1938 mane
3505 1880 3736 1938 diluculo.
3763 1879 3855 1938 Illi:

2297 1972 2548 2028 Ascendit
2583 1975 2729 2028 Deus
2769 1972 2830 2026 in
2855 1970 3231 2043 jubilatione;
3255 1986 3364 2026 nos
3397 1987 3411 2026 :
3445 1969 3674 2026 Ascendit
3693 1971 3858 2026 Densis
3968 1967 3969 2034 l

2289 2061 2490 2134 jubilo.
2521 2059 2609 2116 Illi
2646 2061 2848 2116 :Sicut
2891 2059 3226 2128 audivimus,
3276 2061 3357 2116 ita
3401 2063 3456 2116 et
3493 2058 3856 2129 vidisnusmolz
3968 2071 3969 2098 ἢ

2299 2151 2455 2207 Sicut
2482 2149 2819 2215 audivimus,
2849 2150 2932 2205 sic
2955 2147 3214 2205 vidimus.

2367 2239 2432 2298 ln
2477 2237 2704 2312 psalmo
2752 2255 2918 2294 xnvm
2965 2237 3062 2292 ille
3117 2237 3444 2294 versiculus
3477 2253 3488 2293 :
3520 2239 3668 2295 Homo
3711 2237 3862 2293 cunis
3968 2231 3969 2266 ῖ

2301 2330 2504 2385 honore
2525 2336 2661 2384 esset
2683 2327 2774 2383 bis
2822 2327 3050 2401 positus
3095 2331 3205 2393 est,
3239 2332 3302 2384 et
3341 2327 3402 2383 in
3451 2327 3632 2401 priore
3671 2327 3862 2382 additam

2303 2417 2479 2473 habet
2506 2425 2558 2472 et
2587 2416 3074 2488 conjunctionem,
3110 2419 3178 2472 ut
3209 2433 3224 2472 :
3249 2417 3321 2472 Et
3343 2415 3498 2472 homo
3523 2432 3636 2471 eum
3658 2415 3864 2471 intum
3968 2475 3969 2478 η

2303 2515 2472 2574 esset;
2507 2505 2564 2560 in
2595 2504 2712 2560 ﬁne
2758 2503 3226 2576 conjunctionem
3281 2521 3402 2561 non
3450 2505 3634 2572 habet,
3661 2504 3746 2560 sed
3782 2504 3864 2558 its:

2304 2597 2471 2654 Homo
2521 2611 2646 2650 cum
2697 2595 2756 2648 in
2808 2593 3008 2650 honore
3056 2599 3215 2650 esset.
3249 2593 3342 2649 Illi
3375 2611 3390 2650 :
3423 2594 3608 2650 Invoco
3645 2609 3719 2648 me
3745 2591 3866 2648 indit

2305 2684 2682 2742 tribulationis
2711 2689 2842 2750 tum,
2873 2683 3108 2754 eripiam
3138 2691 3267 2751 te,et
3292 2681 3659 2755 πιαςηίῤωὺ
3681 2699 3775 2750 me;
3797 2696 3868 2735 nos

2305 2779 2503 2830 autem
2539 2774 2646 2828 :Et
2671 2774 2862 2828 invoca
2893 2787 2976 2828 me
3016 2773 3076 2828 in
3121 2771 3212 2828 die
3257 2773 3645 2840 tribulationis,
3669 2779 3869 2827 eternal

2306 2867 2376 2932 te,
2407 2866 2462 2918 et
2489 2862 2872 2934 honorificabis
2900 2878 3003 2918 me.

2377 2952 2440 3008 In
2475 2951 2970 3024 quinquagesimo
3000 2951 3228 3024 psalmo
3257 2951 3497 3008 illorum
3525 2950 3686 3008 editio
3708 2947 3868 3004 habet:

2304 3041 2557 3112 Amplius
2587 3033 2711 3096 lava
2738 3055 2826 3096 me
2851 3041 2920 3096 ab
2959 3039 3235 3112 injustitia
3285 3057 3431 3109 mea,
3461 3048 3516 3098 et
3539 3057 3572 3096 a
3593 3039 3759 3096 delicto
3791 3049 3870 3090 meo

2305 3129 2514 3186 munda
2540 3145 2662 3198 me;
2692 3133 2893 3184 nostra
2922 3145 3054 3186 vero
3087 3145 3100 3184 :
3132 3130 3391 3202 Amplius
3429 3130 3551 3186 tam
3591 3145 3668 3184 me
3703 3128 3764 3182 ub
3795 3125 3871 3179 isi-

2305 3220 2512 3291 quitate
2543 3234 2682 3284 mea,
2715 3225 2766 3274 et
2793 3235 2828 3274 a
2854 3225 3070 3290 peccato
3097 3233 3216 3274 meo
3242 3219 3459 3275 munda
3483 3235 3584 3275 me.
3615 3215 3704 3273 Illa
3727 3233 3741 3271 :
3765 3217 3870 3286 (luo-

2303 3309 2459 3364 niam
2498 3309 2850 3380 iniquitatem
2893 3323 3074 3362 meum
3115 3323 3377 3377 agnosco,
3403 3317 3456 3365 et
3477 3308 3710 3364 delictum
3742 3316 3871 3358 mm

2303 3413 2489 3454 eorum
2514 3412 2601 3452 me
2628 3403 2706 3452 est
2731 3412 2971 3468 semper;
3005 3399 3205 3452 nostra
3232 3413 3376 3453 vero
3410 3414 3424 3454 :
3455 3397 3702 3468 Quoniam
3722 3390 3869 3463 iniqu-

2305 3492 2472 3544 tatem
2498 3503 2676 3544 meam
2704 3503 2802 3556 ego
2831 3501 3108 3554 cognosco,
3137 3493 3190 3541 et
3212 3495 3500 3558 peccatum
3541 3499 3703 3541 multa
3737 3487 3869 3538 conm

2301 3595 2390 3635 me
2417 3585 2494 3634 est
2519 3592 2746 3649 semper.
2776 3574 2882 3632 Illa
2911 3591 2924 3631 :
2961 3577 3090 3631 Ecce
3116 3577 3271 3630 enim
3303 3579 3364 3632 in
3413 3573 3760 3648 iniquitatibus
3781 3583 3870 3624 oon-

2301 3671 2486 3740 ceptus
2511 3683 2651 3732 sum,
2683 3673 2736 3722 et
2759 3667 2818 3721 in
2845 3663 3061 3721 delictis
3083 3667 3305 3737 peperit
3331 3681 3422 3722 me
3446 3669 3614 3721 mter
3635 3678 3737 3718 mea
3752 3677 3762 3728 ;
3780 3672 3872 3712 nel-

2301 3760 2394 3812 tra
2427 3773 2440 3812 :
2470 3758 2602 3812 Eece
2629 3756 2780 3811 enim
2805 3755 2868 3810 in
2892 3753 3286 3826 iniquitatibus
3332 3758 3610 3827 conceptus
3631 3763 3750 3815 sum,
3771 3753 3808 3803 et
3829 3744 3869 3800 in
3968 3743 3969 3788 ἐ

2297 3846 2534 3918 peccatis
2563 3845 2804 3916 concepit
2831 3859 2918 3900 me
2960 3847 3139 3899 mter
3183 3859 3333 3900 mea.
3369 3845 3510 3900 Item
3551 3841 3674 3898 illa:
3699 3839 3870 3894 Doctus
3968 3855 3969 3864 ι

2299 3935 2516 4006 iniquos
2536 3935 2655 3990 vias
2683 3940 2838 3994 tuas;
2872 3935 3074 3988 nostra
3107 3948 3244 3988 vero
3281 3950 3295 3988 :
3329 3932 3530 3990 Docebo
3573 3931 3755 4002 iniquos
3789 3923 3869 3978 vict
3968 3969 3969 3980 χ

2299 4031 2438 4080 tuas.
2473 4021 2560 4078 Illi
2597 4024 2769 4094 jmita
2816 4021 2992 4077 ﬁnem
3037 4020 3254 4094 psalmi
3303 4026 3528 4079 canunt
3557 4039 3570 4076 :
3599 4015 3868 4088 Sacriﬁcium
3968 4045 3969 4052 ξ

2297 4114 2403 4170 Deo
2425 4113 2658 4185 spiritus
2682 4111 3102 4180 contributatus,
3133 4123 3228 4167 cor
3275 4113 3574 4168 wntritcun
3603 4116 3650 4164 et
3672 4101 3866 4160 humilia

2297 4210 2434 4270 tum,
2463 4203 2620 4267 Deus,
2652 4217 2765 4256 non
2792 4201 3034 4272 spernit;
3067 4216 3176 4255 nos
3205 4203 3406 4256 autem
3435 4217 3448 4256 :
3475 4197 3777 4268 Sacriﬁcium
3795 4189 3868 4244 Deo

2293 4291 2524 4362 spiritus
2553 4289 2970 4356 contribulatus,
3001 4303 3095 4345 cor
3132 4291 3440 4346 contritum
3481 4293 3535 4346 et
3567 4283 3866 4342 Milium

2293 4379 2451 4447 Deus,
2479 4393 2592 4434 non
2619 4377 2898 4449 despicies.

2367 4466 2432 4522 In
2467 4464 2694 4538 psalmo
2722 4483 2816 4534 nu,
2851 4463 2948 4538 qui
2980 4463 3061 4519 ita
3089 4463 3304 4537 incipit
3335 4482 3349 4522 :
3386 4467 3539 4522 Dixit
3565 4451 3864 4534 insipiens,“

527 4542 700 4626 justi,
731 4554 792 4611 in
821 4555 1080 4624 Domino.
1113 4555 1176 4612 In
1207 4555 1307 4614 illo
1337 4557 1708 4624 introitu,ubi
1737 4556 1793 4612 in
1828 4560 2002 4613 cantu
2034 4557 2186 4630 psal-
2217 4573 2262 4638 υ
2294 4555 2550 4610 secundo
2580 4570 2751 4611 versu
2783 4552 3048 4609 additum
3081 4552 3262 4609 habet
3294 4570 3309 4609 :
3343 4555 3462 4610 Non
3506 4561 3598 4620 est,
3625 4550 3710 4638 qui

536 4637 716 4700 limus
749 4659 762 4698 :
795 4644 860 4699 Et
889 4660 965 4700 ex
992 4645 1254 4701 omnibus
1283 4646 1754 4702 tribulationibus
1773 4649 1900 4719 ejus
1922 4647 2184 4704 liberavit
2217 4633 2253 4638 ⁷⁷
2295 4645 2518 4710 bonum,
2546 4659 2657 4698 non
2685 4650 2764 4698 est
2789 4657 2957 4714 usque
2983 4639 3057 4696 ad
3082 4657 3298 4711 unum;
3325 4660 3436 4700 nos
3453 4655 3666 4698 versum
3689 4633 3867 4692 ﬁnimus

533 4749 670 4790 eum
689 4749 704 4801 ;
723 4735 831 4790 nos
862 4732 1210 4790 Psalterium
1231 4734 1596 4792 decantando
1619 4735 1872 4790 dicimus
1897 4751 1909 4791 :
1931 4735 2185 4792 Satvabit

532 4839 685 4898 eum.
721 4821 782 4879 In
815 4823 1019 4880 eadem
1044 4821 1294 4896 psalmo,
1331 4823 1428 4880 ubi
1463 4823 1541 4878 illi
1567 4828 1822 4879 canunt:
1849 4824 2064 4880 Timete
2085 4826 2184 4880 Do-

531 4913 771 4982 minum,
802 4928 999 4968 omnes
1027 4911 1218 4968 sancti
1243 4915 1392 4984 ejus,
1424 4912 1700 4984 quoniam
1726 4911 1888 4968 nihil
1925 4912 2076 4969 deest
2107 4915 2182 4969 ti-

531 5003 818 5060 mentibus
847 5017 1012 5070 eum;
1045 5018 1153 5058 nos
1183 5001 1440 5057 dicimus
1466 5016 1478 5057 :
1501 5001 1625 5056 Non
1648 5010 1730 5058 est
1752 5001 1946 5074 inapia
1976 5001 2183 5058 timen-

530 5089 684 5144 tibus
712 5089 975 5145 eum.Uhi
1001 5088 1085 5144 illi
1107 5105 1120 5145 :
1139 5089 1259 5146 Non
1283 5088 1580 5160 deficient;
1609 5107 1715 5146 nos
1739 5109 1753 5146 :
1776 5095 1895 5148 Non
1923 5089 2184 5146 minuen-

531 5185 632 5232 tur
658 5178 815 5231 omni
845 5179 1078 5234 bouo.ln
1111 5177 1336 5250 psalmo
1366 5179 1584 5252 χιλιὼὶ
1620 5178 1706 5234 illi
1733 5181 1950 5236 canunt
1977 5195 1993 5234 :
2025 5179 2180 5236 Sicut

530 5281 727 5321 cervus
753 5266 1042 5322 desiderat
1065 5267 1142 5322 ad
1161 5267 1384 5342 fontes;
1404 5271 1603 5322 nostra
1627 5267 1934 5324 translatio
1965 5267 2176 5324 habet:

529 5355 1020 5424 Quemadmodum
1049 5355 1334 5410 desiderat
1383 5372 1583 5412 cervus
1636 5359 1692 5411 et
1721 5355 1778 5410 in
1811 5355 1924 5411 alio
1955 5371 2124 5412 versu
2161 5373 2176 5412 :

526 5443 720 5500 Sitieit
740 5443 934 5499 anima
954 5459 1084 5500 mea
1097 5444 1180 5498 ad
1199 5444 1260 5498 D-
1277 5461 1373 5503 um
1395 5445 1617 5515 rivmn;
1641 5462 1747 5500 nos
1763 5443 2052 5500 habemus
2067 5445 2180 5502 sub

529 5533 811 5590 asterisco
837 5531 910 5604 δέ
937 5531 1016 5590 ad
1043 5532 1219 5589 Deum
1242 5533 1474 5607 fortem.
1501 5534 1815 5592 Sciendum
1860 5536 1950 5590 est
1979 5536 2038 5590 in
2071 5531 2182 5590 hoc

523 5622 756 5719 psalmo
773 5621 864 5681 bis
886 5621 1131 5682 inveniri
1153 5639 1167 5684 :
1184 5622 1454 5684 Salutare
1482 5625 1670 5683 vultus
1692 5624 1800 5682 mei
1817 5623 1964 5682 Deus
1981 5639 2143 5682 meus
2160 5640 2175 5696 ;

2294 4731 2666 4788 solummodo
2701 4749 2714 4786 :
2747 4731 2860 4788 Non
2893 4734 2973 4786 est
3000 4731 3098 4804 qui
3113 4731 3293 4802 faciat
3312 4731 3603 4788 bonum.At
3619 4740 3730 4784 vero
3743 4731 3866 4794 qu"-

2293 4824 2352 4876 to
2380 4818 2594 4888 versui,
2629 4819 2729 4892 qui
2763 4818 2846 4874 ita
2875 4817 3078 4890 incipit
3109 4834 3124 4876 :
3157 4818 3360 4876 Omnes
3389 4816 3774 4876 declinaverunt,
3798 4805 3864 4863 ad-

2286 4904 2599 4982 jungimus
2629 4906 2691 4964 in
2721 4907 2838 4964 fine
2868 4923 2882 4963 :
2915 4912 3038 4966 Non
3065 4915 3149 4964 est
3178 4925 3350 4982 usque
3377 4909 3448 4965 ad
3475 4923 3655 4964 unum,
3679 4899 3750 4959 Illi
3775 4911 3862 4994 φο·
3968 4919 3969 4994 1

2292 4997 2576 5054 dulantur
2607 5013 2620 5052 :
2653 4998 2842 5054 Nonne
2894 5005 3212 5067 cognoscent
3258 5013 3466 5067 annos,
3507 4997 3597 5070 qui
3635 4993 3864 5066 ομνωιιν
3968 5015 3969 5064 ἰ

2293 5087 2669 5158 iniquitatem,
2703 5087 2798 5158 qui
2822 5085 3076 5142 devoraat
3095 5085 3314 5158 plebem
3353 5101 3529 5142 meum
3568 5084 3695 5140 sicut
3731 5085 3862 5133 tm"

2284 5173 2492 5246 panis?
2521 5178 2580 5229 et
2608 5171 2783 5246 paulo
2811 5177 2944 5247 post
2971 5190 2984 5231 :
3023 5174 3454 5247 Trepidaverunt
3481 5166 3766 5236 limore,ubi
3781 5173 3860 5247 tu!

2288 5244 2409 5320 erat
2465 5244 2662 5332 timor;
2697 5244 2831 5319 nos—
2859 5265 3054 5318 autem
3086 5244 3320 5320 {Nonne
3371 5265 3540 5320 scient
3589 5271 3759 5318 omnes.
3789 5244 3859 5320 ςιί
3968 5291 3969 5310 η

2289 5361 2586 5426 operantur
2611 5353 2979 5425 iniquitatem,
3011 5354 3110 5424 qui
3131 5351 3394 5410 devorant
3419 5352 3620 5426 plebem

2287 5443 2470 5500 cibum
2503 5442 2707 5514 panis?
2735 5445 2794 5498 et
2837 5440 2898 5496 in
2948 5441 3066 5497 line
3121 5458 3374 5499 versus:
3414 5430 3856 5514 Trepidatum!”-

2286 5549 2458 5600 more,
2504 5513 2608 5588 ubi
2651 5547 2758 5588 non
2803 5531 2920 5606 fuit
2960 5532 3143 5588 timor.
3177 5531 3266 5588 Illi
3297 5548 3312 5588 :
3346 5535 3482 5589 Cum
3520 5521 3745 5585 averterat
3776 5513 3856 5572 D0:

2287 5623 2472 5680 minus
2533 5622 2904 5702 captivitatem
2963 5619 3138 5698 plebis
3203 5625 3348 5694 tuae;
3405 5633 3552 5678 nos:
3589 5616 3712 5672 Cum
3753 5617 3854 5664 Μ·
