4052 6158
182 268 342 336 M31

1157 271 1260 336 DE
1306 272 1565 343 VAHIA
1615 273 1909 342 PSALM.

1956 277 2061 342 ET
2103 279 2331 347 CANT.
2381 285 2683 354 MODUL.
3510 308 3669 380 M38

176 405 401 464 mm
450 403 734 507 Dominus.
766 404 1140 507 captivitatem
1179 405 1363 507 plebis
1414 420 1564 507 suae.
1600 405 1693 465 Illi
1729 408 1864 507 _pri-
1895 411 1952 481 Α
2000 502 2020 507 Δ
2053 411 2117 471 In
2146 412 2249 507 illo
2281 417 2513 491 psalmo
2549 437 2563 478 :
2599 422 2832 484 Salvum
2857 443 2948 490 me
2972 432 3191 505 fac,ubi
3223 454 3331 497 nos
3359 441 3660 507 canimus:

176 511 345 555 num
378 510 617 558 versum
648 493 1067 566 subsequentis.
1082 494 1294 567 psalmi
1311 495 1397 553 ita
1421 495 1658 553 ﬁniunt
1682 514 1695 553 :
1718 499 1787 556 Et
1808 500 1870 556 in

170 588 372 642 virtute
398 591 494 641 tua
525 584 840 648 liberame;
873 600 984 641 nos
1011 601 1143 642 vero
1179 601 1191 640 :
1218 587 1287 641 Et
1320 588 1381 641 in
1413 586 1636 643 virtute
1658 595 1763 644 tua
1767 589 1870 659 ju-

174 675 303 733 lica
343 690 450 730 me.
503 672 595 729 Illi
651 675 888 729 cantant
948 691 962 729 :
1024 675 1263 740 Exaudi,
1311 676 1483 740 Deus,
1546 683 1872 735 orationem

174 781 378 831 meam,
408 767 465 821 et
490 779 562 819 ne
588 761 894 835 despexeris
921 763 1363 835 deprecationem
1375 780 1597 830 meam;
1638 766 1873 833 intende

174 856 235 911 δη
263 870 352 911 πω
375 857 430 910 ει
457 851 667 909 θωπιάὶ
692 866 939 907 memos
963 869 1128 909 vero:
1152 852 1376 921 Intende
1405 851 1557 907 mihi
1574 850 1629 907 et
1655 856 1873 912 exaudi

174 961 282 1000 me.
317 944 380 999 ln
410 942 618 999 eodem
650 938 899 1014 psalmo,
929 940 1030 996 ubi
1058 940 1143 997 illi
1176 939 1573 998 modulantur
1618 958 1634 996 :
1694 944 1878 1002 Timor

173 1043 233 1090 et
250 1038 455 1089 tremor
482 1037 749 1088 venerunt
773 1044 947 1100 super
972 1046 1059 1086 me
1083 1038 1133 1087 et
1158 1032 1547 1089 contexerant,
1573 1046 1680 1085 me
1733 1036 1879 1090 tene.

176 1125 333 1189 brae;
354 1139 458 1178 nos
488 1139 502 1176 :
539 1122 720 1176 Timor
746 1125 797 1174 et
823 1124 1032 1174 tremor
1057 1121 1206 1175 venit
1228 1135 1400 1191 super
1448 1134 1556 1184 me,
1588 1126 1655 1174 et
1687 1126 1873 1179 conte-

1985 502 2212 600 0_per_uu
2240 511 2492 580 confusio
2520 513 2730 584 faciem
2755 502 2981 586 meum;
2999 520 3083 579 illi
3117 541 3131 580 ε
3168 525 3393 600 Operuit
3417 502 3665 594 suis

1984 593 2083 697 tia.
2096 596 2296 665 faciem
2339 615 2559 669 meam;
2592 620 2703 659 nos
2736 621 2749 661 :
2788 610 3101 670 Extraneus
3144 593 3325 687 factus
3367 637 3493 680 sum
3538 628 3661 697 fra-

1985 683 2160 738 tribus
2183 688 2320 742 meis
2348 696 2399 744 et
2423 695 2759 763 peregrinus
2787 698 2925 765 ﬁliis
2944 683 3152 759 matris
3178 721 3349 776 mem,-
3389 711 3473 767 illi
3504 683 3659 781 :lllo'.

1982 786 2104 870 spes
2128 774 2495 870 ﬁliis-matris
2523 782 2758 838 meaeJn
2793 785 2895 841 illo
2926 789 3154 860 psalmo
3184 812 3198 849 :
3230 774 3659 870 Deusjudicium

1984 863 2104 931 regi
2131 862 2311 928 da,illi
2341 873 2571 923 canunt
2607 884 2620 925 :
2655 871 2851 931 Omnes
2881 893 3033 948 reges
3063 888 3246 951 terrae,
3472 900 3657 961 gentes

1984 952 2219 1007 servient
2245 955 2326 1021 ei;
2355 972 2464 1012 nos
2499 974 2513 1012 :
2552 957 2750 1015 Omnes
2777 968 2966 1030 gentes
2992 971 3226 1026 servient
3254 975 3325 1029 ei.
3359 980 3422 1030 In
3447 952 3652 1038 eodem
3698 1041 3705 1045 _

1984 1037 2125 1095 dicit
2172 1045 2233 1095 Β.
2282 1043 2676 1117 Hieronymus
2729 1064 2742 1103 :
2796 1053 3120 1112 Benedictus
3169 1064 3453 1131 Dominus,
3509 1069 3653 1125 Deus

1981 1125 2165 1193 Israel,
2199 1130 2387 1186 dictus
2416 1132 2475 1187 in
2509 1136 2710 1192 Graeco
2739 1139 2881 1195 Deus
2908 1142 3002 1199 bis
3032 1161 3147 1201 non
3176 1147 3396 1220 haberi,
3419 1125 3555 1211 cum
3587 1157 3649 1214 in

172 1215 262 1269 sit
288 1229 375 1268 me
402 1212 646 1267 tenebra.
678 1208 793 1265 Nec
820 1223 929 1264 vos
959 1208 1266 1309 conturbet
1286 1207 1463 1315 quod
1504 1206 1870 1282 interpretes
1979 1215 2258 1275 Hebraico
2282 1224 2341 1275 et
2362 1223 2521 1294 apud
2558 1224 2695 1279 LXX
2730 1228 3210 1292 manifestissime
3255 1206 3644 1315 DominiwDei:

174 1303 330 1357 circa
359 1299 621 1372 regulam
653 1297 1054 1370 grammaticae
1084 1296 1227 1353 artis
1252 1293 1631 1368 singularem
1663 1314 1870 1357 nume-
1908 1332 1913 1335 »
1976 1320 2103 1377 qua:
2136 1293 2492 1382 nuncupatio
2529 1315 2882 1385 mysterium
2934 1320 3257 1393 Trinitatis,
3301 1328 3400 1398 ait,
3433 1330 3492 1387 id
3532 1293 3641 1400 est:

174 1407 334 1455 mm,
364 1388 520 1465 quad
549 1391 641 1445 88L
665 1386 912 1454 mbra’
948 1390 1269 1478 powemnt
1297 1402 1404 1458 pro
1435 1384 1684 1478 pyra“,
1704 1406 1860 1458 cum,
1972 1395 2295 1453 Benedictus
2324 1384 2609 1455 Dominus
2626 1403 2783 1469 Deus,
2816 1408 2961 1462 Deus
2993 1413 3167 1469 Israel
3198 1431 3211 1468 :
3242 1384 3334 1471 illi
3365 1384 3641 1478 dan—unt:

170 1482 229 1539 8.
260 1476 539 1550 Gregorio
570 1479 740 1543 teste,
774 1475 955 1539 verba
983 1474 1251 1573 caelestis
1281 1473 1514 1582 oraepli
1564 1492 1690 1582 Eon
1725 1478 1865 1582 'sint
1972 1483 2115 1551 Quia
2140 1487 2319 1543 κειαυί
2347 1490 2405 1543 in
2436 1493 2851 1558 peccatoribus;
2882 1512 2991 1552 nos
3036 1515 3049 1553 :
3100 1501 3243 1569 Quia
3271 1473 3450 1563 natavi

172 1565 526 1631 inﬂectenda
551 1564 665 1620 sub
691 1562 917 1639 regulis
946 1563 1184 1631 Donati;
1208 1562 1357 1621 sicut
1375 1562 1540 1621 idem
1564 1564 1861 1661 i’ropheta
1968 1572 2202 1646 iniquos.
2228 1576 2299 1649 _ln
2325 1577 2533 1632 eodem
2568 1578 2798 1650 psalmo
2853 1600 2867 1637 :
2921 1562 3159 1645 Timuisti
3193 1562 3637 1661 manumdegtig;

172 1671 295 1722 non
321 1652 545 1711 veritus
573 1652 822 1714 ferulam
855 1652 1374 1725 gnammaticorum
1412 1653 1641 1725 posuit:
1661 1656 1855 1712 Libera
1963 1676 2089 1716 ram
2115 1679 2314 1729 meam,
2346 1674 2400 1721 et
2422 1667 2710 1724 voluntate
2736 1678 2837 1725 tua
2861 1672 3141 1733 deduxisti
3164 1696 3270 1744 me,
3292 1654 3493 1739 etcum
3518 1687 3637 1757 glo-

171 1759 260 1809 me
287 1742 355 1799 de
383 1742 751 1813 sanguinibus
781 1740 956 1814 (Psal.
989 1759 1041 1808 ιι,
1074 1740 1185 1811 46);
1207 1745 1263 1839 et
1293 1740 1633 1838 inIJoannis
1662 1745 1848 1800 Evan-
1883 1785 1930 1841 Β
1964 1751 2055 1805 ria
2080 1755 2436 1825 assumpsisti
2462 1772 2586 1821 me;
2619 1774 2726 1813 nos
2757 1766 2890 1816 vero
2925 1779 2939 1817 :
2974 1766 3051 1819 Et
3078 1782 3203 1822 cum
3234 1740 3417 1838 gloria
3449 1740 3631 1841 sugce-

170 1829 326 1911 gelio
361 1848 375 1885 :
406 1830 518 1901 Qui
544 1845 657 1887 non
685 1845 759 1885 ea:
784 1830 1187 1898 sanguinibus,
1212 1828 1424 1902 inquit,
1458 1847 1633 1903 neque
1658 1849 1729 1889 ex
1757 1851 1849 1889 vo-
1886 1828 1930 1849 ν
1956 1840 2096 1911 pisti
2121 1857 2227 1897 me.

172 1922 386 1989 {unaue
427 1921 633 1984 carnis,
666 1934 844 1991 neque
888 1935 961 1975 ea:
1004 1919 1286 1975 voluntate
1331 1919 1458 1985 viri,
1489 1920 1584 1975 sed
1628 1937 1699 1976 ex
1741 1927 1852 1979 Deo
2031 1926 2094 1982 In
2127 1927 2356 1999 psalmo
2386 1948 2559 1997 Lxxn,
2595 1949 2731 1989 cum
2764 1935 2830 1990 B.
2877 1930 3268 2014 Hieronymus
3316 1956 3632 2020 exponeret

169 2011 296 2069 nati
319 2012 453 2065 sunt
481 2011 664 2072 (Joan.
693 2024 732 2073 ι,
770 2006 1061 2078 l3).Sicut
1090 2007 1172 2064 ibi
1214 2023 1528 2063 numerum
1559 2008 1848 2110 pluralem
1957 2013 2125 2075 illum
2157 2033 2391 2074 versum
2426 2036 2439 2074 ε
2475 2021 2697 2092 Respice
2746 2025 2808 2078 in
2848 2006 3231 2101 “stamen-mm
3277 2006 3453 2104 tum},
3492 2006 3629 2110 quid

171 2097 375 2172 posuit
401 2113 506 2170 pro
537 2094 850 2169 singulari,
872 2096 953 2151 ita
982 2096 1082 2152 hic
1107 2095 1468 2169 singularem
1501 2114 1603 2171 pro
1634 2097 1846 2170 plurali
1957 2105 2150 2175 repleti
2179 2115 2329 2173 sunt,
2362 2107 2443 2163 ita
2473 2111 2749 2181 exposuit
2774 2128 2788 2167 :
2824 2114 2969 2181 Quia
2989 2094 3264 2176 obscurati
3288 2094 3629 2183 sunt

172 2184 392 2267 posuit,
428 2185 713 2242 Hebraicis
754 2184 1022 2241 veritatis
1067 2185 1520 2282 consonantiam
1570 2203 1843 2282 sequens,
1954 2193 3289 2282 iniquitaiumﬂumi,iniquiLinterpretantur,
3320 2213 3626 2282 spim;hi

170 2293 300 2352 qua:
332 2273 512 2332 dicit:
543 2275 720 2330 Timor
750 2277 806 2331 et
837 2280 1044 2331 tremor
1070 2275 1233 2330 venit
1253 2290 1420 2344 super
1437 2281 1602 2340 me,et
1632 2279 1847 2347 operuit
1953 2294 2090 2353 ergo
2113 2281 2211 2353 qui
2235 2283 2696 2341 obscuraverunt
2729 2273 3239 2360 persecutionibus
3260 2273 3391 2355 suis,
3406 2304 3624 2360 terram

166 2381 255 2431 me
283 2364 487 2433 caligo.
519 2360 626 2417 Ubi
654 2359 738 2417 illi
773 2365 997 2421 canunt
1030 2377 1043 2416 :
1078 2365 1241 2418 Jacta
1271 2362 1332 2416 in
1354 2361 1586 2420 Domino
1634 2364 1842 2431 cogita-
1952 2371 2117 2424 tuam
2169 2369 2372 2442 repleti
2423 2378 2571 2429 sunt
2616 2359 2895 2435 sensibus
2945 2378 3296 2451 iniquitatis.
3329 2387 3425 2445 Tu
3462 2405 3620 2461 vero,

167 2462 288 2511 tum
316 2460 507 2516 “mm;
538 2466 642 2507 nos
672 2449 950 2506 canimus
980 2465 993 2503 ³
1026 2453 1192 2509 Ιαοια
1219 2466 1385 2523 ευμεν
1405 2450 1700 2510 οοτηίητυη
1745 2468 1840 2507 εα-
1951 2456 2324 2539 Domine.qui
2355 2477 2459 2532 per
2487 2463 2940 2522 Testamentum
2962 2449 3131 2525 tuum
3153 2470 3274 2528 sive
3296 2474 3476 2534 Vetus
3500 2449 3623 2540 sive

168 2559 294 2599 mm
322 2548 496 2605 quam.
1509 2627 1521 2638 .
1952 2546 2199 2614 Novum,
2231 2547 2370 2619 quia
2403 2554 2730 2624 utrumque
2760 2572 2801 2611 a
2824 2559 2882 2611 te
2914 2559 3404 2627 processit,etiam
3458 2570 3619 2638 quod

236 2631 304 2687 In
336 2629 439 2686 illo
470 2627 975 2702 quinquagesimo
1006 2631 1172 2684 sexto
1202 2628 1431 2700 psalmo
1466 2627 1560 2684 ille
1590 2646 1793 2687 versus
1824 2648 1838 2687 :
1954 2651 2139 2689 unum
2171 2636 2441 2703 habetur,
2476 2642 2803 2709 promisisti
2848 2647 3150 2715 protegere
3200 2664 3325 2714 nos,
3368 2627 3619 2713 succisis

173 2720 447 2785 [inuitare
468 2734 629 2791 super
654 2718 839 2783 oculos,
877 2715 1103 2784 Deus,in
1136 2718 1326 2772 medio
1353 2720 1409 2773 et
1436 2717 1491 2772 in
1526 2718 1640 2774 ﬁne
1673 2720 1841 2791 poni-

166 2815 229 2865 tu
242 2828 271 2865 r
291 2828 306 2876 ;
346 2809 402 2863 in
433 2808 624 2863 medio
646 2807 898 2871 habetur
915 2814 967 2861 et
984 2807 1041 2861 in
1061 2823 1273 2863 omnem
1290 2814 1495 2862 terram
1514 2809 1695 2878 gloria
1714 2817 1839 2876 tua;

168 2899 230 2954 in
266 2899 406 2965 ﬁne,
440 2902 495 2954 et
522 2913 684 2969 super
712 2912 933 2952 omnem
963 2899 1169 2951 terram
1194 2896 1376 2964 gloria
1426 2903 1539 2951 tua.
1575 2896 1681 2953 Ubi
1735 2914 1841 2954 nos
1870 2923 1889 2935 ε
1951 2901 2048 2971 qui
2097 2902 2158 2955 in
2194 2902 2437 2956 circuitu
2483 2902 2604 2973 ejus
2656 2906 2863 2978 offertis
2907 2922 3141 2967 munera
3154 2929 3177 2977 ;
3226 2929 3334 2971 nos
3366 2932 3379 2970 ε
3415 2918 3527 2986 Qui

168 2986 515 3044 alternatim
565 2985 624 3040 in
678 2985 888 3040 chroro
919 2982 1189 3041 canimus
1224 3001 1236 3039 :
1268 2986 1408 3040 Deus
1437 2985 1668 3041 ostendit
1702 2988 1846 3042 mihi
1949 2989 2189 3044 circuitu
2209 2989 2325 3060 ejus
2354 2988 2589 3062 afferent
2630 3009 2879 3050 munera.
2926 2994 2992 3053 In
3041 2994 3143 3052 illa
3184 2982 3480 3060 oll‘erend'a
3524 3006 3617 3071 illi.

166 3094 273 3150 per
302 3077 559 3132 inimicos
586 3091 751 3140 meos,
783 3090 856 3129 ne
884 3073 1096 3129 occidas
1147 3089 1254 3143 eos,
1285 3089 1353 3128 ne
1398 3073 1614 3145 quando
1645 3076 1839 3130 oblivi-
1885 3150 1901 3154 Α
1950 3081 2170 3132 canunt
2202 3093 2214 3132 :
2254 3078 2417 3133 Terra.
2462 3083 2691 3137 tremuit
2737 3086 2791 3139 et
2836 3083 3072 3154 quievit;
3101 3102 3210 3144 nos
3263 3105 3277 3145 :
3335 3092 3499 3153 Terra
3535 3097 3612 3151 ti-

168 3173 403 3222 seantur
427 3164 620 3236 populi
662 3164 807 3227 mei;
856 3158 941 3216 illi
998 3180 1011 3218 :
1065 3165 1200 3218 Deus
1245 3178 1396 3217 meus
1442 3162 1676 3219 ostendit
1703 3162 1843 3219 mihi
1872 3150 1914 3217 C
1946 3167 2088 3225 muit
2115 3173 2166 3221 et
2191 3167 2414 3237 quievit.

171 3255 323 3311 bona
355 3255 503 3309 inter
530 3252 779 3307 inimicos
804 3267 972 3316 meos,
1005 3267 1076 3306 ne
1103 3250 1361 3306 occideris
1389 3267 1497 3317 eos,
1528 3268 1599 3307 ne
1625 3251 1842 3323 quando
2021 3256 2082 3310 In
2114 3254 2212 3309 illo
2244 3253 2471 3326 psalmo
2504 3258 2774 3323 Lxxvu,in
2806 3258 2907 3317 illo
2938 3278 3127 3331 versu,
3159 3264 3263 3323 ubi
3294 3267 3465 3329 multi
3511 3288 3607 3329 ca.

165 3345 583 3402 obliviscantur
613 3341 752 3409 legis
778 3347 911 3396 tuae.
940 3339 1008 3395 Et
1033 3338 1091 3395 in
1124 3339 1390 3412 sequenti
1418 3355 1588 3395 versu
1618 3358 1719 3413 pro
1750 3359 1838 3410 eo,
1949 3346 2098 3399 nunt
2129 3359 2141 3397 :
2170 3344 2235 3398 Et
2263 3342 2549 3398 mediattus
2578 3351 2736 3402 nocte
2758 3363 2884 3404 eum
2910 3351 3067 3405 corde
3094 3362 3289 3419 meo,et
3324 3360 3613 3430 scopebam

166 3432 337 3506 quod
367 3447 473 3486 nos
501 3428 773 3485 canimus
805 3444 818 3482 :
853 3429 1066 3499 Depone
1092 3444 1200 3495 eos,
1230 3435 1495 3501 protector
1529 3446 1699 3499 meus,
1733 3433 1841 3487 Do-
1946 3433 2210 3505 spiritum
2234 3448 2436 3501 meum,
2465 3432 2553 3489 vel
2575 3437 2865 3506 scopabam
2898 3456 2911 3493 :
2945 3438 3334 3514 Hieronymus
3382 3428 3465 3503 ita
3501 3464 3607 3519 po-

166 3523 361 3587 mine;
391 3518 479 3574 illi
507 3517 713 3574 dicunt
744 3533 757 3571 :
795 3521 1022 3573 Destrue
1069 3533 1178 3583 eos,
1207 3525 1475 3589 protector
1512 3534 1684 3585 metis,
1733 3526 1838 3577 Do-
1951 3521 2038 3576 nit
2070 3536 2083 3575 :
2110 3523 2177 3577 Et
2202 3520 2511 3579 scrobebam
2539 3526 2806 3594 spiritum
2831 3543 3032 3592 meum,
3075 3526 3186 3585 hoc
3229 3535 3340 3600 est,
3389 3517 3604 3607 inquit,

166 3612 354 3668 mine.
1950 3609 2240 3673 fodiebam
2273 3608 2440 3681 quasi
2473 3627 2704 3683 agrum,
2739 3618 2804 3669 ut
2832 3614 2913 3671 ibi
2945 3614 3238 3676 mitterem
3269 3636 3470 3679 semen
3495 3624 3606 3682 do-

254 3698 319 3753 In
366 3695 592 3769 psalmo
642 3712 733 3750 ux
779 3694 1031 3750 habetur
1075 3712 1088 3751 :
1141 3694 1286 3751 Iuda
1328 3710 1429 3750 rex
1473 3711 1644 3762 meus,
1691 3696 1843 3752 Moab
1949 3698 2271 3759 ctrinarum
2307 3698 2555 3754 Domini.
2591 3700 2654 3755 In
2688 3701 2787 3758 illo
2818 3719 3010 3772 versu,
3044 3703 3146 3761 ubi
3193 3709 3473 3766 canitur:
3510 3713 3608 3769 Sa.

170 3789 294 3845 olla
322 3786 443 3858 spei
466 3799 648 3841 meae:
682 3784 740 3839 in
788 3782 1107 3840 centesimo
1157 3783 1409 3856 septimo
1462 3800 1475 3838 :
1522 3784 1673 3841 Moab
1702 3786 1843 3842 lebes
1949 3787 2182 3851 cerdotes
2209 3802 2399 3843 eorum
2428 3789 2488 3842 in
2517 3790 2705 3856 gladio
2734 3791 3066 3862 ceciderunt,
3118 3796 3291 3854 multi
3335 3798 3542 3857 dicunt
3586 3818 3605 3859 :

168 3878 299 3949 spei
323 3889 485 3932 meae.
524 3872 631 3929 Ubi
655 3890 764 3930 nos
794 3872 1050 3928 dicimus
1081 3889 1094 3927 :
1127 3872 1261 3928 Mihi
1289 3873 1619 3945 alienigena?
1636 3874 1845 3932 subditi
1948 3878 2015 3931 Et
2058 3875 2243 3932 vidum
2287 3892 2474 3931 eorum
2518 3893 2629 3932 non
2672 3879 3051 3950 Ριονθδαηίυη
3085 3883 3284 3941 futuro
3312 3891 3605 3959 tempore;

170 3968 340 4030 sunt;
375 3960 621 4021 Romani
655 3977 672 4017 :
704 3961 840 4017 Mihi
873 3962 1160 4034 .Illophyli
1185 3960 1395 4017 subditi
1432 3972 1580 4018 sunt.
1615 3963 1678 4018 In
1727 3962 1843 4021 ﬁne
1951 3964 2191 4024 sed'nos
2222 3963 2437 4020 rectilis
2485 3964 2600 4021 ἀίεί
2650 3972 2929 4036 Ριιῐᾶιῐιυε
2977 3971 3268 4039 Ρνεθῐετίῑο
3293 3978 3555 4045 te!!po”
3589 3994 3604 4033 ε

173 4054 360 4111 istius
407 4049 620 4124 psalmi
664 4049 933 4106 canimus
967 4066 979 4105 :
1017 4052 1083 4105 Et
1111 4051 1222 4122 ipse
1250 4050 1319 4105 ad
1344 4050 1587 4106 nihilum
1623 4051 1845 4109 deducet
1949 4054 2067 4111 Non
2093 4053 2627 4124 plorabantur,quia
2648 4055 2931 4127 propheta
2953 4057 3276 4124 praeteritos
3305 4077 3608 4120 sermones

174 4142 513 4200 tribulantes
540 4156 639 4195 nos
650 4158 675 4204 ;
716 4138 778 4194 in
819 4137 933 4194 alio
968 4156 981 4195 :
1014 4140 1080 4195 Et
1110 4141 1225 4211 ipse
1254 4139 1323 4193 ad
1353 4139 1594 4196 nihilum
1623 4140 1845 4198 deducet
1952 4140 2121 4212 quasi
2152 4144 2478 4196 transaclos
2508 4146 2723 4210 narrat,
2757 4146 2815 4198 et
2847 4142 3192 4200 llebraicum
3216 4145 3352 4203 huic
3379 4152 3611 4206 senten-

180 4232 445 4289 iaimicos
470 4228 777 4285 nostros.1n
803 4226 901 4283 illo
938 4244 1110 4284 versu
1161 4245 1174 4283 :
1234 4226 1419 4284 Omnis
1466 4237 1614 4285 terra
1659 4229 1849 4288 adoret
1952 4227 2046 4284 tios
2076 4228 2364 4301 congruit,
2396 4245 2527 4284 cum
2562 4229 2705 4284 dicit
2731 4230 3077 4288 :Sacerdotes
3103 4233 3221 4304 ejus
3247 4235 3431 4306 gladio
3469 4240 3608 4295 ceci-

177 4329 236 4377 te
262 4329 318 4377 et
347 4319 547 4392 psallat
566 4319 689 4387 tibi,
726 4316 822 4373 ubi
853 4315 934 4371 illi
986 4315 1364 4382 concludunt,
1389 4319 1663 4388 psalmum
1697 4319 1849 4376 dicat
1953 4318 2171 4383 derunt,
2199 4325 2250 4373 et
2278 4316 2462 4375 vidum
2511 4318 2629 4389 ejus
2676 4335 2789 4376 non
2835 4328 2964 4377 sunt
3006 4321 3168 4390 ﬂeta.
3204 4321 3314 4380 Ubi
3344 4322 3428 4379 illi
3463 4340 3477 4380 :
3508 4327 3612 4385 Po-

177 4410 406 4466 nomini
433 4415 544 4473 tuo,
580 4408 837 4472 Domine;
870 4406 1267 4462 Romanorum
1316 4405 1494 4462 editio
1520 4406 1714 4474 habet,
1747 4426 1845 4465 no-
1953 4415 2181 4467 suerunt
2226 4407 2483 4462 mortalia
2530 4423 2813 4464 servorum
2857 4417 3108 4477 tuorum;
3158 4427 3264 4468 nos
3306 4411 3606 4472 dicimus:

180 4500 335 4556 mini
362 4507 480 4562 tuo,
511 4497 843 4563 Altisssime;
883 4498 1083 4550 nostra
1114 4495 1546 4565 tantummodo,
1575 4497 1850 4569 psalmum
1883 4519 1926 4582 υ
1955 4496 2242 4552 Morticina
2269 4511 2547 4552 servorum
2578 4502 2816 4554 tuorum.
2849 4497 2959 4553 Ubi
3005 4497 3091 4553 illi
3142 4516 3155 4555 :
3209 4501 3318 4570 Qui
3342 4501 3490 4558 sedes
3517 4518 3611 4558 su-

179 4588 338 4645 dicat
364 4586 584 4641 nomini
629 4587 754 4641 tuo:
803 4582 1083 4640 Hebraica
1130 4582 1305 4651 canit,
1346 4585 1564 4639 nomini
1591 4593 1701 4640 tuo.
1736 4585 1845 4641 Ubi
1950 4603 2052 4658 per
2081 4586 2391 4650 Cherubim,
2441 4601 2645 4656 apparo
2696 4602 2883 4642 coram
2922 4588 3187 4660 Ephrem,-
3212 4607 3320 4647 nos
3349 4608 3362 4648 :
3395 4594 3494 4663 qui
3534 4609 3614 4650 se-

185 4676 275 4733 illi
308 4678 533 4731 canunt
565 4690 579 4729 :
611 4675 773 4739 Deus,
804 4674 865 4728 in
894 4673 1007 4728 loco
1034 4680 1218 4728 sancto
1247 4687 1363 4740 suo,
1399 4676 1542 4727 Deus
1571 4675 1668 4745 qui
1694 4674 1853 4730 inha-
1958 4674 2051 4730 des
2079 4690 2243 4738 super
2272 4673 2583 4739 Cherubim,
2615 4676 2974 4746 manifestare
3002 4694 3185 4734 coram
3229 4680 3515 4751 Ephraim.
3548 4686 3612 4739 In

185 4768 373 4822 hilare
399 4764 537 4836 facit
563 4763 854 4818 unanimes
898 4763 957 4817 in
1003 4760 1179 4827 domo,
1213 4777 1321 4817 nos
1368 4759 1620 4817 dicimus
1657 4778 1668 4815 :
1711 4764 1853 4819 Deus
1960 4761 2058 4819 illo
2086 4761 2325 4821 introitu
2362 4779 2375 4817 :
2409 4763 2689 4823 Emsultate
2722 4768 2831 4820 Deo
2853 4765 3097 4837 adjutori
3123 4775 3326 4833 nostro,
3362 4767 3463 4841 ubi
3505 4768 3611 4838 illi,

184 4854 511 4911 inhabitare
534 4854 674 4925 facit
697 4853 867 4907 unius
895 4851 1063 4906 moris
1093 4850 1157 4905 in
1182 4850 1357 4906 domo.
1393 4849 1472 4905 De
1519 4849 1629 4906 hoc
1657 4868 1851 4918 versu,
1961 4857 2180 4911 canunt
2209 4867 2221 4904 :
2259 4852 2449 4907 Canite
2478 4852 2639 4908 initio
2692 4855 2893 4909 mensis
2938 4855 3102 4918 tuba;
3149 4871 3256 4911 nos
3299 4855 3567 4913 canimus
3598 4873 3612 4913 :

187 4945 296 5016 qui
331 4941 487 5014 apud
518 4958 625 4997 nos
649 4939 864 5013 legitur
896 4955 908 4995 :
946 4938 1203 4995 Viderunt
1242 4941 1518 5010 ingressus
1558 4941 1660 5007 tui,
1691 4940 1849 5004 Deus,
1962 4941 2260 4996 Buecinate
2290 4941 2347 4994 in
2372 4942 2619 4995 comenia
2644 4939 2972 5014 [neomenia]
3005 4942 3154 4997 tuba.
3188 4942 3252 4997 In
3282 4940 3382 4998 illo
3419 4960 3614 5016 versu,

187 5032 340 5090 dicit
369 5029 854 5099 B.Hieronymus:
875 5044 1010 5100 ergo
1032 5045 1068 5083 a
1096 5027 1266 5083 nobis
1296 5027 1376 5084 ita
1396 5026 1709 5101 legendum
1730 5033 1850 5091 est:
1963 5027 2062 5084 ubi
2096 5027 2174 5085 illi
2209 5033 2457 5084 canunt:
2479 5029 2731 5100 Scapulis
2759 5032 2913 5098 suis;
2947 5047 3052 5087 nos
3087 5047 3099 5084 :
3132 5034 3200 5086 In
3218 5034 3458 5103 scapulis
3478 5036 3615 5093 suis.

192 5121 463 5178 Viderunt
508 5120 782 5190 ingressus
819 5125 957 5182 tuos,
1006 5117 1164 5183 Deus,
1212 5119 1270 5171 et
1318 5115 1620 5189 scriptoris
1648 5116 1857 5175 vitium
1966 5117 2051 5174 Illi
2088 5120 2308 5172 canunt
2340 5135 2352 5173 :
2387 5117 2814 5173 Perambulante
2859 5121 2920 5174 in
2968 5121 3205 5176 tenebris
3233 5123 3429 5189 arvia;
3462 5141 3568 5180 nos
3600 5142 3614 5181 ε

191 5205 1220 5280 relinquendum,quinominativum
1239 5204 1431 5276 posuit
1451 5222 1555 5277 pro
1577 5208 1859 5263 accusati-
1971 5206 2055 5260 Ab
2088 5207 2309 5260 incursu
2337 5214 2388 5261 et
2417 5204 2688 5261 daemonio
2712 5204 3132 5262 meridiano.[lli
3162 5225 3175 5263 :
3208 5209 3483 5271 Invocavit
3500 5228 3588 5265 me
3599 5232 3620 5279 ,-

189 5296 405 5355 vo.Ubi
439 5295 521 5351 illi
551 5293 1111 5352 canuntzAscendens
1131 5295 1190 5348 in
1211 5295 1388 5349 altum
1408 5296 1680 5364 captivam
1698 5296 1859 5353 duxit
1968 5311 2075 5351 nos
2109 5312 2122 5350 :
2159 5294 2428 5350 Clamavit
2472 5293 2542 5348 ad
2590 5310 2695 5349 me.
2740 5293 2847 5349 Ubi
2891 5294 2975 5350 illi
3028 5301 3246 5352 canunt
3286 5300 3518 5361 :Justus
3563 5308 3626 5361 ut

190 5387 593 5461 captivitatem,
622 5383 773 5441 dedit
798 5383 941 5440 dona
981 5383 1317 5449 hominibus,
1367 5399 1473 5438 nos
1522 5383 1792 5441 canimus
1841 5403 1855 5441 :
1966 5384 2152 5449 palma
2177 5383 2411 5452 ﬂorebit,
2444 5384 2585 5437 sicut
2617 5382 2825 5451 cedrus,
2859 5400 2984 5457 quae
3014 5387 3074 5441 in
3114 5387 3322 5443 Libano
3346 5396 3445 5456 est,
3477 5390 3624 5444 mul-

191 5474 504 5535 Asccndisti
532 5475 593 5531 in
622 5474 1008 5545 altum,cepisti
1033 5473 1691 5544 captivitatem,accepisti
1716 5473 1860 5531 dona
1970 5472 2347 5543 tiplieabitur;
2397 5488 2504 5526 nos
2538 5488 2550 5526 :
2584 5473 2768 5527 Justus
2816 5482 2877 5529 ut
2918 5474 3113 5546 palma
3155 5476 3389 5547 ﬂorebit,
3440 5485 3501 5533 ut
3546 5492 3626 5532 ce-

196 5584 261 5647 ιτι
290 5563 627 5623 hominibus.
1969 5563 2100 5618 drus
2133 5562 2331 5617 Libani
2375 5561 2860 5632 multiplicabitur.
2893 5563 2980 5620 Illi
3013 5569 3237 5625 canunt
3293 5582 3308 5622 :
3360 5566 3625 5628 Dominus

1952 2740 2108 2779 nunc
2154 2723 2340 2795 spinis
2391 2742 2531 2781 erue
2586 2746 2713 2784 nos.
2746 2735 2810 2786 In
2843 2730 2942 2787 illo
2971 2730 3221 2802 psalmo,
3256 2737 3356 2795 ubi
3387 2739 3475 2796 illi
3517 2759 3614 2799 ca-

1952 2815 2102 2867 nunt
2135 2829 2149 2867 :
2184 2816 2383 2868 Vovete
2414 2821 2468 2869 et
2504 2816 2715 2874 reddite
2760 2819 2989 2875 Domino
3033 2821 3142 2879 Deo
3185 2832 3359 2883 vestro
3403 2844 3611 2901 omnes,
