4052 6158
494 307 649 376 1139

1569 313 1962 378 BERNONIS
2009 313 2337 378 ABBA'I‘IS
2379 315 2820 381 AUGIENSIS.

3684 321 3812 388 {HO

493 445 1013 519 mgnavit,decorem
1057 430 1260 512 induit,
1312 447 1498 504 induit
1543 451 1806 505 Domi-nus
1841 450 2139 525 fortitudi-
2171 451 2224 517 Α
2255 449 2315 504 Β.
2351 450 2736 523 Hieronymus
2762 449 2921 517 dicit,
2969 449 3030 506 in
3079 451 3312 507 Hebrao
3342 450 3432 507 his
3457 451 3641 510 litteris
3661 458 3813 513 scribi-

495 555 622 595 nem
640 546 694 594 et
713 537 1013 610 praecinxit
1039 553 1096 592 se
1118 538 1359 602 virtute;
1389 554 1496 594 nos
1529 555 1541 594 :
1574 540 1839 594 Dominus
1877 541 2145 608 regnavit,

493 627 680 685 decore
725 627 950 683 indutus
995 633 1091 695 est,
1125 625 1354 683 indutus
1399 635 1474 682 est
1510 628 1776 684 Dominus
1824 629 2150 698 fortitudine

495 724 548 773 et
565 715 870 790 praecinxit
897 730 972 771 se.

567 808 633 860 In
661 802 890 876 psalmo
937 803 1319 876 nonagesimo
1366 809 1592 878 quarto,
1622 805 1722 878 qui
1771 807 1856 862 ita
1894 807 2101 880 incipit
2132 823 2146 862 :

501 894 702 960 Venite,
734 894 1066 950 exsultemus
1119 897 1374 960 Domino,
1427 896 1525 950 ubi
1576 895 1658 950 illi
1710 900 1970 952 canunt:
2005 901 2154 969 Quo-

493 983 652 1038 niam
678 997 790 1038 non
818 983 1032 1054 repellit
1057 984 1319 1040 Dominus
1335 985 1547 1056 plebem
1573 989 1955 1055 suam,nostra
1975 985 2151 1042 editio

497 1087 612 1128 non
644 1069 838 1127 habet.
858 1071 968 1127 Ubi
997 1071 1081 1126 illi
1111 1076 1334 1128 canunt
1365 1089 1378 1127 :
1414 1075 1565 1144 Quia
1590 1091 1650 1129 in
1676 1091 1849 1128 manu
1876 1074 1996 1146 ejus
2023 1083 2153 1140 sunt

501 1175 683 1216 omnes
728 1161 864 1232 ﬁnes
893 1168 1078 1229 terrae,
1109 1169 1161 1217 et
1189 1161 1510 1217 altitudines
1557 1165 1826 1218 montium
1865 1165 1980 1234 ipse
2022 1180 2148 1220 con-

495 1250 688 1321 spicit;
734 1265 841 1306 nos
897 1267 910 1305 :
964 1251 1105 1319 Quia
1154 1251 1216 1305 in
1260 1267 1432 1305 manu
1481 1251 1596 1322 ejus
1641 1267 1823 1307 omnes
1868 1254 2005 1324 ﬁnes
2041 1261 2151 1308 ter-

498 1353 600 1405 rae,
659 1347 711 1394 et
761 1337 1082 1395 altitudines
1134 1339 1408 1394 montium
1465 1341 1634 1410 ipsius
1689 1348 1834 1396 sunt.
1867 1339 1956 1395 Illi
2013 1359 2026 1396 :
2087 1343 2152 1397 Et

496 1427 718 1484 aridam
757 1427 1129 1500 fundaverant
1170 1443 1370 1484 manus
1421 1429 1571 1500 ejus;
1627 1444 1732 1484 nos
1782 1445 1795 1483 :
1845 1429 1912 1484 Et
1953 1430 2152 1485 siccam

497 1529 695 1569 manus
749 1529 870 1586 ejus
917 1515 1312 1586 formaverunt.
1374 1513 1462 1569 Illi
1533 1532 1546 1570 :
1622 1516 1908 1594 Ploremus
1968 1533 2152 1572 coram

497 1603 724 1658 Domino
769 1604 868 1674 qui
900 1604 1031 1674 fecit
1074 1619 1203 1670 nos;
1249 1619 1356 1658 nos
1405 1619 1420 1658 :
1469 1604 1756 1660 'Ploremus
1801 1613 1928 1660 ante
1975 1608 2152 1662 Domi-

498 1707 654 1760 num,
687 1693 785 1764 qui
808 1693 940 1763 fecit
967 1707 1083 1748 nos.
1112 1691 1198 1748 Illi
1234 1711 1247 1748 :
1279 1697 1388 1750 Nos
1427 1702 1608 1749 autem
1648 1695 1886 1766 populus
1932 1696 2071 1766 ejus,
2102 1703 2155 1752 et

499 1795 621 1836 oves
641 1795 868 1851 pascam
893 1780 1012 1851 ejus
1044 1797 1058 1836 :
1093 1797 1200 1836 nos
1233 1797 1246 1835 :
1280 1783 1385 1836 Nos
1431 1790 1612 1838 autem
1652 1783 1908 1856 populus,
1941 1788 1993 1839 et
2034 1801 2152 1840 oves

501 1885 698 1925 manus
725 1870 858 1942 ejus.
885 1867 971 1924 Illi
1006 1887 1019 1925 :
1051 1869 1202 1926 Sicut
1228 1872 1290 1926 in
1317 1873 1767 1936 exacerbatione;
1790 1872 2074 1928 nos:Sieut
2093 1875 2152 1928 in

499 1959 830 2014 zrritatione.
864 1957 953 2026 Illi
986 1976 1000 2014 :
1032 1960 1410 2016 Probaverunt
1432 1969 1482 2016 et
1513 1961 1766 2016 vizleruni
1802 1977 1964 2032 opera
1993 1978 2150 2028 mea,-

498 2063 608 2104 nos
641 2065 654 2103 :
685 2047 1080 2126 Probaverunt,
1113 2052 1170 2106 et
1199 2049 1578 2121 adjungimus
1604 2051 1714 2106 sub
1745 2049 1908 2106 obelo
1935 2057 1990 2118 ές
2042 2067 2148 2119 me,

498 2144 550 2194 et
599 2135 854 2192 viderunt
903 2153 1068 2209 opera
1129 2154 1270 2194 mea.
1327 2137 1416 2193 Illi
1481 2157 1493 2194 :
1555 2139 1932 2212 Quadraginta
1986 2142 2151 2196 annis

493 2239 785 2300 proauus
831 2229 920 2298 fui
962 2228 1305 2296 generationi
1353 2229 1502 2295 huic,
1532 2236 1582 2282 et
1607 2228 1732 2283 dixi
1761 2247 1780 2284 :
1820 2230 2044 2300 Semper
2090 2231 2152 2286 hi

499 2325 690 2373 errant
711 2315 898 2384 corde;
931 2332 1038 2371 nos
1090 2333 1102 2370 :
1153 2315 1526 2387 Quadraginta
1565 2317 1730 2370 annis
1771 2315 2010 2390 ofensus
2060 2321 2150 2389 fui

495 2405 840 2476 generationi
868 2404 976 2470 illi,
1009 2410 1059 2459 et
1083 2403 1208 2458 dixi
1237 2421 1256 2459 :
1284 2405 1508 2475 Semper
1551 2412 1739 2459 errant
1779 2405 1956 2460 corde.
1989 2405 2077 2461 Illi
2131 2423 2145 2462 :

497 2495 716 2568 Quibus
735 2494 934 2566 juravi
976 2493 1037 2548 in
1084 2494 1172 2548 ira
1214 2509 1358 2559 mea,
1389 2495 1443 2548 si
1487 2493 1792 2548 introibant
1819 2496 1875 2550 in
1907 2497 2148 2566 requiem

495 2599 711 2650 meam;
745 2599 852 2638 nos
886 2597 900 2637 :
937 2583 1000 2640 Ut
1037 2582 1230 2654 juravi
1275 2582 1337 2637 in
1383 2583 1471 2636 ira
1515 2598 1656 2652 mea,
1686 2585 1740 2638 si
1770 2583 2052 2640 intrabunt
2089 2585 2149 2640 in

496 2673 741 2745 requiem
765 2687 963 2727 meam.

569 2760 679 2818 Ubi
710 2759 958 2817 Romani
988 2764 1209 2816 canunt
1240 2777 1254 2815 :
1287 2759 1563 2832 Cmifessio
1608 2765 1660 2816 et
1701 2763 2055 2832 pulchritudo
2088 2764 2147 2818 in

496 2858 783 2924 conspectu
810 2851 944 2923 ejus,
975 2850 1234 2906 sanctitas
1262 2857 1313 2906 et
1341 2851 1784 2921 magniﬁcentia;
1827 2869 1933 2907 nos
1960 2870 1973 2908 :
2009 2853 2148 2908 Con—

499 2941 664 3012 fessio
691 2947 743 2995 et
762 2937 1115 3012 pulchritudo
1158 2940 1220 2994 in
1269 2943 1553 3010 conspectu
1599 2939 1737 3012 ejus,
1787 2943 2151 2997 sanctimonia

499 3036 550 3086 et
576 3029 1009 3100 magniﬁcentia.
1044 3026 1132 3083 Illi
1183 3043 1196 3082 :
1253 3027 1440 3083 Tollite
1483 3027 1683 3084 hostias
1723 3037 1775 3084 et
1821 3031 2040 3086 introite
2088 3032 2149 3085 in

501 3103 650 3174 atria
691 3119 828 3190 ejus,
876 3117 1096 3173 adorate
1141 3118 1433 3172 Dominum
1481 3120 1540 3172 in
1586 3119 1719 3173 aula
1763 3126 1947 3174 sancta
1993 3121 2150 3191 ejus;

2257 543 2372 608 tur,
2407 540 2626 612 quibus
2662 541 2944 596 Dominus
2975 541 3140 596 Pater
3169 541 3527 613 designatur;
3561 546 3816 604 secundum

2255 646 2388 684 vero
2419 646 2632 685 nomen
2665 629 2894 685 Domini
2922 629 3018 685 his
3051 629 3261 686 litteris
3289 629 3548 686 scribitur
3565 634 3823 705 quibusso-

2255 716 2379 774 lent
2408 717 2678 774 homines
2711 717 3017 774 dominum
3049 735 3270 774 vocare.
3322 718 3476 775 Unde
3501 724 3553 776 et
3578 738 3608 777 a
3630 722 3820 780 Domino

2258 807 2426 863 Patre
2456 807 2703 873 homini,
2736 807 2838 880 qui
2868 824 2901 861 a
2929 807 3044 862 Deo
3072 812 3414 879 assumptus
3454 811 3824 884 est,praacipitur

2258 899 2324 950 ut
2355 895 2572 951 sedeat.
2606 896 2722 951 Hoc
2755 897 3032 952 adversus
3077 897 3327 952 Arianos
3370 895 3603 952 diximus
3619 903 3670 953 et
3683 899 3831 956 adver-

2259 1001 2362 1040 sus
2392 1001 2492 1041 eos
2522 984 2622 1057 qui
2653 985 2856 1040 dicunt
2885 985 3163 1056 majorem
3196 985 3448 1052 Patrem,
3479 987 3570 1058 qui
3601 989 3744 1057 jubet
3782 995 3828 1044 ut

2259 1073 2667 1145 scdeat,quam
2695 1073 2792 1130 ille
2822 1074 2917 1128 cui
2941 1073 3424 1144 jubetur.0mnia
3443 1075 3714 1147 Evangelia
3736 1093 3828 1148 per-

2259 1167 2472 1218 sonant
2500 1163 2572 1218 de
2603 1179 2851 1234 persona
2882 1161 3159 1228 hominis,
3175 1167 3233 1217 et
3254 1179 3414 1218 nunc
3433 1179 3543 1218 non
3561 1170 3641 1220 est
3657 1182 3833 1220 necesse

2258 1251 2622 1323 approbatio,
2656 1251 2794 1322 quia
2824 1252 3027 1308 omnia
3055 1267 3420 1324 quaecunque
3465 1251 3590 1308 vilia
3630 1253 3835 1309 videntur

2259 1339 2594 1395 referuntur
2621 1340 2692 1395 ad
2726 1357 2981 1396 carnem.

2331 1453 2430 1510 Ille
2463 1453 2728 1527 psalmus
2759 1456 2858 1528 qui
2891 1455 3097 1528 incipit
3147 1473 3158 1510 :
3195 1457 3500 1527 Conﬁtebor
3527 1457 3621 1512 tibi
3644 1460 3835 1526 Domine,

2259 1544 2322 1598 in
2351 1551 2457 1599 toto
2485 1544 2644 1600 corde
2670 1561 2810 1612 meo,
2859 1544 2954 1600 hic
3007 1540 3068 1600 iii
3113 1561 3177 1600 eo
3229 1545 3588 1618 superﬂuum
3630 1551 3720 1601 est.
3758 1547 3834 1602 Ubi

2261 1633 2510 1686 Romani
2559 1637 2776 1688 canunt
2824 1651 2836 1689 :
2890 1637 3155 1690 Exortum
3201 1642 3283 1689 est
3334 1636 3393 1688 in
3440 1635 3656 1690 tenebris
3703 1636 3837 1690 lumen

2259 1723 2421 1776 rectis
2449 1721 2642 1787 corde;
2671 1740 2778 1778 nos
2817 1723 2972 1778 corde
3021 1739 3135 1777 non
3181 1721 3494 1779 habemus.
3529 1724 3740 1779 Romani
3763 1742 3773 1780 :
3795 1726 3838 1780 lu

2184 1822 2230 1886 Β
2259 1812 2526 1864 memoria
2555 1818 2763 1867 aeterna
2805 1813 2913 1866 erit
2947 1811 3156 1882 justus,
3189 1811 3258 1865 ab
3308 1812 3502 1867 auditu
3527 1813 3658 1867 male
3682 1829 3767 1868 non
3788 1814 3839 1866 ti-

2261 1900 2456 1965 mebit,-
2508 1915 2614 1954 nos
2645 1915 2657 1953 :
2687 1901 2763 1954 Ab
2811 1899 3094 1955 auditione
3139 1901 3292 1954 mala
3333 1916 3442 1956 non
3489 1902 3696 1956 timebit.
3737 1902 3841 1971 Quia

2259 1987 2553 2042 inclinavit
2581 2004 2775 2043 aurem
2803 2005 2960 2043 suam
2987 1988 3147 2056 mihi,
3179 1996 3232 2044 et
3263 1990 3327 2044 in
3351 1989 3538 2044 diebus
3578 1990 3696 2044 meis
3732 1991 3841 2044 inro-

2258 2076 2388 2131 cubo
2437 2080 2508 2146 te,
2549 2077 2692 2132 dicit
2738 2077 2800 2132 Β.
2857 2077 3240 2148 Hieronymus
3293 2078 3354 2131 in
3403 2076 3636 2150 epistola
3676 2094 3762 2133 sua
3793 2077 3841 2132 ad

2261 2165 2548 2236 quosdam
2581 2165 2840 2222 :«Dicitis
2871 2165 3024 2238 quod
3049 2165 3108 2221 in
3133 2165 3334 2222 Graeco
3385 2183 3498 2221 non
3521 2167 3594 2222 sit
3613 2171 3724 2232 te,et
3740 2166 3842 2220 bene

2257 2253 2330 2308 de
2359 2255 2569 2310 vestris
2598 2255 2896 2310 codicibus
2929 2255 3253 2310 radendum
3287 2257 3467 2310 est.ln
3499 2255 3650 2328 ipso:
3672 2255 3844 2310 Placete

2259 2344 2499 2398 Domino
2521 2344 2580 2398 in
2601 2346 2818 2415 regione
2837 2345 3116 2408 vivorum;
3144 2360 3250 2415 pro
3275 2361 3394 2416 quo
3415 2344 3476 2412 in
3497 2346 3671 2400 Graeco
3689 2343 3844 2415 legisse

2257 2447 2360 2486 vos
2392 2431 2589 2488 dicitis
2619 2451 2639 2486 :
2679 2433 2902 2488 Placebo
2951 2433 3010 2487 in
3050 2437 3340 2507 conspectu
3389 2435 3638 2501 Domini;
3664 2433 3746 2489 sed
3770 2431 3842 2486 hoc

2259 2521 2625 2593 superﬂuum
2657 2527 2768 2578 est.
2805 2543 2833 2571 ››

2330 2641 2394 2692 In
2427 2635 2525 2692 illo
2557 2637 2784 2708 psalmo
2816 2653 2829 2694 :
2865 2638 3212 2708 Conﬁtemini
3258 2639 3514 2705 Domino,
3545 2637 3753 2694 Romani
3774 2653 3846 2692 ca-

2259 2730 2410 2780 nunt
2440 2744 2453 2782 :
2490 2726 2898 2782 Circumdantes
2938 2726 3422 2782 circumdederunt
3475 2745 3578 2794 me,
3617 2736 3662 2783 et
3699 2728 3746 2781 in
3774 2742 3845 2781 no-

2257 2817 2408 2870 mine
2441 2817 2667 2870 Domini
2695 2816 3012 2871 vindieabor
3059 2816 3120 2870 in
3165 2817 3282 2882 eis;
3335 2833 3441 2872 nos
3474 2834 3486 2871 :
3519 2816 3578 2871 Et
3605 2816 3654 2869 in
3682 2815 3844 2870 piamina

2255 2903 2480 2959 Domini
2505 2905 2636 2978 quia
2663 2905 2812 2960 ultus
2839 2921 2961 2959 sum
2991 2905 3049 2959 in
3077 2920 3184 2959 eos.
3220 2905 3371 2960 Item
3421 2905 3480 2960 in
3528 2905 3707 2960 eodem
3747 2902 3843 2956 illi:

2259 2997 2311 3048 0
2361 2995 2615 3060 Domine,
2643 2994 2861 3048 salttum
2891 3009 2976 3047 me
3001 2995 3108 3063 fac,
3161 3007 3193 3048 o
3242 2993 3493 3060 Domine,
3526 2997 3648 3048 bene
3676 3007 3843 3064 prospr-

2256 3097 2419 3148 rare;
2452 3098 2558 3138 nos
2591 3099 2605 3136 :
2640 3081 2679 3138 0
2705 3081 2950 3150 Domine,
2982 3082 3197 3136 salvum
3225 3084 3341 3153 fac,
3375 3099 3405 3138 o
3455 3083 3684 3148 Domine,
3726 3095 3840 3152 prus-

498 3224 609 3264 nos
641 3223 655 3264 :
687 3187 874 3264 Tollite
900 3206 1104 3262 hostias
1133 3215 1184 3262 et
1211 3208 1431 3262 introite
1455 3208 1515 3262 in
1545 3209 1693 3262 atria
1738 3208 1875 3278 ejus,
1925 3187 2150 3264 adorato
2179 3187 2221 3254 C
2255 3187 2471 3278 Palum-

499 3297 792 3354 Dominum
820 3298 878 3352 in
909 3296 1053 3351 atrio
1088 3302 1274 3350 sancto
1317 3296 1452 3366 ejus.
1485 3293 1575 3350 Illi
1609 3313 1622 3350 :
1653 3298 1871 3352 Etenim
1915 3299 2154 3353 correxit

497 3388 703 3455 orbem,
751 3385 849 3458 qui
888 3400 1002 3440 non
1045 3385 1502 3448 commovebitur;
1518 3384 1795 3454 judicabit
1817 3387 2044 3458 populos
2091 3388 2151 3440 in

495 3477 752 3546 aequitate
775 3482 827 3530 et
866 3476 1048 3544 gentes
1095 3472 1158 3526 in
1205 3473 1294 3527 ira
1347 3488 1481 3538 sua,-
1539 3489 1646 3527 nos
1699 3476 2147 3534 tantummodo:

492 3561 782 3621 Judicabit
815 3561 1042 3632 populos
1089 3563 1148 3616 in
1195 3562 1474 3631 aequitate.
1509 3559 1595 3615 llli
1627 3577 1640 3614 :
1676 3563 1871 3618 Notum
1897 3567 2026 3634 fecit
2052 3567 2150 3622 Do-

495 3651 684 3706 minus
711 3649 956 3704 salutare
980 3664 1146 3704 suum
1171 3655 1298 3703 ante
1326 3655 1659 3718 conspectum
1691 3653 1973 3721 gentium,-
2001 3671 2107 3710 nos
2132 3673 2144 3710 :

495 3741 562 3796 In
587 3745 870 3810 conspectu
896 3739 1142 3810 gentium
1169 3737 1430 3793 revelavit
1447 3738 1728 3808 justitiam
1772 3756 1948 3795 suam.
1991 3741 2076 3797 Illi
2131 3761 2145 3799 :

501 3827 768 3884 Viderunt
796 3843 980 3884 omnes
1006 3825 1149 3900 ﬁnes
1177 3831 1338 3882 terra?
1363 3826 1607 3882 salutare
1633 3828 1731 3882 Dei
1759 3831 1968 3896 nostri;
2001 3848 2106 3887 nos
2131 3848 2145 3888 :

500 3916 763 3975 Viderunt
787 3932 973 3973 omnes
993 3917 1222 3973 termini
1239 3923 1424 3972 terrae.

563 4005 631 4061 In
659 4003 760 4060 illo
788 4002 1106 4060 centesimo
1137 4001 1325 4074 primo
1354 4000 1602 4074 psalmo,
1635 4003 1736 4059 ubi
1761 4002 1846 4058 illi
1876 4010 2096 4060 canunt
2128 4023 2142 4061 :

491 4099 785 4152 Percussus
812 4109 934 4148 sum
959 4093 1102 4148 sicut
1129 4093 1340 4163 fenum,
1371 4099 1423 4147 et
1465 4094 1618 4147 aruit
1651 4108 1745 4149 cor
1783 4110 1982 4161 meum,
2011 4097 2144 4166 quia

489 4183 692 4240 oblitus
719 4198 846 4238 sum
871 4181 1206 4237 manducare
1229 4197 1432 4253 panem
1477 4190 1792 4246 meum,nos
1839 4182 2091 4239 dicimus
2124 4201 2138 4239 :

485 4273 811 4328 Percussum
838 4278 917 4327 est
945 4277 1006 4326 ut
1033 4271 1222 4340 fenum
1248 4276 1300 4325 et
1320 4270 1472 4324 aruit
1499 4285 1592 4324 cor
1615 4286 1814 4337 meum,
1849 4273 1978 4343 quia
1999 4273 2138 4328 obli-

485 4369 570 4418 tus
597 4378 721 4418 sum
742 4359 1014 4416 comedere
1047 4374 1246 4430 panem
1273 4374 1474 4413 meum.
1511 4357 1598 4412 Illi
1649 4364 1869 4414 canunt
1901 4377 1914 4416 :
1942 4363 2138 4417 Potum

481 4465 664 4506 nicum
692 4465 820 4504 cum
843 4449 976 4518 ﬂetu
1003 4447 1407 4518 temperabam;
1437 4463 1544 4502 nos
1595 4463 1608 4502 :
1656 4449 1918 4504 Poculum
1953 4465 2135 4506 meum

480 4554 606 4592 cum
632 4539 765 4608 ﬂetu
799 4539 1110 4608 miscebgm.
1159 4535 1224 4591 In
1271 4534 1370 4590 illo
1417 4551 1587 4591 versu
1625 4553 1638 4590 :
1673 4538 1779 4592 Hoc
1805 4555 1956 4594 mare
1984 4556 2136 4609 mag-

480 4643 616 4681 num
644 4629 698 4682 et
715 4627 1018 4699 spatiosum
1045 4624 1320 4690 manibus,
1366 4623 1425 4678 in
1473 4627 1668 4681 Graeco
1718 4643 1832 4682 non
1886 4627 2134 4683 habetur

479 4716 756 4785 mnibus,
789 4730 859 4770 ex
887 4713 1168 4771 Hebraico
1215 4715 1272 4768 et
1316 4713 1386 4766 de
1435 4713 1690 4768 editione
1721 4715 2134 4772 Theodotionis

475 4803 536 4860 in
548 4803 932 4878 Septuaginta
960 4803 1073 4861 sub
1091 4799 1336 4858 asterico
1357 4801 1448 4878 ox-
1469 4800 1541 4872 ,i-'l
1565 4806 1655 4858 est
1675 4803 2132 4873 stella,additum

475 4898 584 4950 est.
608 4892 1000 4966 Metaphorice
1031 4892 1246 4949 dicitur
1275 4895 1346 4951 de
1395 4911 1574 4960 mare,
1627 4893 1796 4966 quasi
1845 4911 2132 4967 expensas

475 4997 688 5039 manus
715 4983 929 5040 habeat
957 4988 1015 5040 et
1042 4983 1103 5038 in
1134 4999 1196 5038 se
1225 4987 1436 5039 cuncta
1466 4983 1767 5054 suscipiat.
1798 4984 1966 5056 Apud
2013 4983 2128 5039 llo-

473 5085 682 5126 manos
710 5071 938 5126 canitur
963 5088 976 5128 :
1001 5073 1262 5140 Exsurge,
1295 5073 1475 5142 gloria
1501 5088 1656 5128 mea:
1689 5072 1841 5142 apud
1877 5089 1982 5128 nos
2002 5077 2129 5128 tan-

473 5159 778 5215 tummodo
809 5177 822 5216 :
853 5161 1110 5232 Exsurge
1127 5161 1492 5232 psalterium,-
1519 5177 1654 5216 nam
1683 5161 1860 5230 gloria
1879 5178 1999 5215 mea
2021 5179 2125 5218 nec

470 5247 625 5318 apud
656 5247 1140 5320 Hebraeosmeque
1171 5249 1326 5322 apud
1351 5247 1536 5304 ullum
1569 5251 1942 5322 interpretem
1967 5267 2124 5322 repe-

469 5334 745 5402 ritur,sed
775 5337 1148 5393 solummodo
1177 5337 1238 5392 in
1269 5339 1758 5412 quinquagesimo
1788 5343 1946 5394 sexto
1970 5339 2122 5411 spal-

467 5438 563 5478 mo
597 5422 908 5480 invenitur.

535 5511 597 5568 In
629 5511 948 5568 centesimo
982 5529 1134 5568 nono
1165 5514 1412 5587 psalmo,
1445 5517 1543 5589 qui
1579 5517 1659 5572 ita
1685 5515 1890 5588 incipit
1924 5519 2118 5574 :Dixit

419 5593 422 5596 ⁴
458 5599 724 5658 Dominus
754 5601 988 5659 Domino
1033 5617 1168 5670 meo,
1201 5602 1459 5677 primum
1503 5621 1714 5662 nomen
1764 5604 2016 5677 Domini,
2052 5611 2117 5662 ut

2234 5163 2498 5217 tabescam
2518 5181 2537 5228 ,-
2583 5177 2689 5216 nos
2736 5177 2749 5216 :

2234 5251 2299 5305 In
2331 5249 2430 5304 illo
2461 5267 2626 5304 versu
2665 5265 2677 5303 :
2713 5250 2956 5316 Domine,
2991 5249 3164 5304 libera
3211 5251 3465 5306 animam
3506 5261 3669 5302 meam
3709 5257 3736 5292 a
3770 5237 3830 5290 lu-

2231 5341 2335 5394 biis
2362 5341 2590 5410 iniquis,
2624 5356 2657 5393 a
2689 5340 2882 5409 lingua
2922 5338 3125 5404 dolosa,
3177 5337 3237 5394 in
3286 5343 3480 5394 Greco
3525 5333 3713 5406 legisse
3749 5339 3825 5378 W5

2227 5427 2440 5495 dicitis,
2473 5437 2524 5483 et
2544 5445 2577 5482 a
2609 5429 2800 5498 lingua
2828 5427 3046 5493 dolosa;
3077 5435 3128 5482 et
3159 5444 3296 5500 ergo
3347 5425 3688 5498 superﬂuum
3739 5417 3820 5468 est.

2226 5521 2290 5572 In
2322 5515 2702 5588 subsequenti
2736 5515 3090 5588 psalmo,ubi
3126 5514 3208 5570 illi
3239 5521 3460 5571 canunt
3491 5532 3504 5571 :
3534 5506 3819 5568 Levaviocu-

2225 5609 2302 5664 los
2357 5623 2503 5664 meos
2565 5605 2636 5662 ad
2700 5613 2951 5670 montes;
3001 5621 3106 5662 nos
3160 5604 3412 5661 dicimus
3459 5622 3471 5660 :

2332 3277 2394 3332 In
2425 3277 2742 3334 centesimo
2771 3277 2996 3333 decimo
3027 3281 3228 3334 octavo
3261 3277 3514 3351 psalmo,
3539 3278 3626 3334 ubi
3657 3272 3847 3332 Romani
3952 3267 3953 3270 “

2258 3370 2479 3422 canunt
2536 3384 2549 3422 :
2611 3367 2784 3434 Quam
2831 3367 3015 3422 dulcia
3053 3368 3314 3438 faucibus
3360 3369 3497 3424 meis
3547 3366 3733 3438 eloquia
3761 3373 3842 3426 tua.

2257 3455 2506 3519 Domine,
2537 3471 2700 3526 super
2726 3457 2834 3511 mel
2863 3461 2917 3511 et
2943 3457 3132 3527 favum
3169 3457 3262 3512 ori
3312 3463 3472 3513 meo!
3521 3472 3618 3511 nos
3662 3473 3674 3510 :
3718 3454 3846 3520 Quam

2256 3543 2443 3598 dulcia
2469 3543 2722 3616 faucibus
2751 3545 2886 3600 meis
2915 3545 3130 3615 eloquia
3160 3549 3261 3600 tua
3289 3562 3458 3618 super
3487 3545 3585 3600 mel
3622 3544 3697 3599 ori
3733 3544 3848 3595 me!

2256 3633 2456 3688 Anima
2483 3649 2603 3688 mea
2627 3633 2687 3687 in
2715 3634 2972 3688 manibus
3022 3633 3128 3688 tuis
3173 3649 3410 3705 semper.
3469 3638 3542 3688 De
3588 3633 3682 3688 hoc
3720 3645 3844 3686 versu

2259 3720 2400 3776 dicit
2431 3722 2492 3777 Β·
2521 3720 2908 3793 Hieronymus
2937 3722 3009 3776 ad
3041 3721 3334 3777 Sunniam
3358 3728 3415 3778 et
3449 3721 3710 3778 Fretulam
3741 3731 3845 3788 :pro

2257 3826 2373 3880 quo
2397 3809 2455 3864 in
2485 3810 2680 3864 Graeco
2711 3809 2924 3883 legisse
2948 3827 3050 3866 vos
3079 3810 3281 3865 dicitis
3311 3813 3504 3866 anima
3531 3827 3642 3866 mea
3683 3810 3732 3863 in
3760 3821 3846 3860 ma-

2258 3900 2416 3953 nibus
2446 3901 2555 3954 tuis
2582 3915 2812 3970 semper.
2855 3899 2965 3954 Sed
3015 3899 3327 3956 sciendum
3377 3905 3436 3956 et
3481 3899 3626 3972 apud
3667 3895 3776 3953 LXX
3806 3897 3846 3946 et

2255 4002 2460 4043 omnes
2491 3986 2634 4042 alios
2664 3986 3008 4059 interpretes
3039 3986 3328 4060 scriptum
3352 4005 3482 4046 esse
3514 4005 3527 4043 :
3560 3989 3616 4044 In
3644 3983 3841 4041 manibus

2251 4078 2405 4141 meis,
2439 4081 2495 4131 et
2525 4093 2640 4132 non
2674 4093 2687 4131 :
2721 4079 2780 4132 In
2803 4077 3056 4132 manibus
3085 4078 3228 4146 tuis;
3257 4083 3320 4134 et
3343 4093 3546 4134 omnes
3574 4074 3706 4148 apud
3730 4072 3842 4127 Gra-

2251 4179 2349 4220 cos
2379 4163 2756 4220 ecclesiastici
2783 4164 3129 4236 interpretes
3153 4166 3341 4222 istum
3372 4165 3560 4222 locum
3583 4165 3657 4221 sic
3679 4159 3842 4218 edisse-

2249 4256 2468 4319 runt,et
2493 4258 2583 4308 est
2611 4253 2862 4308 breviter
2909 4252 3004 4308 hic
3054 4271 3254 4309 sensu.
3311 4254 3576 4319 Quotidie
3614 4248 3843 4325 periclitor

2247 4345 2304 4396 et
2335 4341 2502 4413 quasi
2535 4341 2593 4396 in
2626 4342 2898 4397 manibus
2929 4341 3076 4399 meis
3105 4343 3462 4416 sanguinem
3491 4358 3672 4398 meum
3695 4340 3836 4412 porto,

2244 4434 2302 4484 et
2333 4435 2528 4486 tamen
2559 4430 2748 4504 legem
2779 4435 2936 4486 tuam
2963 4448 3075 4486 non
3099 4431 3507 4489 obliviscor.ln
3532 4426 3844 4488 eodem:E.ti-

2242 4525 2328 4574 tus
2379 4535 2581 4590 aquam
2635 4519 2978 4576 deduxerunt
3039 4521 3187 4576 oculi
3249 4525 3388 4588 mei,
3461 4521 3588 4593 quia
3635 4533 3725 4574 non
3769 4528 3842 4566 ﬂi-

2241 4607 2548 4664 stodierunt
2587 4609 2758 4680 legem
2799 4617 2990 4674 tuam;
3019 4625 3122 4682 pro
3173 4627 3292 4682 quo
3345 4611 3406 4666 in
3454 4611 3638 4666 Graeco
3679 4604 3842 4675 legisse

2241 4713 2344 4752 vos
2395 4695 2591 4752 dicitis
2648 4699 2780 4768 quia
2833 4714 2948 4752 non
3010 4697 3307 4754 custodiuit
3365 4700 3534 4768 legem
3585 4685 3840 4758 tuam;58d

2245 4783 2356 4841 hoc
2386 4786 2773 4858 superﬂuum,
2807 4785 2944 4858 quia
2989 4791 3046 4842 et
3092 4785 3153 4841 in
3203 4786 3447 4844 Hebraeo
3475 4785 3674 4859 legitur
3708 4799 3719 4836 :
3749 4775 3840 4832 Risi

2242 4891 2514 4946 aquarum
2558 4877 2807 4946 ﬂuebunt
2834 4875 2898 4930 de
2929 4876 3100 4930 oculis
3127 4877 3288 4944 meis,
3318 4877 3454 4947 quia
3490 4891 3595 4931 non
3627 4865 3836 4926 custodi?-

2238 4974 2371 5020 runt
2402 4965 2569 5034 legem
2601 4971 2773 5020 tuam.

2310 5071 2556 5127 Romani
2611 5077 2876 5126 canunt:
2925 5071 3046 5126 Vidi
3091 5087 3202 5127 non
3245 5080 3522 5128 servantes
3560 5073 3752 5142 pactum
3793 5064 3832 5112 εἰ

2800 5160 2920 5215 Vidi
2960 5162 3392 5232 pravarieantcs
3439 5169 3491 5216 et
3535 5151 3829 5214 tabescebam.

3529 5603 3588 5658 In
3636 5595 3818 5670 meum,
