4026 6184
217 292 365 358 HM

1192 300 1292 419 DE
1333 301 1571 368 VARIA
1611 306 1892 370 PSALM.
1940 306 2043 371 ET
2087 307 2312 373 CANT.
2361 310 2655 378 MODUL.

3463 308 3618 379 1th

217 427 327 487 Ubi
357 428 442 522 illi
473 433 691 522 canunt
726 450 738 490 :
770 434 894 490 Nisi
923 436 1062 509 quod
1091 436 1391 507 Dominus;
1426 458 1530 496 nos
1557 459 1567 497 :
1591 443 1717 499 Nisi
1737 445 1865 514 quia
1895 447 1945 510 Α
1979 445 2195 501 rectius
2227 446 2488 502 dicatur:
2525 449 2663 516 Quia.
2697 449 2865 504 bonus
2889 452 2968 505 est
2990 426 3257 522 psalmus,
3282 448 3338 507 id
3363 454 3447 508 est
3470 451 3626 510 bona

215 520 506 577 Dominus.
541 525 603 577 In
636 521 733 579 illo
765 541 935 580 versu
970 541 983 579 :
1019 530 1215 583 Beatus
1246 530 1333 583 vir
1362 531 1460 601 qui
1489 530 1732 602 implevit
1773 531 1864 586 de-

208 607 484 665 siderium
530 628 691 667 suum
746 630 816 669 ex
872 616 1044 686 ipsis;
1076 620 1133 671 ct
1186 618 1243 672 in
1296 619 1489 674 Graeco
1541 618 1753 674 dicitur
1780 621 1868 674 vir

213 715 331 753 non
359 699 589 767 haberi;
616 703 769 773 quod
799 704 1276 762 manifestissime
1309 712 1367 763 et
1398 708 1455 762 in
1487 708 1774 777 Graeco,et
1803 709 1862 764 in

212 787 597 861 Septuaginta
628 791 975 849 continetur.

285 877 348 932 In
380 878 608 949 psalmo
639 881 955 937 centesimo
1006 882 1305 953 trigesimo
1358 889 1584 957 quarto,
1618 886 1717 942 ubi
1751 887 1861 942 llo-

213 966 375 1021 mani
436 973 712 1023 canunt:
772 971 1008 1027 Laudate
1064 974 1354 1029 Dominum
1412 977 1541 1046 quia
1601 976 1863 1047 benignus

210 1064 324 1122 est;
351 1073 487 1111 nos:
510 1057 745 1113 Laudato
773 1060 1081 1127 Dominum,
1106 1064 1238 1133 quia
1265 1062 1432 1117 bon-us
1460 1069 1540 1119 est
1573 1068 1859 1121 Dominus.

212 1143 323 1199 Ubi
358 1143 441 1199 illi
474 1152 693 1202 canunt
725 1164 737 1201 :
772 1150 918 1219 Quia
960 1150 1235 1222 judicabil
1290 1154 1549 1207 Dominus
1592 1156 1863 1226 populum

207 1249 375 1288 suum
420 1238 474 1290 et
521 1237 581 1290 in
631 1238 801 1292 servis
855 1241 972 1294 suis
1027 1240 1440 1308 consolabitur;
1476 1259 1581 1296 nos
1617 1260 1629 1297 :
1664 1244 1859 1314 Depre-

208 1324 445 1378 cabitur.
482 1324 587 1392 Qui
611 1326 745 1395 fecit
785 1328 1092 1384 luminaria
1140 1347 1361 1398 magna,
1395 1330 1533 1384 dicit
1568 1331 1627 1386 B.
1667 1332 1860 1387 lliero-

210 1428 428 1483 nymus
459 1415 529 1467 ad
573 1431 672 1469 eos
721 1432 868 1486 quos
927 1434 1106 1488 supra
1155 1417 1371 1484 dicitis,
1406 1419 1544 1489 quia
1576 1419 1631 1473 in
1665 1420 1859 1475 Graeco

209 1501 553 1557 inveneritis
596 1521 798 1575 magna
840 1506 1012 1573 solus;
1050 1507 1147 1560 sed
1181 1506 1288 1561 hoc
1315 1507 1385 1562 de
1417 1507 1702 1579 superiori
1734 1526 1857 1564 ver-

206 1590 419 1659 siculo,
446 1591 543 1646 ubi
567 1592 817 1665 legimus
842 1611 854 1648 :
882 1595 986 1662 Qui
1007 1598 1141 1667 facit
1169 1597 1456 1652 mirabilia
1472 1614 1673 1665 magna
1692 1599 1855 1653 solus.

207 1678 295 1733 Ibi
332 1697 468 1753 ergo
508 1681 818 1753 legendum
852 1687 962 1750 est,
985 1688 1041 1738 et
1064 1684 1157 1738 hic
1189 1685 1358 1757 quasi
1386 1687 1748 1758 superﬂuum
1772 1692 1860 1741 est

206 1773 265 1823 et
299 1786 417 1824 non
450 1770 848 1826 scribendum.
882 1776 947 1826 In
977 1771 1078 1827 illo
1112 1774 1365 1845 psalmo:
1398 1780 1576 1847 Super
1601 1776 1856 1846 ﬂumina,

205 1858 311 1912 ubi
345 1858 427 1913 illi
460 1863 737 1915 cantant:
788 1861 928 1915 Dum
974 1863 1386 1918 recordaremur
1411 1866 1513 1931 tui,
1548 1865 1676 1921 Sion
1704 1882 1717 1931 ;
1755 1882 1859 1920 nos

202 1946 464 2004 dicimus
498 1964 511 2002 :
547 1949 680 2004 Cum
710 1940 1122 2006 recordaremur
1159 1952 1309 2007 Sion.
1349 1952 1433 2006 llli
1466 1958 1717 2010 canunt:
1755 1959 1861 2010 Mc-

204 2045 412 2103 mento,
460 2040 708 2106 Domine,
767 2040 1013 2111 ﬁliorum
1064 2041 1261 2108 Edoni;
1298 2059 1400 2097 nos
1431 2060 1443 2097 :
1478 2043 1674 2098 Memor
1727 2047 1856 2097 esto.

202 2126 267 2180 In
304 2125 406 2181 illa
434 2127 725 2183 offerenda
759 2145 770 2183 :
804 2128 867 2184 Si
896 2131 1266 2196 ambulavero,
1300 2131 1409 2186 ubi.
1454 2130 1536 2185 illi
1593 2136 1810 2187 canunt
1842 2150 1854 2188 :

198 2216 516 2271 Extendens
548 2234 794 2284 manum,
822 2234 925 2272 nos
961 2236 973 2273 :
1006 2219 1332 2275 Extendisti.
1370 2220 1429 2274 In
1489 2220 1586 2275 illo
1619 2224 1806 2276 tractu
1843 2238 1855 2277 :

203 2306 377 2376 Eripe
403 2322 507 2370 me,
541 2307 786 2375 Domine,
820 2307 921 2361 ubi
976 2306 1060 2362 illi
1112 2313 1349 2363 cantant
1383 2324 1397 2364 :
1432 2311 1470 2365 A
1507 2311 1622 2365 viro
1668 2311 1858 2382 iniquo

207 2394 383 2449 libera
413 2411 516 2462 me,
550 2412 654 2449 nos
689 2411 701 2449 :
735 2396 896 2467 Eripe
924 2413 1026 2452 me.
1062 2395 1148 2451 Illi
1184 2415 1196 2453 :
1237 2398 1342 2465 Qui
1364 2400 1856 2467 cogitaveruntma-

207 2484 360 2538 litias
393 2483 453 2538 in
492 2484 682 2552 corde;
739 2502 887 2539 nos:
923 2486 1031 2552 Qui
1084 2487 1457 2556 cogitaverunt
1516 2490 1854 2559 iniquitates.

209 2571 293 2627 Illi
331 2590 343 2626 :
376 2573 453 2627 Ab
482 2574 792 2628 hominibus
842 2576 1049 2645 iniquis
1079 2575 1249 2634 libera
1280 2593 1383 2644 me,
1418 2577 1667 2644 Domine;
1702 2594 1805 2633 nos
1840 2593 1852 2632 :

209 2661 374 2733 Eripe
412 2678 516 2715 me.
554 2661 638 2716 Illi
670 2679 682 2716 :
739 2667 1015 2734 Laqueos;
1068 2681 1172 2719 nos
1203 2682 1214 2719 :
1272 2666 1563 2736 Laqueu-m.
1614 2666 1697 2721 Illi
1737 2683 1749 2720 :
1784 2669 1858 2721 Iit

202 2751 365 2821 funes
421 2750 781 2806 extenderunt
811 2753 866 2806 in
912 2753 1164 2823 laqueum
1211 2754 1435 2825 pedibus
1494 2756 1664 2822 meis;
1700 2773 1805 2810 nos
1840 2772 1851 2809 :

200 2840 268 2894 Et
292 2841 454 2911 funes
485 2841 844 2895 extenderunt
872 2842 933 2895 in
964 2842 1241 2913 laqueum.
1261 2841 1343 2897 Illi
1366 2845 1673 2900 :Obumbra
1694 2848 1856 2915 caput

193 2945 384 2984 meum
409 2946 421 2993 ;
451 2946 557 2983 nos
590 2947 603 2984 :
640 2928 1007 2985 Obumbrasti.
1041 2930 1100 2985 In
1158 2929 1256 2985 illo
1314 2932 1702 3003 responsorio,
1756 2933 1853 2986 ubi

203 3017 285 3072 illi
323 3022 544 3072 canunt
576 3034 588 3071 :
622 3018 770 3072 Educ
795 3019 859 3073 de
886 3035 1100 3074 carcere
1148 3021 1399 3074 animum
1452 3038 1666 3087 meum;
1706 3039 1808 3075 nos
1839 3039 1852 3076 :

196 3108 355 3164 Educ
382 3107 448 3163 de
475 3107 735 3163 custodia.
771 3107 877 3163 Ubi
929 3107 1013 3162 illi
1074 3113 1291 3163 canunt
1326 3126 1338 3163 :
1372 3111 1641 3165 Anxietas
1686 3120 1762 3167 est
1794 3114 1851 3167 in

1976 551 2068 590 res
2097 534 2366 607 psallere,
2402 542 2467 592 ut
2516 538 2576 592 Β.
2622 537 3011 609 Hieronymus
3069 539 3339 612 exponit;
3375 539 3625 613 psallere

1976 628 2192 691 autem,
2222 624 2430 696 inquit,
2468 644 2581 682 non
2614 644 2769 694 voce,
2804 628 2904 683 sed
2939 628 3127 684 corde.
3163 629 3372 693 Quanti
3410 630 3623 687 bonam

1973 730 2172 769 vocem
2206 713 2441 783 habent,
2476 720 2532 771 et
2562 717 2840 787 quoniam
2893 722 3224 790 peccatores
3277 723 3435 785 sunt,
3472 719 3623 777 male

1974 801 2420 874 psallunt.Benc
2451 804 2650 876 psallit
2679 806 2778 877 qui
2798 811 2989 862 cantat
3021 796 3624 880 incorde,quicantat

1973 890 2270 946 Christum
2304 892 2362 947 in
2394 894 2761 949 Conscientia.
2799 895 2925 949 Haec
2956 912 3142 968 pauca
3175 896 3245 951 de
3276 895 3520 968 psalmis
3537 900 3621 952 ut-

1972 996 2202 1050 cunque
2234 981 2526 1037 sufﬁciant
2556 983 2727 1038 dicta.

2041 1068 2094 1120 6.
2130 1067 2295 1123 Nune
2322 1086 2562 1124 manum
2595 1071 2849 1126 conabor
2878 1070 3271 1126 transmittere
3287 1072 3359 1127 ad
3384 1071 3617 1139 Isaiam,

1972 1155 2092 1227 qui,
2119 1161 2182 1210 ut
2206 1157 2265 1211 Β.
2291 1157 2853 1232 dicitHiercnymus,
2870 1177 2981 1215 non
3004 1164 3123 1215 tam
3146 1160 3426 1233 propheta
3440 1177 3617 1232 quam

1971 1244 2325 1317 evangelista
2353 1250 2410 1302 et
2442 1248 2741 1319 apostolus
2771 1253 2860 1304 est
2889 1248 3341 1321 dicendus;ipse
3365 1250 3520 1305 enim
3545 1250 3616 1305 de

1970 1351 2032 1390 se
2064 1338 2121 1389 et
2150 1336 2220 1390 de
2250 1336 2471 1391 czeteris
2501 1337 2870 1409 evangelistis
2902 1341 3152 1393 testatur
3182 1338 3407 1394 dicens:
3443 1339 3618 1407 Quam

1968 1426 2199 1494 speciosi
2223 1424 2381 1496 pedes
2411 1427 2908 1496 evangeli.:-antium
2935 1429 3091 1495 bona,
3118 1429 3616 1499 evangelimntium

1964 1514 2188 1583 pacem!
2224 1518 2281 1567 et
2320 1513 2529 1568 iterum
2562 1514 2633 1569 de
2665 1514 2856 1585 seipse
2891 1532 2903 1569 :
2938 1515 3178 1586 Spiritus
3208 1516 3430 1571 Domini
3454 1532 3621 1587 super

1969 1618 2074 1670 me,
2102 1610 2322 1673 promer
2350 1602 2490 1673 quod
2532 1604 2695 1657 un.cit
2738 1619 2846 1668 me,
2878 1604 3257 1673 evangeliz-are
3283 1600 3619 1675 pauperibus

1968 1692 2121 1745 misit
2154 1707 2254 1745 me.
2290 1692 2354 1745 Et
2385 1691 2523 1762 quia
2551 1692 2821 1763 apostolus
2854 1692 3266 1764 interpretatur
3289 1693 3511 1761 missus,
3543 1693 3617 1747 ad

1891 1820 1934 1883 Β
1974 1779 2164 1849 ipsum
2199 1779 2364 1851 quasi
2402 1781 2473 1836 ad
2524 1780 2853 1853 apostolum
2913 1780 3172 1853 loquitur
3220 1781 3371 1837 Deus
3402 1798 3414 1835 :
3449 1783 3618 1849 Quem

1967 1870 2265 1937 mittam,et
2287 1871 2407 1939 quis
2441 1871 2542 1925 ibit
2570 1870 2640 1924 ad
2666 1870 2927 1941 populum
2958 1872 3225 1925 istum?et
3256 1869 3351 1925 ille
3381 1886 3617 1942 respon~

1968 1956 2053 2010 dit
2086 1976 2098 2012 :
2133 1959 2262 2014 Ecce
2289 1976 2405 2028 ego,
2430 1969 2584 2015 mrtte
2610 1976 2713 2015 me.
2749 1960 2817 2013 Et
2865 1959 3005 2030 quia
3052 1958 3221 2013 multi
3270 1975 3384 2013 non
3424 1959 3615 2014 solum

1969 2047 2294 2103 litterarum
2342 2048 2585 2103 scientia
2642 2049 2839 2103 minus
2899 2048 3155 2120 perfecti,
3186 2064 3389 2103 verum
3437 2047 3615 2104 etiam

1968 2136 2309 2192 liberalibus
2343 2139 2571 2193 artibus
2602 2137 2837 2203 eruditi,
2874 2135 3059 2192 solent
3089 2136 3147 2190 in
3192 2136 3300 2192 hoc
3330 2135 3618 2208 propheta

1970 2226 2154 2281 multo
2187 2227 2356 2281 aliter
2386 2244 2561 2297 quam
2596 2226 2795 2280 veritis
2827 2242 2889 2280 se
2922 2225 3133 2280 habeat
3164 2225 3221 2278 in
3253 2224 3498 2279 lectione
3529 2224 3616 2278 di-

1969 2315 2385 2388 stirgucre,vcl
2414 2320 2585 2370 cantu
2619 2314 2793 2368 verba
2820 2314 3097 2385 proferre,
3124 2312 3342 2385 placuit
3362 2329 3619 2368 summa-

1970 2406 2071 2459 tim
2107 2405 2231 2459 loca
2260 2409 2478 2469 notare,
2516 2403 2611 2458 ubi
2645 2402 2841 2457 minus
2872 2406 3023 2457 recte
3056 2402 3374 2457 sententias
3403 2401 3618 2457 distin-

1967 2498 2168 2566 guant,
2205 2492 2291 2548 vel
2324 2493 2494 2547 verba
2524 2492 2692 2547 aliter
2723 2508 2901 2563 quam
2928 2508 2989 2546 se
3020 2490 3231 2547 veritas
3263 2490 3474 2547 habeat
3494 2508 3621 2564 pro-

1970 2587 2157 2637 munt.

2038 2672 2202 2725 Nunc
2235 2672 2421 2741 primo
2458 2671 2758 2724 videamus
2789 2671 2859 2724 de
2891 2686 2956 2724 eo
2989 2670 3142 2740 quod
3191 2668 3444 2739 sciptum
3483 2671 3613 2723 est:

1969 2761 2080 2829 Quo
2110 2761 2253 2814 mihi
2280 2760 2688 2829 multitudinem
2728 2761 3076 2813 victimarum
3126 2765 3447 2826 vestrarum,
3481 2756 3618 2812 dicit

1969 2849 2329 2904 Domz’aus.Et
2360 2866 2489 2903 cum
2528 2847 2895 2902 inferendum
2927 2848 2983 2901 et
3008 2844 3491 2917 distinguendum
3512 2844 3614 2911 sit,

1962 2938 2156 3008 plenus
2175 2954 2313 3003 sum,
2330 2936 2437 2991 hoc
2460 2940 2547 2991 est
2571 2935 2729 2990 nulla
2752 2952 2809 2989 re
2832 2934 3083 3008 indigeo,
3109 2934 3433 2990 secundum
3457 2934 3613 3005 quod

1968 3026 2103 3081 alibi
2124 3026 2405 3097 scriptum
2431 3031 2517 3079 est
2538 3041 2549 3077 :
2572 3026 2797 3079 Domini
2820 3033 2898 3079 est
2922 3032 3065 3079 terra
3085 3031 3136 3079 et
3150 3022 3432 3094 plenitudo
3451 3026 3573 3095 ejus
3600 3040 3613 3091 ;

1967 3115 2206 3186 quidam
2240 3114 2444 3168 vitiose
2476 3113 2613 3168 huic
2646 3111 3029 3179 sententiolae,
3076 3113 3273 3184 plenus
3321 3129 3460 3179 sum,
3514 3129 3617 3183 per

190 3214 285 3252 me
316 3197 547 3269 spiritus
578 3213 727 3251 meus
754 3214 766 3265 ;
793 3214 898 3252 nos
924 3214 935 3251 :
965 3198 1237 3253 Anxiatus
1259 3206 1334 3254 est
1351 3216 1514 3271 super
1527 3202 1855 3271 mespiritus
1886 3186 1928 3252 C
1968 3203 2282 3258 ablativum
2333 3203 2665 3273 adjungunt
2698 3219 2711 3256 :
2746 3203 3063 3258 Iloloeausto
3111 3203 3350 3257 arietum
3378 3209 3427 3256 et
3456 3201 3615 3272 adipe

190 3303 375 3343 meus.

272 3376 337 3429 In
380 3373 607 3445 psalmo
657 3374 972 3431 centesimo
1024 3377 1479 3449 quadragesimo
1531 3380 1720 3445 tertio,
1756 3379 1854 3433 ubi

194 3465 469 3519 Romana
498 3464 673 3518 editio
706 3464 882 3519 habet
916 3482 927 3519 ε
961 3466 1072 3535 Qui
1101 3464 1196 3520 das
1224 3466 1456 3521 salutem
1501 3469 1731 3536 regibus,
1762 3470 1859 3539 qui

198 3554 464 3608 liberasti
479 3553 649 3608 David
664 3569 880 3608 servum
912 3562 1066 3608 tamn
1081 3554 1145 3609 de
1161 3554 1344 3622 gladio
1369 3556 1613 3622 maligno
1630 3574 1641 3619 ;
1662 3561 1858 3611 nostra

187 3641 378 3696 habet
412 3658 424 3696 :
462 3641 568 3709 Qui
607 3641 703 3696 das
745 3642 973 3697 salutem
1024 3645 1259 3713 regibus,
1293 3645 1391 3714 qui
1420 3643 1645 3699 redemit
1683 3645 1857 3699 David

186 3747 419 3786 servum
445 3747 629 3797 suum,
662 3730 726 3785 de
752 3730 935 3801 gladio
986 3732 1228 3801 maligno
1265 3734 1414 3803 eripe
1444 3748 1545 3787 me.
1580 3733 1693 3787 Nec
1726 3751 1855 3804 per-

194 3819 441 3875 turbare
463 3819 633 3873 debet
654 3817 925 3874 lectorem
946 3820 1142 3875 subita
1162 3821 1580 3876 transmutatio
1600 3838 1856 3893 personae

190 3907 284 3963 vel
314 3908 596 3979 temporis
623 3933 636 3974 ;
670 3908 808 3980 quia
839 3907 1028 3963 solent
1057 3908 1372 3981 prophetas,
1405 3910 1625 3982 Spiritu
1657 3916 1857 3966 sancto

190 3996 680 4062 edocti,transire
705 3997 777 4052 de
802 3997 1068 4069 personis
1092 3999 1162 4051 ad
1186 4015 1485 4069 personas,
1511 4004 1567 4053 et
1590 4001 1859 4071 tempori-

191 4086 312 4141 bus
344 4086 414 4140 ad
464 4088 746 4156 tempora,
789 4090 846 4140 et
877 4086 959 4140 sic
989 4085 1186 4141 divina
1218 4087 1473 4159 proferre
1506 4087 1757 4159 eloquia.
1796 4090 1855 4143 In

194 4172 303 4229 illo
334 4173 599 4239 introitu,
634 4174 731 4229 ubi
790 4173 870 4228 illi
929 4179 1164 4229 cantant
1198 4191 1209 4229 :
1243 4176 1437 4230 Sancti
1473 4178 1574 4241 tui,
1610 4178 1854 4245 Domine,

197 4263 517 4320 benedicent
544 4271 631 4330 te;
666 4280 799 4318 nos:
833 4263 1022 4319 Sancti
1052 4265 1134 4318 tui
1165 4264 1479 4320 benedicant
1510 4266 1630 4320 tibi.
1665 4266 1726 4320 In
1760 4265 1858 4321 illo

195 4351 450 4425 gradale
482 4368 495 4405 :
526 4356 702 4423 Prope
745 4357 825 4407 est
857 4354 1117 4407 Dominus
1174 4355 1425 4408 omnibus
1485 4356 1859 4411 invocantibus

194 4458 348 4508 eum,
414 4439 509 4494 ubi
574 4441 847 4496 canitur:
910 4441 1145 4496 Laudem
1220 4443 1440 4497 Domini
1504 4444 1753 4514 loquetur
1804 4461 1859 4499 os

1963 3294 2289 3364 pinguium;
2325 3296 2379 3347 et
2407 3297 2537 3362 post
2569 3291 2827 3345 inferunt
2857 3290 3291 3345 accusativum:
3316 3291 3380 3345 Et
3393 3291 3615 3359 sangui-

1963 3398 2088 3437 nem
2118 3382 2414 3437 vitulorum
2444 3388 2493 3435 et
2537 3397 2808 3448 agnorum
2853 3388 2905 3435 et
2945 3381 3225 3435 hircorum
3270 3379 3444 3447 nolui,
3477 3395 3611 3434 cnm

1966 3470 2159 3542 priora
2206 3472 2379 3525 verba
2412 3488 2424 3524 :
2461 3471 2845 3525 llolocaustum
2891 3471 3127 3525 arietum
3162 3477 3213 3525 et
3241 3469 3458 3540 adipem
3482 3469 3612 3540 pin-
3653 3523 3657 3527 .

1965 3562 2159 3628 guium
2190 3577 2289 3630 per
2318 3559 2712 3614 accusativum
2768 3561 2906 3614 sunt
2955 3557 3319 3630 proferenda,
3365 3556 3519 3612 sicut
3560 3559 3618 3612 et

1966 3648 2073 3703 hoc
2101 3648 2251 3719 quod
2286 3648 2580 3719 sequitur:
2614 3649 2677 3702 Et
2707 3649 3034 3719 sanguinem
3066 3647 3359 3701 vitulorum
3380 3652 3432 3702 et
3452 3661 3618 3715 agno-

1966 3755 2089 3792 rum
2117 3742 2169 3793 et
2198 3739 2474 3792 hircorum
2505 3738 2681 3791 nolui.
2717 3738 2785 3791 Et
2832 3736 3042 3791 iterum
3094 3737 3149 3790 in
3209 3752 3276 3791 eo
3329 3733 3478 3803 loco,
3511 3734 3613 3789 ubi

1966 3826 2250 3899 scripturn
2284 3831 2371 3881 est
2403 3843 2415 3879 :
2449 3827 2635 3880 Primo
2680 3830 2913 3897 tempore
2943 3825 3203 3880 atleviata
3231 3832 3308 3880 est
3337 3831 3482 3880 terra
3512 3824 3618 3879 Za-

1968 3917 2133 3971 bulon
2162 3924 2211 3971 et
2267 3925 2411 3970 terra
2440 3915 2771 3985 Nf'lllll'llhn,
2800 3922 2850 3969 et
2881 3915 2937 3968 in
2983 3915 3278 3969 novissimo
3321 3921 3620 3985 aggravata

1966 4014 2040 4061 est
2072 4007 2157 4059 via
2190 4006 2360 4058 maris
2392 4008 2544 4058 trans
2585 4002 2876 4058 Iordanem
2927 4002 3188 4058 Galilaete.
3232 4002 3339 4056 Ubi
3376 4002 3614 4073 quidam

1967 4093 2303 4160 dictionem,
2330 4109 2456 4163 quae
2476 4096 2583 4155 est,
2611 4093 2877 4161 gentium,
2900 4090 3285 4162 shbsequcnti
3318 4089 3616 4145 sententiae

1959 4183 2222 4254 jungunt
2254 4182 2665 4235 itazuentiam
2718 4180 2972 4252 populus,
3033 4181 3130 4251 qui
3185 4177 3499 4233 ambulabat
3557 4178 3616 4232 in

1966 4272 2219 4337 tenebris,
2237 4287 2369 4325 cum
2392 4269 2557 4339 longe
2578 4268 2744 4323 aliter
2761 4268 2837 4324 sit
2854 4266 3619 4341 distinguendum.Denique

1967 4361 2093 4415 duae
2147 4365 2286 4414 sunt
2344 4357 2611 4421 Galiltcw,
2666 4376 2783 4412 una
2840 4362 3004 4412 trans
3042 4356 3378 4421 Jordanem,
3412 4354 3471 4409 in
3503 4372 3621 4426 qua

1967 4449 2167 4521 viginti
2201 4448 2464 4503 civitates
2495 4446 2765 4501 Salomon
2821 4445 2980 4501 dedit
3011 4446 3207 4502 Hiram
3256 4444 3377 4517 regi
3409 4443 3615 4516 Tyrio-
3668 4446 3673 4451 ’

196 4546 406 4595 meum,
440 4537 490 4584 et
522 4529 799 4585 benedicat
828 4532 1004 4586 omnis
1035 4547 1158 4585 caro
1188 4546 1383 4586 nomen
1412 4537 1663 4587 sanetum
1691 4533 1808 4604 ejus
1843 4552 1855 4589 :
1890 4554 1935 4618 Β
1968 4556 2097 4593 rum
2126 4538 2180 4592 in
2204 4541 2355 4592 sorte
2380 4536 2567 4590 tribus
2585 4533 3146 4606 Ntaphtalimmltera
3153 4534 3323 4605 juxta
3342 4536 3615 4605 stagnum

199 4635 311 4673 nos
346 4635 359 4646 °
413 4617 801 4674 Laudationem
858 4621 1082 4674 Domini
1138 4620 1386 4691 loquetur
1443 4637 1498 4675 os
1551 4638 1751 4688 meum,
1806 4630 1857 4678 et

201 4707 492 4762 benedicat
541 4709 718 4763 omnis
772 4724 898 4763 caro
956 4709 1171 4763 nomini
1225 4717 1408 4763 saneto
1464 4710 1601 4780 ejus.
1646 4711 1706 4765 In
1758 4709 1856 4765 illo

200 4795 564 4868 psalmo,ubi
588 4795 669 4849 illi
697 4801 915 4851 canunt
938 4814 950 4851 :
979 4797 1380 4861 l.auda,anima
1399 4800 1855 4867 mea,Dominum,

204 4885 451 4940 laudabo
501 4886 795 4940 Dominum
850 4888 911 4940 in
971 4888 1083 4941 vita
1139 4903 1281 4951 mea,
1311 4888 1545 4958 psallam
1588 4889 1692 4943 Deo
1721 4906 1857 4955 meo,

202 4973 449 5048 quandiu
473 4990 600 5041 ero;
633 4991 735 5029 nos
762 4992 774 5031 :
800 4976 1042 5029 Psallam
1076 4977 1181 5030 Deo
1216 4991 1354 5045 meo,
1388 4977 1635 5047 quandiu
1679 4980 1856 5049 fuero,

208 5062 271 5117 In
293 5061 395 5117 illo
417 5062 733 5117 centesimo
755 5063 1206 5135 quadragesimo
1229 5068 1387 5118 sexto
1410 5064 1761 5137 psalmo,qui
1784 5066 1864 5122 ita

208 5149 456 5223 incipit:
493 5151 737 5207 Laudate
766 5153 1078 5219 Dominum,
1111 5153 1369 5226 quoniam
1403 5153 1571 5209 bonus
1595 5162 1672 5209 est
1708 5157 1858 5226 psal-

207 5256 348 5306 mus,
385 5239 536 5294 inter
565 5240 850 5311 quosdam
878 5242 1167 5296 contentio
1198 5245 1286 5297 est
1316 5246 1513 5297 utrum
1546 5242 1758 5300 rectius
1780 5245 1861 5299 di-

209 5332 426 5382 catur:
480 5328 722 5385 l.audate
780 5332 1093 5396 Dominum,
1153 5333 1284 5403 quia
1337 5332 1506 5386 bonus
1559 5340 1655 5399 est,
1712 5338 1855 5389 aut:

213 5418 450 5472 Laudato
481 5419 792 5484 Dominum,
825 5421 956 5493 quia
1000 5421 1171 5475 bonus
1218 5428 1295 5475 est
1334 5422 1624 5491 psalmus;
1659 5423 1759 5477 sed
1793 5441 1862 5478 ex

212 5504 470 5572 Hebraeo,
505 5508 603 5562 ubi
660 5508 874 5563 dicitur
906 5526 919 5563 :
956 5511 1199 5566 Laudate
1248 5510 1559 5576 Dominum,
1601 5514 1862 5582 quoniam

217 5596 415 5651 bonum
438 5600 520 5652 est
545 5599 845 5664 canticum,
874 5599 1331 5654 animadvertere
1363 5616 1678 5670 possumus
1705 5603 1859 5673 quod

1967 4626 2315 4683 Genesareth
2352 4626 2408 4678 in
2443 4623 2598 4678 tribu
2631 4623 2888 4678 Zabulon
2922 4623 3076 4678 circa
3114 4621 3499 4678 Tiberiadem.
3530 4620 3617 4676 Ad

1968 4716 2135 4785 cujus
2168 4712 2625 4778 distinctionem,
2659 4730 2785 4784 quae
2828 4716 2919 4768 est
2948 4711 3005 4766 in
3038 4712 3261 4779 Judaa,
3295 4709 3435 4765 dicit
3464 4726 3620 4764 nunc

1969 4810 2124 4861 trans
2176 4804 2466 4861 Jordanem
2520 4802 2775 4858 Galilzeee
2828 4802 3095 4870 gentium.
3129 4799 3347 4854 Deinde
3397 4798 3615 4853 infert:

1972 4895 2239 4965 Populus,
2274 4894 2368 4964 qui
2397 4892 2714 4946 anzbulat-at
2740 4891 2801 4944 in.
2828 4890 3084 4956 tenebris,
3117 4888 3255 4944 vidit
3301 4887 3473 4942 lucem
3499 4902 3618 4941 ma-

1970 5001 2154 5053 gnam.
2190 4983 2255 5036 Et
2286 4982 2385 5035 ubi
2438 4980 2721 5051 scriptum
2776 4983 2864 5033 est
2897 4996 2908 5032 :
2946 4981 3017 5033 lit
3045 4981 3319 5049 sceptrum
3352 4976 3620 5031 exactoris

1971 5075 2087 5145 ejus
2117 5073 2407 5142 superasti,
2426 5071 2563 5123 sicut
2596 5070 2654 5123 in
2683 5069 2770 5122 die
2801 5067 3048 5137 Madian,
3068 5066 3309 5138 quidam
3341 5065 3618 5121 mendose

1971 5179 2072 5234 pro
2106 5160 2355 5216 ablativo
2387 5157 2670 5229 singulari
2701 5160 2926 5227 ponunt
2958 5155 3244 5228 pluralem
3274 5158 3331 5211 et
3362 5153 3568 5209 dicunt
3600 5171 3613 5208 :

1970 5252 2120 5307 Sicut
2147 5252 2205 5305 in
2237 5250 2425 5304 diebus
2455 5246 2691 5301 ltIadian.

2044 5341 2101 5393 In
2130 5337 2225 5392 illo
2258 5337 2520 5400 introitu,
2552 5351 2725 5406 quem
2759 5332 3026 5389 canimus
3062 5335 3116 5389 in
3149 5333 3241 5390 die
3273 5332 3484 5389 natalis
3518 5332 3625 5389 Do-

1972 5428 2113 5483 mini
2150 5445 2162 5482 :
2200 5434 2345 5482 Puer
2378 5434 2534 5479 natus
2577 5431 2655 5478 est
2693 5424 2869 5489 nobis,
2902 5432 2951 5479 et
2978 5426 3128 5495 [ilius
3157 5424 3313 5480 dat-us
3343 5430 3420 5479 est
3444 5422 3621 5488 nobis,

1972 5523 2169 5572 nostra
2200 5512 2502 5570 translatio
2553 5513 2876 5568 secundum
2920 5513 3263 5570 Hebraicam
3314 5511 3617 5568 veritatem

1972 5607 2183 5661 habet:
2220 5604 2491 5660 Parvulas
2538 5606 2701 5657 natus
2750 5610 2828 5659 est
2856 5603 3027 5672 nobis,
3060 5605 3210 5678 ﬁlius
3239 5603 3398 5660 datus
3421 5604 3497 5656 est
3522 5613 3621 5655 no-
