4052 6158
462 221 588 308 ,143
1487 223 1904 292 .BERNONIS
1947 221 2089 286 ΑΒΕ

2202 222 2281 286 'lS
2324 219 2763 292 AUGIENSIS.
3657 220 3799 290 nu-

424 357 514 417 bis
543 375 559 416 :
591 361 650 418 et
679 374 782 433 pro
811 374 879 416 eo
907 358 1064 432 quod
1098 375 1364 415 canimus
1383 373 1397 415 :
1417 358 1574 433 cujus
1604 358 1902 432 imperium
1915 373 2080 430 super
2106 359 2161 426 Α
2189 358 2351 413 costa
2379 353 2579 412 lateris
2606 353 2740 412 Adae
2771 353 3018 412 formata
3045 356 3155 424 est,
3179 351 3259 410 ita
3283 349 3618 410 Ecclesiaex
3641 351 3794 413 latere

433 451 728 506 humerum
781 449 920 521 ejus,
969 447 1252 504 Hebraica
1298 446 1514 504 veritas
1561 447 1782 504 habet:
1817 447 1882 503 Et
1907 447 2084 518 factus
2191 443 2407 502 Christi
2457 442 2744 500 mdiﬁcata
2797 447 2908 510 est,
2953 443 3212 516 quando,
3233 443 3406 515 juxta
3456 442 3794 516 Evangelium

433 547 514 598 est
535 539 881 612 principatus
907 552 1072 608 super
1109 536 1398 594 humerum
1425 537 1563 609 ejus.
1599 537 1670 592 Et
1693 553 1798 610 pro
1829 552 1895 592 eo
1927 535 2084 608 quod

437 626 705 684 canimus
736 641 749 679 :
781 627 849 681 Et
874 624 1160 681 vocabitur
1208 641 1401 682 nomen
1448 628 1566 700 ejus
1624 627 1821 696 magni
1860 625 2090 682 consilii

435 714 680 784 angelus,
714 711 774 768 in
803 711 1045 768 Hebraeo
1096 729 1195 769 sex
1242 713 1482 770 nomina
1524 713 1816 770 habentur
1846 731 1860 769 :
1895 713 2088 768 Admi-

435 804 654 872 rabilis,
687 801 1072 873 Consiliarius,
1105 807 1270 872 Deus,
1301 805 1499 872 Fortis,
1545 809 1712 859 Pater
1754 804 1939 876 futuri
1981 817 2087 858 sac-

435 891 570 960 culi,
598 893 860 964 Princeps
892 893 1066 964 pacis.
1101 891 1206 950 Ubi
1254 893 1578 948 notandum
1635 892 1792 964 quod
1853 908 1990 959 non,
2024 893 2090 946 ut

439 980 698 1055 plerique
736 984 966 1057 putant,
994 980 1133 1036 bina
1178 981 1487 1056 jungenda
1543 985 1682 1036 sunt
1731 981 1991 1046 nomina,
2025 983 2090 1036 ut

437 1070 742 1144 legamus:
773 1069 1130 1127 Admirabilis
1157 1072 1529 1137 consiliarius,
1563 1073 1620 1126 et
1646 1087 1883 1126 rursum
1910 1087 1922 1125 :
1949 1071 2090 1126 Deus

437 1161 633 1232 fortis;
668 1159 771 1216 sed
799 1159 1160 1216 Admirabilis
1202 1159 1514 1234 legendum
1547 1164 1637 1216 est
1666 1157 2002 1232 separatim,
2033 1161 2092 1214 et

440 1239 805 1305 consiliarius
862 1265 1151 1319 seorsum,
1195 1253 1252 1306 et
1305 1251 1446 1305 Deus
1494 1247 1830 1321 separatim,
1881 1245 2091 1304 deinde

439 1339 641 1406 Fortis,
678 1338 1052 1410 postmodum
1097 1338 1403 1412 jungenda
1449 1342 1589 1394 sunt
1631 1337 1764 1410 duo.
1801 1335 2043 1392 nomina
2074 1352 2088 1392 :

438 1430 608 1483 Pater
633 1428 817 1498 futuri
841 1427 1059 1496 saeculi,
1089 1429 1350 1498 Princeps
1373 1427 1546 1500 pacis.

493 1515 578 1570 'In
607 1513 708 1571 illa
733 1513 982 1572 lectione
1007 1532 1020 1571 :
1048 1515 1224 1588 Super
1268 1519 1508 1571 montem
1543 1514 1816 1571 excelsum
1843 1512 2088 1581 ascende,

441 1601 682 1677 quidam
711 1603 940 1661 codices
969 1603 1028 1658 in
1060 1603 1388 1662 masculino
1433 1619 1641 1676 genere
1689 1603 1908 1660 habent
1941 1619 1954 1658 :
1989 1603 2096 1670 Qui

2191 533 2498 600 Joannis,u
2508 550 2619 590 nus
2633 531 2884 590 militum
2897 531 3098 590 lancea
3108 535 3420 605 aperuerat
3435 529 3586 588 latus
3595 531 3796 601 Christi,

2195 627 2253 683 et
2281 623 2480 680 statim
2509 622 2782 696 proﬂuxit
2806 621 3044 696 sanguis
3078 625 3288 678 nostra:
3318 620 3735 693 redemptionis,
3755 627 3803 678 et

2197 729 2351 785 aqua
2379 710 2771 784 baptismatis,
2791 710 2942 784 quod
2975 711 3056 767 ita
3082 715 3172 768 est
3200 709 3806 782 coniunctum,utaqm

2197 800 2565 877 baptizemur
2591 803 2648 856 et
2677 799 2962 872 sanguine
2991 799 3376 856 redimamur.

2269 894 2334 946 In
2366 887 2464 945 illo
2507 889 2733 945 cantico
2777 887 3050 957 Ezechiae,
3083 893 3142 944 et
3170 889 3231 944 in
3267 885 3371 943 illo
3401 902 3574 944 versu
3606 903 3618 941 :
3647 889 3768 945 Diei
3791 909 3808 944 :

2195 981 2324 1034 Non
2355 978 2560 1034 videbo
2587 979 2924 1047 Dominum,-
2945 977 3186 1051 quidam
3211 976 3447 1034 codices
3469 975 3675 1032 habent
3691 993 3705 1032 :
3723 978 3808 1034 Ds-

2197 1067 2418 1124 minum
2445 1067 2755 1136 Deum,sed
2773 1065 2919 1124 falso
2935 1067 3218 1140 scriptum
3235 1071 3362 1134 est;
3383 1064 3477 1122 bis
3495 1065 3646 1121 enim
3664 1066 3810 1138 repeti

2197 1156 2373 1213 debet
2383 1157 2687 1214 Dominum
2701 1156 3028 1224 Dominum,
3043 1154 3194 1212 sicut
3209 1155 3274 1211 B.
3294 1153 3811 1226 llieronymusdicit.

2199 1245 2370 1302 illum
2403 1261 2637 1302 versum
2671 1246 2834 1302 :Non
2888 1245 3180 1316 aspiciam
3237 1243 3539 1300 honiinem
3588 1241 3737 1300 ultra
3770 1249 3814 1300 et

2200 1334 2621 1402 habitatorem,
2671 1334 2756 1396 ita
2798 1335 3066 1391 dividunt
3091 1336 3150 1390 et
3175 1330 3525 1398 terminant,
3556 1336 3620 1386 ut
3647 1331 3814 1388 subse-

2201 1441 2390 1498 quens
2411 1440 2615 1480 versus
2636 1423 2718 1479 ita
2737 1421 2978 1497 incipiat
3001 1439 3014 1480 :
3037 1422 3264 1494 Quiecit
3283 1419 3592 1493 generatio
3612 1436 3753 1486 mea;
3773 1422 3818 1478 st

2200 1513 2410 1570 beatus
2439 1511 2678 1585 quidem
2709 1511 3094 1586 Hieronymus
3124 1514 3370 1585 propter
3415 1509 3818 1582 ambiguitatem

2199 1602 2362 1658 verbi
2393 1600 2651 1674 primum
2692 1601 2773 1656 ita
2810 1599 3134 1667 transtulit,
3165 1599 3271 1656 scd
3323 1601 3533 1672 postea
3572 1596 3817 1656 comsit:

439 1692 784 1763 euangelicos
811 1692 965 1761 Sion,
997 1697 1062 1799 et,
1078 1694 1176 1768 qui
1204 1693 1542 1794 euangelizas
1565 1693 1924 1789 Hierusalem,
1957 1707 2091 1747 cum
2124 1733 2172 1799 Β
2203 1691 2614 1790 Itabitatorem
2643 1689 2872 1791 quietis,
2903 1705 3040 1747 vera
3085 1689 3256 1762 quies
3299 1693 3364 1746 et
3391 1703 3532 1744 vera
3559 1685 3820 1799 exsultatio

432 1781 606 1854 juxta
655 1781 1004 1840 Hebraicum
1035 1780 1316 1838 feminino
1347 1797 1558 1855 genere
1590 1779 2092 1853 pronuntiandum
2124 1773 2172 1799 "
2202 1779 2322 1834 vita
2349 1783 2566 1835 aeterna
2585 1779 2836 1848 est;vita
2864 1783 3062 1836 autem
3093 1781 3314 1834 interna
3338 1781 3433 1832 est
3452 1773 3822 1848 contemplatio

441 1866 554 1926 sit:
589 1873 734 1943 Quae
759 1871 1104 1942 euangelicos
1131 1870 1286 1938 Sion,
1304 1877 1357 1927 ct
1373 1885 1498 1942 quze
1527 1869 1870 1941 euangelicos
1899 1870 2095 1924 Hieru-

362 1980 364 1990 ι
438 1959 649 2028 salem;
683 1956 1137 2031 praecipiturque
1177 1956 1315 2015 Sion
1347 1964 1404 2014 et
1432 1957 1795 2014 Hierusalem
1828 1961 1891 2012 ut
1920 1973 2097 2030 super

440 2050 704 2102 montem
733 2045 1053 2115 excelsum,
1084 2045 1145 2104 id
1176 2041 1266 2104 est
1295 2047 1366 2103 ad
1400 2046 1520 2103 alta
1550 2046 1833 2102 virtutum
1893 2063 2094 2102 ascen-

440 2119 604 2202 dant,
635 2138 694 2190 et
738 2133 799 2190 in
847 2133 1190 2191 fortitudine
1244 2152 1441 2192 vocem
1503 2152 1672 2191 suam
1733 2132 2006 2202 exaltent,
2040 2137 2098 2190 et

441 2219 665 2295 absque
694 2221 905 2279 timore
937 2223 1231 2292 nuntient,
1250 2227 1308 2280 et
1333 2223 1532 2280 dicant
1561 2223 1898 2279 civitatibus
1920 2223 2093 2280 Juda:

439 2310 572 2366 Ecce
599 2313 736 2367 Deus
763 2319 954 2378 vester,
986 2314 1044 2368 et
1071 2315 1278 2368 czstera
1301 2330 1428 2386 quae
1460 2315 1810 2384 sequuntur.

514 2396 684 2455 Illam
713 2398 1118 2472 antiphonam,
1148 2417 1327 2473 quam
1371 2401 1614 2472 quidam
1667 2398 2048 2456 modulantur
2079 2417 2093 2456 :

441 2487 653 2555 Sancti,
673 2488 773 2560 qui
783 2492 1006 2560 sperant
1035 2490 1096 2546 in
1125 2491 1666 2558 Domino,habebunt
1691 2489 2096 2561 fortitudinem,

443 2583 726 2654 assument
745 2592 957 2648 pennas
985 2584 1048 2634 ut
1072 2579 1304 2650 aquilae,
1321 2578 1576 2635 volabunt
1595 2581 1646 2634 et
1676 2594 1786 2633 non
1815 2577 2095 2650 deﬁcient;

442 2663 505 2722 in
535 2663 775 2722 Hebraeo
804 2663 1056 2723 habetur
1087 2683 1102 2722 :
1132 2666 1238 2736 Qui
1273 2675 1454 2724 autem
1503 2674 1730 2739 sperant
1759 2669 1820 2722 in
1848 2667 2096 2735 Domino,

443 2754 736 2812 mutabunt
758 2756 1162 2828 fortitudinem,
1181 2761 1460 2813 assument
1485 2773 1696 2828 pennas
1725 2758 1868 2812 sicut
1891 2773 2099 2828 pennas

444 2845 672 2918 aquilae,
704 2849 928 2902 current
980 2854 1034 2903 et
1087 2863 1200 2902 non
1255 2847 1600 2912 laborabunt,
1639 2846 2002 2902 ambulabunt
2049 2853 2101 2901 et

443 2930 840 3010 non‘deficient,
855 2931 965 2991 hoc
989 2933 1352 3008 significans,
1371 2935 1528 3008 quod
1548 2935 1756 3006 sancti,
1777 2933 2098 3007 assumptis

447 3020 560 3079 alis
587 3021 895 3091 virtutum,
919 3024 1076 3082 sicut
1106 3024 1314 3098 aquilae
1337 3025 1395 3080 in
1419 3029 1717 3082 senectute
1747 3025 1938 3082 solent
1969 3042 2097 3080 mu-

2203 1872 2262 1925 et
2289 1867 2436 1924 visio
2466 1867 2786 1924 Trinitatis.
2827 1867 2969 1934 Quis
3009 1870 3100 1923 est
3125 1867 3431 1924 habitator
3461 1869 3678 1922 aeterna:
3705 1863 3822 1931 vita,

2205 1957 2321 2014 nisi
2373 1957 2499 2031 ipse
2545 1957 2702 2016 Deus
2747 1956 3118 2030 omnipotens
3149 1959 3207 2014 et
3237 1953 3413 2012 electi
3448 1952 3726 2010 illius‘Hn
3749 1951 3823 2010 illo

2202 2063 2377 2112 versu
2401 2063 2415 2104 :
2439 2045 2695 2115 Domine,
2714 2046 2827 2102 vim
2843 2044 3070 2118 patior,
3095 2043 3348 2116 quidam
3369 2042 3602 2100 codices
3624 2041 3822 2098 habent:

2206 2137 2496 2206 Responde
2515 2152 2622 2206 pro
2649 2152 2758 2202 me,
2781 2135 2883 2191 sed
2902 2133 3048 2190 falso
3065 2133 3361 2205 scriptum
3383 2136 3514 2200 est;
3549 2129 3740 2188 melius
3757 2132 3825 2188 est

2205 2224 2385 2295 enim,
2419 2229 2484 2281 ut
2511 2225 2870 2298 expositores
2894 2223 3100 2280 dicunt
3131 2239 3144 2278 :
3175 2222 3423 2295 Sponde
3447 2236 3562 2294 pro
3588 2236 3765 2292 me,»
3786 2219 3826 2278 si

2205 2314 2424 2371 diceret
2447 2330 2460 2369 :
2483 2315 2537 2370 Si
2571 2313 2712 2386 quid
2742 2311 2950 2384 erravi,
2973 2316 3037 2368 tu
3067 2311 3294 2384 sponde
3344 2327 3454 2384 pro
3483 2326 3598 2376 me,
3623 2309 3721 2366 hoc
3738 2311 3823 2374 est,

2206 2403 2292 2459 sis
2322 2402 2466 2458 mihi
2497 2403 2828 2473 ﬁdejussor,
2861 2405 2915 2458 et
2943 2400 3142 2474 accipe
3182 2415 3277 2457 me
3331 2399 3396 2454 in
3446 2399 3561 2466 fide
3591 2402 3644 2456 et
3670 2400 3823 2470 prote-

2207 2492 2400 2553 ctione
2421 2496 2549 2559 tua;
2565 2508 2678 2548 non
2687 2501 2772 2550 est
2782 2491 2934 2549 enim
2947 2487 3226 2559 volentis,
3238 2484 3826 2564 nequecurrentisud

2205 2581 2536 2642 miserentis
2569 2581 2678 2636 Dei
2701 2585 2784 2636 est
2815 2583 3094 2648 (nomn,
3121 2577 3235 2650 16).
3270 2577 3344 2634 Et.
3372 2577 3586 2640 iterum
3615 2575 3721 2634 ibi:
3741 2575 3824 2632 Do-

2205 2671 2385 2736 mine,
2415 2669 2501 2728 sic
2529 2668 2760 2733 vivitur,
2792 2666 3032 2740 quidam
3063 2665 3296 2724 codices
3327 2665 3580 2740 habent:
3602 2663 3658 2722 Si
3671 2665 3754 2720 sic.
3767 2661 3826 2719 ci-

2207 2761 2415 2826 uitur;
2445 2759 2548 2816 sed
2597 2775 2712 2814 non
2759 2749 2852 2814 est
2896 2755 2998 2822 ita,
3031 2754 3188 2812 sicut
3212 2755 3276 2812 Β.
3331 2755 3707 2828 Hieronymus
3729 2749 3822 2818 ait;

2207 2847 2660 2920 philosophatus
2707 2850 2797 2902 est
2839 2861 2939 2902 rex
2975 2844 3049 2900 de
3076 2847 3234 2902 statu
3267 2842 3462 2916 hujus
3489 2843 3637 2908 vites,
3667 2843 3737 2898 ita
3755 2840 3822 2896 di-

2208 2925 2419 2994 cendo:
2443 2935 2785 3004 Domine,sic
2799 2933 3099 3002 vivitur,id
3108 2932 3313 3003 est,ita
3329 2931 3560 3006 fragilis
3577 2935 3630 2989 et
3646 2930 3826 2990 caduca

2209 3030 2300 3082 est
2329 3025 2592 3082 humana
2613 3023 2915 3099 fragilitas.

446 3110 664 3168 tatione
685 3129 1010 3185 pennarum
1043 3113 1402 3184 reviviscere,
1428 3113 1508 3168 ita
1527 3112 1625 3170 isti
1649 3113 1706 3169 in
1730 3113 1831 3170 Dei
1863 3112 2094 3169 servitio
2125 3102 2172 3169 C
2277 3112 2419 3168 Item
2451 3111 2640 3167 ἱιι-ἰιὶο
2673 3111 2938 3176 introitu,
2961 3109 3062 3166 ubi
3083 3109 3318 3168 canitur
3343 3127 3358 3166 :
3381 3107 3823 3174 Sitientesmenite

444 3215 678 3272 semper
705 3205 942 3257 current
969 3206 1028 3258 et
1057 3219 1171 3258 non
1209 3202 1494 3268 laborent,
1527 3203 1828 3260 ambulent
1875 3207 1933 3259 et
1982 3221 2094 3259 non

443 3285 735 3356 deficient,
769 3288 924 3344 sicut
951 3290 1022 3345 de
1047 3289 1132 3346 eis
1163 3290 1448 3363 scriptum
1470 3295 1558 3346 est
1589 3307 1602 3345 :
1633 3291 2004 3348 Ambulabunt
2031 3293 2097 3348 de

442 3377 645 3432 virtute
672 3377 732 3432 in
759 3377 1018 3434 virtutem
1051 3395 1065 3434 :
1100 3383 1166 3436 ut
1195 3383 1328 3450 post
1355 3377 1536 3451 hujus
1593 3379 1720 3434 vitae
1752 3380 2092 3450 terminum,

441 3469 749 3537 assumpto
797 3482 1036 3540 corpore
1078 3466 1418 3535 immortali,
1453 3467 1604 3524 Deus
1636 3468 1879 3524 deorum
1909 3469 1982 3525 ab
2011 3470 2095 3527 eis

444 3550 632 3625 possit
657 3550 862 3608 videri.

513 3637 579 3693 In
625 3637 724 3694 illo
768 3641 1140 3712 responsorio
1171 3657 1186 3697 :
1221 3642 1564 3712 "luminare,
1598 3645 1941 3712 illuminare,
1968 3649 2091 3704 Hie-

440 3726 702 3795 rusalem,
733 3729 882 3785 venit
927 3730 1027 3786 lux
1057 3734 1176 3798 tua,
1207 3730 1266 3786 in
1325 3732 1563 3789 Hebraeo
1621 3733 1906 3806 scriptum
1955 3739 2088 3792 est:

439 3814 635 3885 Surge,
669 3815 1012 3888 illuminare,
1045 3821 1178 3894 quia
1228 3823 1377 3876 venit
1421 3822 1608 3878 lumen
1650 3830 1806 3878 tuum
1824 3843 1848 3889 ,-
1879 3840 2092 3880 nomen

437 3905 783 3963 Hierusalem
813 3906 873 3972 in
905 3907 1144 3967 Hebraeo
1174 3926 1290 3966 non
1317 3909 1589 3977 habetur,
1619 3915 1682 3966 ut
1711 3911 2004 3986 signiﬁcet
2023 3931 2092 3970 ea

437 4009 567 4065 quas
597 3994 815 4069 scripta
843 4001 900 4054 et
928 3998 1224 4070 promissa
1272 4004 1430 4064 sunt,
1465 4017 1578 4056 non
1616 4000 1984 4058 solummodo
2015 4003 2088 4058 ad

435 4081 802 4141 Hierusalem
850 4088 909 4143 et
945 4087 1017 4143 ad
1047 4087 1280 4146 Judaeos
1307 4087 1617 4160 pertinere,
1649 4091 1750 4146 sed
1782 4091 1852 4146 ad
1884 4107 2090 4148 omnes

434 4169 839 4242 generationes
884 4174 1254 4247 generaliter,
1287 4193 1415 4249 quae
1463 4175 1524 4232 in
1573 4177 1871 4234 Christum
1923 4184 2092 4235 erant

433 4257 764 4316 creditura.
794 4261 865 4318 Et
893 4261 1048 4322 infra
1081 4279 1094 4320 :
1127 4265 1271 4320 Filii
1323 4267 1409 4322 tui
1455 4265 1521 4322 de
1569 4267 1727 4336 longe
1771 4269 2006 4336 venient,
2038 4275 2090 4324 et

428 4344 572 4416 ﬁlia:
600 4351 716 4406 tua?
743 4349 834 4407 lac
860 4360 1058 4421 sugent
1082 4369 1096 4421 ;
1124 4352 1366 4425 quidam
1401 4353 1484 4409 ita
1512 4355 1908 4429 distinguunt.
1927 4360 1992 4411 ut
2005 4355 2088 4411 di-

2203 3201 2294 3257 ad
2312 3217 2516 3274 aquas,
2531 3206 2585 3256 et
2605 3201 2708 3274 qui
2727 3215 2837 3256 non
2853 3200 3074 3256 habetis
3088 3200 3601 3272 pretium,venite;
3621 3196 3823 3269 quidam

2205 3295 2462 3346 canunt:
2497 3290 2684 3346 Bibite
2705 3305 2836 3348 cum
2856 3289 3094 3358 la'titia;
3113 3288 3218 3344 sed
3250 3288 3574 3346 dicendum
3603 3303 3666 3342 ex
3684 3286 3824 3358 juxta

2205 3379 2583 3453 prophetam:
2601 3379 2900 3436 Coma/ite
2915 3378 3420 3446 ;non,b.ibite.Sed
3433 3375 3710 3450 quomodo
3721 3388 3821 3447 pos-

2206 3483 2415 3524 sumus
2461 3485 2672 3540 aquam
2724 3465 3074 3523 comedere?
3105 3483 3244 3524 nam
3276 3483 3452 3522 sacra
3478 3465 3752 3538 Scriptura
3774 3459 3819 3516 in

2205 3555 2560 3629 quibusdam
2611 3555 2755 3611 locis
2802 3557 2894 3610 est
2941 3553 3126 3623 cibus,
3162 3554 3224 3612 in
3253 3555 3618 3628 quibusdam
3643 3555 3817 3626 potus;

2203 3645 2542 3717 ubicunque
2569 3660 2704 3700 cum
2755 3643 3098 3700 difﬁcultate
3129 3643 3389 3716 capitur,
3423 3643 3590 3700 cibus
3613 3645 3718 3708 est,
3741 3637 3818 3694 ubi

2203 3750 2338 3790 vero
2372 3732 2600 3790 facilem
2629 3733 2806 3790 habet
2833 3731 3308 3808 intelligentiam,
3346 3737 3525 3806 potus
3552 3734 3654 3788 est.
3678 3729 3736 3785 Et
3750 3731 3818 3784 est

2201 3839 2414 3878 sensus
2447 3840 2460 3889 ;
2491 3822 2536 3879 Ο
2565 3821 2835 3896 gentiles,
2869 3821 2970 3893 qui
3001 3820 3257 3878 sitiendo
3289 3821 3641 3878 desideratis
3665 3815 3816 3874 scien-

2200 3909 2345 3967 tiam
2381 3910 2607 3968 Veteris
2637 3915 2694 3966 et
2722 3909 2864 3967 Novi
2897 3909 3280 3978 Testamenti,
3309 3909 3514 3968 venite
3557 3909 3626 3966 ad
3667 3919 3815 3978 aquas

2200 3998 2594 4072 baptismatis,
2609 3997 2698 4054 vel
2731 4001 2800 4056 ad
2833 3999 2985 4054 dona
3013 3998 3272 4071 Spiritus
3287 3997 3505 4068 sancti,
3527 4002 3585 4056 et
3610 3993 3700 4072 qui
3725 4008 3814 4048 non

2199 4087 2430 4144 habetis
2460 4086 2862 4160 argentum,id
2878 4092 2966 4142 est
2995 4085 3230 4160 eloquia
3259 4086 3524 4153 Domini,
3553 4086 3622 4144 de
3639 4080 3814 4156 quibus

2196 4175 2342 4233 dicit
2357 4175 2670 4234 Psalmista
2693 4193 2706 4232 :
2730 4175 2985 4250 Eloquia
3013 4176 3267 4246 Domini,
3288 4175 3536 4250 eloquia
3561 4182 3813 4234 castam-

2194 4271 2433 4339 gentum
2455 4265 2593 4339 igne
2603 4265 3352 4334 examinatummrobatum
3363 4285 3389 4332 ,-
3415 4257 3812 4338 properats,cito

2196 4353 2386 4410 venite
2415 4354 2488 4410 ad
2521 4353 2697 4410 tidem
2727 4370 2938 4422 meam,
2969 4351 3149 4410 emite
3179 4353 3338 4412 dona
3383 4352 3636 4426 Spiritus
3662 4344 3811 4422 sancti

433 4440 572 4532 cant
599 4435 666 4493 de
693 4438 848 4510 lacte,
881 4443 938 4496 et
975 4446 1178 4514 postea
1220 4443 1586 4532 subjungant
1631 4452 1941 4514 resurgant,
1972 4461 2084 4518 pu-
2119 4467 2164 4532 θ
2197 4447 2476 4532 etaquam
2490 4441 3014 4532 baptismatis,non
3038 4441 3226 4532 pretio
3251 4441 3388 4500 auri
3409 4435 3813 4532 velargentianl

433 4526 630 4579 tantes
658 4541 1024 4600 consequens
1053 4546 1183 4586 esse
1214 4536 1282 4587 ut
1310 4531 1395 4586 illi
1425 4531 1667 4588 dictioni
1711 4532 1776 4590 de
1805 4534 1961 4605 longe
1990 4550 2084 4590 re-
2119 4523 2158 4532 “’
2195 4531 2394 4604 aliquo
2427 4530 2788 4602 hujusmodi,
2817 4531 2918 4588 sed
2965 4530 3255 4588 credendo
3285 4537 3345 4586 et
3377 4534 3528 4588 bene
3561 4523 3811 4602 operando

432 4611 720 4683 spondeat
752 4612 934 4672 altera
964 4616 1138 4674 dictio
1167 4618 1234 4676 de
1269 4621 1424 4677 lacte.
1457 4621 1566 4677 Sed
1603 4621 1664 4676 Β.
1704 4622 2085 4695 Hieronymus

431 4695 614 4795 alium
647 4717 894 4795 sensum;
921 4705 1085 4795 ponit
1116 4711 1178 4764 ut
1207 4707 1388 4766 dicat:
1422 4711 1590 4768 Filia:
1617 4718 1732 4768 tuae
1757 4712 1844 4768 lac
1869 4719 2084 4795 sugent,

430 4789 720 4848 utanimm
751 4788 811 4850 in
836 4793 1066 4852 Christo
1087 4795 1394 4866 lactantes,
1421 4799 1478 4854 in
1508 4797 1859 4871 baptismate
1881 4788 2085 4874 parva;

428 4874 640 4949 lorum,
661 4881 815 4938 sicut
836 4883 1040 4940 Petrus
1061 4885 1362 4958 apostolus
1392 4887 1569 4944 dicit:
1607 4887 1774 4956 Quasi
1795 4889 1954 4946 modo
1984 4906 2082 4960 ge-

427 4969 540 5023 niti
567 4969 826 5042 infantes,
859 4973 1189 5032 rationabile
1233 4977 1354 5032 sine
1397 4976 1518 5034 dolo
1567 4977 1653 5032 lac
1679 4980 2077 5050 concupiscite;

427 5052 588 5110 velut
640 5057 867 5128 parvuli
922 5059 1031 5129 lac,
1064 5063 1122 5118 id
1162 5067 1273 5132 est,
1303 5064 1628 5120 doctrinam
1677 5066 2079 5138 apostolorum

429 5137 664 5196 interim
696 5150 931 5218 sugant,
962 5149 1148 5206 donec
1197 5150 1454 5208 solidum
1506 5137 1770 5226 perfectas
1801 5155 2080 5212 doctrinae

428 5227 627 5284 cibum
661 5245 865 5304 capere
896 5235 1144 5311 valeant,
1170 5238 1260 5296 vel
1303 5240 1457 5298 sicut
1504 5241 1687 5316 aliqui
1716 5243 1944 5300 codices
1975 5243 2078 5300 ha-

427 5316 602 5373 bent:
633 5317 706 5374 De
735 5320 905 5378 latere
939 5336 1200 5396 surgent;
1235 5335 1335 5386 aut
1379 5331 1536 5387 enim
1581 5331 1894 5406 legendum
1945 5338 2075 5390 est:

425 5406 596 5463 Filiae
625 5415 737 5466 tua?
757 5410 843 5466 lac
890 5423 1104 5483 sugent,
1143 5422 1244 5474 aut
1261 5420 1392 5488 ﬁlim
1409 5427 1520 5478 tua:
1537 5421 1602 5478 de
1631 5423 1801 5478 latere
1829 5427 2075 5492 surgent.

427 5494 545 5554 Hoc
575 5495 916 5570 signiﬁcans
947 5504 1126 5575 quod,
1161 5505 1312 5564 sicut
1341 5509 1457 5565 Eva
1487 5514 1674 5566 mater
1712 5510 1978 5568 omnium
2011 5529 2078 5568 ex

2197 4619 2485 4677 comedite
2514 4619 2706 4693 ipsam
2735 4637 2971 4693 aquam,
2997 4618 3329 4676 doctrinam
3361 4618 3585 4676 scilicet
3611 4613 3809 4690 spirita-

2195 4709 2336 4778 lem,
2365 4708 2453 4766 vel
2493 4708 2649 4766 dona
2695 4707 2948 4782 Spiritus
2993 4707 3209 4776 sancti,
3239 4707 3553 4776 audiendo,
3583 4701 3806 4777 legendo:

2196 4799 2558 4868 meditando,
2591 4798 2764 4855 corde
2793 4797 3116 4855 retinendo.
3695 4830 3698 4832 η

2265 4888 2327 4944 In
2361 4887 2464 4944 illa
2492 4885 2761 4954 lectione,
2783 4885 2883 4942 ubi
2917 4883 3168 4960 legitur:
3197 4889 3324 4945 Non
3363 4881 3654 4942 vocaberis
3676 4877 3804 4933 ultra

2191 4977 2560 5042 Derelicta,et
2574 4984 2738 5032 terra
2749 4983 2849 5031 tua
2858 4991 2972 5032 non
2984 4963 3280 5032 vocabitur
3292 4973 3546 5045 amplius
3553 4965 3801 5028 Desola'a.

2191 5063 2250 5119 in
2275 5063 2628 5136 quibusdam
2653 5061 2950 5120 codicibus
2971 5061 3359 5136 subsequitur
3384 5081 3398 5119 :
3419 5061 3529 5120 Sed
3545 5051 3803 5116 vocaberil

2194 5152 2490 5210 Voluntas
2507 5169 2641 5209 mea
2663 5153 2722 5208 in
2741 5167 2898 5220 seta;
2921 5151 3021 5209 sed
3044 5151 3221 5210 falso:
3239 5168 3378 5212 nam
3403 5147 3676 5208 Hebraica:
3694 5154 3798 5198 con-

2190 5241 2526 5300 suetudinis
2555 5244 2645 5297 est
2671 5245 2737 5296 ut
2765 5257 2834 5296 ex
2863 5239 3038 5295 rebus
3076 5239 3358 5296 vocabula
3388 5252 3615 5310 semper
3638 5232 3794 5303 impo-

2191 5335 2352 5399 nant,
2387 5330 2542 5388 sicut
2569 5329 2808 5396 Abram,
2842 5327 2942 5399 qui
2991 5327 3159 5400 prius
3203 5327 3504 5384 dicebatur
3536 5327 3692 5394 pater
3712 5331 3794 5371 ειε-

2186 5419 2412 5487 celsus;
2445 5419 2657 5474 iterum
2690 5417 2926 5490 quando
2957 5416 3183 5473 audivit
3213 5433 3313 5490 per
3337 5411 3750 5489 promissionem
3778 5418 3790 5456 :

2186 5513 2262 5566 Et
2287 5509 2346 5566 in
2365 5509 2581 5566 semine
2598 5513 2700 5564 tuo
2730 5505 3132 5568 benedicentur
3147 5522 3338 5566 omnes
3353 5491 3790 5585 gentes,appelll,-
