4026 6184
202 312 369 379 1-146,

1176 310 1280 374 DE
1320 309 1559 374 VARIA
1608 309 1889 374 PSALM.
1937 310 2036 373 ET
2078 309 2307 374 CANT.
2353 310 2651 381 MODUL.

3458 313 3617 380 tm

194 478 293 534 tus
321 477 413 533 est
436 472 756 542 Abraham,
778 471 837 530 id
868 475 978 546 est,
992 477 1154 546 pater
1180 474 1488 530 multarum
1511 474 1777 543 gentium,
1792 474 1849 529 et
1878 472 1930 539 Α
1963 470 2119 529 dicta
2157 475 2566 545 permanerent
2604 470 2978 555 inconvulsa,
2997 475 3065 530 ut
3110 474 3273 541 sunt,
3322 471 3613 543 advortite,

198 566 487 624 Dominus
518 564 785 621 Salvator
814 562 967 619 inter
995 567 1202 619 caetera
1239 562 1480 619 nomina
1526 562 1853 636 appellatus

200 659 293 713 est
306 653 741 722 Emmmanuel,
768 653 923 726 quod
934 651 1357 725 interpretatur
1370 653 1652 709 nobiscum
1672 656 1817 707 Deus
1836 669 1850 720 ;

194 745 288 801 ita
313 760 471 799 nunc
501 742 756 799 Ecclesia
775 745 1014 799 vocatur
1038 740 1315 798 Hebraice
1346 740 1587 813 Ephiba,
1602 741 1756 813 quod
1773 742 1855 795 in-

201 835 560 907 terpretatur
581 832 834 888 voluntas
870 847 993 887 mea
1015 832 1077 887 in
1105 847 1169 887 ea
1188 849 1212 896 ,-
1241 834 1298 886 et
1325 835 1414 887 est
1451 846 1661 887 sensus
1689 847 1703 885 :
1738 847 1855 885 non

199 922 509 979 vocaberis
540 921 695 977 ultra
726 919 1007 977 Derelicta
1036 938 1070 976 a
1099 921 1235 989 Deo,
1268 924 1325 975 et
1354 924 1512 976 terra
1537 924 1657 988 tua,
1675 919 1732 975 id
1767 923 1859 975 est

201 1010 491 1068 habitatio
514 1015 767 1079 tua,non
796 1009 1101 1065 vocabitur
1128 1009 1381 1083 amplius
1414 1008 1696 1074 Desolata,
1720 1008 1859 1081 quia

201 1101 477 1158 Christus
507 1099 800 1156 habitabit
825 1099 884 1153 in
910 1098 1102 1155 medio
1128 1099 1251 1167 tui;
1286 1100 1388 1155 sed
1418 1098 1716 1155 vocaberis
1744 1098 1858 1154 Vo—

203 1189 407 1245 luntas
427 1204 561 1244 mea
587 1186 649 1242 in
674 1203 763 1253 ea,
795 1186 853 1242 id
883 1191 973 1243 est
1004 1185 1256 1242 Ecclesia
1286 1186 1528 1254 Christi;
1552 1192 1609 1242 et
1636 1186 1861 1243 dicetur

203 1279 281 1335 de
311 1282 369 1334 te
400 1294 413 1332 :
449 1278 569 1333 Ista
614 1275 870 1332 Ecclesia
918 1274 1152 1344 Christi,
1185 1292 1313 1347 quae
1358 1275 1719 1332 voluntatem
1750 1280 1860 1331 Do-

205 1366 358 1423 mini
380 1365 537 1422 iacit.
552 1362 738 1437 Igitur
766 1381 1042 1439 rogemus
1073 1363 1388 1420 Dominum
1411 1368 1477 1419 ut
1503 1364 1861 1420 voluntatem

203 1457 338 1529 ejus
367 1454 646 1512 facientes
674 1452 864 1526 ipsius
891 1458 1111 1510 sancta:
1142 1451 1352 1510 matris
1376 1452 1649 1510 Ecclesiae
1675 1454 1863 1509 etdici

204 1550 270 1603 et
296 1560 427 1601 esse
456 1542 563 1599 filii
594 1542 995 1617 possimus,ut
1015 1543 1074 1598 in
1096 1546 1376 1599 aeternum
1407 1546 1464 1599 et
1494 1543 1552 1597 in
1583 1540 1865 1599 saeculum

206 1633 412 1691 saeculi
443 1648 580 1690 cum
605 1633 733 1705 ipso
762 1636 822 1688 et
847 1631 907 1687 in
934 1631 1061 1705 ipso
1092 1648 1434 1704 permanere
1466 1629 1790 1689 valeamus.

280 1726 338 1778 7.
371 1723 540 1778 Nunc
564 1721 749 1795 igitur
777 1720 921 1777 libet
945 1721 1142 1777 animo
1171 1725 1372 1777 notare
1401 1720 1689 1793 quosdam
1724 1738 1831 1777 can
1852 1751 1866 1762 -

204 1816 329 1885 tus,
361 1810 462 1883 qui
491 1809 554 1866 in
582 1814 789 1867 sancta
818 1807 1077 1865 Ecclesia
1095 1809 1319 1882 absque
1345 1826 1524 1867 sacrae
1553 1809 1867 1883 Scriptura:

207 1899 560 1957 auctoritate
603 1897 874 1954 videntur
920 1898 1255 1971 compositi,
1301 1897 1390 1954 vel
1441 1898 1699 1954 humano
1756 1916 1867 1955 usu

199 1990 381 2062 juxta
408 1987 616 2044 libitus
671 1986 997 2044 carnalium
1040 1987 1498 2044 extraordinarie
1546 1987 1866 2061 compilati,

207 2095 331 2135 non
344 2076 709 2133 attendentes
724 2076 825 2148 qui
850 2075 989 2131 talia
1007 2076 1395 2132 concinebant
1413 2078 1567 2149 quod
1583 2077 1869 2133 Dominus

206 2166 606 2241 praecipiendo
639 2182 740 2238 per
769 2164 1114 2238 pmphetam
1145 2164 1386 2221 clamat:
1404 2167 1629 2223 Psallite
1653 2168 1869 2239 patien-

208 2260 300 2313 ter
327 2255 501 2329 (Psal.
529 2271 682 2323 mn,
705 2254 760 2326 8)
788 2271 803 2323 ;
837 2259 895 2311 et
922 2254 983 2309 in
1015 2253 1261 2310 concilio
1290 2254 1561 2311 Africano
1591 2257 1872 2313 constitu-

208 2350 345 2401 tum
375 2348 467 2401 est
485 2347 550 2400 ut
578 2359 781 2416 preces
798 2347 855 2399 et
883 2343 1196 2410 orationes,
1218 2344 1330 2399 nisi
1351 2343 1607 2417 probatae
1631 2345 1868 2413 fuerint,

207 2450 333 2489 non
360 2432 651 2501 dicantur,
667 2448 776 2489 nec
802 2430 1000 2505 aliqua
1027 2448 1097 2488 ex
1113 2432 1481 2488 hisomnimo
1512 2433 1869 2489 cananturin

205 2521 493 2590 Ecclesia,
549 2520 665 2577 nisi
712 2537 846 2593 quas
890 2537 926 2577 a
977 2520 1462 2593 prudentioribus
1529 2525 1775 2577 tractata
1816 2526 1873 2578 et

208 2609 595 2683 comprobata
622 2608 839 2666 fuerint
866 2609 927 2664 in
958 2610 1202 2683 synodo,
1229 2626 1302 2666 ne
1322 2610 1469 2667 forte
1499 2610 1724 2684 aliquid
1740 2627 1873 2667 con-

209 2702 311 2755 tm
337 2698 516 2754 ﬁdem
542 2696 634 2755 vel
660 2714 764 2772 per
786 2696 1178 2771 ignorantiam
1218 2699 1307 2755 vel
1340 2715 1443 2771 per
1491 2701 1754 2759 studium
1798 2701 1875 2757 sit

212 2788 634 2861 compositum.
668 2786 775 2844 Ubi
796 2788 1046 2844 breviter
1075 2787 1563 2844 considerandum
1578 2790 1732 2861 quod
1756 2807 1871 2845 non

210 2876 413 2934 solum
461 2893 531 2933 ea
573 2893 700 2949 quae
748 2875 943 2933 studio
973 2877 1372 2949 perﬁdize,sed
1405 2877 1580 2933 etiam
1611 2875 1713 2933 illa
1742 2894 1872 2950 quas

212 2964 952 3038 simplicitateignorantiae
978 2968 1182 3021 contra
1209 2966 1343 3021 ﬁdei
1377 2966 1639 3037 regulam
1659 2966 1875 3022 fuerint

210 3055 565 3127 composita,
596 3054 721 3128 pari
752 3053 1256 3111 animadversione
1299 3060 1440 3110 sunt
1486 3056 1869 3128 repudianda.

215 3146 437 3200 Beatus
467 3160 700 3216 quoque
736 3143 1146 3217 Hieronymus,
1179 3160 1313 3199 cum
1362 3148 1676 3217 exponeret
1724 3161 1872 3217 prie-

1960 562 2140 630 diunt,
2218 564 2389 635 ipsus,
2439 567 2711 635 optumus,
2767 579 3084 632 maxumus,
3133 564 3254 635 olli,
3313 564 3617 638 multaque

1963 651 2058 707 his
2087 650 2564 724 similia,quanto
2595 652 2785 726 magis
2811 652 3135 709 calestium
3155 653 3464 709 verborum
3496 671 3619 710 ora-

1964 739 2165 795 culain
2199 757 2306 797 sua
2320 757 2690 812 perseverare
2719 738 2933 798 debent
2953 741 3181 815 regula!
3211 758 3349 797 nam
3374 742 3616 815 quidam

1964 829 2024 884 in
2056 829 2388 902 Evangelio,
2416 829 2517 885 ubi
2548 831 2766 903 legitur
2800 847 2813 886 :
2847 833 2915 886 Et
2942 831 3060 887 dico
3092 832 3240 900 huic,
3264 829 3417 900 vade,
3448 838 3499 888 et
3526 848 3618 888 va-

1963 918 2082 985 dit,-
2111 926 2164 974 et
2206 919 2338 986 alio,
2370 922 2516 987 veni,
2562 927 2614 975 et
2653 921 2841 988 venit;
2872 920 3120 993 cupiunt
3164 920 3476 976 emendare
3508 936 3521 975 :
3555 923 3622 978 Et

1964 1007 2088 1075 alii,
2108 1009 2251 1075 veni,
2266 1017 2317 1063 et
2342 1010 2513 1064 venit.
2531 1009 2599 1064 Et
2628 1009 2727 1065 ubi
2751 1012 3023 1066 sanctum
3053 1008 3430 1081 Evangelium
3444 1008 3616 1066 dicit:

1969 1096 2109 1164 Quia
2149 1098 2324 1152 virtus
2374 1097 2441 1153 de
2487 1097 2584 1153 illo
2632 1098 2825 1154 emebat
2879 1105 2931 1154 et
2977 1098 3210 1154 sanabat
3251 1114 3433 1155 omnes
3465 1117 3490 1163 ;
3536 1098 3621 1153 illi

1967 1185 2303 1254 emendant,
2317 1186 2443 1242 suta
2473 1188 2649 1242 virtus
2680 1185 2747 1241 de
2777 1187 2874 1243 illo
2902 1187 3197 1243 exibat.Et
3218 1186 3316 1242 ubi
3345 1176 3622 1245 Zachaius

1969 1274 2026 1330 in
2059 1274 2371 1348 Evangelio
2400 1276 2575 1333 dicit:
2598 1277 2663 1332 Si
2689 1276 2930 1349 aliquem
2958 1274 3304 1349 defraudavi,
3319 1275 3403 1332 illi
3416 1275 3624 1333 dicunt

1970 1362 2281 1436 defrudavi.
3248 1390 3252 1394 ι

2039 1453 2146 1508 Sed
2181 1452 2241 1508 in
2273 1452 2373 1509 illa
2398 1454 2691 1510 offerenda
2716 1471 2820 1527 pro
2852 1453 3167 1522 defunctis,
3185 1452 3283 1509 ubi
3314 1442 3617 1511 canimus:

1972 1542 2169 1598 Libera
2195 1543 2414 1599 animas
2441 1545 2690 1599 omnium
2716 1544 2965 1615 ﬁdelium
2989 1543 3334 1614 defuctorum
3361 1544 3426 1600 de
3452 1561 3625 1600 mnu

1975 1632 2204 1703 inferni,
2235 1636 2289 1687 et
2337 1632 2403 1688 de
2448 1632 2721 1705 profundo
2765 1633 2913 1701 laci,-
2948 1631 3132 1705 aliqui
3181 1648 3316 1689 cum
3369 1633 3623 1711 quodam

1976 1720 2191 1778 mentis
2222 1719 2507 1777 cothurno
2527 1727 2747 1778 canunt
2770 1740 2783 1779 :
2804 1721 2871 1778 de
2892 1721 3168 1795 profundo
3218 1722 3390 1794 tactu,
3423 1722 3625 1778 minus

1977 1810 2345 1866 attendentes
2396 1810 2548 1883 quod
2597 1810 2742 1867 illud
2786 1827 2997 1867 nomen
3060 1812 3234 1887 lacus,
3279 1809 3624 1884 genitivum,

1969 1899 2144 1969 juxta
2174 1902 2484 1970 utramque
2513 1899 2987 1967 declinationem,
3014 1898 3072 1955 id
3106 1904 3197 1957 est
3223 1900 3541 1956 secundam
3571 1902 3631 1956 et

1977 1990 2267 2060 quartam,
2301 1986 2448 2044 solet
2478 1989 2750 2061 perferre.
2782 1988 2998 2044 Verum
3045 1989 3370 2045 secundum
3409 1987 3631 2045 idioma

1977 2094 2155 2133 sacra:
2186 2077 2498 2150 Scriptura:
2530 2078 2744 2150 saepius
2773 2077 2920 2133 solet
2941 2076 3078 2150 poni
3105 2078 3231 2142 laci,
3265 2094 3442 2150 quam
3457 2078 3628 2145 lacus,

1978 2165 2268 2239 praecipue
2298 2166 2398 2222 ubi
2437 2165 2555 2222 alta
2585 2167 2748 2223 fovea
2776 2170 2834 2222 et
2862 2166 3111 2241 abyssus
3141 2165 3228 2221 vel
3267 2166 3627 2239 profundum

1977 2254 2187 2310 inferni
2221 2254 2583 2328 designatur.
2611 2255 2989 2328 Igiturlsaias
3022 2254 3328 2326 propheta,
3348 2253 3448 2327 qui
3479 2254 3551 2311 de
3570 2271 3633 2312 se

1978 2343 2233 2399 dicitzEt
2260 2344 2466 2399 volavit
2496 2344 2566 2399 ad
2594 2360 2682 2399 me
2709 2359 2854 2399 unus
2885 2343 2952 2399 de
2981 2343 3296 2415 Seraphim,
3322 2345 3447 2399 etin
3466 2359 3636 2400 manu

1978 2432 2100 2504 ejus
2127 2433 2394 2498 calculus,
2430 2450 2588 2505 quem
2614 2434 2824 2505 forcipe
2848 2432 3052 2488 tulerat
3079 2432 3145 2489 de
3172 2432 3363 2509 altari,
3385 2433 3636 2509 ettetigit

1978 2538 2036 2578 os
2054 2538 2238 2578 meum
2267 2530 2319 2578 et
2348 2521 2493 2578 dixit
2524 2539 2538 2577 :
2572 2523 2704 2580 Ecce
2731 2523 2908 2594 tetigit
2935 2522 3034 2578 hoc
3063 2522 3211 2577 labia
3241 2528 3357 2589 tua,
3391 2526 3444 2577 et
3480 2523 3636 2593 aufe-

1986 2615 2142 2666 retur
2195 2611 2460 2691 iniquitas
2500 2615 2618 2678 tua,
2649 2619 2702 2667 et
2724 2618 3003 2683 peccatum
3047 2618 3203 2667 tuum
3239 2611 3636 2678 mundabitur;

1989 2694 2136 2772 ipse,
2171 2699 2434 2773 inquam,
2468 2699 2613 2756 dixit
2646 2716 2659 2755 :
2700 2703 3078 2757 Verumtamen
3105 2699 3176 2755 ad
3213 2701 3494 2772 infernum
3539 2699 3636 2755 ἀθ-
3724 2716 3735 2725 ‘

1982 2790 2216 2843 traheris
2241 2790 2300 2843 in
2323 2788 2662 2860 profundum
2677 2790 2787 2845 laci
2803 2807 2827 2853 ,ο
2842 2791 2898 2844 et
2928 2788 3141 2844 iterum
3162 2806 3175 2843 :
3193 2787 3298 2852 Qui
3310 2787 3639 2844 descendunt

1979 2876 2049 2931 ad
2077 2876 2441 2947 fundamenta
2467 2877 2593 2944 laci,
2629 2877 2688 2931 id
2719 2880 2808 2931 est
2828 2874 3215 2931 infcrni.Jure
3239 2876 3419 2949 igitur
3446 2892 3642 2934 cense-

1981 2982 2116 3021 mus
2142 2963 2302 3020 illius
2351 2965 2760 3022 auctoritatem
2809 2964 3000 3037 magis
3049 2964 3241 3037 sequi,
3273 2966 3444 3038 cujus
3484 2964 3643 3022 labia

1983 3054 2265 3109 mundata
2294 3059 2435 3109 sunt
2462 3052 2595 3128 igne
2620 3052 2860 3122 cmlesti,
2894 3070 3073 3127 quam
3102 3052 3509 3127 magisterium
3533 3053 3639 3111 ali-

1985 3143 2157 3214 cujus
2189 3143 2451 3199 auctoris
2480 3142 2874 3216 grammatici.

216 3213 754 3305 ceptumitpostoli,
786 3233 889 3288 ubi
915 3213 1355 3305 aitzlmplemiui
1379 3213 1611 3305 spiritu,
1645 3213 1871 3306 loquen-
1901 3213 1953 3286 G
2057 3213 2129 3287 Et
2158 3230 2360 3288 Daniel
2393 3213 2534 3288 huic
2570 3232 2771 3288 sensui
2797 3233 3068 3306 congruit
3100 3250 3112 3289 :
3145 3232 3358 3290 Allatas
3380 3240 3457 3290 est
3505 3234 3649 3311 lapis

212 3331 297 3378 tes
342 3322 738 3394 vobismetipsis
785 3323 844 3376 in
889 3323 1137 3393 psalmis,
1186 3330 1236 3378 et
1280 3323 1521 3394 hymnis,
1551 3330 1602 3379 et
1647 3324 1876 3379 canticis

214 3408 918 3482 spiritualibus',cantantes
947 3419 1001 3466 et
1025 3412 1319 3482 psallentes
1336 3412 1658 3469 incordibus
1687 3414 1877 3469 vestris

208 3500 450 3555 Domino
494 3498 713 3572 (Ephes.
763 3516 819 3565 v,
863 3499 952 3569 19)
987 3517 1001 3567 ;
1054 3499 1204 3555 inter
1248 3503 1453 3556 caetera
1501 3501 1627 3557 ait:
1659 3506 1876 3558 Canere

219 3588 429 3661 igitur,
442 3590 501 3644 et
529 3585 871 3660 psallere,et
882 3587 1124 3645 laudare
1144 3588 1461 3644 Dominum
1475 3590 1666 3663 magis
1678 3590 1875 3647 animo

208 3693 400 3750 quam
429 3692 569 3733 voce
598 3677 903 3733 debemus.
937 3676 1103 3733 Unde
1151 3681 1392 3733 sanctus
1437 3682 1601 3750 pater
1631 3680 1874 3736 Benedi-

207 3770 348 3823 ctus
379 3764 550 3821 nobis
584 3763 845 3838 pracipit
886 3765 1086 3822 dicens
1120 3783 1133 3822 :
1168 3789 1196 3816 «
1224 3766 1317 3823 Sic
1362 3770 1565 3823 stemus
1612 3767 1683 3823 ad
1722 3770 1872 3840 psal-

207 3854 443 3912 lendum
468 3862 532 3911 ut
554 3871 705 3911 mens
728 3863 916 3911 nostra
942 3855 1228 3911 concordet
1256 3857 1377 3912 voci
1402 3863 1626 3913 nostrae.
1660 3877 1690 3906 »
1723 3858 1875 3923 Quo-

208 3943 398 4001 modo
425 3956 596 4000 mens
625 3947 827 4000 nostra
853 3943 978 4000 voci
1008 3944 1340 4012 concordat,
1360 3960 1493 3999 cum
1517 3943 1873 4001 modulanda

207 4031 279 4089 in
309 4030 500 4088 altum
528 4047 730 4089 vocem
762 4031 1045 4100 levamus,
1066 4036 1170 4088 aut
1195 4034 1436 4089 omnino
1458 4033 1529 4089 de
1542 4050 1710 4089 sacra
1728 4034 1874 4090 Scri-

208 4124 396 4195 ptura
421 4125 711 4188 tacemus,
741 4125 844 4177 aut
888 4121 1065 4177 verba
1093 4125 1194 4178 aut
1242 4137 1487 4177 sensum
1518 4124 1578 4177 in
1610 4122 1871 4179 alienum

204 4205 584 4263 intellectum
614 4207 1102 4279 mutamus,illud
1123 4207 1514 4281 Virgilianum
1545 4210 1741 4283 potius
1760 4210 1870 4265 im-

208 4296 445 4370 plentes
464 4297 736 4353 :Datsine
759 4304 940 4354 mente
966 4313 1163 4354 sonum
1190 4339 1205 4364 ,
1239 4314 1416 4371 quam
1449 4297 1592 4354 illud
1640 4303 1872 4372 aposto-

205 4383 421 4451 licum,
454 4384 610 4457 quod
642 4400 824 4457 supra
853 4383 1183 4457 posuimus,
1213 4386 1616 4458 praeceptum?

286 4475 343 4529 8.
358 4472 664 4529 Etmirum
682 4472 742 4528 in
760 4472 1022 4542 modum,
1040 4473 1185 4530 dum
1208 4473 1447 4545 quidam
1466 4474 1646 4547 hujus
1663 4476 1871 4531 mundi

1983 3337 2149 3389 unus,
2181 3329 2235 3377 et
2254 3324 2462 3393 positus
2492 3330 2570 3378 est
2598 3338 2768 3394 supra
2798 3338 2855 3378 os
2887 3323 3037 3387 laci;
3066 3326 3123 3378 et
3160 3321 3376 3378 iterum
3407 3338 3421 3378 :
3453 3326 3509 3378 et
3535 3339 3645 3380 non

1979 3419 2341 3483 pervenerant
2370 3426 2537 3484 usque
2565 3411 2635 3467 ad
2656 3413 3032 3483 pavimen.um
3058 3411 3189 3478 laci,
3234 3412 3403 3468 donec
3420 3428 3510 3467 an
3526 3414 3643 3484 ipe-

1986 3507 2107 3555 rent
2136 3516 2224 3555 eos
2254 3501 2449 3566 leones,
2480 3508 2532 3556 et
2577 3501 2765 3556 omnia
2809 3516 2929 3557 ossa
2960 3517 3150 3557 eorum
3177 3502 3644 3557 comminuerunt.

1986 3587 2244 3644 Petimus
2274 3587 2456 3662 igitur
2483 3589 2745 3645 canendo
2770 3592 2835 3645 ut
2860 3589 3107 3645 Domino
3138 3589 3371 3646 animas
3394 3606 3642 3647 suorum

1986 3676 2250 3733 ﬁdelium
2282 3679 2355 3734 de
2386 3678 2675 3751 profundo
2706 3677 2836 3746 laci,
2871 3679 2930 3736 id
2959 3682 3050 3736 est
3086 3677 3323 3746 inferni,
3374 3678 3606 3736 liberet.

2055 3766 2351 3823 Debemus
2380 3765 2561 3839 igitur
2591 3784 2769 3823 sacrae
2816 3767 3132 3840 Scriptum
3165 3768 3378 3825 seriem
3404 3767 3651 3827 ﬁrmiter

1982 3858 2180 3912 tenere
2221 3872 2288 3911 ac
2327 3856 2456 3927 ejus
2500 3863 2756 3912 tenorem
2797 3856 2857 3912 in
2903 3856 3185 3913 omnibus
3235 3856 3650 3914 inviolabiliter

1984 3944 2694 4012 observare,attendentes
2720 3945 2876 4017 quod
2909 3945 3149 4017 quidam
3174 3946 3409 4019 sapiens
3440 3947 3644 4003 admo-

1984 4037 2087 4089 net
2116 4032 2319 4089 dicens
2345 4051 2357 4089 :
2393 4033 2656 4089 Prudens
2687 4032 2889 4100 lector,
2918 4049 3151 4106 semper
3180 4050 3317 4090 cave
3358 4034 3647 4106 supersti-

1982 4121 2197 4178 tiosam
2231 4120 2697 4194 intelligentiam,
2722 4127 2789 4177 ut
2804 4138 2919 4177 non
2942 4126 3044 4178 tuo
3067 4122 3267 4178 sensui
3294 4126 3659 4194 attemperes.

1981 4211 2102 4266 Scri
2110 4214 2337 4283 pturas,
2352 4210 2671 4284 Scripturis
2684 4227 2859 4268 sensu
2870 4228 2925 4266 m
2958 4214 3127 4267 tuum
3142 4211 3450 4284 adjungas.
3464 4209 3649 4284 Igitur

1983 4298 2460 4355 constituendum
2499 4303 2589 4356 est
2636 4303 2701 4355 ut
2749 4316 2917 4356 sacra
2966 4298 3262 4373 Evangelii
3305 4300 3501 4368 verba,
3536 4316 3644 4373 pa-

1982 4386 2378 4444 triarcharum
2410 4405 2476 4445 ac
2503 4388 2922 4462 prophetarum
2956 4388 3209 4459 oracula,
3244 4387 3667 4464 apostolorum.

1983 4466 2222 4549 scripta,
2240 4477 2352 4533 fide
2367 4476 2613 4551 integra,
2635 4476 2936 4533 devotione
2952 4494 3234 4550 congrua,
3251 4482 3315 4534 ut
3328 4477 3386 4533 in
3402 4476 3646 4534 authen-

211 4562 515 4652 sqrientes
540 4561 723 4652 videri
754 4566 811 4619 et
829 4579 959 4619 esse
988 4560 1211 4652 volunt,
1244 4579 1348 4635 per
1401 4562 1868 4652 superstitiosam
1901 4585 1960 4652 Ι)
1983 4565 2116 4621 ticis
2146 4564 2314 4621 libris
2330 4565 3639 4638 reperiuntur,incommutabiliterservemus,

214 4650 672 4725 intelligentiam
722 4668 901 4708 sacrm
937 4651 1246 4723 Scriptura:
1293 4651 1471 4708 verba
1520 4669 1627 4709 suo
1676 4652 1877 4709 sensui

217 4738 517 4813 applicare
545 4744 853 4807 conantur,
883 4744 941 4796 et
967 4741 1162 4806 verba,
1196 4756 1325 4812 qua:
1356 4740 1488 4812 ipsa
1524 4741 1627 4796 Dei
1668 4741 1874 4799 Virtus

219 4834 281 4885 et
306 4828 413 4885 Dei
445 4828 744 4901 Sapientia
771 4846 877 4902 per
895 4845 957 4884 se
986 4827 1350 4901 protulit,vel
1368 4829 1623 4902 Spiritus
1635 4835 1876 4887 sanctus

220 4934 330 4991 per
346 4916 878 4990 oraprophetarum
899 4934 966 4973 ac
987 4916 1385 4991 apostolorum
1407 4919 1694 4991 predixit,
1710 4919 1878 4976 aliter

225 5006 561 5063 secundum
590 5006 884 5063 Donatum
913 5012 971 5062 et
991 5005 1357 5063 Priscianum
1389 5008 1878 5080 permutandoca-

215 5096 379 5151 nunt
407 5096 467 5150 et
504 5093 731 5165 dicunt,
763 5094 906 5149 dum
937 5094 1132 5151 omnis
1161 5093 1536 5169 philosoPhia
1576 5096 1879 5152 mundana

214 5186 277 5239 et
317 5180 618 5240 mularis
673 5183 929 5240 scientiae
978 5183 1244 5240 doctrina
1281 5183 1567 5258 originem
1599 5202 1634 5241 a
1689 5202 1868 5242 sacra;

217 5271 543 5344 Scripturis
590 5273 935 5329 auctoritate
973 5273 1354 5346 sumpserint.
1407 5274 1542 5338 Qua:
1590 5273 1747 5330 enim
1782 5279 1873 5331 est

216 5362 658 5434 consequentia,
690 5366 758 5418 ut
812 5361 1147 5419 Priscianus
1198 5363 1491 5433 audiatur,
1522 5366 1581 5419 et
1632 5362 1868 5431 veritas,

218 5465 346 5520 qua
377 5450 535 5507 Deus
576 5456 686 5516 est,
719 5452 1169 5532 contemnatur?
1197 5452 1291 5507 Sic
1337 5453 1494 5508 enim
1539 5453 1867 5524 Terentius,

214 5536 520 5613 Virgilius,
544 5538 795 5608 Tullius,
826 5540 1134 5614 ceterique
1164 5540 1496 5598 liberalium
1537 5540 1868 5598 litterarum

214 5628 571 5702 sequacesin
582 5628 708 5688 suis
721 5630 1032 5705 scripturis
1043 5630 1154 5689 hoc
1178 5634 1540 5702 meruerunt,
1568 5634 1634 5688 ut
1666 5648 1868 5689 eorum

1965 4660 2315 4732 teneamus,
2349 4652 2774 4721 custodiamus,
2809 4671 2914 4711 nec
2944 4655 3167 4729 aliquid
3202 4656 3501 4713 addentes.
3537 4673 3645 4712 nec

1983 4743 2427 4809 dementes,nec
2440 4743 2822 4810 mutantes,si
2856 4743 3106 4800 velimus
3125 4743 3289 4800 illam
3318 4743 3641 4800 commina-

1981 4832 2202 4888 tionem
2232 4832 2473 4888 evadere
2498 4848 2677 4904 quam
2706 4831 2958 4904 Spiritus
2998 4838 3239 4888 sanctus
3259 4832 3431 4903 juxta
3460 4831 3639 4887 finem

1984 4919 2363 4993 Apocalypsis
2415 4919 2646 4976 videtur
2662 4919 2951 4977 intentare
2993 4921 3104 4977 :Si
3144 4921 3268 4993 quis
3313 4920 3642 4992 adposuerit

1988 5009 2058 5065 ad
2089 5009 2223 5076 hac,
2256 5015 2489 5080 apponet
2518 5009 2660 5064 Deus
2687 5025 2851 5081 super
2884 5010 3046 5065 illum
3082 5010 3282 5081 plagas
3320 5010 3553 5081 scriptas
3578 5010 3640 5064 in

1988 5098 2129 5155 libro
2158 5099 2305 5165 isto;
2334 5105 2384 5153 et
2412 5098 2464 5153 si
2492 5098 2616 5169 quis
2643 5097 2975 5154 deminuerit
2999 5097 3065 5153 de
3104 5098 3284 5153 verbis
3327 5098 3465 5154 libri
3500 5114 3638 5170 pro-

1972 5187 2182 5260 phetiae
2210 5188 2398 5259 hujus,
2429 5187 2641 5258 auferet
2666 5187 2804 5242 Deus
2829 5194 3045 5258 partem
3071 5188 3186 5259 ejus
3213 5185 3281 5243 de
3309 5187 3453 5243 libro
3480 5188 3636 5255 vitae,

1979 5285 2031 5333 et
2057 5277 2279 5333 civitate
2306 5283 2513 5343 sancta,
2539 5282 2590 5330 et
2615 5273 2680 5330 de
2708 5275 2793 5329 his
2820 5289 2946 5347 qua
2972 5284 3100 5331 sunt
3145 5276 3347 5348 scripta
3390 5276 3452 5331 in
3493 5276 3639 5332 libro

1979 5368 2101 5422 isto.
2120 5366 2270 5438 Ergo
2299 5363 2348 5420 si
2377 5362 2512 5435 quis
2540 5378 2645 5435 per
2670 5362 3069 5433 grammatice
3099 5363 3242 5421 artis
3271 5357 3536 5439 regulam
3552 5364 3636 5420 in-

1979 5454 2218 5529 genium
2230 5468 2407 5508 suum
2438 5467 2645 5507 acuere
2673 5451 2938 5522 voluerit,
2958 5458 3216 5511 exerceat
3231 5470 3294 5511 se
3310 5454 3367 5510 in
3392 5452 3631 5521 scholis,

1984 5547 2203 5611 utatur,
2253 5541 2301 5598 si
2348 5540 2508 5609 libet,
2560 5542 2778 5597 Donato
2836 5547 2895 5599 et
2942 5542 3244 5601 Prisciano
3307 5542 3630 5617 magistris,

1985 5633 2017 5688 d
2029 5630 2306 5689 ummodo
2317 5629 2479 5689 salva
2489 5646 2635 5688 verae
2647 5628 3144 5705 interpretationis
3165 5632 3501 5706 integritate
3514 5646 3629 5688 non
