4026 6184
439 282 596 350 H47

1510 277 1904 347 BEBNONIS
1947 279 2274 345 ABBATIS
2320 281 2754 348 AUGIENSIS.

3623 281 3737 347 lltS

438 424 648 496 renuat
677 417 940 478 debitum
967 415 1250 475 honorem
1281 414 1492 474 divinis
1541 415 1791 489 eloquiis
1842 433 2080 472 conser-
2110 416 2164 484 Α
2194 419 2370 474 Filius
2398 417 2668 474 Altissimi
2699 411 3278 487 voeabitur,usquein
3308 410 3460 471 illum
3478 410 3742 484 locum,ubi

339 575 345 580 _
435 529 592 570 vare.
625 510 738 570 Sed
768 509 839 566 de
866 507 960 566 his
990 507 1158 565 satis.
1189 506 1354 564 Nunc
1383 505 1688 563 videamur
1717 505 1787 562 de
1833 503 2076 562 caeteris.

505 603 556 658 9.
575 600 836 672 Denique
867 597 1011 654 illud
1044 595 1674 670 responsorium,quod
1709 594 2077 668 primoponi-

436 696 533 748 tur
561 690 620 746 in
665 687 1074 762 antiphonario
1099 705 1112 743 :
1145 686 1420 758 Aspiciens
1449 702 1484 741 a
1513 685 1670 754 longe
1695 701 1708 752 ;
1740 681 1830 738 vel
1859 682 1956 738 ille
1983 683 2077 737 in-

434 780 642 838 troitus
671 795 684 833 :
718 779 780 834 In
803 778 1013 834 excelso
1037 777 1271 841 throno;
1301 791 1406 830 nec
1434 791 1548 830 non
1579 777 1635 830 et
1667 772 1814 828 illud
1845 788 2080 844 respon-

432 869 676 940 sorium,
729 867 886 940 quod
952 865 1182 922 canitur
1227 865 1297 921 de
1343 868 1544 921 sancta
1611 861 1793 918 Maria
1846 877 2077 932 semper

427 957 666 1031 Virgine
691 975 703 1014 :
739 956 857 1012 Vidi
883 957 1178 1027 speciosam
1199 955 1340 1010 sicut
1367 953 1674 1009 columbam
1701 949 2077 1006 ascendentem

427 1048 658 1121 desuper
696 1046 839 1102 rivos
888 1061 1198 1117 aquarum,-
1241 1043 1300 1097 in
1341 1047 1462 1098 tota
1524 1058 1700 1098 sacra:
1763 1039 2074 1111 Scriptura;

361 1197 368 1202 ,
429 1136 712 1208 serie,ubi
739 1133 956 1206 scripta
980 1133 1098 1189 sint
1134 1131 1386 1204 reperire
1417 1148 1534 1204 npn
1567 1129 1750 1204 potui.
1786 1128 1897 1184 nisi
1928 1129 2076 1184 forte

429 1227 686 1283 existunt
709 1222 809 1296 qui
839 1222 1035 1278 dicant
1056 1221 1114 1277 in
1147 1221 1310 1276 initio
1341 1217 1912 1276 nascentisEcclcsiae
1927 1215 2076 1272 mul-

427 1319 517 1372 tos
531 1315 875 1386 interpretes
895 1313 1098 1378 fuisse,
1115 1309 1212 1382 qui
1228 1325 1453 1364 sacram
1468 1307 1588 1362 Scri
1599 1311 1697 1378 ptu
1707 1323 1830 1360 ram
1843 1305 1914 1360 de
1927 1305 2075 1360 Grae-

427 1421 493 1460 co
519 1401 580 1458 in
611 1401 879 1458 Latinum
903 1402 1212 1466 verterent,
1233 1401 1288 1452 et
1311 1396 1443 1451 inde
1473 1395 1587 1451 ista
1608 1398 1913 1466 assumpta
1932 1392 2070 1460 sint,

429 1495 740 1564 antequam
761 1489 820 1544 Β.
840 1485 1467 1560 llicronymus,divinze
1483 1483 1950 1556 legisinterpres,
1984 1486 2072 1538 to-

425 1585 553 1637 tum
566 1579 1196 1635 Vetus'l‘cstamentum
1209 1575 1279 1630 de
1291 1574 1526 1630 Hebrzeo
1541 1572 1598 1627 in
1613 1571 1884 1628 Latinum
1895 1575 2075 1626 verte-

427 1673 511 1726 ret
523 1673 579 1724 et
589 1667 728 1723 LXX
742 1666 1126 1737 Interpretum
1140 1663 1456 1720 editionem
1469 1661 1834 1717 emendatam
1851 1659 2075 1715 Latinis

427 1757 669 1816 auribus
683 1753 1087 1856 traderetsed
1108 1753 1351 1824 probare
1375 1748 2073 1856 indealnquidnonLaude-
2105 1791 2152 1856 B

427 1864 560 1903 mus
584 1845 738 1902 unde
759 1843 1057 1915 nihilcerti
1073 1847 1363 1906 tenemus,
1381 1855 1718 1912 quanquam
1735 1837 1857 1910 ipse
1871 1837 2075 1892 beatus

426 1937 813 2008 Hieronymus
837 1931 898 1988 in
929 1931 1181 2004 quodam
1217 1945 1504 1994 sermone,
1527 1943 1702 2001 quem
1733 1927 1803 1982 ad
1833 1924 2074 1981 Paulam

425 2023 873 2082 etEustochium
899 2023 967 2078 de
985 2019 1389 2093 assumptione
1401 2021 1614 2074 sanctze
1639 2015 1740 2072 Dei
1753 2013 2072 2088 genitricis,

425 2115 640 2182 Marias,
664 2128 897 2184 semper
921 2109 1187 2183 virginis,
1219 2107 1570 2182 composuit,
1602 2109 1866 2173 testatur,
1895 2104 2074 2174 hujus

407 2201 781 2280 iresponsorii
810 2199 986 2254 verba
1015 2199 1072 2252 in
1093 2197 1345 2252 Canticis
1373 2195 1736 2252 canticorum
1755 2193 2076 2261 haberi,ita

426 2277 772 2363 inquiens:«
800 2289 879 2344 Dc
908 2287 1088 2358 hujus
1119 2285 1399 2341 nimirum
1427 2284 1498 2340 ad
1529 2282 1703 2338 cmlos
1733 2281 2075 2338 ascensione

427 2377 612 2435 multo
643 2375 993 2433 admirantis
1025 2374 1239 2428 intuitu
1273 2377 1628 2429 secretorum
1653 2369 2075 2442 contemplator

427 2465 750 2523 cmlestium
783 2463 842 2520 in
873 2461 1128 2520 Canticis
1160 2461 1426 2533 sequitur
1457 2475 1471 2516 :
1511 2460 1673 2531 Vidi,,
1708 2458 1920 2532 inquit,
1952 2475 2073 2530 spe-

423 2558 626 2613 ciosam
669 2555 812 2611 sicut
855 2551 1173 2610 columbam
1212 2550 1586 2606 ascendentem
1643 2549 1871 2620 desuper
1928 2549 2074 2603 rivos

426 2661 722 2719 aquarum,
774 2646 884 2699 etc.
919 2664 948 2694 »
988 2645 1206 2696 Verum
1247 2639 1346 2695 ubi
1399 2639 1500 2694 illa
1545 2639 1722 2694 verba
1767 2637 2071 2704 invenerit,

426 2739 769 2792 utrumnam
800 2731 927 2805 ipse
955 2747 1024 2786 ea
1051 2726 1742 2797 transtulerit,incertum
1764 2726 2071 2790 habemus,

424 2840 528 2899 pro
572 2826 729 2879 certo
772 2821 1022 2878 scientes
1089 2819 1243 2892 quod
1306 2818 1480 2890 juxta
1536 2816 1687 2872 hanc
1733 2815 2072 2884 editionem,

425 2929 602 2988 quam
651 2927 758 2969 nos
790 2916 862 2966 ab
911 2925 978 2966 eo
1023 2912 1310 2975 tenemus,
1344 2905 1586 2962 minime
1633 2903 1889 2961 invenire
1933 2921 2073 2976 pos-

425 3019 656 3160 ωὲιυιέιῗί
692 3089 922 3146 canitur
949 3057 1233 3144 desancto
1263 3083 1614 3142 Michaelein
1638 3081 1738 3138 illa
1754 3083 2076 3156 antiphona

2188 512 2394 564 sancta
2425 504 2607 562 Maria
2635 503 2783 562 dixit
2811 503 2884 560 ad
2919 501 3222 578 angelum:
3243 502 3496 572 Quomodo
3519 503 3594 574 [iet
3619 506 3743 576 istud,

2185 598 2448 669 quoniam
2476 597 2658 652 virum
2686 611 2798 651 non
2827 597 3128 662 cognosco?
3155 601 3206 649 et
3241 591 3542 664 respondens
3574 596 3746 664 angelus

2183 685 2329 742 dixit
2352 688 2424 753 ei,
2459 702 2574 741 non
2605 685 2677 740 de
2708 683 3000 756 praesenti,
3019 681 3121 738 sed
3149 683 3220 738 de
3252 682 3436 737 futuro
3461 682 3745 755 praedicens:

2183 776 2421 848 Spiritus
2448 783 2670 830 sanctus
2699 773 3042 844 superveniet
3071 773 3130 827 in
3159 773 3230 837 te,
3260 775 3314 828 et
3343 773 3503 826 virtus
3542 771 3752 828 Altissimi

2183 865 2528 921 obumbrabit
2556 865 2676 931 tibi,
2709 861 2934 934 ideoque
2973 868 3026 916 et
3070 859 3212 933 quod
3251 863 3496 916 nascetur
3534 868 3748 925 sanctum,

2182 955 2460 1010 vocabitur
2487 954 2668 1008 Filius
2696 952 2815 1020 Dei,
2848 951 3178 1022 usquedum
3211 947 3482 1005 Mariaita
3505 947 3750 1005 conclusit:

2185 1047 2315 1099 Ecce
2359 1043 2566 1098 ancilla
2612 1041 2854 1106 Domini,
2886 1055 3002 1094 non
3049 1037 3379 1105 iudicando,
3422 1037 3514 1092 sed
3555 1037 3753 1109 optando

2183 1133 2265 1188 ait
2296 1149 2310 1187 :
2349 1132 2472 1186 Fiat
2499 1131 2644 1186 mihi
2684 1128 2983 1186 secundum
3013 1129 3238 1183 verbum
3285 1134 3454 1182 tuum.
3486 1125 3576 1181 His
3609 1126 3753 1181 verbis

2183 1221 2328 1278 satis
2341 1221 2478 1276 datu
2489 1217 2798 1291 rintelligi,
2817 1218 2972 1290 quod
2991 1233 3162 1273 nemo
3177 1231 3432 1288 unquam
3443 1214 3576 1270 scire
3588 1212 3750 1286 potuit,

2183 1314 2393 1383 potest,
2426 1307 2515 1364 vel
2547 1307 2776 1380 poterit,
2796 1305 3090 1380 quomodo
3123 1304 3308 1362 Filius
3339 1303 3436 1360 Dei
3463 1319 3556 1376 per
3579 1306 3756 1359 uterum

2183 1399 2411 1454 intacta:
2444 1396 2688 1471 virginis
2707 1396 2778 1452 ad
2812 1393 3197 1451 salvationem
3219 1392 3458 1450 humani
3485 1391 3678 1464 generis
3694 1391 3758 1446 in-

2183 1486 2376 1552 travit,
2395 1490 2453 1542 et
2478 1485 2676 1542 clauso
2708 1488 2921 1540 sanctae
2952 1483 3241 1540 castitatis
3269 1479 3456 1556 sigillo
3485 1479 3758 1552 exivitlpso

2181 1576 2336 1632 enim
2353 1576 2525 1647 juxta
2541 1572 2856 1630 Ezechielis
2884 1571 3228 1628 vaticinium
3249 1571 3598 1644 praefigurata
3611 1566 3762 1624 estilla

2183 1669 2353 1738 porta
2400 1664 2622 1736 jugiter
2669 1667 2881 1728 serata,
2922 1659 3030 1716 soli
3078 1665 3193 1717 Deo
3242 1657 3451 1734 pervia,
3483 1660 3762 1730 cooperante

2182 1753 2403 1826 Spiritu
2427 1757 2630 1809 saneto
2662 1749 3036 1807 ineli'abiliter
3075 1749 3252 1822 Virgo
3301 1747 3502 1806 Filium
3548 1745 3633 1802 Dei
3662 1761 3762 1806 can-

2187 1843 2356 1916 cepit,
2381 1841 2517 1897 etin
2548 1841 2774 1896 unitatc
2797 1855 3060 1912 personas
3091 1854 3298 1894 verum
3329 1837 3505 1892 Deum
3537 1838 3589 1890 et
3609 1849 3761 1890 verum

2184 1931 2484 1988 hominem
2515 1928 2692 2002 Virgo
2719 1927 2964 2001 peperit,
2997 1930 3054 1983 et
3086 1930 3222 2000 post
3247 1929 3472 1998 partum
3502 1922 3763 1996 Virgoper-

2185 2021 2423 2076 mansit.
2457 2019 2624 2074 Unde
2655 2019 2713 2073 in
2745 2016 2844 2074 illo
2875 2015 3250 2090 responsorio
3284 2032 3297 2071 :
3331 2014 3540 2086 Suscipe
3571 2013 3760 2069 Verbum:

2183 2109 2284 2166 ubi
2319 2127 2424 2165 nos
2455 2107 2724 2164 canimus
2753 2107 3048 2178 :concipies
3073 2121 3177 2174 per
3203 2101 3622 2170 aurem,rectius
3655 2099 3766 2154 dice-

2184 2215 2383 2255 remus
2408 2214 2421 2254 :
2455 2197 2736 2268 Conczpics
2759 2197 2822 2252 in
2847 2202 3019 2250 utero.
3053 2192 3208 2250 Illud
3237 2202 3371 2250 vero
3395 2208 3408 2248 :
3433 2189 3764 2250 Annuntiatum

2181 2292 2260 2344 est
2303 2305 2401 2360 per
2447 2287 2754 2345 Gabrielem
2803 2283 3218 2355 archangelum,
3242 2283 3377 2354 jure
3406 2297 3439 2336 a
3465 2275 3766 2352 sapientibus

2182 2377 2413 2432 videtur
2439 2391 2568 2432 esse
2598 2373 2994 2447 reprobatum,
3015 2372 3171 2428 sicut
3193 2377 3250 2427 et
3279 2365 3770 2442 illud,quodinipsa

2183 2469 2387 2523 sancta
2405 2461 2734 2520 Nativitatis
2764 2465 2933 2518 nocte
2961 2460 3197 2517 canitur
3235 2477 3248 2516 :
3291 2458 3559 2516 Descendit
3581 2455 3638 2512 de
3657 2454 3771 2510 celi:

2181 2557 2380 2610 missus
2424 2555 2492 2609 ab
2525 2568 2650 2608 arce
2677 2552 2883 2616 Patris,
2914 2551 3166 2606 introivit
3209 2565 3310 2622 per
3351 2563 3532 2604 aurem
3578 2543 3764 2615 Virginis

2182 2645 2244 2699 in
2288 2645 2567 2714 regionem
2611 2649 2857 2698 nostram
2903 2638 3108 2695 merito
3159 2639 3463 2702 relutatur,
3500 2639 3552 2691 et
3595 2648 3680 2705 pro
3715 2645 3764 2684 eo

2183 2731 2390 2789 multis
2419 2729 2740 2788 Galliarum
2771 2727 3071 2798 Ecclesiis,
3103 2727 3262 2799 quod
3293 2726 3487 2782 subter
3513 2717 3764 2779 scribendo

2182 2821 2568 2893 subjecimus,
2595 2817 2786 2874 taliter
2829 2815 3171 2873 modulatur
3207 2833 3220 2872 :
3254 2813 3526 2872 Descendit
3565 2810 3623 2867 de
3657 2806 3767 2864 aclis

2183 2915 2327 2968 Deus
2353 2926 2512 2967 verus
2531 2926 2567 2964 a
2595 2915 2759 2965 Patre
2787 2907 3024 2976 genitus,
3058 2906 3312 2961 introivit
3354 2905 3410 2960 in
3440 2911 3632 2958 uterum
3673 2897 3763 2953 l’ir-

2181 3002 2354 3068 ninis,
2388 2999 2547 3056 nobis
2576 3006 2638 3054 ut
2659 3004 2946 3070 appareret
2977 2996 3238 3062 visibilis,
3275 2994 3492 3050 indutus
3517 3005 3657 3047 carne
3684 2987 3764 3040 hu-

2180 3108 2347 3146 mana
2373 3087 2773 3162 protoparentis
2802 3086 2952 3154 Adae,
2985 3089 3040 3143 et
3076 3086 3254 3142 exivit
3295 3100 3396 3157 per
3421 3086 3640 3140 clausam
3667 3090 3764 3148 por-

422 3180 514 3238 vel
534 3178 799 3237 alleluia:
835 3179 1164 3235 Concussum
1191 3184 1267 3233 est
1292 3189 1444 3230 mare
1471 3181 1523 3230 et
1547 3175 1872 3229 contremuit
1901 3181 2067 3239 terra,
2101 3161 2147 3229 C.
2181 3185 2297 3236 tam
2323 3181 2466 3236 Deus
2511 3185 2562 3234 ει
2607 3178 2784 3245 homo,
2817 3177 2918 3231 tua;
2955 3181 3006 3231 ει
3049 3177 3184 3243 vita,
3221 3173 3474 3231 conditor
3514 3165 3702 3226 mundi.
3725 3166 3765 3224 ἡ.

423 3270 522 3328 ubi
562 3267 920 3340 archangelus
957 3266 1184 3322 Michael
1241 3262 1592 3320 descendebat
1633 3261 1698 3318 de
1746 3262 1901 3328 caelo,
1953 3277 2068 3332 quo

425 3356 806 3432 quaerendum
837 3358 895 3411 et
923 3352 1339 3409 inveniendum
1352 3352 1430 3407 sit
1457 3349 1582 3406 loco
1598 3349 1832 3422 penitus
1843 3350 2068 3422 ignoro,

426 3444 530 3503 Illa
559 3443 900 3518 antiphona,
932 3458 1109 3515 quam
1140 3440 1381 3514 quidam
1413 3443 1654 3495 cantant
1685 3439 1742 3493 in
1765 3437 2022 3494 Ecclesia
2053 3456 2066 3494 :

425 3535 616 3591 Sancti
652 3534 801 3600 estis,
833 3531 966 3587 dicit
1011 3532 1296 3596 Dominus,
1354 3529 1731 3600 multiplicabo
1776 3544 2071 3584 numerum

427 3627 684 3688 vestrum,
716 3628 778 3676 ut
817 3622 979 3677 oretis
1025 3635 1127 3690 pro
1172 3619 1370 3691 populo
1416 3633 1533 3673 meo
1579 3619 1639 3672 in
1669 3617 1782 3674 loro
1815 3619 1936 3684 isto,
1969 3617 2069 3672 ubi

428 3711 712 3770 Dominus
722 3709 844 3766 hinc
857 3710 1029 3765 verba
1041 3706 1250 3764 dixerit
1265 3723 1378 3762 non
1400 3705 1565 3761 facile
1593 3705 1903 3762 invenitur.
1935 3706 2068 3772 Sed,

428 3799 568 3874 quia
601 3801 748 3856 Deus
777 3798 992 3856 veritas
1016 3801 1126 3866 est,
1161 3795 1364 3852 debuit
1391 3794 1692 3851 veritatem
1741 3794 1932 3850 dicere
1969 3794 2070 3866 qui

395 3966 405 3972 _
428 3891 501 3948 de
527 3906 594 3947 eo
615 3887 756 3946 talia
777 3887 1078 3962 praesumit
1097 3886 1374 3960 proferre,
1394 3901 1507 3940 non
1530 3883 1899 3940 timensillud
1914 3883 2069 3956 quod

427 3979 712 4036 Dominus
742 3994 844 4052 per
861 3975 1202 4049 prophetam
1221 3974 1634 4041 comminatur,
1651 3973 1880 4029 dicens:
1902 3973 2070 4028 Num-

425 4068 688 4144 quidnam
733 4068 1000 4122 visionem
1055 4081 1267 4122 cassam
1310 4063 1526 4120 vidistis
1569 4067 1622 4118 et
1671 4063 2073 4118 divinationem

425 4157 740 4215 mendacem
770 4156 939 4212 locuti
965 4157 1136 4211 estis?
1157 4161 1209 4210 et
1251 4152 1436 4208 dicitis
1469 4169 1482 4208 :
1515 4151 1605 4206 Ait
1625 4152 1908 4218 Dominus,
1945 4167 2073 4206 cum

425 4263 521 4320 ego
551 4263 658 4303 non
687 4247 790 4302 sim
819 4245 1025 4301 locutus
1057 4242 1282 4314 (Etech.
1313 4257 1437 4308 xm,
1459 4240 1538 4312 7).

2182 3271 2459 3342 Tanquam
2487 3282 2736 3339 sponsus.

2249 3357 2399 3414 Illud
2427 3373 2662 3429 quoque
2693 3355 3158 3427 responsorium,
3195 3352 3351 3426 quod
3383 3351 3439 3406 in
3469 3351 3584 3422 ipsa
3619 3359 3769 3402 sacra-

2181 3447 2412 3503 tissima
2442 3449 2610 3502 nocte
2640 3444 2892 3513 canitur,
2925 3443 3007 3498 ita
3035 3442 3328 3516 incipiens
3357 3459 3370 3497 :
3403 3440 3589 3496 Sancta
3607 3442 3650 3491 et
3690 3433 3774 3487 im-

2177 3535 2457 3592 maculata
2483 3535 2800 3604 virginitas,
2831 3532 3030 3606 quibus
3061 3539 3110 3588 te
3163 3531 3419 3588 laudibns
3460 3529 3682 3599 referam,
3703 3535 3771 3575 nt-

2176 3627 2286 3682 scio
2313 3625 2444 3697 quia
2467 3639 2626 3696 quem
2655 3623 2784 3680 caeli
2811 3637 3004 3694 capere
3049 3637 3161 3677 non
3198 3625 3471 3694 poterant,
3493 3625 3576 3672 tuo
3610 3609 3768 3684 grauia

2176 3713 2477 3782 contulisti,
2512 3729 2691 3786 quam
2709 3709 2871 3782 jusle
2916 3713 3092 3783 queat
3121 3707 3492 3783 reprehendi,
3521 3700 3664 3760 facile
3699 3713 3768 3786 po:

2176 3807 2293 3860 test
2348 3783 2608 3870 adverti;
2655 3801 2739 3856 ait
2780 3801 2940 3856 enim
2991 3799 3060 3854 ad
3102 3799 3495 3872 virginitatem
3538 3790 3678 3866 quasi
3715 3783 3766 3839 ad

2179 3891 2494 3964 quamdam
2514 3887 2819 3945 feminam:
2838 3888 3040 3945 Sancta
3055 3895 3107 3945 et
3131 3887 3487 3944 immaculata
3525 3876 3766 3954 virginitas

2179 3997 2314 4037 cum
2343 3977 2649 4051 virginitas
2682 3994 2797 4034 non
2829 3977 2907 4034 sit
2937 3977 3175 4046 femina,
3191 3977 3295 4033 sed
3325 3971 3578 4049 quaedam
3603 3968 3763 4024 virtus.

2179 4088 2215 4126 a
2244 4069 2501 4135 nomine,
2529 4067 2684 4140 quod
2711 4070 2800 4122 est
2827 4066 3008 4140 virgo,
3029 4065 3114 4122 sic
3144 4065 3546 4129 denominata;
3571 4061 3622 4115 et
3646 4051 3768 4140 ﬁnita

2181 4155 2550 4232 responsorio
2564 4139 2978 4229 apostropham
3009 4155 3081 4210 ad
3108 4155 3299 4228 ipsam
3335 4151 3618 4219 facit,cum
3645 4139 3765 4198 dicit:

2180 4247 2469 4305 Benedicta
2533 4249 2595 4301 tu
2643 4246 2700 4301 in
2751 4245 3101 4313 mulieribus,
3153 4249 3208 4300 et
3253 4241 3552 4300 benedictus
3609 4235 3769 4308 fructm

357 4407 370 4412 _
462 4319 469 4320 ί
504 4337 565 4392 In
589 4334 688 4391 illo
721 4332 1090 4407 responsorio
1125 4349 1138 4386 :
1171 4331 1392 4403 Suscipe
1415 4329 1661 4398 Verbum,
1697 4329 1848 4398 virgo
1867 4331 2071 4396 Maria,
2179 4337 2382 4394 ventris
2406 4337 2525 4403 tui,-
2555 4351 2691 4390 cum
2745 4334 2964 4390 rectius
2991 4337 3048 4390 et
3109 4333 3303 4406 magis
3352 4327 3614 4388 catholica
3653 4319 3768 4376 idem

427 4424 488 4482 in
520 4423 619 4480 illo
645 4423 790 4490 loco,
825 4421 922 4477 ubi
951 4419 1232 4492 scriptum
1263 4422 1354 4474 est
1386 4435 1398 4474 :
1431 4418 1699 4489 concipies
1723 4433 1826 4489 per
1852 4433 2070 4488 aurem;
2183 4424 2620 4499 responsorium
2654 4421 2845 4480 [aliter
2890 4421 3233 4479 modulatur
3266 4437 3280 4478 ε
3307 4423 3502 4478 Sancta
3538 4418 3584 4474 et
3618 4413 3767 4499 imma-

429 4518 488 4571 et
518 4513 577 4568 in
607 4510 708 4566 illo
742 4509 1111 4583 responsorio
1144 4527 1157 4565 :
1191 4509 1596 4600 Annuntiatum
1623 4510 1828 4600 est-per
1859 4505 2075 4564 Gabrie-
2103 4534 2152 4600 Β
2179 4495 2364 4573 cutim;
2396 4516 2545 4584 uirgo
2577 4511 2770 4582 Maria,
2785 4513 2985 4584 quibus
3020 4515 3073 4566 te
3087 4511 3346 4567 laudibus
3361 4495 3766 4581 referammexitl.

429 4605 538 4660 lem
565 4600 958 4680 archangelum
985 4601 1178 4656 Mariae
1209 4598 1419 4669 virgini
1445 4596 1510 4652 de
1553 4596 1787 4652 introitu
1826 4599 1990 4668 regis,
2022 4607 2076 4655 et
2103 4591 2145 4600 ”
2181 4607 2313 4679 quia
2336 4620 2497 4677 quem
2523 4603 2651 4659 cali
2676 4617 2870 4674 capere
2895 4618 3006 4658 ηοη
3030 4604 3306 4672 poterant,
3339 4608 3429 4656 tuo
3468 4591 3650 4669 gremio
3670 4599 3766 4640 con-

429 4696 704 4766 ingressus
731 4675 812 4746 est
831 4705 930 4762 per
956 4687 1298 4760 splendidam
1347 4687 1626 4755 regionem
1672 4702 1867 4742 aurem
1910 4689 2083 4758 Virgi-
2188 4675 2387 4750 ξαιίειὶ,
2426 4693 2477 4761 ξ,
2529 4691 2828 4748 Benedicta
2858 4697 2918 4746 tu
2966 4690 3025 4744 in
3053 4689 3401 4757 mulieribus,
3429 4693 3478 4742 ει
3525 4675 3768 4738 benedictus

427 4785 517 4838 nis
543 4781 772 4837 visitare
793 4777 1070 4851 palatium
1115 4776 1284 4862 pteri,
1316 4781 1368 4831 et
1397 4790 1669 4844 regressus
1716 4783 1795 4831 est
1838 4793 1940 4848 per
1985 4795 2084 4834 au-
2183 4785 2398 4856 fructus
2429 4781 2632 4838 ventri;
2663 4781 2766 4836 mi,

427 4888 581 4928 ream
599 4848 820 4942 portam
856 4848 1277 4938 Virginis,'satis
1295 4862 1596 4937 pueriliter
1623 4867 1680 4919 et
1709 4863 2074 4938 simpliciter,
2183 4848 2194 4856 ⁷
2257 4871 2363 4928 Illa
2393 4869 2882 4944 antiphona,quie
2914 4867 2974 4923 in
3011 4866 3208 4941 vigilia
3239 4866 3498 4939 ejusdem
3520 4848 3767 4944 Dominis:

428 4936 656 5016 utinam
687 4975 800 5014 non
834 4936 1032 5012 minus
1063 4936 1344 5011 catholice
1364 4951 1586 5008 dictum
1603 4955 1710 5007 est.
1734 4951 1791 5006 Si
1813 4936 2078 5022 enim,ut
2184 4936 2789 5018 nativitatis-canum:
2821 4974 2834 5012 ε
2867 4957 3006 5012 Dum
3053 4936 3202 5014 οἷοιηε
3253 4936 3424 5029 fuerit
3469 4949 3542 5008 δοι
3570 4936 3782 5029 ἀπάξιον

430 5047 512 5103 illi
531 5051 820 5114 asserunt,
836 5046 1034 5102 statim
1052 5039 1504 5115 utverbaangeli
1522 5039 1762 5108 audivit,
1787 5043 2070 5116 concepit,
2181 5051 2440 5108 videbitis
2468 5051 2661 5121 Regem
2689 5063 2880 5118 regum
2901 5045 2990 5112 ;in
3024 5027 3379 5119 quibusdam
3409 5035 3672 5098 codicibus
3694 5027 3767 5081 ha-

431 5135 574 5208 quid
607 5135 1033 5209 iaciuntmoraa
1081 5137 1379 5189 tantarum
1412 5128 1840 5186 sententiarum
1871 5133 1945 5188 ab
1976 5131 2074 5189 illo
2184 5141 2355 5196 betur
2381 5137 2668 5210 scriptum
2693 5154 2706 5192 ;
2730 5134 3104 5208 procedentem
3131 5152 3166 5190 α
3190 5138 3359 5190 patre
3387 5136 3628 5201 tanquam
3644 5128 3763 5189 spon-

430 5225 577 5281 loco.
612 5224 714 5280 ubi
761 5223 1006 5296 angelus
1047 5221 1196 5277 dixit
1229 5237 1243 5278 :
1285 5220 1408 5288 Ave,
1443 5220 1634 5286 Maria,
1666 5222 1851 5289 gratia
1888 5221 2074 5292 plena,
2183 5246 2307 5286 sum
2346 5227 2413 5284 de
2457 5228 2699 5282 thalamo
2746 5240 2864 5292 suo,
2897 5222 3165 5296 quamvis
3207 5223 3288 5290 id,
3321 5241 3354 5278 α
3391 5223 3564 5281 patre,
3601 5228 3632 5265 α
3669 5217 3762 5260 m0-

430 5315 696 5371 Dominus
743 5322 918 5368 (ecum
975 5311 1254 5368 benedicta
1318 5319 1377 5366 tu
1434 5310 1496 5365 in
1559 5308 1903 5366 mulieribus.
1946 5311 2080 5379 Quae
2187 5317 2386 5374 demis
2414 5315 2491 5372 sit
2519 5316 2830 5380 abrasum;
2864 5329 2982 5368 non
3031 5311 3186 5369 enim
3215 5311 3388 5377 Deus,
3419 5305 3512 5364 Dei
3547 5297 3762 5358 Filius,a

429 5421 555 5460 cum
584 5401 845 5467 audisset,
879 5401 1098 5456 turbata
1127 5409 1202 5455 est
1236 5402 1296 5454 in
1323 5414 1570 5455 sermone
1599 5397 1717 5469 ejus
1741 5413 1753 5453 :
1777 5399 1847 5454 Et
1873 5415 1886 5453 :
1919 5400 1995 5456 Ne
2016 5403 2081 5457 ti-
2186 5407 2302 5464 Deo
2334 5406 2502 5462 Patre
2529 5409 2813 5476 tanquam
2861 5419 3116 5474 sponsus
3166 5401 3235 5457 de
3266 5397 3513 5456 thalamo
3539 5403 3631 5446 suo
3661 5394 3761 5476 Ριςρῖ

429 5509 598 5562 meas,
630 5492 845 5558 Maria,-
873 5505 992 5546 ecce
1018 5488 1287 5560 concipics
1311 5489 1367 5543 in
1401 5492 1572 5553 utero,
1589 5494 1638 5543 et
1661 5489 1847 5560 paries
1875 5489 2077 5560 ﬁlium,
2188 5495 2504 5564 cessitﬁed
2537 5494 2595 5548 in
2627 5466 2866 5565 ἦίι-εμιθ
2889 5466 3074 5547 {nam
3095 5486 3660 5546 δυωειηαωηειιηηω
3676 5466 3759 5524 sibi

431 5591 482 5641 et
526 5581 738 5643 vocabis
793 5594 988 5669 nomen
1045 5577 1161 5650 ejus
1206 5579 1390 5636 Iesum
1407 5596 1430 5645 ;
1468 5579 1557 5634 hic
1597 5578 1704 5633 erit
1750 5593 1978 5650 magnus
2028 5588 2073 5639 el

2191 5582 2520 5650 associavit,
2534 5580 2688 5638 etsie
2717 5581 2788 5638 de
2809 5579 3065 5653 Virginis
3099 5584 3257 5636 utero
3275 5585 3538 5648 tanquam
3559 5567 3762 5638 εροηειιιε
