  <div class='ocr_page' id='page_1' title='image "/cluster/home/n/w/nwhite01/storage/ocr_20150623/142/hvd.32044054760020/580.png"; bbox 0 0 4052 6158; ppageno 0'>
   <div class='ocr_carea' id='block_1_1' title="bbox 197 344 360 411">
    <p class='ocr_par' dir='ltr' id='par_1_1' title="bbox 197 344 360 411">
     <span class='ocr_line' id='line_1_1' title="bbox 197 344 360 411; baseline 0 0"><span class='ocrx_word' id='word_1_1' title='bbox 197 344 360 411; x_wconf 70' lang='grc'>4149</span> 
     </span>
    </p>
   </div>
   <div class='ocr_carea' id='block_1_2' title="bbox 1171 336 2696 404">
    <p class='ocr_par' dir='ltr' id='par_1_2' title="bbox 1171 336 2696 404">
     <span class='ocr_line' id='line_1_2' title="bbox 1171 336 2696 404; baseline 0.001 -4"><span class='ocrx_word' id='word_1_2' title='bbox 1171 339 1276 400; x_wconf 91' lang='lat' dir='ltr'>DE</span> <span class='ocrx_word' id='word_1_3' title='bbox 1320 336 1586 400; x_wconf 81' lang='lat' dir='ltr'><strong>VARIA</strong></span> <span class='ocrx_word' id='word_1_4' title='bbox 1628 336 1918 401; x_wconf 86' lang='lat' dir='ltr'>PSALM.</span> <span class='ocrx_word' id='word_1_5' title='bbox 1966 337 2069 401; x_wconf 82' lang='grc' dir='ltr'>ΕΤ</span> <span class='ocrx_word' id='word_1_6' title='bbox 2113 338 2342 403; x_wconf 79' lang='lat' dir='ltr'>CANT.</span> <span class='ocrx_word' id='word_1_7' title='bbox 2390 339 2696 404; x_wconf 90' lang='lat' dir='ltr'>MODUL.</span> 
     </span>
    </p>
   </div>
   <div class='ocr_carea' id='block_1_3' title="bbox 3528 348 3685 419">
    <p class='ocr_par' dir='ltr' id='par_1_3' title="bbox 3528 348 3685 419">
     <span class='ocr_line' id='line_1_3' title="bbox 3528 348 3685 419; baseline -0.013 0"><span class='ocrx_word' id='word_1_8' title='bbox 3528 348 3685 419; x_wconf 76' lang='lat'>{150</span> 
     </span>
    </p>
   </div>
   <div class='ocr_carea' id='block_1_4' title="bbox 124 471 3687 556">
    <p class='ocr_par' dir='ltr' id='par_1_4' title="bbox 124 471 3687 556">
     <span class='ocr_line' id='line_1_4' title="bbox 124 471 3687 556; baseline 0.002 -16"><span class='ocrx_word' id='word_1_9' title='bbox 124 520 133 539; x_wconf 71' lang='grc' dir='ltr'><strong><em>τ</em></strong></span> <span class='ocrx_word' id='word_1_10' title='bbox 196 477 492 556; x_wconf 83' lang='lat' dir='ltr'>processit</span> <span class='ocrx_word' id='word_1_11' title='bbox 523 476 595 533; x_wconf 89' lang='lat' dir='ltr'>de</span> <span class='ocrx_word' id='word_1_12' title='bbox 624 471 881 531; x_wconf 76' lang='lat' dir='ltr'>thalamo</span> <span class='ocrx_word' id='word_1_13' title='bbox 905 489 1012 530; x_wconf 89' lang='lat' dir='ltr'>suo</span> <span class='ocrx_word' id='word_1_14' title='bbox 1039 472 1200 528; x_wconf 88' lang='lat' dir='ltr'>:ideo</span> <span class='ocrx_word' id='word_1_15' title='bbox 1226 472 1454 528; x_wconf 87' lang='lat' dir='ltr'>rectius</span> <span class='ocrx_word' id='word_1_16' title='bbox 1487 471 1770 556; x_wconf 67' lang='lat' dir='ltr'>canitur:</span> <span class='ocrx_word' id='word_1_17' title='bbox 1803 475 1899 530; x_wconf 86' lang='lat' dir='ltr'>Vi-</span> <span class='ocrx_word' id='word_1_18' title='bbox 1928 475 1986 541; x_wconf 75' lang='grc' dir='ltr'><strong>Α</strong></span> <span class='ocrx_word' id='word_1_19' title='bbox 2017 475 2284 546; x_wconf 80' lang='lat' dir='ltr'>pertinet,</span> <span class='ocrx_word' id='word_1_20' title='bbox 2318 476 2575 547; x_wconf 81' lang='lat' dir='ltr'>ideoque</span> <span class='ocrx_word' id='word_1_21' title='bbox 2615 475 2839 531; x_wconf 84' lang='lat' dir='ltr'>rectius</span> <span class='ocrx_word' id='word_1_22' title='bbox 2900 476 3014 534; x_wconf 87' lang='lat' dir='ltr'>dici</span> <span class='ocrx_word' id='word_1_23' title='bbox 3075 485 3301 554; x_wconf 83' lang='lat' dir='ltr'>poterat</span> <span class='ocrx_word' id='word_1_24' title='bbox 3336 502 3349 540; x_wconf 87' lang='lat'><strong>:</strong></span> <span class='ocrx_word' id='word_1_25' title='bbox 3384 489 3687 547; x_wconf 78' lang='lat' dir='ltr'>lnnovatur</span> 
     </span>
    </p>
   </div>
   <div class='ocr_carea' id='block_1_5' title="bbox 200 547 1901 639">
    <p class='ocr_par' dir='ltr' id='par_1_5' title="bbox 200 547 1901 639">
     <span class='ocr_line' id='line_1_5' title="bbox 200 547 1901 639; baseline -0.005 -11"><span class='ocrx_word' id='word_1_26' title='bbox 200 547 404 628; x_wconf 72' lang='lat' dir='ltr'>debitis</span> <span class='ocrx_word' id='word_1_27' title='bbox 435 571 630 639; x_wconf 85' lang='lat' dir='ltr'>Regem</span> <span class='ocrx_word' id='word_1_28' title='bbox 688 580 873 636; x_wconf 84' lang='lat' dir='ltr'>regam</span> <span class='ocrx_word' id='word_1_29' title='bbox 911 563 1291 634; x_wconf 78' lang='lat' dir='ltr'>procedentem</span> <span class='ocrx_word' id='word_1_30' title='bbox 1319 579 1354 617; x_wconf 88' lang='lat' dir='ltr'>a</span> <span class='ocrx_word' id='word_1_31' title='bbox 1386 547 1573 617; x_wconf 53' lang='lat' dir='ltr'>Matr‘e</span> <span class='ocrx_word' id='word_1_32' title='bbox 1629 569 1901 636; x_wconf 86' lang='lat' dir='ltr'>tanquam</span> 
     </span>
    </p>
   </div>
   <div class='ocr_carea' id='block_1_6' title="bbox 202 657 982 735">
    <p class='ocr_par' dir='ltr' id='par_1_6' title="bbox 202 657 982 735">
     <span class='ocr_line' id='line_1_6' title="bbox 202 657 982 735; baseline -0.014 -17"><span class='ocrx_word' id='word_1_33' title='bbox 202 676 469 735; x_wconf 84' lang='lat' dir='ltr'>sponsum</span> <span class='ocrx_word' id='word_1_34' title='bbox 498 657 565 712; x_wconf 89' lang='lat' dir='ltr'>de</span> <span class='ocrx_word' id='word_1_35' title='bbox 599 657 831 711; x_wconf 84' lang='lat' dir='ltr'>thatamo</span> <span class='ocrx_word' id='word_1_36' title='bbox 861 670 982 709; x_wconf 86' lang='lat' dir='ltr'>suo.</span> 
     </span>
    </p>
   </div>
   <div class='ocr_carea' id='block_1_7' title="bbox 281 738 1902 815">
    <p class='ocr_par' dir='ltr' id='par_1_7' title="bbox 281 738 1902 815">
     <span class='ocr_line' id='line_1_7' title="bbox 281 738 1902 815; baseline -0.006 -11"><span class='ocrx_word' id='word_1_37' title='bbox 281 751 368 805; x_wconf 91' lang='grc'>10.</span> <span class='ocrx_word' id='word_1_38' title='bbox 402 748 594 814; x_wconf 88' lang='lat' dir='ltr'>Nunc,</span> <span class='ocrx_word' id='word_1_39' title='bbox 630 743 762 799; x_wconf 89' lang='lat' dir='ltr'>licet</span> <span class='ocrx_word' id='word_1_40' title='bbox 791 746 1146 815; x_wconf 66' lang='lat' dir='ltr'>praepostero</span> <span class='ocrx_word' id='word_1_41' title='bbox 1178 741 1413 806; x_wconf 86' lang='lat' dir='ltr'>ordine,</span> <span class='ocrx_word' id='word_1_42' title='bbox 1447 738 1591 795; x_wconf 88' lang='lat' dir='ltr'>illas</span> <span class='ocrx_word' id='word_1_43' title='bbox 1617 741 1902 813; x_wconf 87' lang='lat' dir='ltr'>antipho-</span> 
     </span>
    </p>
   </div>
   <div class='ocr_carea' id='block_1_8' title="bbox 206 827 1906 901">
    <p class='ocr_par' dir='ltr' id='par_1_8' title="bbox 206 827 1906 901">
     <span class='ocr_line' id='line_1_8' title="bbox 206 827 1906 901; baseline -0.009 -5"><span class='ocrx_word' id='word_1_44' title='bbox 206 856 317 895; x_wconf 89' lang='lat' dir='ltr'>nas</span> <span class='ocrx_word' id='word_1_45' title='bbox 349 833 621 893; x_wconf 87' lang='lat' dir='ltr'>convenit</span> <span class='ocrx_word' id='word_1_46' title='bbox 652 828 1009 901; x_wconf 84' lang='lat' dir='ltr'>conspicere,</span> <span class='ocrx_word' id='word_1_47' title='bbox 1036 847 1161 901; x_wconf 67' lang='lat' dir='ltr'>qum</span> <span class='ocrx_word' id='word_1_48' title='bbox 1186 829 1257 884; x_wconf 91' lang='lat' dir='ltr'>ad</span> <span class='ocrx_word' id='word_1_49' title='bbox 1282 827 1687 883; x_wconf 85' lang='lat' dir='ltr'>invitandum</span> <span class='ocrx_word' id='word_1_50' title='bbox 1714 829 1906 884; x_wconf 75' lang='lat' dir='ltr'>Domi-</span> 
     </span>
    </p>
   </div>
   <div class='ocr_carea' id='block_1_9' title="bbox 209 917 1905 991">
    <p class='ocr_par' dir='ltr' id='par_1_9' title="bbox 209 917 1905 991">
     <span class='ocr_line' id='line_1_9' title="bbox 209 917 1905 991; baseline -0.008 -6"><span class='ocrx_word' id='word_1_51' title='bbox 209 944 353 985; x_wconf 87' lang='lat' dir='ltr'>num</span> <span class='ocrx_word' id='word_1_52' title='bbox 385 925 458 981; x_wconf 87' lang='lat' dir='ltr'>ab</span> <span class='ocrx_word' id='word_1_53' title='bbox 518 918 1124 991; x_wconf 83' lang='lat' dir='ltr'>litteraOincipiunt,</span> <span class='ocrx_word' id='word_1_54' title='bbox 1184 922 1241 973; x_wconf 89' lang='lat' dir='ltr'>et</span> <span class='ocrx_word' id='word_1_55' title='bbox 1298 917 1389 972; x_wconf 91' lang='lat' dir='ltr'>sic</span> <span class='ocrx_word' id='word_1_56' title='bbox 1452 931 1559 986; x_wconf 90' lang='lat' dir='ltr'>per</span> <span class='ocrx_word' id='word_1_57' title='bbox 1625 917 1905 972; x_wconf 80' lang='lat' dir='ltr'>ordinem</span> 
     </span>
    </p>
   </div>
   <div class='ocr_carea' id='block_1_10' title="bbox 208 1003 1911 1089">
    <p class='ocr_par' dir='ltr' id='par_1_10' title="bbox 208 1003 1911 1089">
     <span class='ocr_line' id='line_1_10' title="bbox 208 1003 1911 1089; baseline -0.007 -16"><span class='ocrx_word' id='word_1_58' title='bbox 208 1016 476 1089; x_wconf 81' lang='lat' dir='ltr'>ejusdem</span> <span class='ocrx_word' id='word_1_59' title='bbox 512 1011 719 1066; x_wconf 81' lang='lat' dir='ltr'>litterae</span> <span class='ocrx_word' id='word_1_60' title='bbox 748 1007 993 1061; x_wconf 82' lang='lat' dir='ltr'>vadunt.</span> <span class='ocrx_word' id='word_1_61' title='bbox 1027 1008 1170 1062; x_wconf 89' lang='lat' dir='ltr'>Nam</span> <span class='ocrx_word' id='word_1_62' title='bbox 1203 1005 1358 1062; x_wconf 80' lang='lat' dir='ltr'>sicut</span> <span class='ocrx_word' id='word_1_63' title='bbox 1396 1003 1719 1059; x_wconf 81' lang='lat' dir='ltr'>sancitum</span> <span class='ocrx_word' id='word_1_64' title='bbox 1753 1010 1844 1061; x_wconf 89' lang='lat' dir='ltr'>est</span> <span class='ocrx_word' id='word_1_65' title='bbox 1876 1024 1911 1061; x_wconf 89' lang='lat' dir='ltr'>a</span> 
     </span>
    </p>
   </div>
   <div class='ocr_carea' id='block_1_11' title="bbox 211 1090 1909 1168">
    <p class='ocr_par' dir='ltr' id='par_1_11' title="bbox 211 1090 1909 1168">
     <span class='ocr_line' id='line_1_11' title="bbox 211 1090 1909 1168; baseline -0.007 -6"><span class='ocrx_word' id='word_1_66' title='bbox 211 1103 434 1163; x_wconf 83' lang='lat' dir='ltr'>sanctis</span> <span class='ocrx_word' id='word_1_67' title='bbox 464 1099 759 1163; x_wconf 88' lang='lat' dir='ltr'>Patribus,</span> <span class='ocrx_word' id='word_1_68' title='bbox 787 1094 885 1150; x_wconf 91' lang='lat' dir='ltr'>ille</span> <span class='ocrx_word' id='word_1_69' title='bbox 919 1093 1295 1168; x_wconf 88' lang='lat' dir='ltr'>peroptabilis</span> <span class='ocrx_word' id='word_1_70' title='bbox 1327 1090 1570 1148; x_wconf 87' lang='lat' dir='ltr'>Domini</span> <span class='ocrx_word' id='word_1_71' title='bbox 1608 1093 1909 1150; x_wconf 78' lang='lat' dir='ltr'>adventus</span> 
     </span>
    </p>
   </div>
   <div class='ocr_carea' id='block_1_12' title="bbox 212 1181 1908 1252">
    <p class='ocr_par' dir='ltr' id='par_1_12' title="bbox 212 1181 1908 1252">
     <span class='ocr_line' id='line_1_12' title="bbox 212 1181 1908 1252; baseline -0.008 0"><span class='ocrx_word' id='word_1_72' title='bbox 212 1196 395 1252; x_wconf 85' lang='lat' dir='ltr'>trium</span> <span class='ocrx_word' id='word_1_73' title='bbox 407 1186 1006 1247; x_wconf 88' lang='lat' dir='ltr'>heddomadarumnu</span> <span class='ocrx_word' id='word_1_74' title='bbox 1016 1200 1171 1239; x_wconf 90' lang='lat' dir='ltr'>mero</span> <span class='ocrx_word' id='word_1_75' title='bbox 1184 1181 1662 1239; x_wconf 86' lang='lat' dir='ltr'>anteadventum</span> <span class='ocrx_word' id='word_1_76' title='bbox 1678 1181 1908 1238; x_wconf 87' lang='lat' dir='ltr'>Domini</span> 
     </span>
    </p>
   </div>
   <div class='ocr_carea' id='block_1_13' title="bbox 213 1268 1907 1347">
    <p class='ocr_par' dir='ltr' id='par_1_13' title="bbox 213 1268 1907 1347">
     <span class='ocr_line' id='line_1_13' title="bbox 213 1268 1907 1347; baseline -0.009 -5"><span class='ocrx_word' id='word_1_77' title='bbox 213 1289 305 1342; x_wconf 86' lang='lat' dir='ltr'>est</span> <span class='ocrx_word' id='word_1_78' title='bbox 336 1280 715 1343; x_wconf 88' lang='lat' dir='ltr'>constitutus,</span> <span class='ocrx_word' id='word_1_79' title='bbox 747 1290 877 1347; x_wconf 73' lang='lat' dir='ltr'>quae</span> <span class='ocrx_word' id='word_1_80' title='bbox 912 1290 1018 1346; x_wconf 92' lang='lat' dir='ltr'>per</span> <span class='ocrx_word' id='word_1_81' title='bbox 1051 1270 1314 1345; x_wconf 86' lang='lat' dir='ltr'>singulos</span> <span class='ocrx_word' id='word_1_82' title='bbox 1344 1269 1483 1325; x_wconf 90' lang='lat' dir='ltr'>dies</span> <span class='ocrx_word' id='word_1_83' title='bbox 1512 1268 1710 1325; x_wconf 87' lang='lat' dir='ltr'>variis</span> <span class='ocrx_word' id='word_1_84' title='bbox 1755 1271 1907 1327; x_wconf 82' lang='lat' dir='ltr'>anti-</span> 
     </span>
    </p>
   </div>
   <div class='ocr_carea' id='block_1_14' title="bbox 215 1360 1903 1447">
    <p class='ocr_par' dir='ltr' id='par_1_14' title="bbox 215 1360 1903 1447">
     <span class='ocr_line' id='line_1_14' title="bbox 215 1360 1903 1447; baseline -0.007 -19"><span class='ocrx_word' id='word_1_85' title='bbox 215 1374 548 1447; x_wconf 88' lang='lat' dir='ltr'>phonarum</span> <span class='ocrx_word' id='word_1_86' title='bbox 564 1360 1381 1434; x_wconf 71' lang='lat' dir='ltr'>cantilenissuntprtesoriptae</span> <span class='ocrx_word' id='word_1_87' title='bbox 1400 1361 1624 1429; x_wconf 63' lang='lat' dir='ltr'>etpraeo</span> <span class='ocrx_word' id='word_1_88' title='bbox 1634 1360 1903 1431; x_wconf 80' lang='lat' dir='ltr'>rdinatae,</span> 
     </span>
    </p>
   </div>
   <div class='ocr_carea' id='block_1_15' title="bbox 216 1447 1902 1525">
    <p class='ocr_par' dir='ltr' id='par_1_15' title="bbox 216 1447 1902 1525">
     <span class='ocr_line' id='line_1_15' title="bbox 216 1447 1902 1525; baseline -0.008 -5"><span class='ocrx_word' id='word_1_89' title='bbox 216 1462 330 1520; x_wconf 85' lang='lat' dir='ltr'>Sed</span> <span class='ocrx_word' id='word_1_90' title='bbox 355 1464 411 1516; x_wconf 88' lang='lat' dir='ltr'>et</span> <span class='ocrx_word' id='word_1_91' title='bbox 428 1458 545 1514; x_wconf 94' lang='lat' dir='ltr'>tria</span> <span class='ocrx_word' id='word_1_92' title='bbox 563 1453 755 1513; x_wconf 82' lang='lat' dir='ltr'>ofﬁcia</span> <span class='ocrx_word' id='word_1_93' title='bbox 768 1469 873 1525; x_wconf 89' lang='lat' dir='ltr'>per</span> <span class='ocrx_word' id='word_1_94' title='bbox 893 1450 1160 1525; x_wconf 86' lang='lat' dir='ltr'>singulas</span> <span class='ocrx_word' id='word_1_95' title='bbox 1178 1449 1357 1505; x_wconf 89' lang='lat' dir='ltr'>trium</span> <span class='ocrx_word' id='word_1_96' title='bbox 1373 1447 1902 1506; x_wconf 81' lang='lat' dir='ltr'>hebdomadarum</span> 
     </span>
    </p>
   </div>
   <div class='ocr_carea' id='block_1_16' title="bbox 218 1536 1902 1610">
    <p class='ocr_par' dir='ltr' id='par_1_16' title="bbox 218 1536 1902 1610">
     <span class='ocr_line' id='line_1_16' title="bbox 218 1536 1902 1610; baseline -0.007 -3"><span class='ocrx_word' id='word_1_97' title='bbox 218 1547 556 1608; x_wconf 89' lang='lat' dir='ltr'>Dominicas</span> <span class='ocrx_word' id='word_1_98' title='bbox 599 1548 740 1601; x_wconf 88' lang='lat' dir='ltr'>sunt</span> <span class='ocrx_word' id='word_1_99' title='bbox 764 1542 1111 1606; x_wconf 89' lang='lat' dir='ltr'>constituta,</span> <span class='ocrx_word' id='word_1_100' title='bbox 1140 1541 1195 1594; x_wconf 87' lang='lat' dir='ltr'>et</span> <span class='ocrx_word' id='word_1_101' title='bbox 1232 1538 1372 1610; x_wconf 83' lang='lat' dir='ltr'>quia</span> <span class='ocrx_word' id='word_1_102' title='bbox 1408 1536 1568 1593; x_wconf 90' lang='lat' dir='ltr'>idem</span> <span class='ocrx_word' id='word_1_103' title='bbox 1602 1539 1902 1596; x_wconf 85' lang='lat' dir='ltr'>terminus</span> 
     </span>
    </p>
   </div>
   <div class='ocr_carea' id='block_1_17' title="bbox 220 1626 1899 1704">
    <p class='ocr_par' dir='ltr' id='par_1_17' title="bbox 220 1626 1899 1704">
     <span class='ocr_line' id='line_1_17' title="bbox 220 1626 1899 1704; baseline -0.007 -9"><span class='ocrx_word' id='word_1_104' title='bbox 220 1640 508 1696; x_wconf 79' lang='lat' dir='ltr'>adventus</span> <span class='ocrx_word' id='word_1_105' title='bbox 538 1632 776 1691; x_wconf 88' lang='lat' dir='ltr'>Domini</span> <span class='ocrx_word' id='word_1_106' title='bbox 808 1649 843 1687; x_wconf 87' lang='lat' dir='ltr'>a</span> <span class='ocrx_word' id='word_1_107' title='bbox 863 1631 1075 1704; x_wconf 89' lang='lat' dir='ltr'>quinta</span> <span class='ocrx_word' id='word_1_108' title='bbox 1106 1627 1230 1699; x_wconf 85' lang='lat' dir='ltr'>Kal.</span> <span class='ocrx_word' id='word_1_109' title='bbox 1254 1626 1602 1683; x_wconf 84' lang='lat' dir='ltr'>Decembris</span> <span class='ocrx_word' id='word_1_110' title='bbox 1630 1645 1818 1700; x_wconf 90' lang='lat' dir='ltr'>usque</span> <span class='ocrx_word' id='word_1_111' title='bbox 1838 1629 1899 1685; x_wconf 92' lang='lat' dir='ltr'>in</span> 
     </span>
    </p>
   </div>
   <div class='ocr_carea' id='block_1_18' title="bbox 221 1716 1895 1798">
    <p class='ocr_par' dir='ltr' id='par_1_18' title="bbox 221 1716 1895 1798">
     <span class='ocr_line' id='line_1_18' title="bbox 221 1716 1895 1798; baseline -0.007 -13"><span class='ocrx_word' id='word_1_112' title='bbox 221 1730 421 1785; x_wconf 88' lang='lat' dir='ltr'>Nonas</span> <span class='ocrx_word' id='word_1_113' title='bbox 449 1724 719 1798; x_wconf 83' lang='lat' dir='ltr'>ejusdem</span> <span class='ocrx_word' id='word_1_114' title='bbox 750 1721 979 1776; x_wconf 87' lang='lat' dir='ltr'>mensis</span> <span class='ocrx_word' id='word_1_115' title='bbox 1003 1718 1151 1775; x_wconf 80' lang='lat' dir='ltr'>solet</span> <span class='ocrx_word' id='word_1_116' title='bbox 1178 1716 1433 1779; x_wconf 81' lang='lat' dir='ltr'>extendi,</span> <span class='ocrx_word' id='word_1_117' title='bbox 1453 1732 1523 1771; x_wconf 86' lang='lat' dir='ltr'>ex</span> <span class='ocrx_word' id='word_1_118' title='bbox 1544 1716 1640 1771; x_wconf 88' lang='lat' dir='ltr'>his</span> <span class='ocrx_word' id='word_1_119' title='bbox 1663 1718 1895 1787; x_wconf 88' lang='lat' dir='ltr'>diebus,</span> 
     </span>
    </p>
   </div>
   <div class='ocr_carea' id='block_1_19' title="bbox 2009 563 3734 640">
    <p class='ocr_par' dir='ltr' id='par_1_19' title="bbox 2009 563 3734 640">
     <span class='ocr_line' id='line_1_19' title="bbox 2009 563 3734 640; baseline 0.012 -22"><span class='ocrx_word' id='word_1_120' title='bbox 2009 567 2252 631; x_wconf 87' lang='lat' dir='ltr'>natura;</span> <span class='ocrx_word' id='word_1_121' title='bbox 2284 563 2446 620; x_wconf 90' lang='lat' dir='ltr'>velut</span> <span class='ocrx_word' id='word_1_122' title='bbox 2478 564 2845 636; x_wconf 85' lang='lat' dir='ltr'>quibusdam</span> <span class='ocrx_word' id='word_1_123' title='bbox 2881 566 3073 640; x_wconf 82' lang='lat' dir='ltr'>placet</span> <span class='ocrx_word' id='word_1_124' title='bbox 3103 587 3115 624; x_wconf 91' lang='lat'><strong>:</strong></span> <span class='ocrx_word' id='word_1_125' title='bbox 3142 572 3434 632; x_wconf 85' lang='lat' dir='ltr'>Innovutor</span> <span class='ocrx_word' id='word_1_126' title='bbox 3465 587 3687 639; x_wconf 70' lang='lat' dir='ltr'>natura:</span> <span class='ocrx_word' id='word_1_127' title='bbox 3729 609 3734 612; x_wconf 93' lang='grc'><strong>·</strong></span> 
     </span>
    </p>
   </div>
   <div class='ocr_carea' id='block_1_20' title="bbox 2012 654 2680 724">
    <p class='ocr_par' dir='ltr' id='par_1_20' title="bbox 2012 654 2680 724">
     <span class='ocr_line' id='line_1_20' title="bbox 2012 654 2680 724; baseline 0.001 -17"><span class='ocrx_word' id='word_1_128' title='bbox 2012 654 2154 708; x_wconf 80' lang='lat' dir='ltr'>Deus</span> <span class='ocrx_word' id='word_1_129' title='bbox 2184 655 2340 710; x_wconf 88' lang='lat' dir='ltr'>homo</span> <span class='ocrx_word' id='word_1_130' title='bbox 2367 656 2553 724; x_wconf 84' lang='lat' dir='ltr'>factus</span> <span class='ocrx_word' id='word_1_131' title='bbox 2581 662 2680 710; x_wconf 89' lang='lat' dir='ltr'>est.</span> 
     </span>
    </p>
   </div>
   <div class='ocr_carea' id='block_1_21' title="bbox 2086 741 3684 829">
    <p class='ocr_par' dir='ltr' id='par_1_21' title="bbox 2086 741 3684 829">
     <span class='ocr_line' id='line_1_21' title="bbox 2086 741 3684 829; baseline 0.013 -33"><span class='ocrx_word' id='word_1_132' title='bbox 2086 741 2233 797; x_wconf 91' lang='lat' dir='ltr'>Illud</span> <span class='ocrx_word' id='word_1_133' title='bbox 2261 743 2710 815; x_wconf 90' lang='lat' dir='ltr'>responsorium</span> <span class='ocrx_word' id='word_1_134' title='bbox 2746 761 2758 797; x_wconf 89' lang='lat'>:</span> <span class='ocrx_word' id='word_1_135' title='bbox 2792 746 2857 801; x_wconf 87' lang='lat' dir='ltr'>In</span> <span class='ocrx_word' id='word_1_136' title='bbox 2914 749 3182 806; x_wconf 60' lang='lat' dir='ltr'>columbae</span> <span class='ocrx_word' id='word_1_137' title='bbox 3234 755 3413 824; x_wconf 81' lang='lat' dir='ltr'>specie</span> <span class='ocrx_word' id='word_1_138' title='bbox 3441 756 3684 829; x_wconf 80' lang='lat' dir='ltr'>Spiritus</span> 
     </span>
    </p>
   </div>
   <div class='ocr_carea' id='block_1_22' title="bbox 2013 833 3682 903">
    <p class='ocr_par' dir='ltr' id='par_1_22' title="bbox 2013 833 3682 903">
     <span class='ocr_line' id='line_1_22' title="bbox 2013 833 3682 903; baseline 0.01 -17"><span class='ocrx_word' id='word_1_139' title='bbox 2013 839 2235 887; x_wconf 83' lang='lat' dir='ltr'>sanctus</span> <span class='ocrx_word' id='word_1_140' title='bbox 2263 834 2414 887; x_wconf 84' lang='lat' dir='ltr'>vis-us</span> <span class='ocrx_word' id='word_1_141' title='bbox 2471 839 2575 897; x_wconf 86' lang='lat' dir='ltr'>est,</span> <span class='ocrx_word' id='word_1_142' title='bbox 2633 833 2876 889; x_wconf 84' lang='lat' dir='ltr'>Paterna</span> <span class='ocrx_word' id='word_1_143' title='bbox 2906 853 3011 891; x_wconf 67' lang='lat' dir='ltr'>vox</span> <span class='ocrx_word' id='word_1_144' title='bbox 3064 838 3257 894; x_wconf 82' lang='lat' dir='ltr'>audita</span> <span class='ocrx_word' id='word_1_145' title='bbox 3314 851 3391 898; x_wconf 86' lang='lat' dir='ltr'>est</span> <span class='ocrx_word' id='word_1_146' title='bbox 3423 862 3445 898; x_wconf 74' lang='grc' dir='ltr'>,ο</span> <span class='ocrx_word' id='word_1_147' title='bbox 3474 846 3575 901; x_wconf 78' lang='lat' dir='ltr'>llic</span> <span class='ocrx_word' id='word_1_148' title='bbox 3601 853 3682 903; x_wconf 88' lang='lat' dir='ltr'>est</span> 
     </span>
    </p>
   </div>
   <div class='ocr_carea' id='block_1_23' title="bbox 2016 921 3681 1005">
    <p class='ocr_par' dir='ltr' id='par_1_23' title="bbox 2016 921 3681 1005">
     <span class='ocr_line' id='line_1_23' title="bbox 2016 921 3681 1005; baseline 0.01 -30"><span class='ocrx_word' id='word_1_149' title='bbox 2016 921 2191 975; x_wconf 86' lang='lat' dir='ltr'>Filius</span> <span class='ocrx_word' id='word_1_150' title='bbox 2219 938 2370 975; x_wconf 84' lang='lat' dir='ltr'>meus</span> <span class='ocrx_word' id='word_1_151' title='bbox 2398 922 2667 985; x_wconf 84' lang='lat' dir='ltr'>dilectus,</span> <span class='ocrx_word' id='word_1_152' title='bbox 2722 923 2783 976; x_wconf 89' lang='lat' dir='ltr'>in</span> <span class='ocrx_word' id='word_1_153' title='bbox 2833 940 2938 995; x_wconf 86' lang='lat' dir='ltr'>quo</span> <span class='ocrx_word' id='word_1_154' title='bbox 2987 926 3128 981; x_wconf 85' lang='lat' dir='ltr'>mihi</span> <span class='ocrx_word' id='word_1_155' title='bbox 3180 928 3310 984; x_wconf 87' lang='lat' dir='ltr'>bene</span> <span class='ocrx_word' id='word_1_156' title='bbox 3356 935 3681 1005; x_wconf 86' lang='lat' dir='ltr'>complacui,</span> 
     </span>
    </p>
   </div>
   <div class='ocr_carea' id='block_1_24' title="bbox 2017 1008 3680 1090">
    <p class='ocr_par' dir='ltr' id='par_1_24' title="bbox 2017 1008 3680 1090">
     <span class='ocr_line' id='line_1_24' title="bbox 2017 1008 3680 1090; baseline 0.01 -27"><span class='ocrx_word' id='word_1_157' title='bbox 2017 1009 2115 1063; x_wconf 87' lang='lat' dir='ltr'>ubi</span> <span class='ocrx_word' id='word_1_158' title='bbox 2150 1010 2352 1064; x_wconf 91' lang='lat' dir='ltr'>ﬁnitur</span> <span class='ocrx_word' id='word_1_159' title='bbox 2382 1014 2441 1065; x_wconf 90' lang='lat' dir='ltr'>et</span> <span class='ocrx_word' id='word_1_160' title='bbox 2498 1008 2878 1076; x_wconf 77' lang='lat' dir='ltr'>terminatur,</span> <span class='ocrx_word' id='word_1_161' title='bbox 2940 1017 2998 1067; x_wconf 91' lang='lat' dir='ltr'>et</span> <span class='ocrx_word' id='word_1_162' title='bbox 3055 1016 3294 1086; x_wconf 88' lang='lat' dir='ltr'>quidam</span> <span class='ocrx_word' id='word_1_163' title='bbox 3346 1021 3680 1090; x_wconf 85' lang='lat' dir='ltr'>adjiciunt:</span> 
     </span>
    </p>
   </div>
   <div class='ocr_carea' id='block_1_25' title="bbox 2016 1099 3683 1176">
    <p class='ocr_par' dir='ltr' id='par_1_25' title="bbox 2016 1099 3683 1176">
     <span class='ocr_line' id='line_1_25' title="bbox 2016 1099 3683 1176; baseline 0.01 -25"><span class='ocrx_word' id='word_1_164' title='bbox 2016 1100 2199 1169; x_wconf 86' lang='lat' dir='ltr'>Ipsum</span> <span class='ocrx_word' id='word_1_165' title='bbox 2220 1120 2221 1123; x_wconf 47' lang='grc' dir='ltr'><strong>η</strong></span> <span class='ocrx_word' id='word_1_166' title='bbox 2243 1099 2453 1164; x_wconf 90' lang='lat' dir='ltr'>audite,</span> <span class='ocrx_word' id='word_1_167' title='bbox 2488 1116 2621 1170; x_wconf 80' lang='lat' dir='ltr'>quae</span> <span class='ocrx_word' id='word_1_168' title='bbox 2649 1115 2756 1153; x_wconf 85' lang='lat' dir='ltr'>vox</span> <span class='ocrx_word' id='word_1_169' title='bbox 2816 1117 2931 1155; x_wconf 92' lang='lat' dir='ltr'>non</span> <span class='ocrx_word' id='word_1_170' title='bbox 2965 1101 3023 1156; x_wconf 92' lang='lat' dir='ltr'>in</span> <span class='ocrx_word' id='word_1_171' title='bbox 3075 1104 3426 1176; x_wconf 83' lang='lat' dir='ltr'>baptismate</span> <span class='ocrx_word' id='word_1_172' title='bbox 3456 1115 3546 1166; x_wconf 90' lang='lat' dir='ltr'>est</span> <span class='ocrx_word' id='word_1_173' title='bbox 3575 1129 3683 1167; x_wconf 85' lang='lat' dir='ltr'>au-</span> 
     </span>
    </p>
   </div>
   <div class='ocr_carea' id='block_1_26' title="bbox 2018 1187 3684 1269">
    <p class='ocr_par' dir='ltr' id='par_1_26' title="bbox 2018 1187 3684 1269">
     <span class='ocr_line' id='line_1_26' title="bbox 2018 1187 3684 1269; baseline 0.011 -29"><span class='ocrx_word' id='word_1_174' title='bbox 2018 1187 2160 1255; x_wconf 89' lang='lat' dir='ltr'>dita,</span> <span class='ocrx_word' id='word_1_175' title='bbox 2195 1190 2293 1244; x_wconf 90' lang='lat' dir='ltr'>sed</span> <span class='ocrx_word' id='word_1_176' title='bbox 2326 1189 2383 1243; x_wconf 91' lang='lat' dir='ltr'>in</span> <span class='ocrx_word' id='word_1_177' title='bbox 2417 1192 2648 1255; x_wconf 83' lang='lat' dir='ltr'>monte,</span> <span class='ocrx_word' id='word_1_178' title='bbox 2685 1187 2785 1244; x_wconf 92' lang='lat' dir='ltr'>ubi</span> <span class='ocrx_word' id='word_1_179' title='bbox 2817 1192 3274 1265; x_wconf 85' lang='lat' dir='ltr'>transﬁguratus</span> <span class='ocrx_word' id='word_1_180' title='bbox 3306 1197 3615 1269; x_wconf 86' lang='lat' dir='ltr'>Dominus,</span> <span class='ocrx_word' id='word_1_181' title='bbox 3649 1220 3684 1258; x_wconf 89' lang='lat' dir='ltr'>a</span> 
     </span>
    </p>
   </div>
   <div class='ocr_carea' id='block_1_27' title="bbox 2014 1276 3683 1354">
    <p class='ocr_par' dir='ltr' id='par_1_27' title="bbox 2014 1276 3683 1354">
     <span class='ocr_line' id='line_1_27' title="bbox 2014 1276 3683 1354; baseline 0.01 -24"><span class='ocrx_word' id='word_1_182' title='bbox 2014 1276 2180 1332; x_wconf 85' lang='lat' dir='ltr'>Patre</span> <span class='ocrx_word' id='word_1_183' title='bbox 2210 1282 2301 1333; x_wconf 88' lang='lat' dir='ltr'>est</span> <span class='ocrx_word' id='word_1_184' title='bbox 2327 1276 2582 1349; x_wconf 90' lang='lat' dir='ltr'>prolata,</span> <span class='ocrx_word' id='word_1_185' title='bbox 2610 1280 2667 1332; x_wconf 91' lang='lat' dir='ltr'>et</span> <span class='ocrx_word' id='word_1_186' title='bbox 2696 1276 2827 1333; x_wconf 91' lang='lat' dir='ltr'>ideo</span> <span class='ocrx_word' id='word_1_187' title='bbox 2862 1278 3000 1334; x_wconf 90' lang='lat' dir='ltr'>huic</span> <span class='ocrx_word' id='word_1_188' title='bbox 3030 1286 3402 1354; x_wconf 82' lang='lat' dir='ltr'>reSponsorio</span> <span class='ocrx_word' id='word_1_189' title='bbox 3435 1305 3557 1345; x_wconf 91' lang='lat' dir='ltr'>non</span> <span class='ocrx_word' id='word_1_190' title='bbox 3593 1294 3683 1348; x_wconf 88' lang='lat' dir='ltr'>est</span> 
     </span>
    </p>
   </div>
   <div class='ocr_carea' id='block_1_28' title="bbox 2015 1365 2359 1437">
    <p class='ocr_par' dir='ltr' id='par_1_28' title="bbox 2015 1365 2359 1437">
     <span class='ocr_line' id='line_1_28' title="bbox 2015 1365 2359 1437; baseline 0.003 -18"><span class='ocrx_word' id='word_1_191' title='bbox 2015 1365 2359 1437; x_wconf 88' lang='lat' dir='ltr'>copulanda.</span> 
     </span>
    </p>
   </div>
   <div class='ocr_carea' id='block_1_29' title="bbox 2083 1455 3681 1537">
    <p class='ocr_par' dir='ltr' id='par_1_29' title="bbox 2083 1455 3681 1537">
     <span class='ocr_line' id='line_1_29' title="bbox 2083 1455 3681 1537; baseline 0.009 -27"><span class='ocrx_word' id='word_1_192' title='bbox 2083 1455 2170 1510; x_wconf 76' lang='lat' dir='ltr'>lt.</span> <span class='ocrx_word' id='word_1_193' title='bbox 2203 1457 2369 1510; x_wconf 91' lang='lat' dir='ltr'>Nunc</span> <span class='ocrx_word' id='word_1_194' title='bbox 2402 1455 2590 1527; x_wconf 87' lang='lat' dir='ltr'>igitur</span> <span class='ocrx_word' id='word_1_195' title='bbox 2619 1457 3020 1514; x_wconf 89' lang='lat' dir='ltr'>necessarium</span> <span class='ocrx_word' id='word_1_196' title='bbox 3051 1459 3281 1517; x_wconf 87' lang='lat' dir='ltr'>videtur</span> <span class='ocrx_word' id='word_1_197' title='bbox 3311 1462 3531 1537; x_wconf 89' lang='lat' dir='ltr'>aliquid</span> <span class='ocrx_word' id='word_1_198' title='bbox 3556 1471 3681 1524; x_wconf 89' lang='lat' dir='ltr'>tra-</span> 
     </span>
    </p>
   </div>
   <div class='ocr_carea' id='block_1_30' title="bbox 2011 1544 3686 1627">
    <p class='ocr_par' dir='ltr' id='par_1_30' title="bbox 2011 1544 3686 1627">
     <span class='ocr_line' id='line_1_30' title="bbox 2011 1544 3686 1627; baseline 0.008 -28"><span class='ocrx_word' id='word_1_199' title='bbox 2011 1545 2289 1600; x_wconf 89' lang='lat' dir='ltr'>ctandum</span> <span class='ocrx_word' id='word_1_200' title='bbox 2314 1545 2385 1601; x_wconf 91' lang='lat' dir='ltr'>de</span> <span class='ocrx_word' id='word_1_201' title='bbox 2402 1544 2804 1613; x_wconf 86' lang='lat' dir='ltr'>solemnitate,</span> <span class='ocrx_word' id='word_1_202' title='bbox 2821 1563 2949 1618; x_wconf 69' lang='lat' dir='ltr'>quea</span> <span class='ocrx_word' id='word_1_203' title='bbox 2963 1548 3406 1623; x_wconf 81' lang='lat' dir='ltr'>Septuagesima</span> <span class='ocrx_word' id='word_1_204' title='bbox 3425 1544 3686 1627; x_wconf 59' lang='lat' dir='ltr'>praetitu4</span> 
     </span>
    </p>
   </div>
   <div class='ocr_carea' id='block_1_31' title="bbox 2010 1632 3679 1708">
    <p class='ocr_par' dir='ltr' id='par_1_31' title="bbox 2010 1632 3679 1708">
     <span class='ocr_line' id='line_1_31' title="bbox 2010 1632 3679 1708; baseline 0.01 -21"><span class='ocrx_word' id='word_1_205' title='bbox 2010 1632 2185 1700; x_wconf 91' lang='lat' dir='ltr'>latur,</span> <span class='ocrx_word' id='word_1_206' title='bbox 2220 1650 2347 1705; x_wconf 68' lang='lat' dir='ltr'>quae</span> <span class='ocrx_word' id='word_1_207' title='bbox 2380 1634 2453 1689; x_wconf 89' lang='lat' dir='ltr'>ad</span> <span class='ocrx_word' id='word_1_208' title='bbox 2482 1649 2791 1707; x_wconf 86' lang='lat' dir='ltr'>vesperam</span> <span class='ocrx_word' id='word_1_209' title='bbox 2843 1635 3051 1708; x_wconf 88' lang='lat' dir='ltr'>incipit</span> <span class='ocrx_word' id='word_1_210' title='bbox 3089 1642 3146 1694; x_wconf 86' lang='lat' dir='ltr'>et</span> <span class='ocrx_word' id='word_1_211' title='bbox 3201 1646 3405 1697; x_wconf 87' lang='lat' dir='ltr'>contra</span> <span class='ocrx_word' id='word_1_212' title='bbox 3458 1662 3679 1703; x_wconf 90' lang='lat' dir='ltr'>morem</span> 
     </span>
    </p>
   </div>
   <div class='ocr_carea' id='block_1_32' title="bbox 2007 1721 3683 1804">
    <p class='ocr_par' dir='ltr' id='par_1_32' title="bbox 2007 1721 3683 1804">
     <span class='ocr_line' id='line_1_32' title="bbox 2007 1721 3683 1804; baseline 0.009 -27"><span class='ocrx_word' id='word_1_213' title='bbox 2007 1721 2473 1778; x_wconf 88' lang='lat' dir='ltr'>ecclesiasticum</span> <span class='ocrx_word' id='word_1_214' title='bbox 2498 1723 2573 1778; x_wconf 89' lang='lat' dir='ltr'>ad</span> <span class='ocrx_word' id='word_1_215' title='bbox 2591 1724 2922 1780; x_wconf 88' lang='lat' dir='ltr'>matutinas</span> <span class='ocrx_word' id='word_1_216' title='bbox 2945 1726 3177 1782; x_wconf 88' lang='lat' dir='ltr'>desinit.</span> <span class='ocrx_word' id='word_1_217' title='bbox 3204 1730 3390 1802; x_wconf 84' lang='lat' dir='ltr'>Igitur</span> <span class='ocrx_word' id='word_1_218' title='bbox 3410 1749 3683 1804; x_wconf 79' lang='lat' dir='ltr'>quaecun-</span> 
     </span>
    </p>
   </div>
   <div class='ocr_carea' id='block_1_33' title="bbox 225 1808 3683 1913">
    <p class='ocr_par' dir='ltr' id='par_1_33' title="bbox 225 1808 3683 1913">
     <span class='ocr_line' id='line_1_33' title="bbox 225 1808 3683 1913; baseline 0.002 -45"><span class='ocrx_word' id='word_1_219' title='bbox 225 1832 358 1887; x_wconf 78' lang='lat' dir='ltr'>quae</span> <span class='ocrx_word' id='word_1_220' title='bbox 388 1814 458 1868; x_wconf 92' lang='lat' dir='ltr'>de</span> <span class='ocrx_word' id='word_1_221' title='bbox 477 1816 695 1884; x_wconf 86' lang='lat' dir='ltr'>quarta</span> <span class='ocrx_word' id='word_1_222' title='bbox 725 1808 1105 1865; x_wconf 88' lang='lat' dir='ltr'>hebdomada</span> <span class='ocrx_word' id='word_1_223' title='bbox 1135 1809 1772 1913; x_wconf 46' lang='lat' dir='ltr'>supercrescu‘ntmnus</span> <span class='ocrx_word' id='word_1_224' title='bbox 1794 1810 1898 1862; x_wconf 90' lang='lat' dir='ltr'>aut</span> <span class='ocrx_word' id='word_1_225' title='bbox 1927 1849 1977 1913; x_wconf 84' lang='lat' dir='ltr'><strong>B</strong></span> <span class='ocrx_word' id='word_1_226' title='bbox 2009 1827 2121 1882; x_wconf 90' lang='lat' dir='ltr'>que</span> <span class='ocrx_word' id='word_1_227' title='bbox 2154 1810 2506 1867; x_wconf 82' lang='lat' dir='ltr'>festivitates</span> <span class='ocrx_word' id='word_1_228' title='bbox 2569 1811 2919 1867; x_wconf 87' lang='lat' dir='ltr'>solemniter</span> <span class='ocrx_word' id='word_1_229' title='bbox 2948 1815 3018 1869; x_wconf 90' lang='lat' dir='ltr'>ad</span> <span class='ocrx_word' id='word_1_230' title='bbox 3081 1815 3496 1887; x_wconf 83' lang='lat' dir='ltr'>celebrandum</span> <span class='ocrx_word' id='word_1_231' title='bbox 3538 1830 3683 1881; x_wconf 81' lang='lat' dir='ltr'>sunt</span> 
     </span>
    </p>
   </div>
   <div class='ocr_carea' id='block_1_34' title="bbox 230 1893 1895 1968">
    <p class='ocr_par' dir='ltr' id='par_1_34' title="bbox 230 1893 1895 1968">
     <span class='ocr_line' id='line_1_34' title="bbox 230 1893 1895 1968; baseline -0.005 -9"><span class='ocrx_word' id='word_1_232' title='bbox 230 1905 354 1959; x_wconf 92' lang='lat' dir='ltr'>duo</span> <span class='ocrx_word' id='word_1_233' title='bbox 373 1901 496 1957; x_wconf 90' lang='lat' dir='ltr'>dies</span> <span class='ocrx_word' id='word_1_234' title='bbox 511 1899 599 1956; x_wconf 88' lang='lat' dir='ltr'>vel</span> <span class='ocrx_word' id='word_1_235' title='bbox 615 1896 859 1966; x_wconf 86' lang='lat' dir='ltr'>tres,ve1</span> <span class='ocrx_word' id='word_1_236' title='bbox 882 1895 1204 1968; x_wconf 89' lang='lat' dir='ltr'>aliquando</span> <span class='ocrx_word' id='word_1_237' title='bbox 1224 1893 1481 1966; x_wconf 87' lang='lat' dir='ltr'>intregra</span> <span class='ocrx_word' id='word_1_238' title='bbox 1506 1894 1895 1962; x_wconf 88' lang='lat' dir='ltr'>hebdomada,</span> 
     </span>
    </p>
   </div>
   <div class='ocr_carea' id='block_1_35' title="bbox 226 1982 1896 2067">
    <p class='ocr_par' dir='ltr' id='par_1_35' title="bbox 226 1982 1896 2067">
     <span class='ocr_line' id='line_1_35' title="bbox 226 1982 1896 2067; baseline -0.004 -20"><span class='ocrx_word' id='word_1_239' title='bbox 226 1991 450 2067; x_wconf 86' lang='lat' dir='ltr'>placuit</span> <span class='ocrx_word' id='word_1_240' title='bbox 463 1986 863 2061; x_wconf 90' lang='lat' dir='ltr'>antiphonarii</span> <span class='ocrx_word' id='word_1_241' title='bbox 881 1985 1208 2042; x_wconf 87' lang='lat' dir='ltr'>ordinatori</span> <span class='ocrx_word' id='word_1_242' title='bbox 1228 1999 1329 2055; x_wconf 91' lang='lat' dir='ltr'>per</span> <span class='ocrx_word' id='word_1_243' title='bbox 1344 1982 1608 2054; x_wconf 86' lang='lat' dir='ltr'>singulas</span> <span class='ocrx_word' id='word_1_244' title='bbox 1627 1990 1824 2040; x_wconf 90' lang='lat' dir='ltr'>noctes</span> <span class='ocrx_word' id='word_1_245' title='bbox 1838 1985 1896 2041; x_wconf 90' lang='lat' dir='ltr'>in</span> 
     </span>
    </p>
   </div>
   <div class='ocr_carea' id='block_1_36' title="bbox 225 2072 1896 2151">
    <p class='ocr_par' dir='ltr' id='par_1_36' title="bbox 225 2072 1896 2151">
     <span class='ocr_line' id='line_1_36' title="bbox 225 2072 1896 2151; baseline -0.004 -15"><span class='ocrx_word' id='word_1_246' title='bbox 225 2079 333 2137; x_wconf 87' lang='lat' dir='ltr'>illa</span> <span class='ocrx_word' id='word_1_247' title='bbox 354 2081 564 2151; x_wconf 88' lang='lat' dir='ltr'>quarta</span> <span class='ocrx_word' id='word_1_248' title='bbox 582 2075 979 2142; x_wconf 80' lang='lat' dir='ltr'>hebdomade,</span> <span class='ocrx_word' id='word_1_249' title='bbox 996 2091 1135 2130; x_wconf 91' lang='lat' dir='ltr'>cum</span> <span class='ocrx_word' id='word_1_250' title='bbox 1155 2088 1591 2144; x_wconf 89' lang='lat' dir='ltr'>supercrescere</span> <span class='ocrx_word' id='word_1_251' title='bbox 1604 2072 1896 2139; x_wconf 84' lang='lat' dir='ltr'>solet,ma-</span> 
     </span>
    </p>
   </div>
   <div class='ocr_carea' id='block_1_37' title="bbox 226 2160 1895 2236">
    <p class='ocr_par' dir='ltr' id='par_1_37' title="bbox 226 2160 1895 2236">
     <span class='ocr_line' id='line_1_37' title="bbox 226 2160 1895 2236; baseline -0.004 -10"><span class='ocrx_word' id='word_1_252' title='bbox 226 2167 509 2226; x_wconf 83' lang='lat' dir='ltr'>tutinales</span> <span class='ocrx_word' id='word_1_253' title='bbox 525 2166 730 2221; x_wconf 89' lang='lat' dir='ltr'>laudes</span> <span class='ocrx_word' id='word_1_254' title='bbox 749 2180 1106 2236; x_wconf 90' lang='lat' dir='ltr'>componere</span> <span class='ocrx_word' id='word_1_255' title='bbox 1119 2168 1176 2217; x_wconf 91' lang='lat' dir='ltr'>et</span> <span class='ocrx_word' id='word_1_256' title='bbox 1188 2162 1260 2217; x_wconf 90' lang='lat' dir='ltr'>ad</span> <span class='ocrx_word' id='word_1_257' title='bbox 1273 2160 1895 2233; x_wconf 85' lang='lat' dir='ltr'>vespertinaleslaudes</span> 
     </span>
    </p>
   </div>
   <div class='ocr_carea' id='block_1_38' title="bbox 229 2249 1894 2325">
    <p class='ocr_par' dir='ltr' id='par_1_38' title="bbox 229 2249 1894 2325">
     <span class='ocr_line' id='line_1_38' title="bbox 229 2249 1894 2325; baseline -0.005 -10"><span class='ocrx_word' id='word_1_258' title='bbox 229 2259 300 2315; x_wconf 88' lang='lat' dir='ltr'>ad</span> <span class='ocrx_word' id='word_1_259' title='bbox 330 2256 695 2313; x_wconf 89' lang='lat' dir='ltr'>invitandum</span> <span class='ocrx_word' id='word_1_260' title='bbox 714 2254 905 2309; x_wconf 90' lang='lat' dir='ltr'>Deum</span> <span class='ocrx_word' id='word_1_261' title='bbox 927 2252 1291 2325; x_wconf 87' lang='lat' dir='ltr'>antiphonas</span> <span class='ocrx_word' id='word_1_262' title='bbox 1308 2249 1894 2322; x_wconf 87' lang='lat' dir='ltr'>ordinare,incipiens</span> 
     </span>
    </p>
   </div>
   <div class='ocr_carea' id='block_1_39' title="bbox 228 2340 1891 2415">
    <p class='ocr_par' dir='ltr' id='par_1_39' title="bbox 228 2340 1891 2415">
     <span class='ocr_line' id='line_1_39' title="bbox 228 2340 1891 2415; baseline -0.005 -10"><span class='ocrx_word' id='word_1_263' title='bbox 228 2366 266 2405; x_wconf 85' lang='lat' dir='ltr'>a</span> <span class='ocrx_word' id='word_1_264' title='bbox 294 2345 615 2412; x_wconf 86' lang='lat' dir='ltr'>Dominica,</span> <span class='ocrx_word' id='word_1_265' title='bbox 642 2348 699 2400; x_wconf 88' lang='lat' dir='ltr'>et</span> <span class='ocrx_word' id='word_1_266' title='bbox 729 2341 1082 2415; x_wconf 88' lang='lat' dir='ltr'>perveniens</span> <span class='ocrx_word' id='word_1_267' title='bbox 1106 2357 1296 2412; x_wconf 89' lang='lat' dir='ltr'>usque</span> <span class='ocrx_word' id='word_1_268' title='bbox 1323 2340 1393 2393; x_wconf 88' lang='lat' dir='ltr'>ad</span> <span class='ocrx_word' id='word_1_269' title='bbox 1419 2342 1642 2394; x_wconf 83' lang='lat' dir='ltr'>sextam</span> <span class='ocrx_word' id='word_1_270' title='bbox 1668 2340 1891 2396; x_wconf 88' lang='lat' dir='ltr'>feriam.</span> 
     </span>
    </p>
   </div>
   <div class='ocr_carea' id='block_1_40' title="bbox 230 2428 1898 2505">
    <p class='ocr_par' dir='ltr' id='par_1_40' title="bbox 230 2428 1898 2505">
     <span class='ocr_line' id='line_1_40' title="bbox 230 2428 1898 2505; baseline -0.005 -11"><span class='ocrx_word' id='word_1_271' title='bbox 230 2436 431 2494; x_wconf 86' lang='lat' dir='ltr'>Prima</span> <span class='ocrx_word' id='word_1_272' title='bbox 477 2432 804 2505; x_wconf 86' lang='lat' dir='ltr'>antiphona</span> <span class='ocrx_word' id='word_1_273' title='bbox 861 2430 945 2485; x_wconf 89' lang='lat' dir='ltr'>sic</span> <span class='ocrx_word' id='word_1_274' title='bbox 978 2429 1189 2501; x_wconf 91' lang='lat' dir='ltr'>incipit</span> <span class='ocrx_word' id='word_1_275' title='bbox 1222 2445 1236 2483; x_wconf 88' lang='lat'><strong>:</strong></span> <span class='ocrx_word' id='word_1_276' title='bbox 1271 2430 1309 2484; x_wconf 91' lang='lat'>0</span> <span class='ocrx_word' id='word_1_277' title='bbox 1339 2428 1643 2498; x_wconf 77' lang='lat' dir='ltr'>Sapientia,</span> <span class='ocrx_word' id='word_1_278' title='bbox 1676 2445 1801 2500; x_wconf 72' lang='lat' dir='ltr'>quae</span> <span class='ocrx_word' id='word_1_279' title='bbox 1828 2447 1898 2485; x_wconf 68' lang='lat' dir='ltr'>ea:</span> 
     </span>
    </p>
   </div>
   <div class='ocr_carea' id='block_1_41' title="bbox 233 2517 1898 2594">
    <p class='ocr_par' dir='ltr' id='par_1_41' title="bbox 233 2517 1898 2594">
     <span class='ocr_line' id='line_1_41' title="bbox 233 2517 1898 2594; baseline -0.005 -12"><span class='ocrx_word' id='word_1_280' title='bbox 233 2543 330 2583; x_wconf 87' lang='lat' dir='ltr'>ore</span> <span class='ocrx_word' id='word_1_281' title='bbox 351 2524 617 2580; x_wconf 80' lang='lat' dir='ltr'>Altissimi</span> <span class='ocrx_word' id='word_1_282' title='bbox 636 2520 900 2594; x_wconf 88' lang='lat' dir='ltr'>prodisti,</span> <span class='ocrx_word' id='word_1_283' title='bbox 923 2518 1296 2574; x_wconf 88' lang='lat' dir='ltr'>concluditur</span> <span class='ocrx_word' id='word_1_284' title='bbox 1318 2533 1330 2571; x_wconf 94' lang='lat'>:</span> <span class='ocrx_word' id='word_1_285' title='bbox 1362 2517 1493 2573; x_wconf 79' lang='lat' dir='ltr'>Veni</span> <span class='ocrx_word' id='word_1_286' title='bbox 1510 2517 1579 2572; x_wconf 87' lang='lat' dir='ltr'>ad</span> <span class='ocrx_word' id='word_1_287' title='bbox 1599 2517 1898 2573; x_wconf 87' lang='lat' dir='ltr'>docendum</span> 
     </span>
    </p>
   </div>
   <div class='ocr_carea' id='block_1_42' title="bbox 235 2606 1896 2684">
    <p class='ocr_par' dir='ltr' id='par_1_42' title="bbox 235 2606 1896 2684">
     <span class='ocr_line' id='line_1_42' title="bbox 235 2606 1896 2684; baseline -0.004 -13"><span class='ocrx_word' id='word_1_288' title='bbox 235 2632 335 2672; x_wconf 87' lang='lat' dir='ltr'>nos</span> <span class='ocrx_word' id='word_1_289' title='bbox 372 2615 517 2669; x_wconf 88' lang='lat' dir='ltr'>viam</span> <span class='ocrx_word' id='word_1_290' title='bbox 541 2611 903 2684; x_wconf 63' lang='lat' dir='ltr'>prudentiae;</span> <span class='ocrx_word' id='word_1_291' title='bbox 934 2608 1212 2673; x_wconf 85' lang='lat' dir='ltr'>secunda,</span> <span class='ocrx_word' id='word_1_292' title='bbox 1244 2611 1294 2664; x_wconf 90' lang='lat'><em>0</em></span> <span class='ocrx_word' id='word_1_293' title='bbox 1329 2606 1600 2673; x_wconf 80' lang='lat' dir='ltr'>.4donai;</span> <span class='ocrx_word' id='word_1_294' title='bbox 1634 2607 1824 2675; x_wconf 87' lang='lat' dir='ltr'>tertia,</span> <span class='ocrx_word' id='word_1_295' title='bbox 1850 2611 1896 2665; x_wconf 93' lang='lat'><em>0</em></span> 
     </span>
    </p>
   </div>
   <div class='ocr_carea' id='block_1_43' title="bbox 236 2694 1895 2771">
    <p class='ocr_par' dir='ltr' id='par_1_43' title="bbox 236 2694 1895 2771">
     <span class='ocr_line' id='line_1_43' title="bbox 236 2694 1895 2771; baseline -0.006 -10"><span class='ocrx_word' id='word_1_296' title='bbox 236 2704 424 2762; x_wconf 71' lang='lat' dir='ltr'>Radix</span> <span class='ocrx_word' id='word_1_297' title='bbox 476 2704 660 2769; x_wconf 77' lang='lat' dir='ltr'>Iesse,-</span> <span class='ocrx_word' id='word_1_298' title='bbox 719 2702 951 2771; x_wconf 90' lang='lat' dir='ltr'>quarta,</span> <span class='ocrx_word' id='word_1_299' title='bbox 1014 2696 1053 2751; x_wconf 91' lang='lat'><em>0</em></span> <span class='ocrx_word' id='word_1_300' title='bbox 1103 2697 1274 2752; x_wconf 78' lang='lat' dir='ltr'>clavis</span> <span class='ocrx_word' id='word_1_301' title='bbox 1322 2694 1537 2761; x_wconf 88' lang='lat' dir='ltr'>David;</span> <span class='ocrx_word' id='word_1_302' title='bbox 1596 2696 1822 2766; x_wconf 88' lang='lat' dir='ltr'>quinta,</span> <span class='ocrx_word' id='word_1_303' title='bbox 1856 2697 1895 2751; x_wconf 94' lang='lat'><em>0</em></span> 
     </span>
    </p>
   </div>
   <div class='ocr_carea' id='block_1_44' title="bbox 240 2782 1895 2863">
    <p class='ocr_par' dir='ltr' id='par_1_44' title="bbox 240 2782 1895 2863">
     <span class='ocr_line' id='line_1_44' title="bbox 240 2782 1895 2863; baseline -0.009 -13"><span class='ocrx_word' id='word_1_304' title='bbox 240 2794 462 2857; x_wconf 77' lang='lat' dir='ltr'>Oriens,</span> <span class='ocrx_word' id='word_1_305' title='bbox 512 2789 765 2863; x_wconf 79' lang='lat' dir='ltr'>splendor</span> <span class='ocrx_word' id='word_1_306' title='bbox 819 2787 957 2843; x_wconf 87' lang='lat' dir='ltr'>lueis</span> <span class='ocrx_word' id='word_1_307' title='bbox 1014 2794 1242 2843; x_wconf 63' lang='lat' dir='ltr'>aeternae</span> <span class='ocrx_word' id='word_1_308' title='bbox 1270 2803 1291 2850; x_wconf 89' lang='lat'><strong><em>;</em></strong></span> <span class='ocrx_word' id='word_1_309' title='bbox 1322 2788 1504 2851; x_wconf 88' lang='lat' dir='ltr'>sexta,</span> <span class='ocrx_word' id='word_1_310' title='bbox 1534 2782 1572 2838; x_wconf 94' lang='lat'><em>0</em></span> <span class='ocrx_word' id='word_1_311' title='bbox 1604 2786 1717 2840; x_wconf 71' lang='lat' dir='ltr'>Rea:</span> <span class='ocrx_word' id='word_1_312' title='bbox 1764 2802 1895 2853; x_wconf 82' lang='lat' dir='ltr'>gen-</span> 
     </span>
    </p>
   </div>
   <div class='ocr_carea' id='block_1_45' title="bbox 236 2873 1895 2953">
    <p class='ocr_par' dir='ltr' id='par_1_45' title="bbox 236 2873 1895 2953">
     <span class='ocr_line' id='line_1_45' title="bbox 236 2873 1895 2953; baseline -0.006 -14"><span class='ocrx_word' id='word_1_313' title='bbox 236 2887 428 2947; x_wconf 85' lang='lat' dir='ltr'>tium;</span> <span class='ocrx_word' id='word_1_314' title='bbox 466 2880 738 2953; x_wconf 88' lang='lat' dir='ltr'>septima,</span> <span class='ocrx_word' id='word_1_315' title='bbox 774 2878 815 2933; x_wconf 95' lang='lat'>0</span> <span class='ocrx_word' id='word_1_316' title='bbox 848 2875 1201 2939; x_wconf 74' lang='lat' dir='ltr'>Emmanuel;</span> <span class='ocrx_word' id='word_1_317' title='bbox 1235 2891 1361 2945; x_wconf 71' lang='lat' dir='ltr'>quae</span> <span class='ocrx_word' id='word_1_318' title='bbox 1393 2889 1597 2929; x_wconf 87' lang='lat' dir='ltr'>omnes</span> <span class='ocrx_word' id='word_1_319' title='bbox 1618 2890 1721 2946; x_wconf 90' lang='lat' dir='ltr'>per</span> <span class='ocrx_word' id='word_1_320' title='bbox 1751 2873 1895 2930; x_wconf 90' lang='lat' dir='ltr'>illud</span> 
     </span>
    </p>
   </div>
   <div class='ocr_carea' id='block_1_46' title="bbox 236 2962 1898 3028">
    <p class='ocr_par' dir='ltr' id='par_1_46' title="bbox 236 2962 1898 3028">
     <span class='ocr_line' id='line_1_46' title="bbox 236 2962 1898 3028; baseline -0.005 -1"><span class='ocrx_word' id='word_1_321' title='bbox 236 2971 494 3028; x_wconf 84' lang='lat' dir='ltr'>verbum</span> <span class='ocrx_word' id='word_1_322' title='bbox 525 2969 652 3024; x_wconf 85' lang='lat' dir='ltr'>veni</span> <span class='ocrx_word' id='word_1_323' title='bbox 682 2968 741 3022; x_wconf 90' lang='lat' dir='ltr'>in</span> <span class='ocrx_word' id='word_1_324' title='bbox 768 2967 885 3020; x_wconf 87' lang='lat' dir='ltr'>ﬁne</span> <span class='ocrx_word' id='word_1_325' title='bbox 914 2963 1290 3020; x_wconf 89' lang='lat' dir='ltr'>clauduntur.</span> <span class='ocrx_word' id='word_1_326' title='bbox 1353 2962 1507 3025; x_wconf 89' lang='lat' dir='ltr'>Quas</span> <span class='ocrx_word' id='word_1_327' title='bbox 1538 2962 1665 3018; x_wconf 91' lang='lat' dir='ltr'>ideo</span> <span class='ocrx_word' id='word_1_328' title='bbox 1699 2969 1898 3019; x_wconf 88' lang='lat' dir='ltr'>notare</span> 
     </span>
    </p>
   </div>
   <div class='ocr_carea' id='block_1_47' title="bbox 240 3050 1893 3129">
    <p class='ocr_par' dir='ltr' id='par_1_47' title="bbox 240 3050 1893 3129">
     <span class='ocr_line' id='line_1_47' title="bbox 240 3050 1893 3129; baseline -0.006 -12"><span class='ocrx_word' id='word_1_329' title='bbox 240 3058 467 3126; x_wconf 87' lang='lat' dir='ltr'>curavi,</span> <span class='ocrx_word' id='word_1_330' title='bbox 501 3061 568 3114; x_wconf 91' lang='lat' dir='ltr'>ut</span> <span class='ocrx_word' id='word_1_331' title='bbox 596 3060 794 3129; x_wconf 91' lang='lat' dir='ltr'>aperte</span> <span class='ocrx_word' id='word_1_332' title='bbox 826 3055 1063 3109; x_wconf 87' lang='lat' dir='ltr'>daretur</span> <span class='ocrx_word' id='word_1_333' title='bbox 1093 3051 1338 3125; x_wconf 83' lang='lat' dir='ltr'>intelligi</span> <span class='ocrx_word' id='word_1_334' title='bbox 1370 3050 1501 3106; x_wconf 89' lang='lat' dir='ltr'>illas</span> <span class='ocrx_word' id='word_1_335' title='bbox 1559 3052 1714 3107; x_wconf 89' lang='lat' dir='ltr'>solas</span> <span class='ocrx_word' id='word_1_336' title='bbox 1744 3068 1893 3119; x_wconf 91' lang='lat' dir='ltr'>esse,</span> 
     </span>
    </p>
   </div>
   <div class='ocr_carea' id='block_1_48' title="bbox 239 3139 1899 3223">
    <p class='ocr_par' dir='ltr' id='par_1_48' title="bbox 239 3139 1899 3223">
     <span class='ocr_line' id='line_1_48' title="bbox 239 3139 1899 3223; baseline -0.006 -18"><span class='ocrx_word' id='word_1_337' title='bbox 239 3167 374 3223; x_wconf 72' lang='lat' dir='ltr'>quae</span> <span class='ocrx_word' id='word_1_338' title='bbox 398 3146 744 3220; x_wconf 86' lang='lat' dir='ltr'>regulariter</span> <span class='ocrx_word' id='word_1_339' title='bbox 773 3160 841 3200; x_wconf 89' lang='lat' dir='ltr'>ac</span> <span class='ocrx_word' id='word_1_340' title='bbox 872 3146 1022 3198; x_wconf 87' lang='lat' dir='ltr'>recte</span> <span class='ocrx_word' id='word_1_341' title='bbox 1044 3141 1378 3212; x_wconf 66' lang='lat' dir='ltr'>compositae</span> <span class='ocrx_word' id='word_1_342' title='bbox 1408 3139 1680 3195; x_wconf 90' lang='lat' dir='ltr'>videntur</span> <span class='ocrx_word' id='word_1_343' title='bbox 1708 3141 1778 3195; x_wconf 88' lang='lat' dir='ltr'>ad</span> <span class='ocrx_word' id='word_1_344' title='bbox 1802 3141 1899 3195; x_wconf 89' lang='lat' dir='ltr'>ad-</span> 
     </span>
    </p>
   </div>
   <div class='ocr_carea' id='block_1_49' title="bbox 2008 1900 3684 1986">
    <p class='ocr_par' dir='ltr' id='par_1_49' title="bbox 2008 1900 3684 1986">
     <span class='ocr_line' id='line_1_49' title="bbox 2008 1900 3684 1986; baseline 0.008 -30"><span class='ocrx_word' id='word_1_345' title='bbox 2008 1901 2403 1966; x_wconf 53' lang='lat' dir='ltr'>constitutwm</span> <span class='ocrx_word' id='word_1_346' title='bbox 2434 1900 2617 1973; x_wconf 91' lang='lat' dir='ltr'>priori</span> <span class='ocrx_word' id='word_1_347' title='bbox 2648 1917 2898 1973; x_wconf 89' lang='lat' dir='ltr'>vespera</span> <span class='ocrx_word' id='word_1_348' title='bbox 2933 1903 3127 1959; x_wconf 88' lang='lat' dir='ltr'>solent</span> <span class='ocrx_word' id='word_1_349' title='bbox 3157 1905 3438 1977; x_wconf 89' lang='lat' dir='ltr'>inchoari,</span> <span class='ocrx_word' id='word_1_350' title='bbox 3472 1915 3529 1967; x_wconf 89' lang='lat' dir='ltr'>et</span> <span class='ocrx_word' id='word_1_351' title='bbox 3576 1930 3684 1986; x_wconf 91' lang='lat' dir='ltr'>per</span> 
     </span>
    </p>
   </div>
   <div class='ocr_carea' id='block_1_50' title="bbox 2007 1988 3680 2068">
    <p class='ocr_par' dir='ltr' id='par_1_50' title="bbox 2007 1988 3680 2068">
     <span class='ocr_line' id='line_1_50' title="bbox 2007 1988 3680 2068; baseline 0.009 -24"><span class='ocrx_word' id='word_1_352' title='bbox 2007 1994 2281 2045; x_wconf 86' lang='lat' dir='ltr'>nocturas</span> <span class='ocrx_word' id='word_1_353' title='bbox 2313 1994 2369 2044; x_wconf 88' lang='lat' dir='ltr'>et</span> <span class='ocrx_word' id='word_1_354' title='bbox 2399 1988 2733 2046; x_wconf 87' lang='lat' dir='ltr'>matutinas</span> <span class='ocrx_word' id='word_1_355' title='bbox 2772 1989 2950 2047; x_wconf 87' lang='lat' dir='ltr'>horas</span> <span class='ocrx_word' id='word_1_356' title='bbox 2981 2010 3087 2065; x_wconf 90' lang='lat' dir='ltr'>per</span> <span class='ocrx_word' id='word_1_357' title='bbox 3142 1996 3438 2068; x_wconf 83' lang='lat' dir='ltr'>regulares</span> <span class='ocrx_word' id='word_1_358' title='bbox 3496 2002 3680 2059; x_wconf 87' lang='lat' dir='ltr'>totius</span> 
     </span>
    </p>
   </div>
   <div class='ocr_carea' id='block_1_51' title="bbox 2006 2078 3672 2164">
    <p class='ocr_par' dir='ltr' id='par_1_51' title="bbox 2006 2078 3672 2164">
     <span class='ocr_line' id='line_1_51' title="bbox 2006 2078 3672 2164; baseline 0.008 -31"><span class='ocrx_word' id='word_1_359' title='bbox 2006 2078 2119 2133; x_wconf 90' lang='lat' dir='ltr'>diei</span> <span class='ocrx_word' id='word_1_360' title='bbox 2151 2094 2361 2133; x_wconf 90' lang='lat' dir='ltr'>cursus</span> <span class='ocrx_word' id='word_1_361' title='bbox 2391 2078 2774 2149; x_wconf 85' lang='lat' dir='ltr'>conveniunt,</span> <span class='ocrx_word' id='word_1_362' title='bbox 2808 2084 2867 2135; x_wconf 91' lang='lat' dir='ltr'>et</span> <span class='ocrx_word' id='word_1_363' title='bbox 2900 2081 2983 2136; x_wconf 91' lang='lat' dir='ltr'>sic</span> <span class='ocrx_word' id='word_1_364' title='bbox 3014 2083 3087 2137; x_wconf 90' lang='lat' dir='ltr'>ad</span> <span class='ocrx_word' id='word_1_365' title='bbox 3116 2086 3436 2142; x_wconf 83' lang='lat' dir='ltr'>secundam</span> <span class='ocrx_word' id='word_1_366' title='bbox 3468 2106 3672 2164; x_wconf 88' lang='lat' dir='ltr'>vespe-</span> 
     </span>
    </p>
   </div>
   <div class='ocr_carea' id='block_1_52' title="bbox 2006 2167 3676 2245">
    <p class='ocr_par' dir='ltr' id='par_1_52' title="bbox 2006 2167 3676 2245">
     <span class='ocr_line' id='line_1_52' title="bbox 2006 2167 3676 2245; baseline 0.009 -25"><span class='ocrx_word' id='word_1_367' title='bbox 2006 2184 2131 2221; x_wconf 91' lang='lat' dir='ltr'>ram</span> <span class='ocrx_word' id='word_1_368' title='bbox 2164 2167 2531 2239; x_wconf 88' lang='lat' dir='ltr'>pcrtingunt.</span> <span class='ocrx_word' id='word_1_369' title='bbox 2568 2167 2700 2223; x_wconf 63' lang='lat' dir='ltr'>Haec</span> <span class='ocrx_word' id='word_1_370' title='bbox 2730 2167 2856 2224; x_wconf 91' lang='lat' dir='ltr'>sola</span> <span class='ocrx_word' id='word_1_371' title='bbox 2896 2186 3053 2237; x_wconf 89' lang='lat' dir='ltr'>vero,</span> <span class='ocrx_word' id='word_1_372' title='bbox 3089 2177 3154 2226; x_wconf 91' lang='lat' dir='ltr'>ut</span> <span class='ocrx_word' id='word_1_373' title='bbox 3212 2190 3392 2245; x_wconf 88' lang='lat' dir='ltr'>supra</span> <span class='ocrx_word' id='word_1_374' title='bbox 3450 2178 3676 2236; x_wconf 91' lang='lat' dir='ltr'>dictum</span> 
     </span>
    </p>
   </div>
   <div class='ocr_carea' id='block_1_53' title="bbox 2004 2256 3679 2329">
    <p class='ocr_par' dir='ltr' id='par_1_53' title="bbox 2004 2256 3679 2329">
     <span class='ocr_line' id='line_1_53' title="bbox 2004 2256 3679 2329; baseline 0.01 -19"><span class='ocrx_word' id='word_1_375' title='bbox 2004 2260 2112 2323; x_wconf 89' lang='lat' dir='ltr'>est,</span> <span class='ocrx_word' id='word_1_376' title='bbox 2141 2257 2212 2311; x_wconf 88' lang='lat' dir='ltr'>ad</span> <span class='ocrx_word' id='word_1_377' title='bbox 2242 2272 2552 2328; x_wconf 90' lang='lat' dir='ltr'>vesperam</span> <span class='ocrx_word' id='word_1_378' title='bbox 2585 2256 2811 2329; x_wconf 86' lang='lat' dir='ltr'>incipit,</span> <span class='ocrx_word' id='word_1_379' title='bbox 2840 2262 2898 2313; x_wconf 89' lang='lat' dir='ltr'>et</span> <span class='ocrx_word' id='word_1_380' title='bbox 2927 2258 3021 2312; x_wconf 88' lang='lat' dir='ltr'>vix</span> <span class='ocrx_word' id='word_1_381' title='bbox 3053 2260 3122 2314; x_wconf 88' lang='lat' dir='ltr'>ad</span> <span class='ocrx_word' id='word_1_382' title='bbox 3149 2264 3469 2320; x_wconf 87' lang='lat' dir='ltr'>matutinas</span> <span class='ocrx_word' id='word_1_383' title='bbox 3500 2266 3679 2326; x_wconf 87' lang='lat' dir='ltr'>horas</span> 
     </span>
    </p>
   </div>
   <div class='ocr_carea' id='block_1_54' title="bbox 2005 2345 3683 2420">
    <p class='ocr_par' dir='ltr' id='par_1_54' title="bbox 2005 2345 3683 2420">
     <span class='ocr_line' id='line_1_54' title="bbox 2005 2345 3683 2420; baseline 0.008 -20"><span class='ocrx_word' id='word_1_384' title='bbox 2005 2346 2286 2416; x_wconf 90' lang='lat' dir='ltr'>pervenit.</span> <span class='ocrx_word' id='word_1_385' title='bbox 2323 2345 2467 2398; x_wconf 86' lang='lat' dir='ltr'>Hinc</span> <span class='ocrx_word' id='word_1_386' title='bbox 2502 2345 2819 2415; x_wconf 82' lang='lat' dir='ltr'>conjicitur</span> <span class='ocrx_word' id='word_1_387' title='bbox 2850 2348 3009 2418; x_wconf 90' lang='lat' dir='ltr'>quod</span> <span class='ocrx_word' id='word_1_388' title='bbox 3041 2346 3221 2420; x_wconf 88' lang='lat' dir='ltr'>aliqui</span> <span class='ocrx_word' id='word_1_389' title='bbox 3254 2350 3560 2410; x_wconf 90' lang='lat' dir='ltr'>dulcedine</span> <span class='ocrx_word' id='word_1_390' title='bbox 3589 2374 3683 2413; x_wconf 86' lang='lat' dir='ltr'>ca-</span> 
     </span>
    </p>
   </div>
   <div class='ocr_carea' id='block_1_55' title="bbox 2004 2432 3680 2508">
    <p class='ocr_par' dir='ltr' id='par_1_55' title="bbox 2004 2432 3680 2508">
     <span class='ocr_line' id='line_1_55' title="bbox 2004 2432 3680 2508; baseline 0.009 -21"><span class='ocrx_word' id='word_1_391' title='bbox 2004 2449 2157 2487; x_wconf 69' lang='lat' dir='ltr'>norae</span> <span class='ocrx_word' id='word_1_392' title='bbox 2175 2432 2369 2487; x_wconf 88' lang='lat' dir='ltr'>laudis</span> <span class='ocrx_word' id='word_1_393' title='bbox 2382 2433 2583 2487; x_wconf 88' lang='lat' dir='ltr'>attacti</span> <span class='ocrx_word' id='word_1_394' title='bbox 2601 2432 2680 2488; x_wconf 90' lang='lat' dir='ltr'>hu</span> <span class='ocrx_word' id='word_1_395' title='bbox 2692 2452 2759 2490; x_wconf 91' lang='lat' dir='ltr'>nc</span> <span class='ocrx_word' id='word_1_396' title='bbox 2775 2434 3098 2491; x_wconf 87' lang='lat' dir='ltr'>terminum</span> <span class='ocrx_word' id='word_1_397' title='bbox 3118 2439 3423 2508; x_wconf 88' lang='lat' dir='ltr'>posuerint</span> <span class='ocrx_word' id='word_1_398' title='bbox 3445 2444 3680 2503; x_wconf 75' lang='lat' dir='ltr'>alleluia</span> 
     </span>
    </p>
   </div>
   <div class='ocr_carea' id='block_1_56' title="bbox 2006 2519 3679 2595">
    <p class='ocr_par' dir='ltr' id='par_1_56' title="bbox 2006 2519 3679 2595">
     <span class='ocr_line' id='line_1_56' title="bbox 2006 2519 3679 2595; baseline 0.01 -20"><span class='ocrx_word' id='word_1_399' title='bbox 2006 2519 2414 2576; x_wconf 88' lang='lat' dir='ltr'>modulationi.</span> <span class='ocrx_word' id='word_1_400' title='bbox 2450 2521 2616 2577; x_wconf 91' lang='lat' dir='ltr'>Unde</span> <span class='ocrx_word' id='word_1_401' title='bbox 2649 2523 2832 2595; x_wconf 90' lang='lat' dir='ltr'>hujus</span> <span class='ocrx_word' id='word_1_402' title='bbox 2866 2525 3139 2580; x_wconf 88' lang='lat' dir='ltr'>nocturni</span> <span class='ocrx_word' id='word_1_403' title='bbox 3195 2527 3371 2583; x_wconf 78' lang='lat' dir='ltr'>ofﬁcii</span> <span class='ocrx_word' id='word_1_404' title='bbox 3408 2537 3619 2588; x_wconf 83' lang='lat' dir='ltr'>auctor</span> <span class='ocrx_word' id='word_1_405' title='bbox 3643 2553 3679 2591; x_wconf 88' lang='lat' dir='ltr'>a</span> 
     </span>
    </p>
   </div>
   <div class='ocr_carea' id='block_1_57' title="bbox 2007 2610 3677 2684">
    <p class='ocr_par' dir='ltr' id='par_1_57' title="bbox 2007 2610 3677 2684">
     <span class='ocr_line' id='line_1_57' title="bbox 2007 2610 3677 2684; baseline 0.008 -19"><span class='ocrx_word' id='word_1_406' title='bbox 2007 2610 2363 2681; x_wconf 90' lang='lat' dir='ltr'>quibusdam</span> <span class='ocrx_word' id='word_1_407' title='bbox 2388 2611 2864 2682; x_wconf 88' lang='lat' dir='ltr'>reprehenditur,</span> <span class='ocrx_word' id='word_1_408' title='bbox 2898 2629 2964 2667; x_wconf 87' lang='lat' dir='ltr'>eo</span> <span class='ocrx_word' id='word_1_409' title='bbox 2996 2615 3149 2684; x_wconf 92' lang='lat' dir='ltr'>quod</span> <span class='ocrx_word' id='word_1_410' title='bbox 3183 2616 3309 2670; x_wconf 90' lang='lat' dir='ltr'>sine</span> <span class='ocrx_word' id='word_1_411' title='bbox 3327 2635 3502 2675; x_wconf 65' lang='lat' dir='ltr'>sacrae</span> <span class='ocrx_word' id='word_1_412' title='bbox 3521 2622 3677 2678; x_wconf 90' lang='lat' dir='ltr'>Scri-</span> 
     </span>
    </p>
   </div>
   <div class='ocr_carea' id='block_1_58' title="bbox 2005 2698 3691 2778">
    <p class='ocr_par' dir='ltr' id='par_1_58' title="bbox 2005 2698 3691 2778">
     <span class='ocr_line' id='line_1_58' title="bbox 2005 2698 3691 2778; baseline 0.009 -25"><span class='ocrx_word' id='word_1_413' title='bbox 2005 2703 2187 2770; x_wconf 80' lang='lat' dir='ltr'>pturae</span> <span class='ocrx_word' id='word_1_414' title='bbox 2221 2698 2559 2754; x_wconf 90' lang='lat' dir='ltr'>testimonio</span> <span class='ocrx_word' id='word_1_415' title='bbox 2583 2702 2653 2755; x_wconf 89' lang='lat' dir='ltr'>ad</span> <span class='ocrx_word' id='word_1_416' title='bbox 2676 2702 2875 2774; x_wconf 81' lang='lat' dir='ltr'>ipsum</span> <span class='ocrx_word' id='word_1_417' title='bbox 2906 2702 3138 2758; x_wconf 82' lang='lat' dir='ltr'>alleluia</span> <span class='ocrx_word' id='word_1_418' title='bbox 3161 2705 3330 2774; x_wconf 88' lang='lat' dir='ltr'>quasi</span> <span class='ocrx_word' id='word_1_419' title='bbox 3354 2710 3691 2778; x_wconf 76' lang='lat' dir='ltr'>quamdam,</span> 
     </span>
    </p>
   </div>
   <div class='ocr_carea' id='block_1_59' title="bbox 2006 2786 3677 2859">
    <p class='ocr_par' dir='ltr' id='par_1_59' title="bbox 2006 2786 3677 2859">
     <span class='ocr_line' id='line_1_59' title="bbox 2006 2786 3677 2859; baseline 0.008 -18"><span class='ocrx_word' id='word_1_420' title='bbox 2006 2803 2316 2859; x_wconf 85' lang='lat' dir='ltr'>personam</span> <span class='ocrx_word' id='word_1_421' title='bbox 2350 2786 2708 2858; x_wconf 86' lang='lat' dir='ltr'>alloquendo</span> <span class='ocrx_word' id='word_1_422' title='bbox 2742 2790 2920 2845; x_wconf 82' lang='lat' dir='ltr'>talem</span> <span class='ocrx_word' id='word_1_423' title='bbox 2956 2790 3196 2845; x_wconf 67' lang='lat' dir='ltr'>musicae</span> <span class='ocrx_word' id='word_1_424' title='bbox 3214 2794 3515 2851; x_wconf 64' lang='lat' dir='ltr'>cantilenae</span> <span class='ocrx_word' id='word_1_425' title='bbox 3533 2814 3677 2854; x_wconf 89' lang='lat' dir='ltr'>nar-</span> 
     </span>
    </p>
   </div>
   <div class='ocr_carea' id='block_1_60' title="bbox 2006 2876 3676 2956">
    <p class='ocr_par' dir='ltr' id='par_1_60' title="bbox 2006 2876 3676 2956">
     <span class='ocr_line' id='line_1_60' title="bbox 2006 2876 3676 2956; baseline 0.009 -27"><span class='ocrx_word' id='word_1_426' title='bbox 2006 2876 2289 2930; x_wconf 88' lang='lat' dir='ltr'>rationem</span> <span class='ocrx_word' id='word_1_427' title='bbox 2331 2876 2627 2932; x_wconf 86' lang='lat' dir='ltr'>studuerit</span> <span class='ocrx_word' id='word_1_428' title='bbox 2657 2882 2980 2933; x_wconf 84' lang='lat' dir='ltr'>contexere.</span> <span class='ocrx_word' id='word_1_429' title='bbox 3014 2878 3121 2932; x_wconf 84' lang='lat' dir='ltr'>Sed</span> <span class='ocrx_word' id='word_1_430' title='bbox 3162 2896 3268 2936; x_wconf 90' lang='lat' dir='ltr'>nos</span> <span class='ocrx_word' id='word_1_431' title='bbox 3301 2899 3389 2949; x_wconf 87' lang='lat' dir='ltr'>ea,</span> <span class='ocrx_word' id='word_1_432' title='bbox 3445 2901 3573 2956; x_wconf 63' lang='lat' dir='ltr'>quae</span> <span class='ocrx_word' id='word_1_433' title='bbox 3605 2904 3676 2944; x_wconf 86' lang='lat' dir='ltr'>ex</span> 
     </span>
    </p>
   </div>
   <div class='ocr_carea' id='block_1_61' title="bbox 2006 2963 3676 3046">
    <p class='ocr_par' dir='ltr' id='par_1_61' title="bbox 2006 2963 3676 3046">
     <span class='ocr_line' id='line_1_61' title="bbox 2006 2963 3676 3046; baseline 0.009 -29"><span class='ocrx_word' id='word_1_434' title='bbox 2006 2963 2358 3019; x_wconf 89' lang='lat' dir='ltr'>authenticis</span> <span class='ocrx_word' id='word_1_435' title='bbox 2380 2964 2700 3036; x_wconf 88' lang='lat' dir='ltr'>Scripturis</span> <span class='ocrx_word' id='word_1_436' title='bbox 2726 2966 2925 3037; x_wconf 83' lang='lat' dir='ltr'>aliquo</span> <span class='ocrx_word' id='word_1_437' title='bbox 2951 2967 3122 3021; x_wconf 90' lang='lat' dir='ltr'>modo</span> <span class='ocrx_word' id='word_1_438' title='bbox 3145 2975 3384 3042; x_wconf 89' lang='lat' dir='ltr'>sumpta</span> <span class='ocrx_word' id='word_1_439' title='bbox 3405 2977 3676 3046; x_wconf 86' lang='lat' dir='ltr'>cognovi-</span> 
     </span>
    </p>
   </div>
   <div class='ocr_carea' id='block_1_62' title="bbox 2006 3052 3677 3136">
    <p class='ocr_par' dir='ltr' id='par_1_62' title="bbox 2006 3052 3677 3136">
     <span class='ocr_line' id='line_1_62' title="bbox 2006 3052 3677 3136; baseline 0.007 -29"><span class='ocrx_word' id='word_1_440' title='bbox 2006 3069 2162 3119; x_wconf 90' lang='lat' dir='ltr'>mus,</span> <span class='ocrx_word' id='word_1_441' title='bbox 2192 3052 2433 3109; x_wconf 88' lang='lat' dir='ltr'>reticere</span> <span class='ocrx_word' id='word_1_442' title='bbox 2454 3053 2755 3112; x_wconf 89' lang='lat' dir='ltr'>nolumus.</span> <span class='ocrx_word' id='word_1_443' title='bbox 2779 3057 2925 3110; x_wconf 76' lang='lat' dir='ltr'>Nam</span> <span class='ocrx_word' id='word_1_444' title='bbox 2950 3054 3008 3109; x_wconf 91' lang='lat' dir='ltr'>in</span> <span class='ocrx_word' id='word_1_445' title='bbox 3037 3054 3184 3111; x_wconf 90' lang='lat' dir='ltr'>libro</span> <span class='ocrx_word' id='word_1_446' title='bbox 3201 3058 3480 3116; x_wconf 89' lang='lat' dir='ltr'>Judicum</span> <span class='ocrx_word' id='word_1_447' title='bbox 3534 3062 3677 3136; x_wconf 88' lang='lat' dir='ltr'>legi-</span> 
     </span>
    </p>
   </div>
   <div class='ocr_carea' id='block_1_63' title="bbox 2007 3141 3676 3222">
    <p class='ocr_par' dir='ltr' id='par_1_63' title="bbox 2007 3141 3676 3222">
     <span class='ocr_line' id='line_1_63' title="bbox 2007 3141 3676 3222; baseline 0.008 -28"><span class='ocrx_word' id='word_1_448' title='bbox 2007 3158 2139 3196; x_wconf 88' lang='lat' dir='ltr'>mus</span> <span class='ocrx_word' id='word_1_449' title='bbox 2162 3141 2317 3212; x_wconf 90' lang='lat' dir='ltr'>quod</span> <span class='ocrx_word' id='word_1_450' title='bbox 2340 3141 2583 3213; x_wconf 89' lang='lat' dir='ltr'>quidam</span> <span class='ocrx_word' id='word_1_451' title='bbox 2607 3159 2893 3215; x_wconf 82' lang='lat' dir='ltr'>generum</span> <span class='ocrx_word' id='word_1_452' title='bbox 2918 3160 3091 3197; x_wconf 82' lang='lat' dir='ltr'>suum</span> <span class='ocrx_word' id='word_1_453' title='bbox 3121 3147 3412 3216; x_wconf 86' lang='lat' dir='ltr'>proﬁcisci</span> <span class='ocrx_word' id='word_1_454' title='bbox 3435 3149 3676 3222; x_wconf 84' lang='lat' dir='ltr'>cupien-</span> 
     </span>
    </p>
   </div>
   <div class='ocr_carea' id='block_1_64' title="bbox 241 3214 3673 3305">
    <p class='ocr_par' dir='ltr' id='par_1_64' title="bbox 241 3214 3673 3305">
     <span class='ocr_line' id='line_1_64' title="bbox 241 3214 3673 3305; baseline -0 -10"><span class='ocrx_word' id='word_1_455' title='bbox 241 3214 496 3295; x_wconf 61' lang='lat' dir='ltr'>ventuni</span> <span class='ocrx_word' id='word_1_456' title='bbox 513 3230 1259 3291; x_wconf 87' lang='lat' dir='ltr'>dominicuminvitandum</span> <span class='ocrx_word' id='word_1_457' title='bbox 1284 3228 1723 3301; x_wconf 68' lang='lat' dir='ltr'>pertinereJllaa</span> <span class='ocrx_word' id='word_1_458' title='bbox 1744 3247 1898 3299; x_wconf 89' lang='lat' dir='ltr'>vero,</span> <span class='ocrx_word' id='word_1_459' title='bbox 1931 3214 1974 3282; x_wconf 82' lang='lat' dir='ltr'>C</span> <span class='ocrx_word' id='word_1_460' title='bbox 2012 3233 2129 3284; x_wconf 92' lang='lat' dir='ltr'>tem</span> <span class='ocrx_word' id='word_1_461' title='bbox 2163 3230 2244 3284; x_wconf 91' lang='lat' dir='ltr'>ita</span> <span class='ocrx_word' id='word_1_462' title='bbox 2280 3229 2357 3285; x_wconf 87' lang='lat' dir='ltr'>sit</span> <span class='ocrx_word' id='word_1_463' title='bbox 2387 3214 2681 3286; x_wconf 88' lang='lat' dir='ltr'>allocutus</span> <span class='ocrx_word' id='word_1_464' title='bbox 2716 3250 2729 3287; x_wconf 91' lang='lat'>:</span> <span class='ocrx_word' id='word_1_465' title='bbox 2760 3232 3052 3288; x_wconf 78' lang='lat' dir='ltr'>Considera</span> <span class='ocrx_word' id='word_1_466' title='bbox 3110 3214 3251 3305; x_wconf 64' lang='lat' dir='ltr'>quod</span> <span class='ocrx_word' id='word_1_467' title='bbox 3288 3235 3405 3290; x_wconf 88' lang='lat' dir='ltr'>dies</span> <span class='ocrx_word' id='word_1_468' title='bbox 3457 3214 3531 3292; x_wconf 78' lang='lat' dir='ltr'>ad</span> <span class='ocrx_word' id='word_1_469' title='bbox 3583 3255 3673 3294; x_wconf 89' lang='lat' dir='ltr'>oc-</span> 
     </span>
    </p>
   </div>
   <div class='ocr_carea' id='block_1_65' title="bbox 242 3316 1904 3400">
    <p class='ocr_par' dir='ltr' id='par_1_65' title="bbox 242 3316 1904 3400">
     <span class='ocr_line' id='line_1_65' title="bbox 242 3316 1904 3400; baseline -0.006 -17"><span class='ocrx_word' id='word_1_470' title='bbox 242 3344 378 3400; x_wconf 70' lang='lat' dir='ltr'>qute</span> <span class='ocrx_word' id='word_1_471' title='bbox 410 3325 483 3381; x_wconf 87' lang='lat' dir='ltr'>ad</span> <span class='ocrx_word' id='word_1_472' title='bbox 513 3324 725 3379; x_wconf 84' lang='lat' dir='ltr'>harum</span> <span class='ocrx_word' id='word_1_473' title='bbox 773 3319 1226 3376; x_wconf 86' lang='lat' dir='ltr'>similitudinem</span> <span class='ocrx_word' id='word_1_474' title='bbox 1275 3316 1671 3388; x_wconf 89' lang='lat' dir='ltr'>modulantur,</span> <span class='ocrx_word' id='word_1_475' title='bbox 1705 3322 1904 3374; x_wconf 92' lang='lat' dir='ltr'>utrum</span> 
     </span>
    </p>
   </div>
   <div class='ocr_carea' id='block_1_66' title="bbox 244 3406 1907 3480">
    <p class='ocr_par' dir='ltr' id='par_1_66' title="bbox 244 3406 1907 3480">
     <span class='ocr_line' id='line_1_66' title="bbox 244 3406 1907 3480; baseline -0.005 -8"><span class='ocrx_word' id='word_1_476' title='bbox 244 3432 431 3473; x_wconf 80' lang='lat' dir='ltr'>sensu</span> <span class='ocrx_word' id='word_1_477' title='bbox 464 3418 522 3469; x_wconf 88' lang='lat' dir='ltr'>et</span> <span class='ocrx_word' id='word_1_478' title='bbox 550 3411 746 3468; x_wconf 88' lang='lat' dir='ltr'>verbis</span> <span class='ocrx_word' id='word_1_479' title='bbox 801 3409 1172 3477; x_wconf 88' lang='lat' dir='ltr'>conveniant,</span> <span class='ocrx_word' id='word_1_480' title='bbox 1198 3408 1298 3480; x_wconf 89' lang='lat' dir='ltr'>qui</span> <span class='ocrx_word' id='word_1_481' title='bbox 1358 3406 1646 3463; x_wconf 86' lang='lat' dir='ltr'>voluerint</span> <span class='ocrx_word' id='word_1_482' title='bbox 1672 3406 1907 3463; x_wconf 88' lang='lat' dir='ltr'>videant</span> 
     </span>
    </p>
   </div>
   <div class='ocr_carea' id='block_1_67' title="bbox 243 3501 690 3574">
    <p class='ocr_par' dir='ltr' id='par_1_67' title="bbox 243 3501 690 3574">
     <span class='ocr_line' id='line_1_67' title="bbox 243 3501 690 3574; baseline -0.011 -13"><span class='ocrx_word' id='word_1_483' title='bbox 243 3510 305 3561; x_wconf 89' lang='lat' dir='ltr'>et</span> <span class='ocrx_word' id='word_1_484' title='bbox 338 3501 690 3574; x_wconf 87' lang='lat' dir='ltr'>intelligant.</span> 
     </span>
    </p>
   </div>
   <div class='ocr_carea' id='block_1_68' title="bbox 317 3585 1900 3662">
    <p class='ocr_par' dir='ltr' id='par_1_68' title="bbox 317 3585 1900 3662">
     <span class='ocr_line' id='line_1_68' title="bbox 317 3585 1900 3662; baseline -0.006 -13"><span class='ocrx_word' id='word_1_485' title='bbox 317 3595 385 3649; x_wconf 91' lang='lat' dir='ltr'>In</span> <span class='ocrx_word' id='word_1_486' title='bbox 414 3592 519 3648; x_wconf 89' lang='lat' dir='ltr'>illa</span> <span class='ocrx_word' id='word_1_487' title='bbox 548 3589 890 3662; x_wconf 90' lang='lat' dir='ltr'>antiphona,</span> <span class='ocrx_word' id='word_1_488' title='bbox 917 3605 1043 3660; x_wconf 65' lang='lat' dir='ltr'>quae</span> <span class='ocrx_word' id='word_1_489' title='bbox 1071 3587 1302 3642; x_wconf 90' lang='lat' dir='ltr'>canitur</span> <span class='ocrx_word' id='word_1_490' title='bbox 1324 3586 1383 3640; x_wconf 91' lang='lat' dir='ltr'>in</span> <span class='ocrx_word' id='word_1_491' title='bbox 1410 3589 1610 3641; x_wconf 90' lang='lat' dir='ltr'>octava</span> <span class='ocrx_word' id='word_1_492' title='bbox 1629 3585 1863 3641; x_wconf 90' lang='lat' dir='ltr'>Domini</span> <span class='ocrx_word' id='word_1_493' title='bbox 1887 3603 1900 3641; x_wconf 91' lang='lat'>:</span> 
     </span>
    </p>
   </div>
   <div class='ocr_carea' id='block_1_69' title="bbox 242 3673 1902 3752">
    <p class='ocr_par' dir='ltr' id='par_1_69' title="bbox 242 3673 1902 3752">
     <span class='ocr_line' id='line_1_69' title="bbox 242 3673 1902 3752; baseline -0.005 -13"><span class='ocrx_word' id='word_1_494' title='bbox 242 3682 501 3739; x_wconf 74' lang='lat' dir='ltr'>Mirabile</span> <span class='ocrx_word' id='word_1_495' title='bbox 524 3680 851 3752; x_wconf 80' lang='lat' dir='ltr'>mysterium</span> <span class='ocrx_word' id='word_1_496' title='bbox 878 3677 1194 3732; x_wconf 79' lang='lat' dir='ltr'>declaratur</span> <span class='ocrx_word' id='word_1_497' title='bbox 1226 3674 1403 3740; x_wconf 84' lang='lat' dir='ltr'>hodie,</span> <span class='ocrx_word' id='word_1_498' title='bbox 1431 3673 1712 3746; x_wconf 87' lang='lat' dir='ltr'>scriptum</span> <span class='ocrx_word' id='word_1_499' title='bbox 1744 3675 1902 3730; x_wconf 89' lang='lat' dir='ltr'>inve-</span> 
     </span>
    </p>
   </div>
   <div class='ocr_carea' id='block_1_70' title="bbox 243 3762 1902 3836">
    <p class='ocr_par' dir='ltr' id='par_1_70' title="bbox 243 3762 1902 3836">
     <span class='ocr_line' id='line_1_70' title="bbox 243 3762 1902 3836; baseline -0.004 -9"><span class='ocrx_word' id='word_1_500' title='bbox 243 3772 451 3827; x_wconf 89' lang='lat' dir='ltr'>nimus</span> <span class='ocrx_word' id='word_1_501' title='bbox 486 3770 871 3825; x_wconf 70' lang='lat' dir='ltr'>:4’nnovantur</span> <span class='ocrx_word' id='word_1_502' title='bbox 897 3770 1155 3830; x_wconf 60' lang='lat' dir='ltr'>natura};</span> <span class='ocrx_word' id='word_1_503' title='bbox 1189 3769 1245 3819; x_wconf 90' lang='lat' dir='ltr'>et</span> <span class='ocrx_word' id='word_1_504' title='bbox 1275 3762 1473 3818; x_wconf 90' lang='lat' dir='ltr'>mirari</span> <span class='ocrx_word' id='word_1_505' title='bbox 1504 3779 1728 3835; x_wconf 84' lang='lat' dir='ltr'>nequeo</span> <span class='ocrx_word' id='word_1_506' title='bbox 1774 3780 1902 3836; x_wconf 67' lang='lat' dir='ltr'>quae</span> 
     </span>
    </p>
   </div>
   <div class='ocr_carea' id='block_1_71' title="bbox 242 3851 1902 3926">
    <p class='ocr_par' dir='ltr' id='par_1_71' title="bbox 242 3851 1902 3926">
     <span class='ocr_line' id='line_1_71' title="bbox 242 3851 1902 3926; baseline -0.004 -11"><span class='ocrx_word' id='word_1_507' title='bbox 242 3860 360 3915; x_wconf 60' lang='lat' dir='ltr'>illa</span> <span class='ocrx_word' id='word_1_508' title='bbox 393 3857 514 3913; x_wconf 88' lang='lat' dir='ltr'>sint</span> <span class='ocrx_word' id='word_1_509' title='bbox 545 3860 767 3912; x_wconf 67' lang='lat' dir='ltr'>natura:</span> <span class='ocrx_word' id='word_1_510' title='bbox 799 3872 925 3926; x_wconf 61' lang='lat' dir='ltr'>quas</span> <span class='ocrx_word' id='word_1_511' title='bbox 949 3853 1227 3909; x_wconf 89' lang='lat' dir='ltr'>dicuntur</span> <span class='ocrx_word' id='word_1_512' title='bbox 1246 3851 1551 3907; x_wconf 64' lang='lat' dir='ltr'>innovatae.</span> <span class='ocrx_word' id='word_1_513' title='bbox 1579 3853 1723 3907; x_wconf 90' lang='lat' dir='ltr'>Nam</span> <span class='ocrx_word' id='word_1_514' title='bbox 1748 3852 1902 3908; x_wconf 89' lang='lat' dir='ltr'>Deus</span> 
     </span>
    </p>
   </div>
   <div class='ocr_carea' id='block_1_72' title="bbox 242 3940 1911 4013">
    <p class='ocr_par' dir='ltr' id='par_1_72' title="bbox 242 3940 1911 4013">
     <span class='ocr_line' id='line_1_72' title="bbox 242 3940 1911 4013; baseline -0.005 -7"><span class='ocrx_word' id='word_1_515' title='bbox 242 3966 314 4006; x_wconf 82' lang='lat' dir='ltr'>ex</span> <span class='ocrx_word' id='word_1_516' title='bbox 346 3946 680 4003; x_wconf 86' lang='lat' dir='ltr'>substantia</span> <span class='ocrx_word' id='word_1_517' title='bbox 725 3943 915 3999; x_wconf 88' lang='lat' dir='ltr'>Patris</span> <span class='ocrx_word' id='word_1_518' title='bbox 939 3947 1072 3998; x_wconf 86' lang='lat' dir='ltr'>ante</span> <span class='ocrx_word' id='word_1_519' title='bbox 1114 3940 1325 3997; x_wconf 70' lang='lat' dir='ltr'>saecula</span> <span class='ocrx_word' id='word_1_520' title='bbox 1344 3940 1597 4013; x_wconf 87' lang='lat' dir='ltr'>genitus,</span> <span class='ocrx_word' id='word_1_521' title='bbox 1630 3941 1805 3997; x_wconf 91' lang='lat' dir='ltr'>homo</span> <span class='ocrx_word' id='word_1_522' title='bbox 1836 3959 1911 3997; x_wconf 87' lang='lat' dir='ltr'>ex</span> 
     </span>
    </p>
   </div>
   <div class='ocr_carea' id='block_1_73' title="bbox 243 4029 1904 4101">
    <p class='ocr_par' dir='ltr' id='par_1_73' title="bbox 243 4029 1904 4101">
     <span class='ocr_line' id='line_1_73' title="bbox 243 4029 1904 4101; baseline -0.006 -6"><span class='ocrx_word' id='word_1_523' title='bbox 243 4035 587 4096; x_wconf 87' lang='lat' dir='ltr'>substantia</span> <span class='ocrx_word' id='word_1_524' title='bbox 603 4033 811 4089; x_wconf 89' lang='lat' dir='ltr'>matris</span> <span class='ocrx_word' id='word_1_525' title='bbox 833 4032 891 4086; x_wconf 90' lang='lat' dir='ltr'>in</span> <span class='ocrx_word' id='word_1_526' title='bbox 916 4030 1126 4086; x_wconf 70' lang='lat' dir='ltr'>smculo</span> <span class='ocrx_word' id='word_1_527' title='bbox 1150 4035 1323 4085; x_wconf 89' lang='lat' dir='ltr'>natus</span> <span class='ocrx_word' id='word_1_528' title='bbox 1342 4031 1612 4101; x_wconf 88' lang='lat' dir='ltr'>apparuit</span> <span class='ocrx_word' id='word_1_529' title='bbox 1634 4029 1785 4084; x_wconf 88' lang='lat' dir='ltr'>inter</span> <span class='ocrx_word' id='word_1_530' title='bbox 1807 4030 1904 4085; x_wconf 91' lang='lat' dir='ltr'>ho-</span> 
     </span>
    </p>
   </div>
   <div class='ocr_carea' id='block_1_74' title="bbox 242 4118 1903 4185">
    <p class='ocr_par' dir='ltr' id='par_1_74' title="bbox 242 4118 1903 4185">
     <span class='ocr_line' id='line_1_74' title="bbox 242 4118 1903 4185; baseline -0.006 -1"><span class='ocrx_word' id='word_1_531' title='bbox 242 4127 441 4184; x_wconf 89' lang='lat' dir='ltr'>mines</span> <span class='ocrx_word' id='word_1_532' title='bbox 460 4140 635 4181; x_wconf 90' lang='lat' dir='ltr'>verus</span> <span class='ocrx_word' id='word_1_533' title='bbox 656 4123 812 4178; x_wconf 89' lang='lat' dir='ltr'>Deus</span> <span class='ocrx_word' id='word_1_534' title='bbox 836 4126 891 4176; x_wconf 91' lang='lat' dir='ltr'>et</span> <span class='ocrx_word' id='word_1_535' title='bbox 910 4137 1084 4175; x_wconf 90' lang='lat' dir='ltr'>verus</span> <span class='ocrx_word' id='word_1_536' title='bbox 1107 4120 1302 4185; x_wconf 90' lang='lat' dir='ltr'>homo,</span> <span class='ocrx_word' id='word_1_537' title='bbox 1325 4119 1656 4174; x_wconf 89' lang='lat' dir='ltr'>subsistens</span> <span class='ocrx_word' id='word_1_538' title='bbox 1677 4118 1733 4172; x_wconf 91' lang='lat' dir='ltr'>in</span> <span class='ocrx_word' id='word_1_539' title='bbox 1762 4119 1903 4174; x_wconf 87' lang='lat' dir='ltr'>dua-</span> 
     </span>
    </p>
   </div>
   <div class='ocr_carea' id='block_1_75' title="bbox 241 4207 1903 4280">
    <p class='ocr_par' dir='ltr' id='par_1_75' title="bbox 241 4207 1903 4280">
     <span class='ocr_line' id='line_1_75' title="bbox 241 4207 1903 4280; baseline -0.006 -8"><span class='ocrx_word' id='word_1_540' title='bbox 241 4217 363 4273; x_wconf 89' lang='lat' dir='ltr'>bus</span> <span class='ocrx_word' id='word_1_541' title='bbox 383 4212 633 4280; x_wconf 88' lang='lat' dir='ltr'>naturis,</span> <span class='ocrx_word' id='word_1_542' title='bbox 659 4210 717 4266; x_wconf 92' lang='lat' dir='ltr'>id</span> <span class='ocrx_word' id='word_1_543' title='bbox 748 4213 839 4266; x_wconf 89' lang='lat' dir='ltr'>est</span> <span class='ocrx_word' id='word_1_544' title='bbox 868 4209 1066 4264; x_wconf 78' lang='lat' dir='ltr'>divina</span> <span class='ocrx_word' id='word_1_545' title='bbox 1093 4212 1151 4264; x_wconf 91' lang='lat' dir='ltr'>et</span> <span class='ocrx_word' id='word_1_546' title='bbox 1181 4208 1459 4275; x_wconf 87' lang='lat' dir='ltr'>humana,</span> <span class='ocrx_word' id='word_1_547' title='bbox 1484 4211 1540 4263; x_wconf 92' lang='lat' dir='ltr'>et</span> <span class='ocrx_word' id='word_1_548' title='bbox 1561 4207 1619 4261; x_wconf 92' lang='lat' dir='ltr'>in</span> <span class='ocrx_word' id='word_1_549' title='bbox 1638 4223 1756 4262; x_wconf 89' lang='lat' dir='ltr'>una</span> <span class='ocrx_word' id='word_1_550' title='bbox 1776 4223 1903 4279; x_wconf 89' lang='lat' dir='ltr'>per-</span> 
     </span>
    </p>
   </div>
   <div class='ocr_carea' id='block_1_76' title="bbox 242 4294 1900 4372">
    <p class='ocr_par' dir='ltr' id='par_1_76' title="bbox 242 4294 1900 4372">
     <span class='ocr_line' id='line_1_76' title="bbox 242 4294 1900 4372; baseline -0.007 -11"><span class='ocrx_word' id='word_1_551' title='bbox 242 4321 413 4362; x_wconf 88' lang='lat' dir='ltr'>sona.</span> <span class='ocrx_word' id='word_1_552' title='bbox 449 4302 614 4359; x_wconf 90' lang='lat' dir='ltr'>Unde</span> <span class='ocrx_word' id='word_1_553' title='bbox 644 4300 728 4356; x_wconf 90' lang='lat' dir='ltr'>sic</span> <span class='ocrx_word' id='word_1_554' title='bbox 760 4299 1013 4372; x_wconf 85' lang='lat' dir='ltr'>legimus</span> <span class='ocrx_word' id='word_1_555' title='bbox 1044 4298 1102 4352; x_wconf 90' lang='lat' dir='ltr'>in</span> <span class='ocrx_word' id='word_1_556' title='bbox 1134 4297 1387 4369; x_wconf 90' lang='lat' dir='ltr'>quadam</span> <span class='ocrx_word' id='word_1_557' title='bbox 1420 4296 1640 4369; x_wconf 83' lang='lat' dir='ltr'>synodo</span> <span class='ocrx_word' id='word_1_558' title='bbox 1666 4295 1723 4349; x_wconf 92' lang='lat' dir='ltr'>in</span> <span class='ocrx_word' id='word_1_559' title='bbox 1758 4294 1900 4350; x_wconf 88' lang='lat' dir='ltr'>civi-</span> 
     </span>
    </p>
   </div>
   <div class='ocr_carea' id='block_1_77' title="bbox 236 4383 1902 4463">
    <p class='ocr_par' dir='ltr' id='par_1_77' title="bbox 236 4383 1902 4463">
     <span class='ocr_line' id='line_1_77' title="bbox 236 4383 1902 4463; baseline -0.007 -13"><span class='ocrx_word' id='word_1_560' title='bbox 236 4397 363 4450; x_wconf 80' lang='lat' dir='ltr'>tate</span> <span class='ocrx_word' id='word_1_561' title='bbox 393 4388 659 4463; x_wconf 88' lang='lat' dir='ltr'>Spalensi</span> <span class='ocrx_word' id='word_1_562' title='bbox 682 4386 1053 4461; x_wconf 89' lang='lat' dir='ltr'>[Hispalensi]</span> <span class='ocrx_word' id='word_1_563' title='bbox 1088 4385 1289 4441; x_wconf 89' lang='lat' dir='ltr'>habita</span> <span class='ocrx_word' id='word_1_564' title='bbox 1314 4402 1328 4439; x_wconf 90' lang='lat'><strong>:</strong></span> <span class='ocrx_word' id='word_1_565' title='bbox 1353 4407 1381 4433; x_wconf 90' lang='grc'><strong><em>‹‹</em></strong></span> <span class='ocrx_word' id='word_1_566' title='bbox 1408 4384 1467 4439; x_wconf 90' lang='lat' dir='ltr'>Si</span> <span class='ocrx_word' id='word_1_567' title='bbox 1491 4383 1625 4456; x_wconf 86' lang='lat' dir='ltr'>quis</span> <span class='ocrx_word' id='word_1_568' title='bbox 1646 4383 1902 4456; x_wconf 86' lang='lat' dir='ltr'>igiturin</span> 
     </span>
    </p>
   </div>
   <div class='ocr_carea' id='block_1_78' title="bbox 238 4473 1903 4540">
    <p class='ocr_par' dir='ltr' id='par_1_78' title="bbox 238 4473 1903 4540">
     <span class='ocr_line' id='line_1_78' title="bbox 238 4473 1903 4540; baseline -0.005 -3"><span class='ocrx_word' id='word_1_569' title='bbox 238 4481 496 4539; x_wconf 89' lang='lat' dir='ltr'>Domino</span> <span class='ocrx_word' id='word_1_570' title='bbox 528 4482 727 4535; x_wconf 89' lang='lat' dir='ltr'>nostro</span> <span class='ocrx_word' id='word_1_571' title='bbox 755 4478 897 4533; x_wconf 88' lang='lat' dir='ltr'>Jesu</span> <span class='ocrx_word' id='word_1_572' title='bbox 931 4475 1162 4532; x_wconf 88' lang='lat' dir='ltr'>Christo</span> <span class='ocrx_word' id='word_1_573' title='bbox 1194 4479 1295 4530; x_wconf 89' lang='lat' dir='ltr'>aut</span> <span class='ocrx_word' id='word_1_574' title='bbox 1325 4473 1472 4528; x_wconf 87' lang='lat' dir='ltr'>duas</span> <span class='ocrx_word' id='word_1_575' title='bbox 1504 4477 1765 4540; x_wconf 86' lang='lat' dir='ltr'>naturas,</span> <span class='ocrx_word' id='word_1_576' title='bbox 1801 4477 1903 4529; x_wconf 90' lang='lat' dir='ltr'>aut</span> 
     </span>
    </p>
   </div>
   <div class='ocr_carea' id='block_1_79' title="bbox 246 4561 1983 4650">
    <p class='ocr_par' dir='ltr' id='par_1_79' title="bbox 246 4561 1983 4650">
     <span class='ocr_line' id='line_1_79' title="bbox 246 4561 1983 4650; baseline -0.007 -22"><span class='ocrx_word' id='word_1_577' title='bbox 246 4587 433 4627; x_wconf 87' lang='lat' dir='ltr'>unam</span> <span class='ocrx_word' id='word_1_578' title='bbox 460 4568 711 4625; x_wconf 89' lang='lat' dir='ltr'>noluerit</span> <span class='ocrx_word' id='word_1_579' title='bbox 733 4566 967 4622; x_wconf 88' lang='lat' dir='ltr'>credere</span> <span class='ocrx_word' id='word_1_580' title='bbox 990 4581 1056 4621; x_wconf 90' lang='lat' dir='ltr'>ac</span> <span class='ocrx_word' id='word_1_581' title='bbox 1077 4562 1387 4637; x_wconf 71' lang='lat' dir='ltr'>praedicare</span> <span class='ocrx_word' id='word_1_582' title='bbox 1404 4561 1830 4633; x_wconf 89' lang='lat' dir='ltr'>personam,vel</span> <span class='ocrx_word' id='word_1_583' title='bbox 1855 4561 1902 4617; x_wconf 89' lang='lat' dir='ltr'>si</span> <span class='ocrx_word' id='word_1_584' title='bbox 1932 4582 1983 4650; x_wconf 69' lang='grc' dir='ltr'>Β</span> 
     </span>
    </p>
   </div>
   <div class='ocr_carea' id='block_1_80' title="bbox 244 4651 1903 4733">
    <p class='ocr_par' dir='ltr' id='par_1_80' title="bbox 244 4651 1903 4733">
     <span class='ocr_line' id='line_1_80' title="bbox 244 4651 1903 4733; baseline -0.007 -17"><span class='ocrx_word' id='word_1_585' title='bbox 244 4660 384 4733; x_wconf 90' lang='lat' dir='ltr'>quis</span> <span class='ocrx_word' id='word_1_586' title='bbox 416 4656 671 4714; x_wconf 88' lang='lat' dir='ltr'>noluerit</span> <span class='ocrx_word' id='word_1_587' title='bbox 700 4654 963 4712; x_wconf 89' lang='lat' dir='ltr'>conﬁteri</span> <span class='ocrx_word' id='word_1_588' title='bbox 1018 4653 1290 4709; x_wconf 90' lang='lat' dir='ltr'>eumdem</span> <span class='ocrx_word' id='word_1_589' title='bbox 1315 4651 1499 4706; x_wconf 90' lang='lat' dir='ltr'>Deum</span> <span class='ocrx_word' id='word_1_590' title='bbox 1522 4654 1697 4722; x_wconf 88' lang='lat' dir='ltr'>atque</span> <span class='ocrx_word' id='word_1_591' title='bbox 1718 4651 1903 4706; x_wconf 89' lang='lat' dir='ltr'>homi-</span> 
     </span>
    </p>
   </div>
   <div class='ocr_carea' id='block_1_81' title="bbox 241 4738 1895 4813">
    <p class='ocr_par' dir='ltr' id='par_1_81' title="bbox 241 4738 1895 4813">
     <span class='ocr_line' id='line_1_81' title="bbox 241 4738 1895 4813; baseline -0.005 -8"><span class='ocrx_word' id='word_1_592' title='bbox 241 4765 404 4813; x_wconf 90' lang='lat' dir='ltr'>nem,</span> <span class='ocrx_word' id='word_1_593' title='bbox 443 4747 500 4802; x_wconf 93' lang='lat' dir='ltr'>id</span> <span class='ocrx_word' id='word_1_594' title='bbox 533 4750 623 4802; x_wconf 89' lang='lat' dir='ltr'>cst</span> <span class='ocrx_word' id='word_1_595' title='bbox 651 4745 908 4801; x_wconf 90' lang='lat' dir='ltr'>Verbum</span> <span class='ocrx_word' id='word_1_596' title='bbox 942 4743 1310 4799; x_wconf 89' lang='lat' dir='ltr'>incarnatum</span> <span class='ocrx_word' id='word_1_597' title='bbox 1341 4741 1411 4796; x_wconf 90' lang='lat' dir='ltr'>de</span> <span class='ocrx_word' id='word_1_598' title='bbox 1442 4739 1625 4795; x_wconf 90' lang='lat' dir='ltr'>Maria</span> <span class='ocrx_word' id='word_1_599' title='bbox 1652 4738 1895 4811; x_wconf 85' lang='lat' dir='ltr'>virgine,</span> 
     </span>
    </p>
   </div>
   <div class='ocr_carea' id='block_1_82' title="bbox 237 4831 1900 4912">
    <p class='ocr_par' dir='ltr' id='par_1_82' title="bbox 237 4831 1900 4912">
     <span class='ocr_line' id='line_1_82' title="bbox 237 4831 1900 4912; baseline -0.005 -20"><span class='ocrx_word' id='word_1_600' title='bbox 237 4854 350 4912; x_wconf 90' lang='lat' dir='ltr'>pro</span> <span class='ocrx_word' id='word_1_601' title='bbox 385 4839 587 4891; x_wconf 86' lang='lat' dir='ltr'>nostra</span> <span class='ocrx_word' id='word_1_602' title='bbox 646 4833 833 4890; x_wconf 89' lang='lat' dir='ltr'>salute</span> <span class='ocrx_word' id='word_1_603' title='bbox 885 4831 1162 4888; x_wconf 87' lang='lat' dir='ltr'>veraciter</span> <span class='ocrx_word' id='word_1_604' title='bbox 1217 4834 1442 4896; x_wconf 87' lang='lat' dir='ltr'>natum,</span> <span class='ocrx_word' id='word_1_605' title='bbox 1477 4833 1707 4883; x_wconf 88' lang='lat' dir='ltr'>tantum</span> <span class='ocrx_word' id='word_1_606' title='bbox 1738 4846 1771 4884; x_wconf 92' lang='lat' dir='ltr'>a</span> <span class='ocrx_word' id='word_1_607' title='bbox 1803 4846 1900 4884; x_wconf 89' lang='lat' dir='ltr'>ca-</span> 
     </span>
    </p>
   </div>
   <div class='ocr_carea' id='block_1_83' title="bbox 237 4920 1897 4997">
    <p class='ocr_par' dir='ltr' id='par_1_83' title="bbox 237 4920 1897 4997">
     <span class='ocr_line' id='line_1_83' title="bbox 237 4920 1897 4997; baseline -0.005 -14"><span class='ocrx_word' id='word_1_608' title='bbox 237 4926 466 4984; x_wconf 89' lang='lat' dir='ltr'>tholica</span> <span class='ocrx_word' id='word_1_609' title='bbox 495 4925 608 4980; x_wconf 88' lang='lat' dir='ltr'>ﬁde</span> <span class='ocrx_word' id='word_1_610' title='bbox 638 4922 1086 4997; x_wconf 88' lang='lat' dir='ltr'>reprehenditur</span> <span class='ocrx_word' id='word_1_611' title='bbox 1114 4937 1178 4976; x_wconf 90' lang='lat' dir='ltr'>ac</span> <span class='ocrx_word' id='word_1_612' title='bbox 1229 4920 1666 4976; x_wconf 84' lang='lat' dir='ltr'>demonstratur</span> <span class='ocrx_word' id='word_1_613' title='bbox 1704 4922 1897 4974; x_wconf 88' lang='lat' dir='ltr'>extra-</span> 
     </span>
    </p>
   </div>
   <div class='ocr_carea' id='block_1_84' title="bbox 240 5007 1901 5085">
    <p class='ocr_par' dir='ltr' id='par_1_84' title="bbox 240 5007 1901 5085">
     <span class='ocr_line' id='line_1_84' title="bbox 240 5007 1901 5085; baseline -0.005 -12"><span class='ocrx_word' id='word_1_614' title='bbox 240 5032 422 5085; x_wconf 89' lang='lat' dir='ltr'>neus,</span> <span class='ocrx_word' id='word_1_615' title='bbox 447 5017 513 5069; x_wconf 90' lang='lat' dir='ltr'>ut</span> <span class='ocrx_word' id='word_1_616' title='bbox 533 5016 898 5071; x_wconf 88' lang='lat' dir='ltr'>sacramento</span> <span class='ocrx_word' id='word_1_617' title='bbox 922 5009 1340 5081; x_wconf 89' lang='lat' dir='ltr'>redemptionis</span> <span class='ocrx_word' id='word_1_618' title='bbox 1362 5008 1636 5063; x_wconf 63' lang='lat' dir='ltr'>humana;</span> <span class='ocrx_word' id='word_1_619' title='bbox 1661 5007 1901 5064; x_wconf 89' lang='lat' dir='ltr'>resistat</span> 
     </span>
    </p>
   </div>
   <div class='ocr_carea' id='block_1_85' title="bbox 239 5095 1898 5179">
    <p class='ocr_par' dir='ltr' id='par_1_85' title="bbox 239 5095 1898 5179">
     <span class='ocr_line' id='line_1_85' title="bbox 239 5095 1898 5179; baseline -0.007 -18"><span class='ocrx_word' id='word_1_620' title='bbox 239 5101 540 5179; x_wconf 75' lang='lat' dir='ltr'>ingratiis.</span> <span class='ocrx_word' id='word_1_621' title='bbox 572 5105 829 5174; x_wconf 84' lang='lat' dir='ltr'>Apparet</span> <span class='ocrx_word' id='word_1_622' title='bbox 856 5099 1034 5173; x_wconf 84' lang='lat' dir='ltr'>igitur</span> <span class='ocrx_word' id='word_1_623' title='bbox 1064 5099 1218 5170; x_wconf 89' lang='lat' dir='ltr'>quod</span> <span class='ocrx_word' id='word_1_624' title='bbox 1260 5097 1456 5153; x_wconf 89' lang='lat' dir='ltr'>divina</span> <span class='ocrx_word' id='word_1_625' title='bbox 1515 5099 1727 5151; x_wconf 91' lang='lat' dir='ltr'>natura</span> <span class='ocrx_word' id='word_1_626' title='bbox 1781 5095 1898 5151; x_wconf 87' lang='lat' dir='ltr'>exi-</span> 
     </span>
    </p>
   </div>
   <div class='ocr_carea' id='block_1_86' title="bbox 240 5183 1897 5261">
    <p class='ocr_par' dir='ltr' id='par_1_86' title="bbox 240 5183 1897 5261">
     <span class='ocr_line' id='line_1_86' title="bbox 240 5183 1897 5261; baseline -0.005 -12"><span class='ocrx_word' id='word_1_627' title='bbox 240 5197 361 5250; x_wconf 89' lang='lat' dir='ltr'>stat</span> <span class='ocrx_word' id='word_1_628' title='bbox 388 5190 722 5258; x_wconf 89' lang='lat' dir='ltr'>invisibilis,</span> <span class='ocrx_word' id='word_1_629' title='bbox 756 5186 1164 5261; x_wconf 84' lang='lat' dir='ltr'>impassibilis,</span> <span class='ocrx_word' id='word_1_630' title='bbox 1196 5183 1607 5253; x_wconf 87' lang='lat' dir='ltr'>immutabilis,</span> <span class='ocrx_word' id='word_1_631' title='bbox 1636 5201 1739 5239; x_wconf 89' lang='lat' dir='ltr'>nec</span> <span class='ocrx_word' id='word_1_632' title='bbox 1770 5201 1897 5241; x_wconf 92' lang='lat' dir='ltr'>mu-</span> 
     </span>
    </p>
   </div>
   <div class='ocr_carea' id='block_1_87' title="bbox 240 5273 1893 5351">
    <p class='ocr_par' dir='ltr' id='par_1_87' title="bbox 240 5273 1893 5351">
     <span class='ocr_line' id='line_1_87' title="bbox 240 5273 1893 5351; baseline -0.005 -12"><span class='ocrx_word' id='word_1_633' title='bbox 240 5282 381 5349; x_wconf 82' lang='lat' dir='ltr'>tari,</span> <span class='ocrx_word' id='word_1_634' title='bbox 415 5297 521 5337; x_wconf 89' lang='lat' dir='ltr'>nec</span> <span class='ocrx_word' id='word_1_635' title='bbox 553 5278 830 5351; x_wconf 89' lang='lat' dir='ltr'>reparari,</span> <span class='ocrx_word' id='word_1_636' title='bbox 865 5293 969 5333; x_wconf 91' lang='lat' dir='ltr'>nec</span> <span class='ocrx_word' id='word_1_637' title='bbox 1021 5276 1283 5332; x_wconf 89' lang='lat' dir='ltr'>innovari</span> <span class='ocrx_word' id='word_1_638' title='bbox 1315 5273 1538 5347; x_wconf 86' lang='lat' dir='ltr'>potuit:</span> <span class='ocrx_word' id='word_1_639' title='bbox 1571 5274 1893 5340; x_wconf 83' lang='lat' dir='ltr'>humanam</span> 
     </span>
    </p>
   </div>
   <div class='ocr_carea' id='block_1_88' title="bbox 239 5362 1894 5435">
    <p class='ocr_par' dir='ltr' id='par_1_88' title="bbox 239 5362 1894 5435">
     <span class='ocr_line' id='line_1_88' title="bbox 239 5362 1894 5435; baseline -0.005 -7"><span class='ocrx_word' id='word_1_640' title='bbox 239 5388 378 5428; x_wconf 89' lang='lat' dir='ltr'>vero</span> <span class='ocrx_word' id='word_1_641' title='bbox 411 5373 684 5425; x_wconf 88' lang='lat' dir='ltr'>naturam</span> <span class='ocrx_word' id='word_1_642' title='bbox 716 5383 887 5422; x_wconf 89' lang='lat' dir='ltr'>verus</span> <span class='ocrx_word' id='word_1_643' title='bbox 920 5365 1071 5420; x_wconf 89' lang='lat' dir='ltr'>Deus</span> <span class='ocrx_word' id='word_1_644' title='bbox 1090 5364 1189 5419; x_wconf 83' lang='lat' dir='ltr'>Dei</span> <span class='ocrx_word' id='word_1_645' title='bbox 1223 5363 1404 5418; x_wconf 85' lang='lat' dir='ltr'>Filius</span> <span class='ocrx_word' id='word_1_646' title='bbox 1438 5363 1495 5418; x_wconf 91' lang='lat' dir='ltr'>in</span> <span class='ocrx_word' id='word_1_647' title='bbox 1528 5362 1749 5418; x_wconf 89' lang='lat' dir='ltr'>unitate</span> <span class='ocrx_word' id='word_1_648' title='bbox 1773 5381 1894 5435; x_wconf 92' lang='lat' dir='ltr'>per-</span> 
     </span>
    </p>
   </div>
   <div class='ocr_carea' id='block_1_89' title="bbox 202 5452 1896 5524">
    <p class='ocr_par' dir='ltr' id='par_1_89' title="bbox 202 5452 1896 5524">
     <span class='ocr_line' id='line_1_89' title="bbox 202 5452 1896 5524; baseline -0.005 -6"><span class='ocrx_word' id='word_1_649' title='bbox 202 5462 209 5469; x_wconf 73' lang='grc'><strong><em>“</em></strong></span> <span class='ocrx_word' id='word_1_650' title='bbox 242 5478 403 5517; x_wconf 65' lang='lat' dir='ltr'>sonas</span> <span class='ocrx_word' id='word_1_651' title='bbox 437 5458 564 5514; x_wconf 88' lang='lat' dir='ltr'>sine</span> <span class='ocrx_word' id='word_1_652' title='bbox 596 5455 877 5512; x_wconf 90' lang='lat' dir='ltr'>divisione</span> <span class='ocrx_word' id='word_1_653' title='bbox 908 5459 1009 5510; x_wconf 89' lang='lat' dir='ltr'>aut</span> <span class='ocrx_word' id='word_1_654' title='bbox 1039 5453 1443 5508; x_wconf 74' lang='lat' dir='ltr'>commistione</span> <span class='ocrx_word' id='word_1_655' title='bbox 1475 5452 1816 5524; x_wconf 89' lang='lat' dir='ltr'>assumpsit,</span> <span class='ocrx_word' id='word_1_656' title='bbox 1840 5458 1896 5509; x_wconf 91' lang='lat' dir='ltr'>et</span> 
     </span>
    </p>
   </div>
   <div class='ocr_carea' id='block_1_90' title="bbox 240 5540 1888 5620">
    <p class='ocr_par' dir='ltr' id='par_1_90' title="bbox 240 5540 1888 5620">
     <span class='ocr_line' id='line_1_90' title="bbox 240 5540 1888 5620; baseline -0.005 -13"><span class='ocrx_word' id='word_1_657' title='bbox 240 5568 353 5607; x_wconf 90' lang='lat' dir='ltr'>nos</span> <span class='ocrx_word' id='word_1_658' title='bbox 381 5550 442 5604; x_wconf 91' lang='lat' dir='ltr'>in</span> <span class='ocrx_word' id='word_1_659' title='bbox 474 5547 634 5620; x_wconf 88' lang='lat' dir='ltr'>ligno</span> <span class='ocrx_word' id='word_1_660' title='bbox 665 5545 853 5602; x_wconf 88' lang='lat' dir='ltr'>crucis</span> <span class='ocrx_word' id='word_1_661' title='bbox 903 5542 1169 5609; x_wconf 88' lang='lat' dir='ltr'>redemit,</span> <span class='ocrx_word' id='word_1_662' title='bbox 1202 5541 1512 5615; x_wconf 89' lang='lat' dir='ltr'>reparavit,</span> <span class='ocrx_word' id='word_1_663' title='bbox 1547 5540 1843 5598; x_wconf 87' lang='lat' dir='ltr'>innovavit</span> <span class='ocrx_word' id='word_1_664' title='bbox 1876 5562 1888 5599; x_wconf 92' lang='lat'>:</span> 
     </span>
    </p>
   </div>
   <div class='ocr_carea' id='block_1_91' title="bbox 241 5631 1890 5712">
    <p class='ocr_par' dir='ltr' id='par_1_91' title="bbox 241 5631 1890 5712">
     <span class='ocr_line' id='line_1_91' title="bbox 241 5631 1890 5712; baseline -0.005 -15"><span class='ocrx_word' id='word_1_665' title='bbox 241 5656 311 5697; x_wconf 86' lang='lat' dir='ltr'>ac</span> <span class='ocrx_word' id='word_1_666' title='bbox 343 5654 447 5712; x_wconf 85' lang='lat' dir='ltr'>per</span> <span class='ocrx_word' id='word_1_667' title='bbox 474 5638 583 5694; x_wconf 92' lang='lat' dir='ltr'>hoc</span> <span class='ocrx_word' id='word_1_668' title='bbox 612 5633 909 5692; x_wconf 89' lang='lat' dir='ltr'>innovatio</span> <span class='ocrx_word' id='word_1_669' title='bbox 939 5633 1011 5689; x_wconf 89' lang='lat' dir='ltr'>ad</span> <span class='ocrx_word' id='word_1_670' title='bbox 1058 5631 1243 5688; x_wconf 88' lang='lat' dir='ltr'>solam</span> <span class='ocrx_word' id='word_1_671' title='bbox 1302 5634 1574 5687; x_wconf 89' lang='lat' dir='ltr'>naturam</span> <span class='ocrx_word' id='word_1_672' title='bbox 1634 5631 1890 5689; x_wconf 89' lang='lat' dir='ltr'>hominis</span> 
     </span>
    </p>
   </div>
   <div class='ocr_carea' id='block_1_92' title="bbox 2014 3318 3675 3394">
    <p class='ocr_par' dir='ltr' id='par_1_92' title="bbox 2014 3318 3675 3394">
     <span class='ocr_line' id='line_1_92' title="bbox 2014 3318 3675 3394; baseline 0.005 -21"><span class='ocrx_word' id='word_1_673' title='bbox 2014 3335 2201 3374; x_wconf 84' lang='lat' dir='ltr'>casum</span> <span class='ocrx_word' id='word_1_674' title='bbox 2228 3318 2483 3374; x_wconf 80' lang='lat' dir='ltr'>deelivior</span> <span class='ocrx_word' id='word_1_675' title='bbox 2517 3320 2587 3374; x_wconf 85' lang='lat' dir='ltr'>sit</span> <span class='ocrx_word' id='word_1_676' title='bbox 2617 3327 2670 3375; x_wconf 88' lang='lat' dir='ltr'>et</span> <span class='ocrx_word' id='word_1_677' title='bbox 2691 3323 3023 3393; x_wconf 82' lang='lat' dir='ltr'>propinquet</span> <span class='ocrx_word' id='word_1_678' title='bbox 3076 3322 3146 3377; x_wconf 87' lang='lat' dir='ltr'>ad</span> <span class='ocrx_word' id='word_1_679' title='bbox 3175 3339 3473 3394; x_wconf 83' lang='lat' dir='ltr'>vesperam,</span> <span class='ocrx_word' id='word_1_680' title='bbox 3506 3342 3675 3383; x_wconf 87' lang='lat' dir='ltr'>mane</span> 
     </span>
    </p>
   </div>
   <div class='ocr_carea' id='block_1_93' title="bbox 2014 3407 3676 3486">
    <p class='ocr_par' dir='ltr' id='par_1_93' title="bbox 2014 3407 3676 3486">
     <span class='ocr_line' id='line_1_93' title="bbox 2014 3407 3676 3486; baseline 0.005 -24"><span class='ocrx_word' id='word_1_681' title='bbox 2014 3407 2160 3479; x_wconf 89' lang='lat' dir='ltr'>apud</span> <span class='ocrx_word' id='word_1_682' title='bbox 2179 3424 2267 3463; x_wconf 88' lang='lat' dir='ltr'>me</span> <span class='ocrx_word' id='word_1_683' title='bbox 2297 3409 2464 3462; x_wconf 83' lang='lat' dir='ltr'>etiam</span> <span class='ocrx_word' id='word_1_684' title='bbox 2493 3407 2672 3475; x_wconf 86' lang='lat' dir='ltr'>hodie,</span> <span class='ocrx_word' id='word_1_685' title='bbox 2701 3417 2753 3464; x_wconf 89' lang='lat' dir='ltr'>et</span> <span class='ocrx_word' id='word_1_686' title='bbox 2772 3409 2877 3464; x_wconf 89' lang='lat' dir='ltr'>duc</span> <span class='ocrx_word' id='word_1_687' title='bbox 2907 3410 3096 3466; x_wconf 70' lang='lat' dir='ltr'>laetum</span> <span class='ocrx_word' id='word_1_688' title='bbox 3124 3410 3291 3480; x_wconf 85' lang='lat' dir='ltr'>diem,</span> <span class='ocrx_word' id='word_1_689' title='bbox 3324 3420 3376 3468; x_wconf 89' lang='lat' dir='ltr'>et</span> <span class='ocrx_word' id='word_1_690' title='bbox 3406 3429 3527 3469; x_wconf 85' lang='lat' dir='ltr'>cras</span> <span class='ocrx_word' id='word_1_691' title='bbox 3546 3430 3676 3486; x_wconf 88' lang='lat' dir='ltr'>pro-</span> 
     </span>
    </p>
   </div>
   <div class='ocr_carea' id='block_1_94' title="bbox 2010 3495 3671 3568">
    <p class='ocr_par' dir='ltr' id='par_1_94' title="bbox 2010 3495 3671 3568">
     <span class='ocr_line' id='line_1_94' title="bbox 2010 3495 3671 3568; baseline 0.005 -17"><span class='ocrx_word' id='word_1_692' title='bbox 2010 3497 2288 3568; x_wconf 84' lang='lat' dir='ltr'>ﬁcisceris,</span> <span class='ocrx_word' id='word_1_693' title='bbox 2338 3500 2401 3550; x_wconf 87' lang='lat' dir='ltr'>ut</span> <span class='ocrx_word' id='word_1_694' title='bbox 2430 3495 2596 3551; x_wconf 84' lang='lat' dir='ltr'>vadas</span> <span class='ocrx_word' id='word_1_695' title='bbox 2641 3498 2698 3552; x_wconf 89' lang='lat' dir='ltr'>in</span> <span class='ocrx_word' id='word_1_696' title='bbox 2748 3498 2967 3553; x_wconf 87' lang='lat' dir='ltr'>domum</span> <span class='ocrx_word' id='word_1_697' title='bbox 3026 3506 3197 3553; x_wconf 85' lang='lat' dir='ltr'>tuam.</span> <span class='ocrx_word' id='word_1_698' title='bbox 3230 3501 3311 3555; x_wconf 90' lang='lat' dir='ltr'>Ex</span> <span class='ocrx_word' id='word_1_699' title='bbox 3368 3500 3671 3560; x_wconf 85' lang='lat' dir='ltr'>occasione</span> 
     </span>
    </p>
   </div>
   <div class='ocr_carea' id='block_1_95' title="bbox 2015 3584 3665 3655">
    <p class='ocr_par' dir='ltr' id='par_1_95' title="bbox 2015 3584 3665 3655">
     <span class='ocr_line' id='line_1_95' title="bbox 2015 3584 3665 3655; baseline 0.006 -16"><span class='ocrx_word' id='word_1_700' title='bbox 2015 3584 2191 3655; x_wconf 85' lang='lat' dir='ltr'>hujus</span> <span class='ocrx_word' id='word_1_701' title='bbox 2223 3584 2527 3639; x_wconf 71' lang='lat' dir='ltr'>sententia:</span> <span class='ocrx_word' id='word_1_702' title='bbox 2559 3601 2802 3642; x_wconf 85' lang='lat' dir='ltr'>exorsus</span> <span class='ocrx_word' id='word_1_703' title='bbox 2833 3590 2923 3642; x_wconf 87' lang='lat' dir='ltr'>est</span> <span class='ocrx_word' id='word_1_704' title='bbox 2949 3586 3033 3643; x_wconf 91' lang='lat' dir='ltr'>sic</span> <span class='ocrx_word' id='word_1_705' title='bbox 3064 3587 3136 3642; x_wconf 88' lang='lat' dir='ltr'>ad</span> <span class='ocrx_word' id='word_1_706' title='bbox 3166 3589 3398 3645; x_wconf 84' lang='lat' dir='ltr'>alleluia</span> <span class='ocrx_word' id='word_1_707' title='bbox 3425 3588 3617 3647; x_wconf 87' lang='lat' dir='ltr'>dicere</span> <span class='ocrx_word' id='word_1_708' title='bbox 3650 3610 3665 3650; x_wconf 88' lang='lat'><strong>:</strong></span> 
     </span>
    </p>
   </div>
   <div class='ocr_carea' id='block_1_96' title="bbox 2014 3673 3672 3749">
    <p class='ocr_par' dir='ltr' id='par_1_96' title="bbox 2014 3673 3672 3749">
     <span class='ocr_line' id='line_1_96' title="bbox 2014 3673 3672 3749; baseline 0.004 -20"><span class='ocrx_word' id='word_1_709' title='bbox 2014 3676 2167 3729; x_wconf 84' lang='lat' dir='ltr'>Mane</span> <span class='ocrx_word' id='word_1_710' title='bbox 2192 3674 2338 3745; x_wconf 84' lang='lat' dir='ltr'>apud</span> <span class='ocrx_word' id='word_1_711' title='bbox 2367 3690 2465 3729; x_wconf 86' lang='lat' dir='ltr'>nos</span> <span class='ocrx_word' id='word_1_712' title='bbox 2497 3673 2658 3730; x_wconf 86' lang='lat' dir='ltr'>hodie</span> <span class='ocrx_word' id='word_1_713' title='bbox 2688 3680 2746 3731; x_wconf 89' lang='lat' dir='ltr'>et</span> <span class='ocrx_word' id='word_1_714' title='bbox 2777 3680 2985 3731; x_wconf 59' lang='lat' dir='ltr'>caetera</span> <span class='ocrx_word' id='word_1_715' title='bbox 3029 3693 3159 3747; x_wconf 61' lang='lat' dir='ltr'>qua}</span> <span class='ocrx_word' id='word_1_716' title='bbox 3217 3683 3566 3749; x_wconf 89' lang='lat' dir='ltr'>sequuntur.</span> <span class='ocrx_word' id='word_1_717' title='bbox 3604 3680 3672 3736; x_wconf 91' lang='lat' dir='ltr'>In</span> 
     </span>
    </p>
   </div>
   <div class='ocr_carea' id='block_1_97' title="bbox 2014 3761 3673 3837">
    <p class='ocr_par' dir='ltr' id='par_1_97' title="bbox 2014 3761 3673 3837">
     <span class='ocr_line' id='line_1_97' title="bbox 2014 3761 3673 3837; baseline 0.005 -20"><span class='ocrx_word' id='word_1_718' title='bbox 2014 3762 2162 3818; x_wconf 90' lang='lat' dir='ltr'>libro</span> <span class='ocrx_word' id='word_1_719' title='bbox 2190 3761 2495 3835; x_wconf 73' lang='lat' dir='ltr'>Sapientia:</span> <span class='ocrx_word' id='word_1_720' title='bbox 2527 3762 2781 3835; x_wconf 83' lang='lat' dir='ltr'>legimus</span> <span class='ocrx_word' id='word_1_721' title='bbox 2814 3781 2827 3819; x_wconf 95' lang='lat'>:</span> <span class='ocrx_word' id='word_1_722' title='bbox 2863 3766 2903 3820; x_wconf 92' lang='lat'>0</span> <span class='ocrx_word' id='word_1_723' title='bbox 2932 3781 3097 3836; x_wconf 88' lang='lat' dir='ltr'>quam</span> <span class='ocrx_word' id='word_1_724' title='bbox 3135 3767 3366 3837; x_wconf 85' lang='lat' dir='ltr'>pulchra</span> <span class='ocrx_word' id='word_1_725' title='bbox 3415 3775 3494 3823; x_wconf 85' lang='lat' dir='ltr'>est</span> <span class='ocrx_word' id='word_1_726' title='bbox 3521 3778 3673 3826; x_wconf 84' lang='lat' dir='ltr'>casta</span> 
     </span>
    </p>
   </div>
   <div class='ocr_carea' id='block_1_98' title="bbox 2010 3852 3672 3927">
    <p class='ocr_par' dir='ltr' id='par_1_98' title="bbox 2010 3852 3672 3927">
     <span class='ocr_line' id='line_1_98' title="bbox 2010 3852 3672 3927; baseline 0.004 -21"><span class='ocrx_word' id='word_1_727' title='bbox 2010 3853 2289 3927; x_wconf 82' lang='lat' dir='ltr'>generatio</span> <span class='ocrx_word' id='word_1_728' title='bbox 2318 3867 2442 3906; x_wconf 90' lang='lat' dir='ltr'>cum</span> <span class='ocrx_word' id='word_1_729' title='bbox 2456 3852 2709 3907; x_wconf 86' lang='lat' dir='ltr'>claritate</span> <span class='ocrx_word' id='word_1_730' title='bbox 2731 3859 2750 3908; x_wconf 92' lang='lat'><em>!</em></span> <span class='ocrx_word' id='word_1_731' title='bbox 2777 3854 3107 3908; x_wconf 86' lang='lat' dir='ltr'>immortalis</span> <span class='ocrx_word' id='word_1_732' title='bbox 3133 3859 3215 3910; x_wconf 88' lang='lat' dir='ltr'>est</span> <span class='ocrx_word' id='word_1_733' title='bbox 3234 3858 3383 3911; x_wconf 87' lang='lat' dir='ltr'>enim</span> <span class='ocrx_word' id='word_1_734' title='bbox 3400 3859 3672 3914; x_wconf 85' lang='lat' dir='ltr'>memoria</span> 
     </span>
    </p>
   </div>
   <div class='ocr_carea' id='block_1_99' title="bbox 2012 3940 3670 4016">
    <p class='ocr_par' dir='ltr' id='par_1_99' title="bbox 2012 3940 3670 4016">
     <span class='ocr_line' id='line_1_99' title="bbox 2012 3940 3670 4016; baseline 0.005 -22"><span class='ocrx_word' id='word_1_735' title='bbox 2012 3941 2190 4006; x_wconf 88' lang='lat' dir='ltr'>illius,</span> <span class='ocrx_word' id='word_1_736' title='bbox 2223 3942 2481 4011; x_wconf 81' lang='lat' dir='ltr'>quoniam</span> <span class='ocrx_word' id='word_1_737' title='bbox 2511 3945 2564 3996; x_wconf 86' lang='lat' dir='ltr'>et</span> <span class='ocrx_word' id='word_1_738' title='bbox 2590 3940 2736 4011; x_wconf 88' lang='lat' dir='ltr'>apud</span> <span class='ocrx_word' id='word_1_739' title='bbox 2766 3942 2938 3995; x_wconf 87' lang='lat' dir='ltr'>Deum</span> <span class='ocrx_word' id='word_1_740' title='bbox 2964 3946 3094 3997; x_wconf 85' lang='lat' dir='ltr'>nota</span> <span class='ocrx_word' id='word_1_741' title='bbox 3125 3949 3206 3997; x_wconf 84' lang='lat' dir='ltr'>est</span> <span class='ocrx_word' id='word_1_742' title='bbox 3236 3953 3289 3999; x_wconf 90' lang='lat' dir='ltr'>et</span> <span class='ocrx_word' id='word_1_743' title='bbox 3317 3943 3463 4016; x_wconf 85' lang='lat' dir='ltr'>apud</span> <span class='ocrx_word' id='word_1_744' title='bbox 3491 3946 3670 4001; x_wconf 81' lang='lat' dir='ltr'>homi~</span> 
     </span>
    </p>
   </div>
   <div class='ocr_carea' id='block_1_100' title="bbox 2009 4029 3669 4099">
    <p class='ocr_par' dir='ltr' id='par_1_100' title="bbox 2009 4029 3669 4099">
     <span class='ocr_line' id='line_1_100' title="bbox 2009 4029 3669 4099; baseline 0.004 -16"><span class='ocrx_word' id='word_1_745' title='bbox 2009 4045 2123 4083; x_wconf 83' lang='lat' dir='ltr'>nes.</span> <span class='ocrx_word' id='word_1_746' title='bbox 2167 4029 2302 4084; x_wconf 85' lang='lat' dir='ltr'>Cum</span> <span class='ocrx_word' id='word_1_747' title='bbox 2324 4043 2572 4099; x_wconf 55' lang='lat' dir='ltr'>purse-ns</span> <span class='ocrx_word' id='word_1_748' title='bbox 2600 4036 2697 4095; x_wconf 87' lang='lat' dir='ltr'>est,</span> <span class='ocrx_word' id='word_1_749' title='bbox 2730 4030 3032 4083; x_wconf 80' lang='lat' dir='ltr'>imitantur</span> <span class='ocrx_word' id='word_1_750' title='bbox 3060 4031 3224 4085; x_wconf 88' lang='lat' dir='ltr'>illam</span> <span class='ocrx_word' id='word_1_751' title='bbox 3254 4036 3307 4085; x_wconf 92' lang='lat' dir='ltr'>et</span> <span class='ocrx_word' id='word_1_752' title='bbox 3357 4031 3669 4089; x_wconf 84' lang='lat' dir='ltr'>desiderant</span> 
     </span>
    </p>
   </div>
   <div class='ocr_carea' id='block_1_101' title="bbox 2011 4116 3670 4189">
    <p class='ocr_par' dir='ltr' id='par_1_101' title="bbox 2011 4116 3670 4189">
     <span class='ocr_line' id='line_1_101' title="bbox 2011 4116 3670 4189; baseline 0.002 -16"><span class='ocrx_word' id='word_1_753' title='bbox 2011 4133 2151 4184; x_wconf 84' lang='lat' dir='ltr'>eam,</span> <span class='ocrx_word' id='word_1_754' title='bbox 2199 4134 2324 4172; x_wconf 90' lang='lat' dir='ltr'>cum</span> <span class='ocrx_word' id='word_1_755' title='bbox 2381 4133 2438 4172; x_wconf 85' lang='lat' dir='ltr'>se</span> <span class='ocrx_word' id='word_1_756' title='bbox 2492 4116 2765 4185; x_wconf 71' lang='lat' dir='ltr'>eduxerit,</span> <span class='ocrx_word' id='word_1_757' title='bbox 2819 4125 2868 4173; x_wconf 87' lang='lat' dir='ltr'>ct</span> <span class='ocrx_word' id='word_1_758' title='bbox 2912 4118 2970 4172; x_wconf 88' lang='lat' dir='ltr'>in</span> <span class='ocrx_word' id='word_1_759' title='bbox 3025 4123 3356 4189; x_wconf 84' lang='lat' dir='ltr'>perpetuum</span> <span class='ocrx_word' id='word_1_760' title='bbox 3408 4128 3670 4177; x_wconf 85' lang='lat' dir='ltr'>coronata</span> 
     </span>
    </p>
   </div>
   <div class='ocr_carea' id='block_1_102' title="bbox 2010 4205 3668 4278">
    <p class='ocr_par' dir='ltr' id='par_1_102' title="bbox 2010 4205 3668 4278">
     <span class='ocr_line' id='line_1_102' title="bbox 2010 4205 3668 4278; baseline 0.002 -16"><span class='ocrx_word' id='word_1_761' title='bbox 2010 4207 2329 4278; x_wconf 85' lang='lat' dir='ltr'>triumphat.</span> <span class='ocrx_word' id='word_1_762' title='bbox 2382 4206 2451 4260; x_wconf 88' lang='lat' dir='ltr'>Et</span> <span class='ocrx_word' id='word_1_763' title='bbox 2504 4206 2565 4260; x_wconf 92' lang='lat' dir='ltr'>in</span> <span class='ocrx_word' id='word_1_764' title='bbox 2623 4208 2825 4262; x_wconf 88' lang='lat' dir='ltr'>eodem</span> <span class='ocrx_word' id='word_1_765' title='bbox 2883 4205 3055 4263; x_wconf 90' lang='lat' dir='ltr'>libro.</span> <span class='ocrx_word' id='word_1_766' title='bbox 3098 4208 3392 4264; x_wconf 83' lang='lat' dir='ltr'>Delectatio</span> <span class='ocrx_word' id='word_1_767' title='bbox 3436 4209 3578 4264; x_wconf 89' lang='lat' dir='ltr'>bona</span> <span class='ocrx_word' id='word_1_768' title='bbox 3606 4212 3668 4266; x_wconf 86' lang='lat' dir='ltr'>in</span> 
     </span>
    </p>
   </div>
   <div class='ocr_carea' id='block_1_103' title="bbox 2011 4295 3668 4369">
    <p class='ocr_par' dir='ltr' id='par_1_103' title="bbox 2011 4295 3668 4369">
     <span class='ocr_line' id='line_1_103' title="bbox 2011 4295 3668 4369; baseline 0.002 -19"><span class='ocrx_word' id='word_1_769' title='bbox 2011 4295 2262 4366; x_wconf 86' lang='lat' dir='ltr'>operibus</span> <span class='ocrx_word' id='word_1_770' title='bbox 2290 4311 2560 4349; x_wconf 87' lang='lat' dir='ltr'>manuum</span> <span class='ocrx_word' id='word_1_771' title='bbox 2588 4295 2763 4363; x_wconf 89' lang='lat' dir='ltr'>illius,</span> <span class='ocrx_word' id='word_1_772' title='bbox 2806 4297 3058 4352; x_wconf 87' lang='lat' dir='ltr'>honestas</span> <span class='ocrx_word' id='word_1_773' title='bbox 3085 4297 3204 4352; x_wconf 85' lang='lat' dir='ltr'>sine</span> <span class='ocrx_word' id='word_1_774' title='bbox 3249 4297 3565 4369; x_wconf 79' lang='lat' dir='ltr'>defectione.</span> <span class='ocrx_word' id='word_1_775' title='bbox 3599 4299 3668 4354; x_wconf 87' lang='lat' dir='ltr'>Et</span> 
     </span>
    </p>
   </div>
   <div class='ocr_carea' id='block_1_104' title="bbox 2010 4383 3663 4456">
    <p class='ocr_par' dir='ltr' id='par_1_104' title="bbox 2010 4383 3663 4456">
     <span class='ocr_line' id='line_1_104' title="bbox 2010 4383 3663 4456; baseline 0.004 -18"><span class='ocrx_word' id='word_1_776' title='bbox 2010 4384 2252 4440; x_wconf 89' lang='lat' dir='ltr'>Tobiam</span> <span class='ocrx_word' id='word_1_777' title='bbox 2283 4383 2534 4456; x_wconf 88' lang='lat' dir='ltr'>legimus</span> <span class='ocrx_word' id='word_1_778' title='bbox 2565 4384 2636 4439; x_wconf 91' lang='lat' dir='ltr'>ad</span> <span class='ocrx_word' id='word_1_779' title='bbox 2667 4400 2905 4440; x_wconf 85' lang='lat' dir='ltr'>uxorem</span> <span class='ocrx_word' id='word_1_780' title='bbox 2937 4385 3009 4440; x_wconf 92' lang='lat' dir='ltr'>de</span> <span class='ocrx_word' id='word_1_781' title='bbox 3066 4384 3184 4441; x_wconf 90' lang='lat' dir='ltr'>ﬁlio</span> <span class='ocrx_word' id='word_1_782' title='bbox 3236 4402 3342 4441; x_wconf 90' lang='lat' dir='ltr'>suo</span> <span class='ocrx_word' id='word_1_783' title='bbox 3399 4385 3618 4443; x_wconf 84' lang='lat' dir='ltr'>dixisse</span> <span class='ocrx_word' id='word_1_784' title='bbox 3647 4405 3663 4445; x_wconf 89' lang='lat'><strong>:</strong></span> 
     </span>
    </p>
   </div>
   <div class='ocr_carea' id='block_1_105' title="bbox 2015 4474 3667 4546">
    <p class='ocr_par' dir='ltr' id='par_1_105' title="bbox 2015 4474 3667 4546">
     <span class='ocr_line' id='line_1_105' title="bbox 2015 4474 3667 4546; baseline 0.003 -18"><span class='ocrx_word' id='word_1_785' title='bbox 2015 4475 2179 4530; x_wconf 86' lang='lat' dir='ltr'>Credo</span> <span class='ocrx_word' id='word_1_786' title='bbox 2199 4476 2349 4530; x_wconf 81' lang='lat' dir='ltr'>enim</span> <span class='ocrx_word' id='word_1_787' title='bbox 2376 4474 2637 4546; x_wconf 87' lang='lat' dir='ltr'>quoniam</span> <span class='ocrx_word' id='word_1_788' title='bbox 2684 4475 2913 4544; x_wconf 85' lang='lat' dir='ltr'>angelus</span> <span class='ocrx_word' id='word_1_789' title='bbox 2946 4475 3045 4530; x_wconf 87' lang='lat' dir='ltr'>Dei</span> <span class='ocrx_word' id='word_1_790' title='bbox 3086 4475 3256 4531; x_wconf 88' lang='lat' dir='ltr'>bonus</span> <span class='ocrx_word' id='word_1_791' title='bbox 3300 4477 3588 4533; x_wconf 87' lang='lat' dir='ltr'>comitetur</span> <span class='ocrx_word' id='word_1_792' title='bbox 3614 4479 3667 4533; x_wconf 88' lang='lat' dir='ltr'>ei</span> 
     </span>
    </p>
   </div>
   <div class='ocr_carea' id='block_1_106' title="bbox 2011 4564 3662 4638">
    <p class='ocr_par' dir='ltr' id='par_1_106' title="bbox 2011 4564 3662 4638">
     <span class='ocr_line' id='line_1_106' title="bbox 2011 4564 3662 4638; baseline 0.002 -19"><span class='ocrx_word' id='word_1_793' title='bbox 2011 4571 2065 4618; x_wconf 90' lang='lat' dir='ltr'>et</span> <span class='ocrx_word' id='word_1_794' title='bbox 2093 4564 2222 4619; x_wconf 84' lang='lat' dir='ltr'>bene</span> <span class='ocrx_word' id='word_1_795' title='bbox 2249 4564 2503 4634; x_wconf 86' lang='lat' dir='ltr'>disponat</span> <span class='ocrx_word' id='word_1_796' title='bbox 2532 4564 2738 4631; x_wconf 86' lang='lat' dir='ltr'>omnia,</span> <span class='ocrx_word' id='word_1_797' title='bbox 2772 4579 2899 4636; x_wconf 61' lang='lat' dir='ltr'>quae</span> <span class='ocrx_word' id='word_1_798' title='bbox 2947 4565 3094 4619; x_wconf 82' lang='lat' dir='ltr'>circa</span> <span class='ocrx_word' id='word_1_799' title='bbox 3142 4565 3324 4635; x_wconf 83' lang='lat' dir='ltr'>ipsum</span> <span class='ocrx_word' id='word_1_800' title='bbox 3373 4574 3662 4638; x_wconf 87' lang='lat' dir='ltr'>geruntur,</span> 
     </span>
    </p>
   </div>
   <div class='ocr_carea' id='block_1_107' title="bbox 2012 4652 3665 4725">
    <p class='ocr_par' dir='ltr' id='par_1_107' title="bbox 2012 4652 3665 4725">
     <span class='ocr_line' id='line_1_107' title="bbox 2012 4652 3665 4725; baseline 0.001 -18"><span class='ocrx_word' id='word_1_801' title='bbox 2012 4653 2092 4707; x_wconf 89' lang='lat' dir='ltr'>ita</span> <span class='ocrx_word' id='word_1_802' title='bbox 2122 4660 2185 4707; x_wconf 88' lang='lat' dir='ltr'>ut</span> <span class='ocrx_word' id='word_1_803' title='bbox 2210 4668 2333 4707; x_wconf 90' lang='lat' dir='ltr'>cum</span> <span class='ocrx_word' id='word_1_804' title='bbox 2365 4652 2576 4720; x_wconf 85' lang='lat' dir='ltr'>gaudio</span> <span class='ocrx_word' id='word_1_805' title='bbox 2605 4660 2911 4708; x_wconf 84' lang='lat' dir='ltr'>revertatur</span> <span class='ocrx_word' id='word_1_806' title='bbox 2966 4653 3036 4708; x_wconf 88' lang='lat' dir='ltr'>ad</span> <span class='ocrx_word' id='word_1_807' title='bbox 3065 4669 3182 4709; x_wconf 85' lang='lat' dir='ltr'>nos.</span> <span class='ocrx_word' id='word_1_808' title='bbox 3240 4652 3389 4709; x_wconf 81' lang='lat' dir='ltr'>illud</span> <span class='ocrx_word' id='word_1_809' title='bbox 3423 4671 3665 4725; x_wconf 90' lang='lat' dir='ltr'>respon-</span> 
     </span>
    </p>
   </div>
   <div class='ocr_carea' id='block_1_108' title="bbox 2009 4740 3666 4814">
    <p class='ocr_par' dir='ltr' id='par_1_108' title="bbox 2009 4740 3666 4814">
     <span class='ocr_line' id='line_1_108' title="bbox 2009 4740 3666 4814; baseline 0.001 -18"><span class='ocrx_word' id='word_1_810' title='bbox 2009 4742 2230 4798; x_wconf 91' lang='lat' dir='ltr'>siorum</span> <span class='ocrx_word' id='word_1_811' title='bbox 2262 4758 2274 4795; x_wconf 93' lang='lat'>:</span> <span class='ocrx_word' id='word_1_812' title='bbox 2301 4740 2735 4812; x_wconf 84' lang='lat' dir='ltr'>Multiplicentur</span> <span class='ocrx_word' id='word_1_813' title='bbox 2749 4760 2783 4796; x_wconf 81' lang='grc' dir='ltr'><em>(ι</em></span> <span class='ocrx_word' id='word_1_814' title='bbox 2802 4743 3032 4798; x_wconf 87' lang='lat' dir='ltr'>Domino</span> <span class='ocrx_word' id='word_1_815' title='bbox 3052 4744 3190 4797; x_wconf 88' lang='lat' dir='ltr'>anni</span> <span class='ocrx_word' id='word_1_816' title='bbox 3210 4744 3310 4810; x_wconf 87' lang='lat' dir='ltr'>tui,</span> <span class='ocrx_word' id='word_1_817' title='bbox 3331 4744 3401 4798; x_wconf 93' lang='lat' dir='ltr'>de</span> <span class='ocrx_word' id='word_1_818' title='bbox 3423 4743 3666 4814; x_wconf 89' lang='lat' dir='ltr'>parabo-</span> 
     </span>
    </p>
   </div>
   <div class='ocr_carea' id='block_1_109' title="bbox 2008 4829 3661 4903">
    <p class='ocr_par' dir='ltr' id='par_1_109' title="bbox 2008 4829 3661 4903">
     <span class='ocr_line' id='line_1_109' title="bbox 2008 4829 3661 4903; baseline 0.002 -19"><span class='ocrx_word' id='word_1_819' title='bbox 2008 4829 2083 4886; x_wconf 90' lang='lat' dir='ltr'>lis</span> <span class='ocrx_word' id='word_1_820' title='bbox 2099 4829 2432 4885; x_wconf 90' lang='lat' dir='ltr'>Salomonis</span> <span class='ocrx_word' id='word_1_821' title='bbox 2455 4846 2523 4885; x_wconf 84' lang='lat' dir='ltr'>ex</span> <span class='ocrx_word' id='word_1_822' title='bbox 2540 4830 2843 4885; x_wconf 87' lang='lat' dir='ltr'>occasione</span> <span class='ocrx_word' id='word_1_823' title='bbox 2864 4830 3043 4902; x_wconf 90' lang='lat' dir='ltr'>hujus</span> <span class='ocrx_word' id='word_1_824' title='bbox 3067 4832 3355 4887; x_wconf 87' lang='lat' dir='ltr'>sermonis</span> <span class='ocrx_word' id='word_1_825' title='bbox 3373 4831 3661 4903; x_wconf 89' lang='lat' dir='ltr'>scriptum</span> 
     </span>
    </p>
   </div>
   <div class='ocr_carea' id='block_1_110' title="bbox 2009 4918 3660 4997">
    <p class='ocr_par' dir='ltr' id='par_1_110' title="bbox 2009 4918 3660 4997">
     <span class='ocr_line' id='line_1_110' title="bbox 2009 4918 3660 4997; baseline -0.001 -21"><span class='ocrx_word' id='word_1_826' title='bbox 2009 4936 2137 4976; x_wconf 90' lang='lat' dir='ltr'>esse</span> <span class='ocrx_word' id='word_1_827' title='bbox 2168 4918 2463 4974; x_wconf 90' lang='lat' dir='ltr'>credimus</span> <span class='ocrx_word' id='word_1_828' title='bbox 2498 4934 2510 4973; x_wconf 88' lang='lat'>:</span> <span class='ocrx_word' id='word_1_829' title='bbox 2543 4918 2706 4986; x_wconf 83' lang='lat' dir='ltr'>Audi,</span> <span class='ocrx_word' id='word_1_830' title='bbox 2738 4920 2826 4990; x_wconf 81' lang='lat' dir='ltr'>ﬁli</span> <span class='ocrx_word' id='word_1_831' title='bbox 2848 4922 3030 4997; x_wconf 31' lang='lat' dir='ltr'>minet</span> <span class='ocrx_word' id='word_1_832' title='bbox 3064 4922 3274 4991; x_wconf 82' lang='lat' dir='ltr'>suscipe</span> <span class='ocrx_word' id='word_1_833' title='bbox 3308 4920 3471 4975; x_wconf 87' lang='lat' dir='ltr'>verba</span> <span class='ocrx_word' id='word_1_834' title='bbox 3516 4937 3660 4988; x_wconf 87' lang='lat' dir='ltr'>mea,</span> 
     </span>
    </p>
   </div>
   <div class='ocr_carea' id='block_1_111' title="bbox 2008 5009 3667 5080">
    <p class='ocr_par' dir='ltr' id='par_1_111' title="bbox 2008 5009 3667 5080">
     <span class='ocr_line' id='line_1_111' title="bbox 2008 5009 3667 5080; baseline 0.001 -16"><span class='ocrx_word' id='word_1_835' title='bbox 2008 5018 2068 5064; x_wconf 85' lang='lat' dir='ltr'>ut</span> <span class='ocrx_word' id='word_1_836' title='bbox 2099 5010 2535 5080; x_wconf 87' lang='lat' dir='ltr'>multiplicentur</span> <span class='ocrx_word' id='word_1_837' title='bbox 2564 5009 2668 5063; x_wconf 84' lang='lat' dir='ltr'>tibi</span> <span class='ocrx_word' id='word_1_838' title='bbox 2692 5010 2831 5063; x_wconf 88' lang='lat' dir='ltr'>anni</span> <span class='ocrx_word' id='word_1_839' title='bbox 2859 5010 2987 5065; x_wconf 59' lang='lat' dir='ltr'>viae</span> <span class='ocrx_word' id='word_1_840' title='bbox 3013 5027 3026 5078; x_wconf 90' lang='lat'><strong>;</strong></span> <span class='ocrx_word' id='word_1_841' title='bbox 3060 5009 3211 5063; x_wconf 86' lang='lat' dir='ltr'>viam</span> <span class='ocrx_word' id='word_1_842' title='bbox 3246 5010 3535 5080; x_wconf 74' lang='lat' dir='ltr'>sapientia:</span> <span class='ocrx_word' id='word_1_843' title='bbox 3576 5009 3667 5065; x_wconf 83' lang='lat' dir='ltr'>de-</span> 
     </span>
    </p>
   </div>
   <div class='ocr_carea' id='block_1_112' title="bbox 2006 5096 3661 5169">
    <p class='ocr_par' dir='ltr' id='par_1_112' title="bbox 2006 5096 3661 5169">
     <span class='ocr_line' id='line_1_112' title="bbox 2006 5096 3661 5169; baseline -0.001 -14"><span class='ocrx_word' id='word_1_844' title='bbox 2006 5099 2313 5155; x_wconf 83' lang='lat' dir='ltr'>monstrabo</span> <span class='ocrx_word' id='word_1_845' title='bbox 2345 5099 2466 5165; x_wconf 87' lang='lat' dir='ltr'>tibi,</span> <span class='ocrx_word' id='word_1_846' title='bbox 2500 5096 2699 5152; x_wconf 86' lang='lat' dir='ltr'>ducam</span> <span class='ocrx_word' id='word_1_847' title='bbox 2730 5106 2782 5152; x_wconf 91' lang='lat' dir='ltr'>te</span> <span class='ocrx_word' id='word_1_848' title='bbox 2806 5096 2909 5168; x_wconf 74' lang='lat' dir='ltr'>per</span> <span class='ocrx_word' id='word_1_849' title='bbox 2931 5098 3153 5153; x_wconf 79' lang='lat' dir='ltr'>semitas</span> <span class='ocrx_word' id='word_1_850' title='bbox 3183 5098 3487 5169; x_wconf 66' lang='lat' dir='ltr'>a’quilatis.</span> <span class='ocrx_word' id='word_1_851' title='bbox 3515 5097 3661 5154; x_wconf 85' lang='lat' dir='ltr'>Item</span> 
     </span>
    </p>
   </div>
   <div class='ocr_carea' id='block_1_113' title="bbox 2004 5185 3663 5259">
    <p class='ocr_par' dir='ltr' id='par_1_113' title="bbox 2004 5185 3663 5259">
     <span class='ocr_line' id='line_1_113' title="bbox 2004 5185 3663 5259; baseline 0 -16"><span class='ocrx_word' id='word_1_852' title='bbox 2004 5187 2150 5243; x_wconf 91' lang='lat' dir='ltr'>illud</span> <span class='ocrx_word' id='word_1_853' title='bbox 2166 5186 2625 5259; x_wconf 88' lang='lat' dir='ltr'>responsorium,</span> <span class='ocrx_word' id='word_1_854' title='bbox 2647 5186 2795 5258; x_wconf 89' lang='lat' dir='ltr'>quod</span> <span class='ocrx_word' id='word_1_855' title='bbox 2822 5185 3089 5241; x_wconf 87' lang='lat' dir='ltr'>canimus</span> <span class='ocrx_word' id='word_1_856' title='bbox 3124 5204 3135 5241; x_wconf 88' lang='lat'>:</span> <span class='ocrx_word' id='word_1_857' title='bbox 3159 5187 3401 5242; x_wconf 82' lang='lat' dir='ltr'>Alleluia</span> <span class='ocrx_word' id='word_1_858' title='bbox 3428 5203 3663 5251; x_wconf 75' lang='lat' dir='ltr'>momen</span> 
     </span>
    </p>
   </div>
   <div class='ocr_carea' id='block_1_114' title="bbox 2006 5274 3660 5347">
    <p class='ocr_par' dir='ltr' id='par_1_114' title="bbox 2006 5274 3660 5347">
     <span class='ocr_line' id='line_1_114' title="bbox 2006 5274 3660 5347; baseline -0.001 -14"><span class='ocrx_word' id='word_1_859' title='bbox 2006 5280 2205 5333; x_wconf 88' lang='lat' dir='ltr'>bonum</span> <span class='ocrx_word' id='word_1_860' title='bbox 2228 5278 2425 5332; x_wconf 84' lang='lat' dir='ltr'>melius</span> <span class='ocrx_word' id='word_1_861' title='bbox 2454 5282 2528 5330; x_wconf 86' lang='lat' dir='ltr'>est</span> <span class='ocrx_word' id='word_1_862' title='bbox 2560 5292 2727 5347; x_wconf 87' lang='lat' dir='ltr'>quam</span> <span class='ocrx_word' id='word_1_863' title='bbox 2756 5274 2976 5331; x_wconf 67' lang='lat' dir='ltr'>divitiae</span> <span class='ocrx_word' id='word_1_864' title='bbox 3015 5276 3231 5343; x_wconf 67' lang='lat' dir='ltr'>multa},</span> <span class='ocrx_word' id='word_1_865' title='bbox 3297 5275 3570 5332; x_wconf 88' lang='lat' dir='ltr'>similiter</span> <span class='ocrx_word' id='word_1_866' title='bbox 3600 5276 3660 5332; x_wconf 90' lang='lat' dir='ltr'>in</span> 
     </span>
    </p>
   </div>
   <div class='ocr_carea' id='block_1_115' title="bbox 2004 5362 3654 5440">
    <p class='ocr_par' dir='ltr' id='par_1_115' title="bbox 2004 5362 3654 5440">
     <span class='ocr_line' id='line_1_115' title="bbox 2004 5362 3654 5440; baseline -0.001 -17"><span class='ocrx_word' id='word_1_867' title='bbox 2004 5365 2294 5440; x_wconf 85' lang='lat' dir='ltr'>parabolis</span> <span class='ocrx_word' id='word_1_868' title='bbox 2325 5364 2655 5420; x_wconf 84' lang='lat' dir='ltr'>Salomonis</span> <span class='ocrx_word' id='word_1_869' title='bbox 2706 5362 3058 5420; x_wconf 85' lang='lat' dir='ltr'>invenimus.</span> <span class='ocrx_word' id='word_1_870' title='bbox 3095 5369 3308 5419; x_wconf 72' lang='lat' dir='ltr'>(lmtera</span> <span class='ocrx_word' id='word_1_871' title='bbox 3359 5372 3510 5433; x_wconf 80' lang='lat' dir='ltr'>vero,</span> <span class='ocrx_word' id='word_1_872' title='bbox 3549 5382 3654 5420; x_wconf 86' lang='lat' dir='ltr'>ex-</span> 
     </span>
    </p>
   </div>
   <div class='ocr_carea' id='block_1_116' title="bbox 2003 5452 3659 5529">
    <p class='ocr_par' dir='ltr' id='par_1_116' title="bbox 2003 5452 3659 5529">
     <span class='ocr_line' id='line_1_116' title="bbox 2003 5452 3659 5529; baseline -0.003 -16"><span class='ocrx_word' id='word_1_873' title='bbox 2003 5456 2187 5529; x_wconf 87' lang='lat' dir='ltr'>ceptis</span> <span class='ocrx_word' id='word_1_874' title='bbox 2216 5454 2310 5511; x_wconf 87' lang='lat' dir='ltr'>his</span> <span class='ocrx_word' id='word_1_875' title='bbox 2340 5470 2466 5525; x_wconf 68' lang='lat' dir='ltr'>quae</span> <span class='ocrx_word' id='word_1_876' title='bbox 2501 5452 2570 5507; x_wconf 89' lang='lat' dir='ltr'>de</span> <span class='ocrx_word' id='word_1_877' title='bbox 2605 5452 2849 5524; x_wconf 79' lang='lat' dir='ltr'>psalmis</span> <span class='ocrx_word' id='word_1_878' title='bbox 2881 5455 3206 5527; x_wconf 87' lang='lat' dir='ltr'>composita</span> <span class='ocrx_word' id='word_1_879' title='bbox 3238 5460 3402 5521; x_wconf 90' lang='lat' dir='ltr'>sunt,</span> <span class='ocrx_word' id='word_1_880' title='bbox 3435 5472 3502 5510; x_wconf 86' lang='lat' dir='ltr'>ex</span> <span class='ocrx_word' id='word_1_881' title='bbox 3533 5454 3659 5526; x_wconf 91' lang='lat' dir='ltr'>qui-</span> 
     </span>
    </p>
   </div>
   <div class='ocr_carea' id='block_1_117' title="bbox 2002 5540 3653 5616">
    <p class='ocr_par' dir='ltr' id='par_1_117' title="bbox 2002 5540 3653 5616">
     <span class='ocr_line' id='line_1_117' title="bbox 2002 5540 3653 5616; baseline -0.004 -14"><span class='ocrx_word' id='word_1_882' title='bbox 2002 5547 2113 5602; x_wconf 90' lang='lat' dir='ltr'>bus</span> <span class='ocrx_word' id='word_1_883' title='bbox 2142 5544 2452 5616; x_wconf 77' lang='lat' dir='ltr'>Scripturzn</span> <span class='ocrx_word' id='word_1_884' title='bbox 2470 5540 2612 5597; x_wconf 89' lang='lat' dir='ltr'>locis</span> <span class='ocrx_word' id='word_1_885' title='bbox 2637 5542 2865 5615; x_wconf 89' lang='lat' dir='ltr'>possint</span> <span class='ocrx_word' id='word_1_886' title='bbox 2886 5543 3134 5600; x_wconf 89' lang='lat' dir='ltr'>inveniri</span> <span class='ocrx_word' id='word_1_887' title='bbox 3159 5545 3420 5602; x_wconf 91' lang='lat' dir='ltr'>nondum</span> <span class='ocrx_word' id='word_1_888' title='bbox 3446 5544 3653 5614; x_wconf 87' lang='lat' dir='ltr'>reperi.</span> 
     </span>
    </p>
   </div>
   <div class='ocr_carea' id='block_1_118' title="bbox 2004 5629 3655 5708">
    <p class='ocr_par' dir='ltr' id='par_1_118' title="bbox 2004 5629 3655 5708">
     <span class='ocr_line' id='line_1_118' title="bbox 2004 5629 3655 5708; baseline -0.005 -17"><span class='ocrx_word' id='word_1_889' title='bbox 2004 5634 2185 5708; x_wconf 88' lang='lat' dir='ltr'>Igitur</span> <span class='ocrx_word' id='word_1_890' title='bbox 2215 5631 2430 5689; x_wconf 89' lang='lat' dir='ltr'>rectius</span> <span class='ocrx_word' id='word_1_891' title='bbox 2461 5629 2606 5687; x_wconf 90' lang='lat' dir='ltr'>mihi</span> <span class='ocrx_word' id='word_1_892' title='bbox 2642 5631 2939 5689; x_wconf 87' lang='lat' dir='ltr'>videretur</span> <span class='ocrx_word' id='word_1_893' title='bbox 2970 5637 3034 5689; x_wconf 91' lang='lat' dir='ltr'>ut</span> <span class='ocrx_word' id='word_1_894' title='bbox 3055 5633 3241 5707; x_wconf 90' lang='lat' dir='ltr'>ipsius</span> <span class='ocrx_word' id='word_1_895' title='bbox 3271 5632 3504 5689; x_wconf 79' lang='lat' dir='ltr'>alleluia</span> <span class='ocrx_word' id='word_1_896' title='bbox 3525 5645 3655 5684; x_wconf 87' lang='lat' dir='ltr'>can-</span> 
     </span>
    </p>
   </div>
  </div>
