4026 6184
252 362 402 425 1157

523 491 705 550 SEXTA
743 507 894 550 nona
933 507 1093 552 snnrr
1128 509 1315 552 SUPER
1361 511 1614 554 PUTEUM.

1738 357 2167 426 EPISTOLzE.

1921 501 1976 568 Α
2009 493 2241 552 oceleste
2269 493 2530 552 solamen
2561 511 2668 552 nos
2697 493 2952 552 humiles
2983 495 3252 568 fatentes,
3276 500 3334 554 te
3361 503 3658 556 canentes.

3499 361 3660 426 “58

321 583 524 640 Gloria.
554 583 895 640 Seculorum.
925 588 1113 642 Amen.
1146 585 1454 657 [Ediﬁeavit
1482 586 1700 659 Moyses.
1745 587 1897 643 Alias
2005 583 2336 650 laudantes,
2368 587 2598 656 tuaeque
2627 601 2840 640 nomen
2895 585 3166 657 potentiae
3209 603 3316 642 nos
3365 592 3660 660 quaternae

249 689 388 730 oves.
421 671 749 729 Benedictus
777 673 1060 730 Dominus.
1093 675 1285 732 Gloria
1311 676 1492 745 Patri,
1550 679 1604 732 et
1660 676 1820 747 Filio,
1849 684 1902 732 et

247 763 482 837 Spiritui
498 762 713 818 sancto.
748 763 915 818 Beata
937 777 1010 818 es.

385 851 618 908 SEPTEM
657 867 798 907 sum
836 868 1097 910 SPIRITUS
1136 869 1278 909 ams
1316 838 1599 910 runONUM
1640 853 1764 910 DEI.

318 940 522 997 Gloria.
585 941 947 998 Saeculorum.
1017 943 1204 998 Amen.
1263 943 1606 998 Hierusalem
1673 944 1900 1015 respice.

237 1029 560 1103 ‘Sapientias
579 1029 874 1101 aediﬁcavit
901 1031 1012 1086 sibi
1035 1031 1277 1087 domum.
1308 1033 1414 1088 Hoc
1427 1031 1552 1104 jam
1578 1034 1753 1089 tertio.
1777 1033 1904 1089 Glo-

244 1121 334 1176 ria
362 1121 540 1186 Patri,
573 1123 626 1175 et
653 1120 816 1188 Filio,
847 1120 1161 1193 etSpiritui
1184 1130 1389 1178 sancto.
1424 1121 1685 1179 Gloriosa?
1717 1123 1902 1192 Virgi-

243 1227 358 1266 ηις.

673 1299 824 1356 Oc'ro
855 1315 1004 1356 sum
1042 1315 1473 1370 nmrrwomes,

315 1389 528 1446 Gloria.
555 1387 916 1446 Seeculorum.
949 1389 1348 1462 Amen.Angeli
1372 1406 1582 1446 eorum.
1613 1395 1902 1449 Justorum

241 1480 470 1535 animae.
503 1477 692 1544 Amen,
725 1493 882 1534 amen
912 1477 1032 1534 dico
1055 1480 1226 1535 vobis.
1268 1480 1434 1535 Malos
1491 1481 1637 1536 male
1691 1479 1899 1552 perdet.

239 1567 464 1623 Adorna
489 1567 810 1622 thalamum.
847 1572 994 1622 Deus
1022 1567 1266 1638 adjuvat.
1301 1573 1501 1625 Beatus
1543 1570 1632 1624 vir
1661 1571 1759 1640 qui
1785 1570 1901 1641 suf-

239 1657 369 1726 fert.
399 1655 466 1712 Si
490 1657 645 1725 ignes
665 1655 852 1712 adhib.
887 1656 1070 1712 Gloria
1096 1659 1275 1723 Patri,
1305 1666 1358 1714 et
1387 1659 1545 1724 Filio,
1579 1665 1627 1713 et
1666 1658 1905 1729 Spiritui

239 1749 451 1800 sancto.
485 1747 705 1800 Beatam
725 1761 811 1802 me
839 1745 1040 1800 dicent.

511 1822 518 1830 ’
569 1833 754 1890 Gloria
786 1835 961 1890 Patri.
995 1835 1356 1892 Saeculorum.
1391 1836 1574 1892 Amen.

315 1923 518 1980 Primo
549 1940 655 1996 pro
687 1923 945 1980 culmine
973 1925 1898 1997 tumquaererejustitize,Domine,

240 2011 367 2068 veri
398 2012 615 2068 summi
647 2029 881 2086 quoque
909 2013 1108 2068 lumen
1135 2014 1224 2070 fac
1254 2031 1398 2084 nos;
1431 2014 1688 2087 petimus
1719 2018 1784 2069 ut
1841 2013 1902 2068 in

243 2101 394 2158 caelo
423 2118 656 2174 semper
683 2101 788 2158 tibi
810 2101 1155 2173 jubilemus.
1190 2104 1394 2159 Amen.

311 2194 536 2258 Rorate,
565 2191 713 2248 caeli.
743 2193 1114 2262 Suseepimus.
1145 2191 1503 2248 Gaudeamus.
1535 2193 1900 2249 Saeculorum.

240 2286 440 2339 Amen.
475 2281 707 2338 Gaudete
744 2281 804 2336 in
850 2282 1102 2337 Domino.
1153 2283 1366 2337 Etenim
1395 2281 1666 2338 sederunt.
1701 2281 1904 2337 Statuit

240 2373 296 2427 ei
324 2371 615 2428 Dominus.
637 2372 826 2426 Amen.
861 2370 1126 2426 Dominus
1154 2369 1327 2426 dabit.
1372 2371 1506 2426 Ecce
1543 2372 1712 2442 virgo.
1751 2369 1904 2426 Vide-

239 2467 381 2516 rnnt
407 2476 610 2516 omnes.
645 2460 840 2516 Gloria
870 2461 1050 2515 Patri.
1085 2463 1193 2514 etc.

671 2547 874 2606 Gloria.
910 2549 1271 2606 Seeculorum.
1296 2549 1485 2604 Amen.

313 2637 774 2710 Secundumque
804 2636 948 2710 legis
977 2638 1220 2694 verbum
1250 2642 1478 2703 mutua,
1502 2655 1618 2710 quo
1650 2638 1906 2694 dilectio-

245 2745 389 2784 nem
423 2727 525 2782 Dei
555 2731 612 2782 et
640 2726 912 2800 proximi,
945 2726 1178 2795 Christi,
1215 2727 1509 2782 mandasti
1538 2727 1747 2796 colore,
1780 2745 1906 2800 quae

246 2834 359 2890 per
387 2815 508 2872 haec
541 2831 786 2890 gemina:
816 2815 1197 2872 observantiae
1231 2821 1520 2888 praacepta
1566 2817 1900 2875 reddamus.

245 2908 462 2962 Amen.

331 2997 465 3051 Veni
491 3003 543 3050 et
572 2995 804 3052 ostende.
840 2995 1060 3052 Vultum
1087 2997 1412 3051 tuum.Ecce
1433 2995 1670 3051 advenit.
1712 3000 1906 3050 .Imen.

251 3084 620 3142 Hierusalem.
647 3087 800 3140 Ιίχίιί
822 3101 1021 3142 sermo.
1037 3085 1299 3141 Dominus
1319 3085 1492 3142 Iesus.
1518 3083 1702 3139 Gloria
1730 3085 1906 3153 Patri,

248 3179 367 3231 etc.

677 3263 879 3319 Gloria.
911 3263 1266 3319 chulorum.
1299 3263 1486 3319 Amen.

323 3351 528 3408 Tertia
557 3351 755 3421 te'die,
811 3352 1060 3420 Christe,
1113 3368 1435 3426 resurgere,
1489 3352 1708 3408 mundo
1762 3352 1910 3408 ferre

246 3441 458 3498 lumen
491 3441 805 3498 credimus.
838 3442 882 3498 Ο
931 3441 1106 3509 alma,
1141 3443 1229 3497 fac
1261 3459 1366 3498 nos
1396 3446 1453 3498 et
1481 3446 1650 3498 tuum
1681 3458 1913 3514 semper

247 3531 498 3587 laudare
527 3547 762 3600 nomen,
795 3535 852 3586 et
879 3529 940 3586 in
967 3529 1170 3617 patrias
1200 3535 1256 3586 te
1285 3535 1510 3586 aeternae
1534 3531 1765 3604 regione
1794 3546 1912 3586 cer-

248 3624 466 3678 nentes
496 3621 719 3676 sedere.
752 3623 959 3676 Amen.
1318 3631 1330 3644 ’

319 3709 436 3780 Ego
493 3717 693 3764 autem.
755 3710 1026 3782 Confessio
1083 3718 1134 3766 et
1166 3709 1538 3782 pulchritudo.
1598 3709 1906 3780 Repleatur.

247 3800 448 3855 Amen.
481 3800 675 3854 Beatus
693 3814 900 3854 servus.
935 3798 1180 3854 Christus
1210 3815 1512 3870 resurgens.
1547 3797 1912 3855 Gustate.Glo-

249 3890 344 3943 ria
380 3888 558 3952 Patri,
589 3890 698 3942 etc.
1585 3877 1593 3881 ’
1869 3907 1874 3912 ”

679 3976 882 4032 Gloria.
915 3977 1276 4032 Saeculorum.
1308 3975 1493 4031 Amen.

319 4062 547 4160 Q‘uarta
576 4066 632 4120 te
662 4065 849 4120 noctis
898 4065 1125 4122 Christe
1172 4063 1372 4138 vigilia
1416 4062 1723 4138 discipulis
1772 4064 1912 4120 dare

2008 675 2124 728 tuae
2153 671 2496 746 evangelica
2525 672 2683 729 vocis
2713 673 2789 729 de.
2816 689 3165 746 cognoscere
3191 675 3516 734 munimen.

2085 767 2255 834 Prope
2273 770 2404 820 esto.
2437 761 2744 818 Sacerdotes
2771 764 2874 819 tui.
2907 763 3095 820 Omnis
3123 767 3660 824 terra.Saeculorum.

2009 855 2199 907 Amen.
2235 852 2548 907 Resurrexi.
2595 851 2984 908 Misericordia.
3017 855 3082 910 In
3129 855 3420 910 voluntate.
3471 857 3661 912 Amen.

2010 941 2260 996 Exsulta.
2300 939 2560 996 Vidimus.
2594 943 2727 996 Feci
2763 941 3062 1012 judicium.
3097 942 3282 999 Gloria
3305 945 3482 1000 Patri.
3729 927 3736 938 ’

2423 1029 2628 1086 Gloria.
2661 1029 3020 1088 Saeculorum.
3053 1034 3241 1088 Amen.

2083 1117 2349 1190 Quinque
2371 1117 2794 1186 tu,Domine,in
2807 1118 3014 1176 coelum
3037 1119 3374 1195 virgines,te
3385 1124 3662 1198 recipere,

2011 1207 2288 1280 dignatus
2317 1211 2406 1264 est
2434 1206 2622 1280 plebis
2653 1211 2767 1264 tua;
2809 1209 3000 1265 verbis
3039 1209 3314 1280 revelare,
3374 1213 3562 1286 signis
3610 1218 3669 1270 et

2011 1297 2567 1354 ostendere.Sensus
2593 1313 2726 1354 ecce
2754 1301 2986 1355 nostros
3005 1298 3065 1354 in
3087 1303 3144 1356 te
3191 1317 3518 1373 precamur,
3551 1302 3664 1359 Do-

2012 1386 2190 1452 mine,
2225 1391 2279 1442 te
2308 1385 2639 1458 disponere.
2699 1389 2996 1460 Loquebar.
3043 1389 3528 1446 Gircumdederunt
3555 1407 3665 1460 me,

2012 1477 2244 1544 Laetare,
2279 1476 2638 1532 Hierusalem.
2691 1479 2940 1544 Domine,
2974 1479 3031 1533 in
3062 1485 3176 1534 tua.
3207 1483 3406 1536 Amen.
3439 1482 3668 1537 Domine

2011 1565 2309 1635 refugium.
2347 1565 2513 1620 Verba
2539 1581 2678 1622 mea.
2724 1567 2856 1622 Ecce
2883 1569 3039 1623 Deus.
3089 1569 3277 1623 Amen.
3327 1569 3535 1626 Servite
3562 1571 3665 1626 Do-

2009 1654 2181 1708 mino.
2239 1655 2430 1708 Justus
2487 1654 2768 1710 Dominus.
2847 1656 3016 1726 Signa
3072 1672 3180 1712 eos.
3243 1655 3425 1714 Gloria
3483 1659 3665 1727 Patri,

2013 1746 2121 1797 etc.

2429 1831 2636 1888 Gloria.
2661 1833 3020 1890 Saeculorum.
3053 1835 3243 1890 Amen.

2086 1920 2278 1987 Sexta,
2307 1924 2442 1992 tute,
2473 1921 2720 1989 Christe,
2773 1924 3094 1996 praesentiae
3151 1909 3471 1998 corporalis
3526 1927 3669 1984 hora

2010 2008 2589 2082 resplendet,fontem
2623 2011 2888 2068 Ecclesia:
2918 2012 3096 2069 vitam
3129 2015 3322 2071 tribue
3359 2015 3666 2074 salientem

2011 2115 2174 2172 aqua:
2204 2099 2363 2166 vivae,
2399 2101 2619 2156 fervore
2649 2117 2885 2173 quoque
2923 2101 3104 2174 plenae
3129 2103 3326 2176 gratia:
3340 2104 3490 2162 hanc
3519 2124 3670 2163 sem-

2011 2205 2115 2260 per
2143 2189 2413 2245 accende.

2082 2277 2249 2332 Hodie
2277 2279 2478 2333 scietis.
2513 2280 2572 2334 In
2601 2279 2796 2334 medio.
2831 2281 3002 2348 Quasi
3027 2281 3184 2336 modo
3221 2284 3414 2354 geniti.
3475 2285 3664 2342 Amen.

2010 2367 2223 2438 Diﬁusa
2252 2375 2332 2422 est
2358 2367 2562 2435 gratia,
2594 2373 2652 2424 In
2683 2368 3080 2439 splendoribus.
3133 2371 3344 2427 Pascha
3399 2381 3666 2430 nostrum.

2014 2453 2200 2510 Gloria
2226 2457 2404 2520 Patri,
2437 2459 2546 2511 etc.

2441 2544 2645 2601 Gloria.
2677 2547 3233 2622 SeeculorumAmen.

2085 2631 2533 2705 Septemplicem
2565 2637 2621 2689 te
2651 2651 2807 2690 nunc
2837 2652 3074 2708 quoque
3111 2638 3282 2694 nobis
3312 2640 3519 2696 adesse
3569 2641 3671 2698 de-

2013 2721 2331 2794 poscimus,
2365 2721 2518 2777 alme
2547 2722 2860 2790 Paraclete,
2904 2729 3114 2780 nostra;
3165 2731 3392 2783 mentes
3440 2732 3506 2783 ut
3555 2733 3669 2784 tua

2012 2811 2210 2882 gratia:
2237 2825 2470 2882 semper
2499 2811 2818 2866 exuberent
2847 2813 3098 2884 perfecto
3131 2830 3372 2870 munere
3396 2832 3670 2888 musaque

2015 2905 2226 2954 nocent
2253 2898 2638 2970 exstingue,et
2667 2904 3030 2972 cunctaque!
3060 2899 3392 2974 proficiunt,
3417 2907 3670 2964 ascende

2017 3001 2252 3058 semper
2276 2987 2494 3042 amoris
2522 2986 2657 3058 igne
2690 3005 2703 3042 :
3237 3037 3248 3044 .

2087 3081 2234 3132 Puer
2254 3083 2417 3130 natus
2443 3079 2542 3130 est.
2579 3076 3203 3143 Venite,benedicti.l’iri
3231 3079 3668 3140 GalilaeiAmen.

2016 3166 2191 3221 Dicite
2214 3165 2610 3238 pusillaminis.
2645 3166 2786 3222 Tolle
2809 3183 3062 3239 puerum.
3113 3171 3305 3225 Factus
3333 3178 3412 3226 est
3433 3180 3670 3244 repente.

1939 3241 1982 3310 C
2023 3254 2166 3312 Glor.
2197 3256 2374 3324 Patri,
2407 3259 2516 3310 etc.

2439 3345 2643 3402 Gloria.
2675 3346 3035 3403 Saeculorum.
3067 3348 3256 3404 Amen.

2089 3435 2250 3501 Octo,
2282 3434 2374 3507 pie
2402 3433 2650 3500 Christe,
2681 3433 3294 3504 lucide,beatitudines
3325 3439 3671 3514 evangelicae

2018 3523 2216 3596 gratiae
2248 3522 2401 3596 plebi
2437 3527 2548 3577 tuae
2581 3523 2771 3596 praebe
2793 3525 3107 3598 benignus,
3140 3531 3198 3582 et
3229 3526 3486 3585 clemens
3517 3546 3674 3586 sem-

2018 3613 2248 3684 piterna
2277 3611 2474 3684 requie
2507 3613 2697 3669 refove
2727 3613 2853 3669 sine
2885 3615 2998 3670 fine
3047 3617 3347 3680 credentes
3397 3617 3456 3674 in
3487 3623 3563 3674 te.

2089 3702 2168 3756 Ad
2199 3709 2248 3758 te
2277 3702 2472 3769 levavi,
2503 3703 2751 3769 Domine,
2781 3719 2852 3759 ne
2909 3704 3084 3776 longe.
3143 3705 3384 3778 Spiritus
3430 3709 3670 3765 Domini.

2021 3797 2210 3848 Amen.
2241 3791 2545 3849 Lwtabilur
2563 3792 2772 3863 justus.
2805 3797 3080 3850 lnvoeavit
3105 3812 3212 3850 me.
3244 3797 3519 3864 Probasti,
3569 3802 3676 3854 Do-

2019 3881 2188 3937 mine.
2217 3881 2405 3936 Amen.
2444 3880 2602 3938 Video
2659 3883 2839 3937 caelos.
2895 3885 3246 3955 Responsum.
3306 3887 3414 3941 Hoc
3457 3902 3672 3959 corpus.

2021 3969 2206 4026 Gloria
2228 3971 2348 4026 Patr
2363 3973 2403 4039 i,
2431 3974 2538 4026 etc.

1393 4376 2537 4546 BERNONIS

843 4669 1592 4794 ABBATIS
1704 4665 2279 4793 AUGIJE
2394 4665 3081 4795 DIVITIS

1453 4910 2486 5047 EPISTOL/E

414 5141 604 5216 (Apud
635 5142 747 5200 ΗΡ.
781 5141 1144 5200 Bernard‘um
1179 5140 1434 5209 Pezium,
1467 5140 1600 5198 Cod.
1631 5139 2243 5213 diplom.-hist.-epist.,
2279 5139 2541 5194 Thesauri
2567 5136 2762 5194 Anecd.
2795 5139 2936 5193 tom.
2970 5135 3037 5206 V,
3069 5152 3126 5208 p.
3161 5152 3246 5204 ιη,
3279 5153 3336 5209 p.
3365 5137 3519 5208 201.)

751 5400 1093 5458 EPISTULA
1143 5400 1386 5457 PRIMA.
1497 5375 1504 5378 ’

818 5507 892 5548 AD
931 5507 1024 5548 VO.
1063 5507 1327 5546 ABBATEM
1335 5531 1348 5544 .

607 5581 684 5636 Ab
715 5581 812 5637 illo
836 5596 1122 5652 nunquam
1169 5579 1360 5635 divelli
1385 5579 1564 5635 vellet.

333 5667 582 5730 Domino
611 5670 958 5733 Vo.summa
984 5668 1354 5731 veneratione
1365 5667 1700 5743 colendo,ac
1721 5666 1915 5748 splen-

1941 5402 1988 5467 D
2019 5399 2154 5456 dido
2186 5398 2468 5454 abbatum
2497 5394 2752 5469 speculo,
2785 5395 2982 5450 Bnnuo
3011 5392 3199 5451 sancti
3233 5395 3531 5450 Benedicti
3561 5383 3680 5450 dis-

2023 5487 2354 5562 cipulorum
2383 5484 2720 5552 clientulus,
2746 5483 3032 5558 quidquid
3063 5484 3214 5556 patri
3247 5483 3674 5551 ﬁlius,domino

2023 5594 2246 5635 SCPVUS.

2093 5664 2455 5726 Suavissimo
2485 5663 2770 5725 virtutum
2799 5667 3036 5724 tuarum
3067 5663 3262 5736 odore,
3312 5661 3484 5720 Pater
3532 5659 3677 5722 bea-
