  <div class='ocr_page' id='page_1' title='image "/cluster/home/n/w/nwhite01/storage/ocr_20150623/142/hvd.32044054760020/585.png"; bbox 0 0 4026 6184; ppageno 0'>
   <div class='ocr_carea' id='block_1_1' title="bbox 445 290 734 370">
    <p class='ocr_par' dir='ltr' id='par_1_1' title="bbox 445 290 734 370">
     <span class='ocr_line' id='line_1_1' title="bbox 445 290 734 370; baseline -0.007 -12"><span class='ocrx_word' id='word_1_1' title='bbox 445 293 601 358; x_wconf 65' lang='lat'>“59</span> <span class='ocrx_word' id='word_1_2' title='bbox 708 290 734 370; x_wconf 51' lang='grc' dir='ltr'>ξ</span> 
     </span>
    </p>
   </div>
   <div class='ocr_carea' id='block_1_2' title="bbox 1520 287 2776 359">
    <p class='ocr_par' dir='ltr' id='par_1_2' title="bbox 1520 287 2776 359">
     <span class='ocr_line' id='line_1_2' title="bbox 1520 287 2776 359; baseline -0.002 -4"><span class='ocrx_word' id='word_1_3' title='bbox 1520 292 1916 359; x_wconf 80' lang='lat' dir='ltr'>BERNONIS</span> <span class='ocrx_word' id='word_1_4' title='bbox 1962 289 2292 354; x_wconf 81' lang='lat' dir='ltr'>ABBA&#39;I‘IS</span> <span class='ocrx_word' id='word_1_5' title='bbox 2337 287 2776 354; x_wconf 84' lang='lat' dir='ltr'>AUGIENSIS.</span> 
     </span>
    </p>
   </div>
   <div class='ocr_carea' id='block_1_3' title="bbox 3631 296 3752 359">
    <p class='ocr_par' dir='ltr' id='par_1_3' title="bbox 3631 296 3752 359">
     <span class='ocr_line' id='line_1_3' title="bbox 3631 296 3752 359; baseline 0.017 -2"><span class='ocrx_word' id='word_1_6' title='bbox 3631 296 3752 359; x_wconf 64' lang='lat'>“60</span> 
     </span>
    </p>
   </div>
   <div class='ocr_carea' id='block_1_4' title="bbox 436 422 3753 502">
    <p class='ocr_par' dir='ltr' id='par_1_4' title="bbox 436 422 3753 502">
     <span class='ocr_line' id='line_1_4' title="bbox 436 422 3753 502; baseline 0.001 -18"><span class='ocrx_word' id='word_1_7' title='bbox 436 428 691 493; x_wconf 86' lang='lat' dir='ltr'>tissime,</span> <span class='ocrx_word' id='word_1_8' title='bbox 724 427 900 485; x_wconf 82' lang='lat' dir='ltr'>semel</span> <span class='ocrx_word' id='word_1_9' title='bbox 932 426 1592 501; x_wconf 86' lang='lat' dir='ltr'>aspiratus,nunquam,</span> <span class='ocrx_word' id='word_1_10' title='bbox 1616 429 1694 485; x_wconf 98' lang='lat' dir='ltr'>sit</span> <span class='ocrx_word' id='word_1_11' title='bbox 1721 431 1921 502; x_wconf 88' lang='lat' dir='ltr'>posset</span> <span class='ocrx_word' id='word_1_12' title='bbox 1948 425 2095 495; x_wconf 80' lang='lat' dir='ltr'>ﬁeri,</span> <span class='ocrx_word' id='word_1_13' title='bbox 2126 427 2180 494; x_wconf 78' lang='grc' dir='ltr'><strong>Α</strong></span> <span class='ocrx_word' id='word_1_14' title='bbox 2213 427 2567 499; x_wconf 83' lang='lat' dir='ltr'>quandoque</span> <span class='ocrx_word' id='word_1_15' title='bbox 2587 423 2807 498; x_wconf 81' lang='lat' dir='ltr'>perfrui</span> <span class='ocrx_word' id='word_1_16' title='bbox 2821 422 3753 500; x_wconf 78' lang='lat' dir='ltr'>mererenturvisioneRedemptoris.</span> 
     </span>
    </p>
   </div>
   <div class='ocr_carea' id='block_1_5' title="bbox 432 515 2093 590">
    <p class='ocr_par' dir='ltr' id='par_1_5' title="bbox 432 515 2093 590">
     <span class='ocr_line' id='line_1_5' title="bbox 432 515 2093 590; baseline -0.001 -16"><span class='ocrx_word' id='word_1_17' title='bbox 432 517 1130 590; x_wconf 31' lang='lat' dir='ltr'>jucundissimauharum</span> <span class='ocrx_word' id='word_1_18' title='bbox 1187 517 1536 574; x_wconf 73' lang='lat' dir='ltr'>assiduitate</span> <span class='ocrx_word' id='word_1_19' title='bbox 1590 516 1800 574; x_wconf 83' lang='lat' dir='ltr'>vellem</span> <span class='ocrx_word' id='word_1_20' title='bbox 1860 515 2093 590; x_wconf 89' lang='lat' dir='ltr'>privari.</span> 
     </span>
    </p>
   </div>
   <div class='ocr_carea' id='block_1_6' title="bbox 442 605 2096 679">
    <p class='ocr_par' dir='ltr' id='par_1_6' title="bbox 442 605 2096 679">
     <span class='ocr_line' id='line_1_6' title="bbox 442 605 2096 679; baseline -0.001 -17"><span class='ocrx_word' id='word_1_21' title='bbox 442 608 588 662; x_wconf 88' lang='lat' dir='ltr'>Hinc</span> <span class='ocrx_word' id='word_1_22' title='bbox 618 606 761 662; x_wconf 90' lang='lat' dir='ltr'>mihi</span> <span class='ocrx_word' id='word_1_23' title='bbox 801 606 925 662; x_wconf 91' lang='lat' dir='ltr'>dies</span> <span class='ocrx_word' id='word_1_24' title='bbox 958 610 1276 679; x_wconf 87' lang='lat' dir='ltr'>noctesque</span> <span class='ocrx_word' id='word_1_25' title='bbox 1322 606 1427 662; x_wconf 91' lang='lat' dir='ltr'>tali</span> <span class='ocrx_word' id='word_1_26' title='bbox 1483 606 1754 664; x_wconf 67' lang='lat' dir='ltr'>aestuanti</span> <span class='ocrx_word' id='word_1_27' title='bbox 1806 605 2096 663; x_wconf 88' lang='lat' dir='ltr'>desiderio</span> 
     </span>
    </p>
   </div>
   <div class='ocr_carea' id='block_1_7' title="bbox 439 693 2098 768">
    <p class='ocr_par' dir='ltr' id='par_1_7' title="bbox 439 693 2098 768">
     <span class='ocr_line' id='line_1_7' title="bbox 439 693 2098 768; baseline -0.002 -16"><span class='ocrx_word' id='word_1_28' title='bbox 439 695 603 752; x_wconf 89' lang='lat' dir='ltr'>nulla</span> <span class='ocrx_word' id='word_1_29' title='bbox 632 712 725 751; x_wconf 88' lang='lat' dir='ltr'>res</span> <span class='ocrx_word' id='word_1_30' title='bbox 756 693 1063 768; x_wconf 84' lang='lat' dir='ltr'>refrigerio</span> <span class='ocrx_word' id='word_1_31' title='bbox 1083 711 1213 751; x_wconf 89' lang='lat' dir='ltr'>esse</span> <span class='ocrx_word' id='word_1_32' title='bbox 1245 695 1456 767; x_wconf 88' lang='lat' dir='ltr'>poterit</span> <span class='ocrx_word' id='word_1_33' title='bbox 1486 694 1618 763; x_wconf 85' lang='lat' dir='ltr'>alia,</span> <span class='ocrx_word' id='word_1_34' title='bbox 1642 694 1759 750; x_wconf 90' lang='lat' dir='ltr'>nisi</span> <span class='ocrx_word' id='word_1_35' title='bbox 1786 693 1910 751; x_wconf 88' lang='lat' dir='ltr'>sola</span> <span class='ocrx_word' id='word_1_36' title='bbox 1937 697 2098 766; x_wconf 86' lang='lat' dir='ltr'>opta-</span> 
     </span>
    </p>
   </div>
   <div class='ocr_carea' id='block_1_8' title="bbox 436 782 2093 856">
    <p class='ocr_par' dir='ltr' id='par_1_8' title="bbox 436 782 2093 856">
     <span class='ocr_line' id='line_1_8' title="bbox 436 782 2093 856; baseline -0.001 -17"><span class='ocrx_word' id='word_1_37' title='bbox 436 782 650 839; x_wconf 88' lang='lat' dir='ltr'>tissimi</span> <span class='ocrx_word' id='word_1_38' title='bbox 681 782 879 840; x_wconf 78' lang='lat' dir='ltr'>vultus</span> <span class='ocrx_word' id='word_1_39' title='bbox 909 782 995 838; x_wconf 91' lang='lat' dir='ltr'>tui</span> <span class='ocrx_word' id='word_1_40' title='bbox 1026 783 1354 856; x_wconf 68' lang='lat' dir='ltr'>praesentia.</span> <span class='ocrx_word' id='word_1_41' title='bbox 1381 784 1565 848; x_wconf 88' lang='lat' dir='ltr'>Quam</span> <span class='ocrx_word' id='word_1_42' title='bbox 1588 782 1727 856; x_wconf 89' lang='lat' dir='ltr'>quia</span> <span class='ocrx_word' id='word_1_43' title='bbox 1755 799 1871 839; x_wconf 91' lang='lat' dir='ltr'>non</span> <span class='ocrx_word' id='word_1_44' title='bbox 1897 798 2093 839; x_wconf 88' lang='lat' dir='ltr'>coram</span> 
     </span>
    </p>
   </div>
   <div class='ocr_carea' id='block_1_9' title="bbox 437 870 2097 945">
    <p class='ocr_par' dir='ltr' id='par_1_9' title="bbox 437 870 2097 945">
     <span class='ocr_line' id='line_1_9' title="bbox 437 870 2097 945; baseline -0.001 -17"><span class='ocrx_word' id='word_1_45' title='bbox 437 888 683 945; x_wconf 87' lang='lat' dir='ltr'>nequeo,</span> <span class='ocrx_word' id='word_1_46' title='bbox 713 871 920 928; x_wconf 82' lang='lat' dir='ltr'>saltem</span> <span class='ocrx_word' id='word_1_47' title='bbox 953 873 1327 944; x_wconf 65' lang='lat' dir='ltr'>praesentium</span> <span class='ocrx_word' id='word_1_48' title='bbox 1358 872 1687 928; x_wconf 90' lang='lat' dir='ltr'>litterarum</span> <span class='ocrx_word' id='word_1_49' title='bbox 1717 872 1908 928; x_wconf 79' lang='lat' dir='ltr'>officio</span> <span class='ocrx_word' id='word_1_50' title='bbox 1955 870 2097 927; x_wconf 89' lang='lat' dir='ltr'>inte-</span> 
     </span>
    </p>
   </div>
   <div class='ocr_carea' id='block_1_10' title="bbox 437 960 2091 1034">
    <p class='ocr_par' dir='ltr' id='par_1_10' title="bbox 437 960 2091 1034">
     <span class='ocr_line' id='line_1_10' title="bbox 437 960 2091 1034; baseline 0.001 -19"><span class='ocrx_word' id='word_1_51' title='bbox 437 961 548 1017; x_wconf 90' lang='lat' dir='ltr'>rim</span> <span class='ocrx_word' id='word_1_52' title='bbox 588 960 804 1027; x_wconf 90' lang='lat' dir='ltr'>saluto,</span> <span class='ocrx_word' id='word_1_53' title='bbox 836 960 1106 1034; x_wconf 88' lang='lat' dir='ltr'>interque</span> <span class='ocrx_word' id='word_1_54' title='bbox 1137 960 1441 1018; x_wconf 86' lang='lat' dir='ltr'>charitatis</span> <span class='ocrx_word' id='word_1_55' title='bbox 1472 961 1716 1017; x_wconf 89' lang='lat' dir='ltr'>vulnera</span> <span class='ocrx_word' id='word_1_56' title='bbox 1763 961 2091 1033; x_wconf 78' lang='lat' dir='ltr'>(vulnerata.</span> 
     </span>
    </p>
   </div>
   <div class='ocr_carea' id='block_1_11' title="bbox 425 1049 2095 1124">
    <p class='ocr_par' dir='ltr' id='par_1_11' title="bbox 425 1049 2095 1124">
     <span class='ocr_line' id='line_1_11' title="bbox 425 1049 2095 1124; baseline -0.003 -14"><span class='ocrx_word' id='word_1_57' title='bbox 425 1049 628 1122; x_wconf 91' lang='lat' dir='ltr'>.inquit</span> <span class='ocrx_word' id='word_1_58' title='bbox 657 1050 904 1124; x_wconf 79' lang='lat' dir='ltr'>Sponsa,</span> <span class='ocrx_word' id='word_1_59' title='bbox 924 1052 1198 1106; x_wconf 87' lang='lat' dir='ltr'>charitate</span> <span class='ocrx_word' id='word_1_60' title='bbox 1227 1066 1321 1123; x_wconf 84' lang='lat' dir='ltr'>ego</span> <span class='ocrx_word' id='word_1_61' title='bbox 1344 1053 1488 1120; x_wconf 88' lang='lat' dir='ltr'>sum)</span> <span class='ocrx_word' id='word_1_62' title='bbox 1518 1049 1927 1121; x_wconf 81' lang='lat' dir='ltr'>hujuscemodi</span> <span class='ocrx_word' id='word_1_63' title='bbox 1956 1065 2095 1105; x_wconf 91' lang='lat' dir='ltr'>voce</span> 
     </span>
    </p>
   </div>
   <div class='ocr_carea' id='block_1_12' title="bbox 434 1138 2093 1213">
    <p class='ocr_par' dir='ltr' id='par_1_12' title="bbox 434 1138 2093 1213">
     <span class='ocr_line' id='line_1_12' title="bbox 434 1138 2093 1213; baseline -0.001 -18"><span class='ocrx_word' id='word_1_64' title='bbox 434 1142 568 1196; x_wconf 82' lang='lat' dir='ltr'>utor</span> <span class='ocrx_word' id='word_1_65' title='bbox 596 1155 729 1195; x_wconf 90' lang='lat' dir='ltr'>cum</span> <span class='ocrx_word' id='word_1_66' title='bbox 757 1138 1070 1213; x_wconf 90' lang='lat' dir='ltr'>Psalmista</span> <span class='ocrx_word' id='word_1_67' title='bbox 1101 1155 1116 1196; x_wconf 92' lang='lat'><strong>:</strong></span> <span class='ocrx_word' id='word_1_68' title='bbox 1152 1140 1283 1208; x_wconf 86' lang='lat' dir='ltr'>Quis</span> <span class='ocrx_word' id='word_1_69' title='bbox 1323 1140 1476 1196; x_wconf 89' lang='lat' dir='ltr'>dabit</span> <span class='ocrx_word' id='word_1_70' title='bbox 1510 1140 1656 1196; x_wconf 80' lang='lat' dir='ltr'>mihi</span> <span class='ocrx_word' id='word_1_71' title='bbox 1695 1155 1907 1212; x_wconf 87' lang='lat' dir='ltr'>pennas</span> <span class='ocrx_word' id='word_1_72' title='bbox 1949 1139 2093 1195; x_wconf 80' lang='lat' dir='ltr'>sicut</span> 
     </span>
    </p>
   </div>
   <div class='ocr_carea' id='block_1_13' title="bbox 430 1228 2090 1301">
    <p class='ocr_par' dir='ltr' id='par_1_13' title="bbox 430 1228 2090 1301">
     <span class='ocr_line' id='line_1_13' title="bbox 430 1228 2090 1301; baseline 0 -17"><span class='ocrx_word' id='word_1_73' title='bbox 430 1228 701 1286; x_wconf 66' lang='lat' dir='ltr'>columbae</span> <span class='ocrx_word' id='word_1_74' title='bbox 728 1236 781 1285; x_wconf 90' lang='lat' dir='ltr'>et</span> <span class='ocrx_word' id='word_1_75' title='bbox 804 1228 994 1285; x_wconf 79' lang='lat' dir='ltr'>volabo</span> <span class='ocrx_word' id='word_1_76' title='bbox 1021 1232 1075 1285; x_wconf 87' lang='lat' dir='ltr'>et</span> <span class='ocrx_word' id='word_1_77' title='bbox 1103 1228 1477 1301; x_wconf 78' lang='lat' dir='ltr'>requiescam?</span> <span class='ocrx_word' id='word_1_78' title='bbox 1507 1230 1631 1295; x_wconf 87' lang='lat' dir='ltr'>Quo</span> <span class='ocrx_word' id='word_1_79' title='bbox 1663 1228 1778 1284; x_wconf 86' lang='lat' dir='ltr'>nisi</span> <span class='ocrx_word' id='word_1_80' title='bbox 1818 1229 1928 1284; x_wconf 86' lang='lat' dir='ltr'>sub</span> <span class='ocrx_word' id='word_1_81' title='bbox 1961 1244 2090 1284; x_wconf 86' lang='lat' dir='ltr'>um-</span> 
     </span>
    </p>
   </div>
   <div class='ocr_carea' id='block_1_14' title="bbox 432 1316 2089 1390">
    <p class='ocr_par' dir='ltr' id='par_1_14' title="bbox 432 1316 2089 1390">
     <span class='ocr_line' id='line_1_14' title="bbox 432 1316 2089 1390; baseline 0.001 -18"><span class='ocrx_word' id='word_1_82' title='bbox 432 1317 538 1374; x_wconf 90' lang='lat' dir='ltr'>bra</span> <span class='ocrx_word' id='word_1_83' title='bbox 566 1317 845 1374; x_wconf 85' lang='lat' dir='ltr'>culminis</span> <span class='ocrx_word' id='word_1_84' title='bbox 876 1317 1012 1373; x_wconf 87' lang='lat' dir='ltr'>tui?</span> <span class='ocrx_word' id='word_1_85' title='bbox 1041 1317 1141 1373; x_wconf 91' lang='lat' dir='ltr'>ubi</span> <span class='ocrx_word' id='word_1_86' title='bbox 1172 1318 1222 1374; x_wconf 90' lang='lat' dir='ltr'>si</span> <span class='ocrx_word' id='word_1_87' title='bbox 1247 1334 1382 1374; x_wconf 89' lang='lat' dir='ltr'>cum</span> <span class='ocrx_word' id='word_1_88' title='bbox 1412 1316 1841 1390; x_wconf 88' lang='lat' dir='ltr'>passeribus,id</span> <span class='ocrx_word' id='word_1_89' title='bbox 1872 1320 2089 1385; x_wconf 91' lang='lat' dir='ltr'>est,ve-</span> 
     </span>
    </p>
   </div>
   <div class='ocr_carea' id='block_1_15' title="bbox 432 1405 2091 1479">
    <p class='ocr_par' dir='ltr' id='par_1_15' title="bbox 432 1405 2091 1479">
     <span class='ocr_line' id='line_1_15' title="bbox 432 1405 2091 1479; baseline 0.001 -18"><span class='ocrx_word' id='word_1_90' title='bbox 432 1405 514 1462; x_wconf 90' lang='lat' dir='ltr'>ris</span> <span class='ocrx_word' id='word_1_91' title='bbox 543 1405 760 1463; x_wconf 85' lang='lat' dir='ltr'>Christi</span> <span class='ocrx_word' id='word_1_92' title='bbox 790 1405 1169 1479; x_wconf 78' lang='lat' dir='ltr'>pauperibus,</span> <span class='ocrx_word' id='word_1_93' title='bbox 1203 1423 1360 1462; x_wconf 90' lang='lat' dir='ltr'>nunc</span> <span class='ocrx_word' id='word_1_94' title='bbox 1390 1406 1748 1462; x_wconf 86' lang='lat' dir='ltr'>nidificando</span> <span class='ocrx_word' id='word_1_95' title='bbox 1770 1406 2091 1478; x_wconf 87' lang='lat' dir='ltr'>requiesce-</span> 
     </span>
    </p>
   </div>
   <div class='ocr_carea' id='block_1_16' title="bbox 431 1495 2091 1567">
    <p class='ocr_par' dir='ltr' id='par_1_16' title="bbox 431 1495 2091 1567">
     <span class='ocr_line' id='line_1_16' title="bbox 431 1495 2091 1567; baseline 0 -17"><span class='ocrx_word' id='word_1_96' title='bbox 431 1511 578 1563; x_wconf 89' lang='lat' dir='ltr'>rem,</span> <span class='ocrx_word' id='word_1_97' title='bbox 610 1511 703 1550; x_wconf 90' lang='lat' dir='ltr'>me</span> <span class='ocrx_word' id='word_1_98' title='bbox 728 1495 1083 1567; x_wconf 87' lang='lat' dir='ltr'>quandoque</span> <span class='ocrx_word' id='word_1_99' title='bbox 1113 1512 1183 1551; x_wconf 86' lang='lat' dir='ltr'>ex</span> <span class='ocrx_word' id='word_1_100' title='bbox 1201 1512 1404 1551; x_wconf 89' lang='lat' dir='ltr'>eorum</span> <span class='ocrx_word' id='word_1_101' title='bbox 1424 1511 1669 1551; x_wconf 89' lang='lat' dir='ltr'>numero</span> <span class='ocrx_word' id='word_1_102' title='bbox 1685 1496 1949 1551; x_wconf 84' lang='lat' dir='ltr'>futurum</span> <span class='ocrx_word' id='word_1_103' title='bbox 1962 1511 2091 1551; x_wconf 89' lang='lat' dir='ltr'>esse</span> 
     </span>
    </p>
   </div>
   <div class='ocr_carea' id='block_1_17' title="bbox 432 1582 2086 1657">
    <p class='ocr_par' dir='ltr' id='par_1_17' title="bbox 432 1582 2086 1657">
     <span class='ocr_line' id='line_1_17' title="bbox 432 1582 2086 1657; baseline 0 -18"><span class='ocrx_word' id='word_1_104' title='bbox 432 1600 549 1639; x_wconf 89' lang='lat' dir='ltr'>non</span> <span class='ocrx_word' id='word_1_105' title='bbox 578 1583 953 1656; x_wconf 77' lang='lat' dir='ltr'>desperarem</span> <span class='ocrx_word' id='word_1_106' title='bbox 986 1585 1056 1639; x_wconf 88' lang='lat' dir='ltr'>de</span> <span class='ocrx_word' id='word_1_107' title='bbox 1087 1584 1307 1657; x_wconf 87' lang='lat' dir='ltr'>quibus</span> <span class='ocrx_word' id='word_1_108' title='bbox 1338 1585 1519 1640; x_wconf 88' lang='lat' dir='ltr'>Isaias</span> <span class='ocrx_word' id='word_1_109' title='bbox 1550 1582 1809 1656; x_wconf 84' lang='lat' dir='ltr'>loquitur</span> <span class='ocrx_word' id='word_1_110' title='bbox 1838 1582 2038 1639; x_wconf 89' lang='lat' dir='ltr'>dicens</span> <span class='ocrx_word' id='word_1_111' title='bbox 2072 1601 2086 1639; x_wconf 91' lang='lat'>:</span> 
     </span>
    </p>
   </div>
   <div class='ocr_carea' id='block_1_18' title="bbox 429 1672 2086 1744">
    <p class='ocr_par' dir='ltr' id='par_1_18' title="bbox 429 1672 2086 1744">
     <span class='ocr_line' id='line_1_18' title="bbox 429 1672 2086 1744; baseline 0.001 -16"><span class='ocrx_word' id='word_1_112' title='bbox 429 1673 620 1728; x_wconf 81' lang='lat' dir='ltr'>Sancti</span> <span class='ocrx_word' id='word_1_113' title='bbox 647 1674 745 1744; x_wconf 91' lang='lat' dir='ltr'>qui</span> <span class='ocrx_word' id='word_1_114' title='bbox 771 1680 995 1744; x_wconf 83' lang='lat' dir='ltr'>sperant</span> <span class='ocrx_word' id='word_1_115' title='bbox 1025 1674 1080 1728; x_wconf 84' lang='lat' dir='ltr'>in</span> <span class='ocrx_word' id='word_1_116' title='bbox 1114 1673 1342 1730; x_wconf 84' lang='lat' dir='ltr'>Domino</span> <span class='ocrx_word' id='word_1_117' title='bbox 1364 1673 1649 1729; x_wconf 82' lang='lat' dir='ltr'>mutabant</span> <span class='ocrx_word' id='word_1_118' title='bbox 1683 1672 2086 1744; x_wconf 78' lang='lat' dir='ltr'>fortitudinem,</span> 
     </span>
    </p>
   </div>
   <div class='ocr_carea' id='block_1_19' title="bbox 327 1762 2083 1834">
    <p class='ocr_par' dir='ltr' id='par_1_19' title="bbox 327 1762 2083 1834">
     <span class='ocr_line' id='line_1_19' title="bbox 327 1762 2083 1834; baseline 0 -17"><span class='ocrx_word' id='word_1_119' title='bbox 327 1821 330 1824; x_wconf 58' lang='grc'><strong><em>,</em></strong></span> <span class='ocrx_word' id='word_1_120' title='bbox 427 1768 709 1817; x_wconf 85' lang='lat' dir='ltr'>assument</span> <span class='ocrx_word' id='word_1_121' title='bbox 731 1777 940 1833; x_wconf 82' lang='lat' dir='ltr'>pennas</span> <span class='ocrx_word' id='word_1_122' title='bbox 970 1770 1033 1817; x_wconf 84' lang='lat' dir='ltr'>ut</span> <span class='ocrx_word' id='word_1_123' title='bbox 1062 1762 1556 1834; x_wconf 62' lang='lat' dir='ltr'>aquilaemolabunt</span> <span class='ocrx_word' id='word_1_124' title='bbox 1581 1770 1632 1818; x_wconf 90' lang='lat' dir='ltr'>et</span> <span class='ocrx_word' id='word_1_125' title='bbox 1672 1779 1788 1817; x_wconf 84' lang='lat' dir='ltr'>non</span> <span class='ocrx_word' id='word_1_126' title='bbox 1817 1762 2083 1832; x_wconf 85' lang='lat' dir='ltr'>deﬁcient.</span> 
     </span>
    </p>
   </div>
   <div class='ocr_carea' id='block_1_20' title="bbox 428 1850 2083 1924">
    <p class='ocr_par' dir='ltr' id='par_1_20' title="bbox 428 1850 2083 1924">
     <span class='ocr_line' id='line_1_20' title="bbox 428 1850 2083 1924; baseline 0 -18"><span class='ocrx_word' id='word_1_127' title='bbox 428 1855 506 1907; x_wconf 90' lang='lat' dir='ltr'>De</span> <span class='ocrx_word' id='word_1_128' title='bbox 536 1866 787 1924; x_wconf 90' lang='lat' dir='ltr'>quorum</span> <span class='ocrx_word' id='word_1_129' title='bbox 819 1850 1264 1924; x_wconf 87' lang='lat' dir='ltr'>collegiotu,qui</span> <span class='ocrx_word' id='word_1_130' title='bbox 1295 1868 1359 1907; x_wconf 88' lang='lat' dir='ltr'>es</span> <span class='ocrx_word' id='word_1_131' title='bbox 1416 1851 1585 1908; x_wconf 86' lang='lat' dir='ltr'>dulce</span> <span class='ocrx_word' id='word_1_132' title='bbox 1616 1852 1792 1907; x_wconf 89' lang='lat' dir='ltr'>decus</span> <span class='ocrx_word' id='word_1_133' title='bbox 1815 1854 2083 1907; x_wconf 89' lang='lat' dir='ltr'>nostrum</span> 
     </span>
    </p>
   </div>
   <div class='ocr_carea' id='block_1_21' title="bbox 428 1939 2088 2019">
    <p class='ocr_par' dir='ltr' id='par_1_21' title="bbox 428 1939 2088 2019">
     <span class='ocr_line' id='line_1_21' title="bbox 428 1939 2088 2019; baseline -0.001 -23"><span class='ocrx_word' id='word_1_134' title='bbox 428 1939 810 2019; x_wconf 76' lang='lat' dir='ltr'>omniumque</span> <span class='ocrx_word' id='word_1_135' title='bbox 822 1939 1091 1995; x_wconf 87' lang='lat' dir='ltr'>diadema</span> <span class='ocrx_word' id='word_1_136' title='bbox 1113 1939 1952 1996; x_wconf 79' lang='lat' dir='ltr'>monachorumindubitanter</span> <span class='ocrx_word' id='word_1_137' title='bbox 1974 1940 2088 1996; x_wconf 83' lang='lat' dir='ltr'>exi-</span> 
     </span>
    </p>
   </div>
   <div class='ocr_carea' id='block_1_22' title="bbox 427 2027 2085 2102">
    <p class='ocr_par' dir='ltr' id='par_1_22' title="bbox 427 2027 2085 2102">
     <span class='ocr_line' id='line_1_22' title="bbox 427 2027 2085 2102; baseline 0 -17"><span class='ocrx_word' id='word_1_138' title='bbox 427 2033 610 2098; x_wconf 88' lang='lat' dir='ltr'>stens,</span> <span class='ocrx_word' id='word_1_139' title='bbox 636 2030 758 2102; x_wconf 88' lang='lat' dir='ltr'>jam</span> <span class='ocrx_word' id='word_1_140' title='bbox 790 2028 1004 2102; x_wconf 83' lang='lat' dir='ltr'>spretis</span> <span class='ocrx_word' id='word_1_141' title='bbox 1036 2028 1242 2085; x_wconf 90' lang='lat' dir='ltr'>mundi</span> <span class='ocrx_word' id='word_1_142' title='bbox 1274 2029 1454 2101; x_wconf 88' lang='lat' dir='ltr'>hujus</span> <span class='ocrx_word' id='word_1_143' title='bbox 1476 2028 1805 2097; x_wconf 88' lang='lat' dir='ltr'>desideriis,</span> <span class='ocrx_word' id='word_1_144' title='bbox 1825 2046 1960 2085; x_wconf 89' lang='lat' dir='ltr'>cum</span> <span class='ocrx_word' id='word_1_145' title='bbox 1990 2027 2085 2085; x_wconf 83' lang='lat' dir='ltr'>his</span> 
     </span>
    </p>
   </div>
   <div class='ocr_carea' id='block_1_23' title="bbox 427 2119 2082 2192">
    <p class='ocr_par' dir='ltr' id='par_1_23' title="bbox 427 2119 2082 2192">
     <span class='ocr_line' id='line_1_23' title="bbox 427 2119 2082 2192; baseline 0.001 -19"><span class='ocrx_word' id='word_1_146' title='bbox 427 2120 499 2175; x_wconf 92' lang='lat' dir='ltr'>de</span> <span class='ocrx_word' id='word_1_147' title='bbox 530 2119 747 2192; x_wconf 89' lang='lat' dir='ltr'>quibus</span> <span class='ocrx_word' id='word_1_148' title='bbox 778 2119 1001 2174; x_wconf 91' lang='lat' dir='ltr'>dictum</span> <span class='ocrx_word' id='word_1_149' title='bbox 1031 2123 1121 2174; x_wconf 91' lang='lat' dir='ltr'>est</span> <span class='ocrx_word' id='word_1_150' title='bbox 1154 2135 1167 2174; x_wconf 91' lang='lat'><strong>:</strong></span> <span class='ocrx_word' id='word_1_151' title='bbox 1198 2121 1367 2175; x_wconf 85' lang='lat' dir='ltr'>Ibunt</span> <span class='ocrx_word' id='word_1_152' title='bbox 1395 2119 1681 2174; x_wconf 83' lang='lat' dir='ltr'>devirtute</span> <span class='ocrx_word' id='word_1_153' title='bbox 1711 2120 1772 2174; x_wconf 90' lang='lat' dir='ltr'>in</span> <span class='ocrx_word' id='word_1_154' title='bbox 1798 2119 2082 2186; x_wconf 82' lang='lat' dir='ltr'>virtutem,</span> 
     </span>
    </p>
   </div>
   <div class='ocr_carea' id='block_1_24' title="bbox 426 2206 2081 2279">
    <p class='ocr_par' dir='ltr' id='par_1_24' title="bbox 426 2206 2081 2279">
     <span class='ocr_line' id='line_1_24' title="bbox 426 2206 2081 2279; baseline 0 -16"><span class='ocrx_word' id='word_1_155' title='bbox 426 2208 830 2265; x_wconf 79' lang='lat' dir='ltr'>fortitudinem</span> <span class='ocrx_word' id='word_1_156' title='bbox 860 2208 1099 2263; x_wconf 87' lang='lat' dir='ltr'>mutasti</span> <span class='ocrx_word' id='word_1_157' title='bbox 1119 2208 1247 2278; x_wconf 89' lang='lat' dir='ltr'>jam</span> <span class='ocrx_word' id='word_1_158' title='bbox 1278 2207 1435 2263; x_wconf 90' lang='lat' dir='ltr'>velut</span> <span class='ocrx_word' id='word_1_159' title='bbox 1449 2206 1647 2279; x_wconf 91' lang='lat' dir='ltr'>aquila</span> <span class='ocrx_word' id='word_1_160' title='bbox 1665 2206 2081 2274; x_wconf 87' lang='lat' dir='ltr'>reviviscendo,</span> 
     </span>
    </p>
   </div>
   <div class='ocr_carea' id='block_1_25' title="bbox 428 2295 2083 2368">
    <p class='ocr_par' dir='ltr' id='par_1_25' title="bbox 428 2295 2083 2368">
     <span class='ocr_line' id='line_1_25' title="bbox 428 2295 2083 2368; baseline -0.001 -16"><span class='ocrx_word' id='word_1_161' title='bbox 428 2295 683 2368; x_wconf 84' lang='lat' dir='ltr'>sumptis</span> <span class='ocrx_word' id='word_1_162' title='bbox 707 2295 989 2350; x_wconf 90' lang='lat' dir='ltr'>virtutum</span> <span class='ocrx_word' id='word_1_163' title='bbox 1023 2295 1233 2367; x_wconf 90' lang='lat' dir='ltr'>pennis</span> <span class='ocrx_word' id='word_1_164' title='bbox 1263 2296 1337 2350; x_wconf 90' lang='lat' dir='ltr'>ad</span> <span class='ocrx_word' id='word_1_165' title='bbox 1370 2295 1489 2351; x_wconf 91' lang='lat' dir='ltr'>alta</span> <span class='ocrx_word' id='word_1_166' title='bbox 1516 2295 1868 2361; x_wconf 89' lang='lat' dir='ltr'>volasti,uec</span> <span class='ocrx_word' id='word_1_167' title='bbox 1899 2296 1958 2351; x_wconf 90' lang='lat' dir='ltr'>in</span> <span class='ocrx_word' id='word_1_168' title='bbox 1992 2296 2083 2350; x_wconf 90' lang='lat' dir='ltr'>in-</span> 
     </span>
    </p>
   </div>
   <div class='ocr_carea' id='block_1_26' title="bbox 428 2383 2083 2457">
    <p class='ocr_par' dir='ltr' id='par_1_26' title="bbox 428 2383 2083 2457">
     <span class='ocr_line' id='line_1_26' title="bbox 428 2383 2083 2457; baseline 0.001 -18"><span class='ocrx_word' id='word_1_169' title='bbox 428 2384 706 2440; x_wconf 80' lang='lat' dir='ltr'>ﬁmitate</span> <span class='ocrx_word' id='word_1_170' title='bbox 736 2400 1012 2454; x_wconf 87' lang='lat' dir='ltr'>corporea</span> <span class='ocrx_word' id='word_1_171' title='bbox 1040 2383 1336 2452; x_wconf 84' lang='lat' dir='ltr'>deﬁciens,</span> <span class='ocrx_word' id='word_1_172' title='bbox 1370 2385 1471 2440; x_wconf 87' lang='lat' dir='ltr'>scd</span> <span class='ocrx_word' id='word_1_173' title='bbox 1506 2384 1702 2457; x_wconf 83' lang='lat' dir='ltr'>potius</span> <span class='ocrx_word' id='word_1_174' title='bbox 1750 2401 1886 2440; x_wconf 86' lang='lat' dir='ltr'>cum</span> <span class='ocrx_word' id='word_1_175' title='bbox 1930 2386 2083 2457; x_wconf 85' lang='lat' dir='ltr'>Apo-</span> 
     </span>
    </p>
   </div>
   <div class='ocr_carea' id='block_1_27' title="bbox 428 2471 2085 2545">
    <p class='ocr_par' dir='ltr' id='par_1_27' title="bbox 428 2471 2085 2545">
     <span class='ocr_line' id='line_1_27' title="bbox 428 2471 2085 2545; baseline 0.001 -17"><span class='ocrx_word' id='word_1_176' title='bbox 428 2471 576 2529; x_wconf 89' lang='lat' dir='ltr'>stolo</span> <span class='ocrx_word' id='word_1_177' title='bbox 627 2471 937 2545; x_wconf 79' lang='lat' dir='ltr'>proficiens</span> <span class='ocrx_word' id='word_1_178' title='bbox 986 2476 1041 2527; x_wconf 91' lang='lat' dir='ltr'>et</span> <span class='ocrx_word' id='word_1_179' title='bbox 1084 2471 1315 2527; x_wconf 88' lang='lat' dir='ltr'>dicens:</span> <span class='ocrx_word' id='word_1_180' title='bbox 1368 2473 1594 2541; x_wconf 82' lang='lat' dir='ltr'>Quando</span> <span class='ocrx_word' id='word_1_181' title='bbox 1633 2473 1903 2544; x_wconf 80' lang='lat' dir='ltr'>inﬁrmor,</span> <span class='ocrx_word' id='word_1_182' title='bbox 1955 2477 2085 2529; x_wconf 87' lang='lat' dir='ltr'>tunc</span> 
     </span>
    </p>
   </div>
   <div class='ocr_carea' id='block_1_28' title="bbox 423 2559 2081 2635">
    <p class='ocr_par' dir='ltr' id='par_1_28' title="bbox 423 2559 2081 2635">
     <span class='ocr_line' id='line_1_28' title="bbox 423 2559 2081 2635; baseline -0.001 -15"><span class='ocrx_word' id='word_1_183' title='bbox 423 2564 624 2634; x_wconf 80' lang='lat' dir='ltr'>fortior</span> <span class='ocrx_word' id='word_1_184' title='bbox 648 2564 864 2616; x_wconf 84' lang='lat' dir='ltr'>sum.Et</span> <span class='ocrx_word' id='word_1_185' title='bbox 893 2561 1032 2632; x_wconf 86' lang='lat' dir='ltr'>quia</span> <span class='ocrx_word' id='word_1_186' title='bbox 1064 2559 1225 2616; x_wconf 89' lang='lat' dir='ltr'>illius</span> <span class='ocrx_word' id='word_1_187' title='bbox 1263 2560 1471 2617; x_wconf 81' lang='lat' dir='ltr'>divinae</span> <span class='ocrx_word' id='word_1_188' title='bbox 1503 2562 2081 2635; x_wconf 88' lang='lat' dir='ltr'>promissioniscom-</span> 
     </span>
    </p>
   </div>
   <div class='ocr_carea' id='block_1_29' title="bbox 427 2649 2084 2725">
    <p class='ocr_par' dir='ltr' id='par_1_29' title="bbox 427 2649 2084 2725">
     <span class='ocr_line' id='line_1_29' title="bbox 427 2649 2084 2725; baseline -0.002 -15"><span class='ocrx_word' id='word_1_189' title='bbox 427 2669 533 2725; x_wconf 80' lang='lat' dir='ltr'>pos</span> <span class='ocrx_word' id='word_1_190' title='bbox 557 2650 806 2708; x_wconf 81' lang='lat' dir='ltr'>existere</span> <span class='ocrx_word' id='word_1_191' title='bbox 836 2649 1123 2717; x_wconf 88' lang='lat' dir='ltr'>meruisti,</span> <span class='ocrx_word' id='word_1_192' title='bbox 1157 2667 1284 2722; x_wconf 72' lang='lat' dir='ltr'>quae</span> <span class='ocrx_word' id='word_1_193' title='bbox 1313 2650 1457 2705; x_wconf 87' lang='lat' dir='ltr'>dicit</span> <span class='ocrx_word' id='word_1_194' title='bbox 1487 2667 1502 2706; x_wconf 90' lang='lat'><strong>:</strong></span> <span class='ocrx_word' id='word_1_195' title='bbox 1533 2650 1830 2707; x_wconf 82' lang='lat' dir='ltr'>Sustotlam</span> <span class='ocrx_word' id='word_1_196' title='bbox 1860 2659 2084 2723; x_wconf 84' lang='lat' dir='ltr'>tesuper</span> 
     </span>
    </p>
   </div>
   <div class='ocr_carea' id='block_1_30' title="bbox 424 2739 2081 2810">
    <p class='ocr_par' dir='ltr' id='par_1_30' title="bbox 424 2739 2081 2810">
     <span class='ocr_line' id='line_1_30' title="bbox 424 2739 2081 2810; baseline -0.001 -12"><span class='ocrx_word' id='word_1_197' title='bbox 424 2740 773 2798; x_wconf 79' lang='lat' dir='ltr'>altitudinem</span> <span class='ocrx_word' id='word_1_198' title='bbox 803 2746 1332 2810; x_wconf 66' lang='lat' dir='ltr'>terrae,me,quaaso,</span> <span class='ocrx_word' id='word_1_199' title='bbox 1351 2739 1423 2794; x_wconf 90' lang='lat' dir='ltr'>ad</span> <span class='ocrx_word' id='word_1_200' title='bbox 1455 2743 1512 2796; x_wconf 92' lang='lat' dir='ltr'>te</span> <span class='ocrx_word' id='word_1_201' title='bbox 1544 2739 1627 2796; x_wconf 88' lang='lat' dir='ltr'>sic</span> <span class='ocrx_word' id='word_1_202' title='bbox 1657 2739 2081 2797; x_wconf 90' lang='lat' dir='ltr'>exclamantem</span> 
     </span>
    </p>
   </div>
   <div class='ocr_carea' id='block_1_31' title="bbox 424 2828 2080 2901">
    <p class='ocr_par' dir='ltr' id='par_1_31' title="bbox 424 2828 2080 2901">
     <span class='ocr_line' id='line_1_31' title="bbox 424 2828 2080 2901; baseline -0.001 -13"><span class='ocrx_word' id='word_1_203' title='bbox 424 2828 633 2888; x_wconf 80' lang='lat' dir='ltr'>exaudi</span> <span class='ocrx_word' id='word_1_204' title='bbox 668 2846 682 2884; x_wconf 88' lang='lat'>:</span> <span class='ocrx_word' id='word_1_205' title='bbox 726 2828 910 2885; x_wconf 84' lang='lat' dir='ltr'>-Trahe</span> <span class='ocrx_word' id='word_1_206' title='bbox 934 2844 1022 2883; x_wconf 90' lang='lat' dir='ltr'>me</span> <span class='ocrx_word' id='word_1_207' title='bbox 1045 2835 1167 2900; x_wconf 86' lang='lat' dir='ltr'>post</span> <span class='ocrx_word' id='word_1_208' title='bbox 1217 2836 1287 2895; x_wconf 88' lang='lat' dir='ltr'>te,</span> <span class='ocrx_word' id='word_1_209' title='bbox 1342 2833 1636 2901; x_wconf 86' lang='lat' dir='ltr'>quatenus</span> <span class='ocrx_word' id='word_1_210' title='bbox 1661 2829 1721 2884; x_wconf 89' lang='lat' dir='ltr'>in</span> <span class='ocrx_word' id='word_1_211' title='bbox 1765 2829 1941 2886; x_wconf 87' lang='lat' dir='ltr'>odore</span> <span class='ocrx_word' id='word_1_212' title='bbox 1970 2846 2080 2886; x_wconf 91' lang='lat' dir='ltr'>un-</span> 
     </span>
    </p>
   </div>
   <div class='ocr_carea' id='block_1_32' title="bbox 425 2917 2084 2995">
    <p class='ocr_par' dir='ltr' id='par_1_32' title="bbox 425 2917 2084 2995">
     <span class='ocr_line' id='line_1_32' title="bbox 425 2917 2084 2995; baseline -0.001 -20"><span class='ocrx_word' id='word_1_213' title='bbox 425 2923 777 2994; x_wconf 90' lang='lat' dir='ltr'>guentorum</span> <span class='ocrx_word' id='word_1_214' title='bbox 808 2921 1043 2995; x_wconf 86' lang='lat' dir='ltr'>tuorum</span> <span class='ocrx_word' id='word_1_215' title='bbox 1081 2933 1172 2973; x_wconf 91' lang='lat' dir='ltr'>me</span> <span class='ocrx_word' id='word_1_216' title='bbox 1203 2922 1493 2985; x_wconf 87' lang='lat' dir='ltr'>currente,</span> <span class='ocrx_word' id='word_1_217' title='bbox 1523 2917 1625 2974; x_wconf 87' lang='lat' dir='ltr'>illa</span> <span class='ocrx_word' id='word_1_218' title='bbox 1649 2918 1983 2975; x_wconf 66' lang='lat' dir='ltr'>haereditate</span> <span class='ocrx_word' id='word_1_219' title='bbox 2004 2922 2084 2974; x_wconf 86' lang='lat' dir='ltr'>te-</span> 
     </span>
    </p>
   </div>
   <div class='ocr_carea' id='block_1_33' title="bbox 425 3005 2080 3080">
    <p class='ocr_par' dir='ltr' id='par_1_33' title="bbox 425 3005 2080 3080">
     <span class='ocr_line' id='line_1_33' title="bbox 425 3005 2080 3080; baseline -0.002 -14"><span class='ocrx_word' id='word_1_220' title='bbox 425 3026 561 3073; x_wconf 70' lang='lat' dir='ltr'>cum</span> <span class='ocrx_word' id='word_1_221' title='bbox 595 3023 820 3064; x_wconf 89' lang='lat' dir='ltr'>merear</span> <span class='ocrx_word' id='word_1_222' title='bbox 848 3005 1207 3079; x_wconf 87' lang='lat' dir='ltr'>participari,</span> <span class='ocrx_word' id='word_1_223' title='bbox 1242 3023 1418 3079; x_wconf 89' lang='lat' dir='ltr'>quam</span> <span class='ocrx_word' id='word_1_224' title='bbox 1469 3007 1755 3064; x_wconf 84' lang='lat' dir='ltr'>Dominus</span> <span class='ocrx_word' id='word_1_225' title='bbox 1803 3007 2080 3080; x_wconf 87' lang='lat' dir='ltr'>dignatus</span> 
     </span>
    </p>
   </div>
   <div class='ocr_carea' id='block_1_34' title="bbox 425 3094 2079 3170">
    <p class='ocr_par' dir='ltr' id='par_1_34' title="bbox 425 3094 2079 3170">
     <span class='ocr_line' id='line_1_34' title="bbox 425 3094 2079 3170; baseline -0.001 -16"><span class='ocrx_word' id='word_1_226' title='bbox 425 3102 515 3155; x_wconf 91' lang='lat' dir='ltr'>est</span> <span class='ocrx_word' id='word_1_227' title='bbox 542 3096 647 3153; x_wconf 88' lang='lat' dir='ltr'>tibi</span> <span class='ocrx_word' id='word_1_228' title='bbox 681 3094 939 3170; x_wconf 87' lang='lat' dir='ltr'>polliceri</span> <span class='ocrx_word' id='word_1_229' title='bbox 972 3111 985 3151; x_wconf 89' lang='lat'>:</span> <span class='ocrx_word' id='word_1_230' title='bbox 1019 3095 1088 3151; x_wconf 86' lang='lat' dir='ltr'>Et</span> <span class='ocrx_word' id='word_1_231' title='bbox 1116 3095 1254 3152; x_wconf 87' lang='lat' dir='ltr'>dabo</span> <span class='ocrx_word' id='word_1_232' title='bbox 1311 3096 1432 3163; x_wconf 87' lang='lat' dir='ltr'>tibi,</span> <span class='ocrx_word' id='word_1_233' title='bbox 1465 3095 1678 3170; x_wconf 89' lang='lat' dir='ltr'>inquit,</span> <span class='ocrx_word' id='word_1_234' title='bbox 1711 3096 2079 3153; x_wconf 62' lang='lat' dir='ltr'>hereditatem</span> 
     </span>
    </p>
   </div>
   <div class='ocr_carea' id='block_1_35' title="bbox 423 3186 921 3259">
    <p class='ocr_par' dir='ltr' id='par_1_35' title="bbox 423 3186 921 3259">
     <span class='ocr_line' id='line_1_35' title="bbox 423 3186 921 3259; baseline -0.012 -13"><span class='ocrx_word' id='word_1_235' title='bbox 423 3187 586 3246; x_wconf 75' lang='lat' dir='ltr'>Iacob</span> <span class='ocrx_word' id='word_1_236' title='bbox 611 3187 787 3259; x_wconf 86' lang='lat' dir='ltr'>patris</span> <span class='ocrx_word' id='word_1_237' title='bbox 816 3186 921 3241; x_wconf 86' lang='lat' dir='ltr'>tui.</span> 
     </span>
    </p>
   </div>
   <div class='ocr_carea' id='block_1_36' title="bbox 1021 3290 1467 3348">
    <p class='ocr_par' dir='ltr' id='par_1_36' title="bbox 1021 3290 1467 3348">
     <span class='ocr_line' id='line_1_36' title="bbox 1021 3290 1467 3348; baseline 0.002 -1"><span class='ocrx_word' id='word_1_238' title='bbox 1021 3290 1358 3347; x_wconf 85' lang='lat' dir='ltr'>EPISTOLA</span> <span class='ocrx_word' id='word_1_239' title='bbox 1398 3292 1467 3348; x_wconf 92' lang='lat' dir='ltr'>ll.</span> 
     </span>
    </p>
   </div>
   <div class='ocr_carea' id='block_1_37' title="bbox 420 3392 2077 3449">
    <p class='ocr_par' dir='ltr' id='par_1_37' title="bbox 420 3392 2077 3449">
     <span class='ocr_line' id='line_1_37' title="bbox 420 3392 2077 3449; baseline -0.002 -9"><span class='ocrx_word' id='word_1_240' title='bbox 420 3401 497 3440; x_wconf 60' lang='grc' dir='ltr'>ΓΑΙ)</span> <span class='ocrx_word' id='word_1_241' title='bbox 537 3398 807 3438; x_wconf 67' lang='grc' dir='ltr'>αειιοκεΜ</span> <span class='ocrx_word' id='word_1_242' title='bbox 846 3397 953 3437; x_wconf 79' lang='lat' dir='ltr'>SEU</span> <span class='ocrx_word' id='word_1_243' title='bbox 990 3392 1257 3436; x_wconf 69' lang='lat' dir='ltr'>JIRONEM</span> <span class='ocrx_word' id='word_1_244' title='bbox 1316 3396 1814 3449; x_wconf 74' lang='lat' dir='ltr'>ARCHIEPISCOPUM</span> <span class='ocrx_word' id='word_1_245' title='bbox 1855 3397 2077 3437; x_wconf 62' lang='lat' dir='ltr'><strong>MAGDE‘</strong></span> 
     </span>
    </p>
   </div>
   <div class='ocr_carea' id='block_1_38' title="bbox 1065 3467 1434 3508">
    <p class='ocr_par' dir='ltr' id='par_1_38' title="bbox 1065 3467 1434 3508">
     <span class='ocr_line' id='line_1_38' title="bbox 1065 3467 1434 3508; baseline 0.005 -2"><span class='ocrx_word' id='word_1_246' title='bbox 1065 3467 1434 3508; x_wconf 78' lang='lat' dir='ltr'>BURBENSEM.</span> 
     </span>
    </p>
   </div>
   <div class='ocr_carea' id='block_1_39' title="bbox 428 3557 2077 3632">
    <p class='ocr_par' dir='ltr' id='par_1_39' title="bbox 428 3557 2077 3632">
     <span class='ocr_line' id='line_1_39' title="bbox 428 3557 2077 3632; baseline -0.001 -16"><span class='ocrx_word' id='word_1_247' title='bbox 428 3560 752 3616; x_wconf 81' lang='lat' dir='ltr'>Gratulatur</span> <span class='ocrx_word' id='word_1_248' title='bbox 778 3559 833 3615; x_wconf 89' lang='lat' dir='ltr'>ei</span> <span class='ocrx_word' id='word_1_249' title='bbox 850 3574 1041 3630; x_wconf 84' lang='lat' dir='ltr'>pacem</span> <span class='ocrx_word' id='word_1_250' title='bbox 1070 3559 1310 3632; x_wconf 79' lang='lat' dir='ltr'>imperii,</span> <span class='ocrx_word' id='word_1_251' title='bbox 1341 3557 1787 3632; x_wconf 62' lang='lat' dir='ltr'>commenda’tque</span> <span class='ocrx_word' id='word_1_252' title='bbox 1810 3566 2077 3615; x_wconf 76' lang='lat' dir='ltr'>monaste-</span> 
     </span>
    </p>
   </div>
   <div class='ocr_carea' id='block_1_40' title="bbox 498 3630 2079 3702">
    <p class='ocr_par' dir='ltr' id='par_1_40' title="bbox 498 3630 2079 3702">
     <span class='ocr_line' id='line_1_40' title="bbox 498 3630 2079 3702; baseline 0.001 -17"><span class='ocrx_word' id='word_1_253' title='bbox 498 3632 578 3686; x_wconf 87' lang='lat' dir='ltr'>rii</span> <span class='ocrx_word' id='word_1_254' title='bbox 603 3632 693 3702; x_wconf 81' lang='lat' dir='ltr'>sui</span> <span class='ocrx_word' id='word_1_255' title='bbox 724 3646 825 3695; x_wconf 90' lang='lat' dir='ltr'>res,</span> <span class='ocrx_word' id='word_1_256' title='bbox 857 3646 923 3684; x_wconf 86' lang='lat' dir='ltr'>ac</span> <span class='ocrx_word' id='word_1_257' title='bbox 949 3630 1169 3701; x_wconf 84' lang='lat' dir='ltr'>regulas</span> <span class='ocrx_word' id='word_1_258' title='bbox 1197 3631 1562 3702; x_wconf 78' lang='lat' dir='ltr'>episcopatum</span> <span class='ocrx_word' id='word_1_259' title='bbox 1588 3630 1775 3688; x_wconf 74' lang='lat' dir='ltr'>sancte</span> <span class='ocrx_word' id='word_1_260' title='bbox 1811 3632 2079 3687; x_wconf 84' lang='lat' dir='ltr'>adminis-</span> 
     </span>
    </p>
   </div>
   <div class='ocr_carea' id='block_1_41' title="bbox 500 3701 956 3773">
    <p class='ocr_par' dir='ltr' id='par_1_41' title="bbox 500 3701 956 3773">
     <span class='ocr_line' id='line_1_41' title="bbox 500 3701 956 3773; baseline -0.004 -16"><span class='ocrx_word' id='word_1_261' title='bbox 500 3701 686 3758; x_wconf 85' lang='lat' dir='ltr'>trandi</span> <span class='ocrx_word' id='word_1_262' title='bbox 712 3702 956 3773; x_wconf 70' lang='lat' dir='ltr'>exponit.</span> 
     </span>
    </p>
   </div>
   <div class='ocr_carea' id='block_1_42' title="bbox 498 3806 2076 3880">
    <p class='ocr_par' dir='ltr' id='par_1_42' title="bbox 498 3806 2076 3880">
     <span class='ocr_line' id='line_1_42' title="bbox 498 3806 2076 3880; baseline -0.001 -15"><span class='ocrx_word' id='word_1_263' title='bbox 498 3807 746 3865; x_wconf 90' lang='lat' dir='ltr'>Domino</span> <span class='ocrx_word' id='word_1_264' title='bbox 774 3806 1104 3880; x_wconf 60' lang='lat' dir='ltr'>apostolicae</span> <span class='ocrx_word' id='word_1_265' title='bbox 1129 3806 1435 3880; x_wconf 88' lang='lat' dir='ltr'>dignitatis</span> <span class='ocrx_word' id='word_1_266' title='bbox 1465 3806 1626 3880; x_wconf 87' lang='lat' dir='ltr'>apice</span> <span class='ocrx_word' id='word_1_267' title='bbox 1669 3806 1985 3864; x_wconf 84' lang='lat' dir='ltr'>sublimato</span> <span class='ocrx_word' id='word_1_268' title='bbox 2012 3810 2076 3864; x_wconf 90' lang='lat' dir='ltr'>G.</span> 
     </span>
    </p>
   </div>
   <div class='ocr_carea' id='block_1_43' title="bbox 428 3895 2082 3970">
    <p class='ocr_par' dir='ltr' id='par_1_43' title="bbox 428 3895 2082 3970">
     <span class='ocr_line' id='line_1_43' title="bbox 428 3895 2082 3970; baseline -0.002 -15"><span class='ocrx_word' id='word_1_269' title='bbox 428 3896 978 3970; x_wconf 89' lang='lat' dir='ltr'>Parthenopolitano</span> <span class='ocrx_word' id='word_1_270' title='bbox 1027 3895 1484 3969; x_wconf 90' lang='lat' dir='ltr'>archiepiscopo,</span> <span class='ocrx_word' id='word_1_271' title='bbox 1537 3896 1730 3953; x_wconf 85' lang='lat' dir='ltr'>B.~Dei</span> <span class='ocrx_word' id='word_1_272' title='bbox 1780 3896 1984 3953; x_wconf 88' lang='lat' dir='ltr'>Matris</span> <span class='ocrx_word' id='word_1_273' title='bbox 2015 3913 2082 3953; x_wconf 87' lang='lat' dir='ltr'>ac</span> 
     </span>
    </p>
   </div>
   <div class='ocr_carea' id='block_1_44' title="bbox 426 3984 2083 4060">
    <p class='ocr_par' dir='ltr' id='par_1_44' title="bbox 426 3984 2083 4060">
     <span class='ocr_line' id='line_1_44' title="bbox 426 3984 2083 4060; baseline -0.001 -18"><span class='ocrx_word' id='word_1_274' title='bbox 426 3985 684 4060; x_wconf 84' lang='lat' dir='ltr'>Virginis</span> <span class='ocrx_word' id='word_1_275' title='bbox 716 4002 937 4053; x_wconf 88' lang='lat' dir='ltr'>servus,</span> <span class='ocrx_word' id='word_1_276' title='bbox 972 3985 1192 4041; x_wconf 69' lang='lat' dir='ltr'>intima:</span> <span class='ocrx_word' id='word_1_277' title='bbox 1224 3984 1546 4043; x_wconf 86' lang='lat' dir='ltr'>devotionis</span> <span class='ocrx_word' id='word_1_278' title='bbox 1587 3984 1833 4054; x_wconf 91' lang='lat' dir='ltr'>cultum,</span> <span class='ocrx_word' id='word_1_279' title='bbox 1867 3985 2083 4058; x_wconf 84' lang='lat' dir='ltr'>perfec-</span> 
     </span>
    </p>
   </div>
   <div class='ocr_carea' id='block_1_45' title="bbox 425 4073 1474 4149">
    <p class='ocr_par' dir='ltr' id='par_1_45' title="bbox 425 4073 1474 4149">
     <span class='ocr_line' id='line_1_45' title="bbox 425 4073 1474 4149; baseline -0.004 -17"><span class='ocrx_word' id='word_1_280' title='bbox 425 4080 615 4149; x_wconf 62' lang='lat' dir='ltr'>taeque</span> <span class='ocrx_word' id='word_1_281' title='bbox 644 4073 779 4130; x_wconf 81' lang='lat' dir='ltr'>fidei</span> <span class='ocrx_word' id='word_1_282' title='bbox 808 4073 1143 4146; x_wconf 89' lang='lat' dir='ltr'>integritate</span> <span class='ocrx_word' id='word_1_283' title='bbox 1175 4073 1474 4141; x_wconf 81' lang='lat' dir='ltr'>refertum,</span> 
     </span>
    </p>
   </div>
   <div class='ocr_carea' id='block_1_46' title="bbox 382 4152 2082 4236">
    <p class='ocr_par' dir='ltr' id='par_1_46' title="bbox 382 4152 2082 4236">
     <span class='ocr_line' id='line_1_46' title="bbox 382 4152 2082 4236; baseline -0.002 -14"><span class='ocrx_word' id='word_1_284' title='bbox 382 4152 405 4165; x_wconf 77' lang='grc'><strong>’</strong></span> <span class='ocrx_word' id='word_1_285' title='bbox 496 4162 754 4222; x_wconf 70' lang='lat' dir='ltr'>Gloriam</span> <span class='ocrx_word' id='word_1_286' title='bbox 785 4162 979 4219; x_wconf 88' lang='lat' dir='ltr'>laudis</span> <span class='ocrx_word' id='word_1_287' title='bbox 1010 4163 1126 4219; x_wconf 90' lang='lat' dir='ltr'>Deo</span> <span class='ocrx_word' id='word_1_288' title='bbox 1156 4162 1349 4236; x_wconf 86' lang='lat' dir='ltr'>angeli</span> <span class='ocrx_word' id='word_1_289' title='bbox 1392 4162 1602 4219; x_wconf 89' lang='lat' dir='ltr'>merito</span> <span class='ocrx_word' id='word_1_290' title='bbox 1653 4163 1993 4220; x_wconf 87' lang='lat' dir='ltr'>cecinerunt</span> <span class='ocrx_word' id='word_1_291' title='bbox 2021 4163 2082 4219; x_wconf 90' lang='lat' dir='ltr'>in</span> 
     </span>
    </p>
   </div>
   <div class='ocr_carea' id='block_1_47' title="bbox 427 4250 2079 4325">
    <p class='ocr_par' dir='ltr' id='par_1_47' title="bbox 427 4250 2079 4325">
     <span class='ocr_line' id='line_1_47' title="bbox 427 4250 2079 4325; baseline -0.001 -15"><span class='ocrx_word' id='word_1_292' title='bbox 427 4251 691 4321; x_wconf 82' lang='lat' dir='ltr'>excelsis,</span> <span class='ocrx_word' id='word_1_293' title='bbox 726 4252 960 4325; x_wconf 90' lang='lat' dir='ltr'>quando</span> <span class='ocrx_word' id='word_1_294' title='bbox 985 4268 1172 4324; x_wconf 92' lang='lat' dir='ltr'>nuper</span> <span class='ocrx_word' id='word_1_295' title='bbox 1194 4251 1537 4308; x_wconf 89' lang='lat' dir='ltr'>hominibus</span> <span class='ocrx_word' id='word_1_296' title='bbox 1564 4252 1730 4308; x_wconf 63' lang='lat' dir='ltr'>bona;</span> <span class='ocrx_word' id='word_1_297' title='bbox 1742 4250 2079 4319; x_wconf 89' lang='lat' dir='ltr'>voluntatis,</span> 
     </span>
    </p>
   </div>
   <div class='ocr_carea' id='block_1_48' title="bbox 427 4339 2083 4415">
    <p class='ocr_par' dir='ltr' id='par_1_48' title="bbox 427 4339 2083 4415">
     <span class='ocr_line' id='line_1_48' title="bbox 427 4339 2083 4415; baseline -0.001 -17"><span class='ocrx_word' id='word_1_298' title='bbox 427 4358 531 4415; x_wconf 90' lang='lat' dir='ltr'>per</span> <span class='ocrx_word' id='word_1_299' title='bbox 558 4346 760 4398; x_wconf 67' lang='lat' dir='ltr'>vestrae</span> <span class='ocrx_word' id='word_1_300' title='bbox 792 4339 1210 4396; x_wconf 89' lang='lat' dir='ltr'>sollicitudinis</span> <span class='ocrx_word' id='word_1_301' title='bbox 1241 4357 1444 4397; x_wconf 90' lang='lat' dir='ltr'>curam</span> <span class='ocrx_word' id='word_1_302' title='bbox 1499 4339 1628 4414; x_wconf 89' lang='lat' dir='ltr'>ipso</span> <span class='ocrx_word' id='word_1_303' title='bbox 1680 4344 1919 4397; x_wconf 85' lang='lat' dir='ltr'>auctore</span> <span class='ocrx_word' id='word_1_304' title='bbox 1970 4342 2083 4397; x_wconf 89' lang='lat' dir='ltr'>Deo</span> 
     </span>
    </p>
   </div>
   <div class='ocr_carea' id='block_1_49' title="bbox 426 4428 2085 4502">
    <p class='ocr_par' dir='ltr' id='par_1_49' title="bbox 426 4428 2085 4502">
     <span class='ocr_line' id='line_1_49' title="bbox 426 4428 2085 4502; baseline -0.001 -16"><span class='ocrx_word' id='word_1_305' title='bbox 426 4433 660 4486; x_wconf 89' lang='lat' dir='ltr'>tantum</span> <span class='ocrx_word' id='word_1_306' title='bbox 693 4429 856 4502; x_wconf 87' lang='lat' dir='ltr'>pacis</span> <span class='ocrx_word' id='word_1_307' title='bbox 890 4429 1187 4485; x_wconf 81' lang='lat' dir='ltr'>eil‘ulsitin</span> <span class='ocrx_word' id='word_1_308' title='bbox 1219 4428 1912 4502; x_wconf 71' lang='lat' dir='ltr'>terris.Siquidemhuius</span> <span class='ocrx_word' id='word_1_309' title='bbox 1933 4428 2085 4485; x_wconf 87' lang='lat' dir='ltr'>salu-</span> 
     </span>
    </p>
   </div>
   <div class='ocr_carea' id='block_1_50' title="bbox 2276 513 3756 588">
    <p class='ocr_par' dir='ltr' id='par_1_50' title="bbox 2276 513 3756 588">
     <span class='ocr_line' id='line_1_50' title="bbox 2276 513 3756 588; baseline 0.003 -17"><span class='ocrx_word' id='word_1_310' title='bbox 2276 515 2339 571; x_wconf 89' lang='lat' dir='ltr'>In</span> <span class='ocrx_word' id='word_1_311' title='bbox 2370 515 2550 588; x_wconf 87' lang='lat' dir='ltr'>hujus</span> <span class='ocrx_word' id='word_1_312' title='bbox 2580 515 2778 587; x_wconf 89' lang='lat' dir='ltr'>itaque</span> <span class='ocrx_word' id='word_1_313' title='bbox 2806 513 2967 588; x_wconf 87' lang='lat' dir='ltr'>pacis</span> <span class='ocrx_word' id='word_1_314' title='bbox 2988 514 3187 571; x_wconf 88' lang='lat' dir='ltr'>studio</span> <span class='ocrx_word' id='word_1_315' title='bbox 3216 514 3354 570; x_wconf 89' lang='lat' dir='ltr'>dum</span> <span class='ocrx_word' id='word_1_316' title='bbox 3392 514 3618 573; x_wconf 81' lang='lat' dir='ltr'>animum</span> <span class='ocrx_word' id='word_1_317' title='bbox 3656 531 3756 576; x_wconf 83' lang='lat' dir='ltr'>ves-</span> 
     </span>
    </p>
   </div>
   <div class='ocr_carea' id='block_1_51' title="bbox 2205 602 3759 680">
    <p class='ocr_par' dir='ltr' id='par_1_51' title="bbox 2205 602 3759 680">
     <span class='ocr_line' id='line_1_51' title="bbox 2205 602 3759 680; baseline 0.001 -19"><span class='ocrx_word' id='word_1_318' title='bbox 2205 608 2363 661; x_wconf 89' lang='lat' dir='ltr'>trum</span> <span class='ocrx_word' id='word_1_319' title='bbox 2391 610 2521 661; x_wconf 90' lang='lat' dir='ltr'>tum</span> <span class='ocrx_word' id='word_1_320' title='bbox 2553 603 2905 677; x_wconf 91' lang='lat' dir='ltr'>populorum</span> <span class='ocrx_word' id='word_1_321' title='bbox 2939 604 3112 672; x_wconf 86' lang='lat' dir='ltr'>fama,</span> <span class='ocrx_word' id='word_1_322' title='bbox 3140 619 3277 660; x_wconf 88' lang='lat' dir='ltr'>cum</span> <span class='ocrx_word' id='word_1_323' title='bbox 3306 602 3429 677; x_wconf 84' lang='lat' dir='ltr'>ipsa</span> <span class='ocrx_word' id='word_1_324' title='bbox 3448 616 3614 661; x_wconf 84' lang='lat' dir='ltr'>rerum</span> <span class='ocrx_word' id='word_1_325' title='bbox 3637 623 3759 680; x_wconf 73' lang='lat' dir='ltr'>expo-</span> 
     </span>
    </p>
   </div>
   <div class='ocr_carea' id='block_1_52' title="bbox 2204 691 3761 771">
    <p class='ocr_par' dir='ltr' id='par_1_52' title="bbox 2204 691 3761 771">
     <span class='ocr_line' id='line_1_52' title="bbox 2204 691 3761 771; baseline 0.001 -22"><span class='ocrx_word' id='word_1_326' title='bbox 2204 692 2731 761; x_wconf 88' lang='lat' dir='ltr'>rientia,intentnm</span> <span class='ocrx_word' id='word_1_327' title='bbox 2761 708 2890 748; x_wconf 88' lang='lat' dir='ltr'>esse</span> <span class='ocrx_word' id='word_1_328' title='bbox 2918 692 3313 766; x_wconf 83' lang='lat' dir='ltr'>cognovimus,</span> <span class='ocrx_word' id='word_1_329' title='bbox 3339 691 3761 771; x_wconf 68' lang='lat' dir='ltr'>immensasqu</span> 
     </span>
    </p>
   </div>
   <div class='ocr_carea' id='block_1_53' title="bbox 2204 781 3758 856">
    <p class='ocr_par' dir='ltr' id='par_1_53' title="bbox 2204 781 3758 856">
     <span class='ocr_line' id='line_1_53' title="bbox 2204 781 3758 856; baseline 0.003 -19"><span class='ocrx_word' id='word_1_330' title='bbox 2204 782 2317 838; x_wconf 90' lang='lat' dir='ltr'>tori</span> <span class='ocrx_word' id='word_1_331' title='bbox 2346 781 2613 839; x_wconf 90' lang='lat' dir='ltr'>omnium</span> <span class='ocrx_word' id='word_1_332' title='bbox 2643 781 2864 856; x_wconf 84' lang='lat' dir='ltr'>gratiae</span> <span class='ocrx_word' id='word_1_333' title='bbox 2915 782 3244 851; x_wconf 80' lang='lat' dir='ltr'>referimus,</span> <span class='ocrx_word' id='word_1_334' title='bbox 3288 782 3421 854; x_wconf 79' lang='lat' dir='ltr'>quia</span> <span class='ocrx_word' id='word_1_335' title='bbox 3444 782 3507 838; x_wconf 86' lang='lat' dir='ltr'>de</span> <span class='ocrx_word' id='word_1_336' title='bbox 3541 782 3758 841; x_wconf 85' lang='lat' dir='ltr'>virtutum</span> 
     </span>
    </p>
   </div>
   <div class='ocr_carea' id='block_1_54' title="bbox 2201 868 3762 944">
    <p class='ocr_par' dir='ltr' id='par_1_54' title="bbox 2201 868 3762 944">
     <span class='ocr_line' id='line_1_54' title="bbox 2201 868 3762 944; baseline 0 -16"><span class='ocrx_word' id='word_1_337' title='bbox 2201 876 2529 929; x_wconf 88' lang='lat' dir='ltr'>vestrarum</span> <span class='ocrx_word' id='word_1_338' title='bbox 2551 871 2815 944; x_wconf 88' lang='lat' dir='ltr'>profectu</span> <span class='ocrx_word' id='word_1_339' title='bbox 2824 874 2989 927; x_wconf 87' lang='lat' dir='ltr'>tanto</span> <span class='ocrx_word' id='word_1_340' title='bbox 2999 868 3237 926; x_wconf 89' lang='lat' dir='ltr'>uberius</span> <span class='ocrx_word' id='word_1_341' title='bbox 3260 869 3607 943; x_wconf 80' lang='lat' dir='ltr'>gratulamur,</span> <span class='ocrx_word' id='word_1_342' title='bbox 3625 886 3762 944; x_wconf 86' lang='lat' dir='ltr'>quan-</span> 
     </span>
    </p>
   </div>
   <div class='ocr_carea' id='block_1_55' title="bbox 2201 958 3760 1033">
    <p class='ocr_par' dir='ltr' id='par_1_55' title="bbox 2201 958 3760 1033">
     <span class='ocr_line' id='line_1_55' title="bbox 2201 958 3760 1033; baseline 0.001 -18"><span class='ocrx_word' id='word_1_343' title='bbox 2201 964 2260 1016; x_wconf 92' lang='lat' dir='ltr'>to</span> <span class='ocrx_word' id='word_1_344' title='bbox 2292 977 2397 1033; x_wconf 89' lang='lat' dir='ltr'>per</span> <span class='ocrx_word' id='word_1_345' title='bbox 2421 977 2568 1016; x_wconf 66' lang='lat' dir='ltr'>vera:</span> <span class='ocrx_word' id='word_1_346' title='bbox 2602 959 2908 1016; x_wconf 88' lang='lat' dir='ltr'>charitatis</span> <span class='ocrx_word' id='word_1_347' title='bbox 2928 958 3198 1016; x_wconf 67' lang='lat' dir='ltr'>effectum</span> <span class='ocrx_word' id='word_1_348' title='bbox 3222 958 3586 1016; x_wconf 64' lang='lat' dir='ltr'>mentivestraa</span> <span class='ocrx_word' id='word_1_349' title='bbox 3601 960 3760 1017; x_wconf 79' lang='lat' dir='ltr'>arctius</span> 
     </span>
    </p>
   </div>
   <div class='ocr_carea' id='block_1_56' title="bbox 2201 1047 3760 1121">
    <p class='ocr_par' dir='ltr' id='par_1_56' title="bbox 2201 1047 3760 1121">
     <span class='ocr_line' id='line_1_56' title="bbox 2201 1047 3760 1121; baseline 0.001 -17"><span class='ocrx_word' id='word_1_350' title='bbox 2201 1049 2452 1105; x_wconf 90' lang='lat' dir='ltr'>amando</span> <span class='ocrx_word' id='word_1_351' title='bbox 2483 1047 2850 1121; x_wconf 85' lang='lat' dir='ltr'>colligamur.</span> <span class='ocrx_word' id='word_1_352' title='bbox 2883 1048 3048 1104; x_wconf 90' lang='lat' dir='ltr'>Unde</span> <span class='ocrx_word' id='word_1_353' title='bbox 3075 1047 3297 1121; x_wconf 88' lang='lat' dir='ltr'>perhas</span> <span class='ocrx_word' id='word_1_354' title='bbox 3312 1048 3760 1105; x_wconf 75' lang='lat' dir='ltr'>beatitudinemve-</span> 
     </span>
    </p>
   </div>
   <div class='ocr_carea' id='block_1_57' title="bbox 2201 1134 3761 1203">
    <p class='ocr_par' dir='ltr' id='par_1_57' title="bbox 2201 1134 3761 1203">
     <span class='ocr_line' id='line_1_57' title="bbox 2201 1134 3761 1203; baseline 0.001 -10"><span class='ocrx_word' id='word_1_355' title='bbox 2201 1141 2385 1193; x_wconf 90' lang='lat' dir='ltr'>stram</span> <span class='ocrx_word' id='word_1_356' title='bbox 2406 1136 2631 1194; x_wconf 87' lang='lat' dir='ltr'>litteras</span> <span class='ocrx_word' id='word_1_357' title='bbox 2643 1137 2894 1193; x_wconf 90' lang='lat' dir='ltr'>nimium</span> <span class='ocrx_word' id='word_1_358' title='bbox 2907 1134 3495 1203; x_wconf 82' lang='lat' dir='ltr'>salutantes,sollicite</span> <span class='ocrx_word' id='word_1_359' title='bbox 3504 1137 3761 1194; x_wconf 77' lang='lat' dir='ltr'>curavimus</span> 
     </span>
    </p>
   </div>
   <div class='ocr_carea' id='block_1_58' title="bbox 2200 1225 3761 1299">
    <p class='ocr_par' dir='ltr' id='par_1_58' title="bbox 2200 1225 3761 1299">
     <span class='ocr_line' id='line_1_58' title="bbox 2200 1225 3761 1299; baseline 0 -17"><span class='ocrx_word' id='word_1_360' title='bbox 2200 1226 2535 1292; x_wconf 83' lang='lat' dir='ltr'>admonere,</span> <span class='ocrx_word' id='word_1_361' title='bbox 2571 1228 2862 1299; x_wconf 83' lang='lat' dir='ltr'>quatenus</span> <span class='ocrx_word' id='word_1_362' title='bbox 2893 1227 3114 1282; x_wconf 86' lang='lat' dir='ltr'>bonum</span> <span class='ocrx_word' id='word_1_363' title='bbox 3144 1225 3474 1298; x_wconf 87' lang='lat' dir='ltr'>pacis,quod</span> <span class='ocrx_word' id='word_1_364' title='bbox 3499 1225 3701 1283; x_wconf 82' lang='lat' dir='ltr'>exterius</span> <span class='ocrx_word' id='word_1_365' title='bbox 3719 1225 3761 1282; x_wconf 88' lang='lat' dir='ltr'>in</span> 
     </span>
    </p>
   </div>
   <div class='ocr_carea' id='block_1_59' title="bbox 2199 1312 3762 1388">
    <p class='ocr_par' dir='ltr' id='par_1_59' title="bbox 2199 1312 3762 1388">
     <span class='ocr_line' id='line_1_59' title="bbox 2199 1312 3762 1388; baseline 0 -17"><span class='ocrx_word' id='word_1_366' title='bbox 2199 1316 2420 1371; x_wconf 90' lang='lat' dir='ltr'>mundo</span> <span class='ocrx_word' id='word_1_367' title='bbox 2456 1315 2784 1371; x_wconf 88' lang='lat' dir='ltr'>necessario</span> <span class='ocrx_word' id='word_1_368' title='bbox 2814 1313 3011 1388; x_wconf 82' lang='lat' dir='ltr'>agitis,</span> <span class='ocrx_word' id='word_1_369' title='bbox 3043 1313 3202 1370; x_wconf 87' lang='lat' dir='ltr'>circa</span> <span class='ocrx_word' id='word_1_370' title='bbox 3241 1312 3762 1386; x_wconf 45' lang='lat' dir='ltr'>domesticos‘quoqua</span> 
     </span>
    </p>
   </div>
   <div class='ocr_carea' id='block_1_60' title="bbox 2199 1401 3761 1477">
    <p class='ocr_par' dir='ltr' id='par_1_60' title="bbox 2199 1401 3761 1477">
     <span class='ocr_line' id='line_1_60' title="bbox 2199 1401 3761 1477; baseline -0.001 -17"><span class='ocrx_word' id='word_1_371' title='bbox 2199 1404 2333 1461; x_wconf 82' lang='lat' dir='ltr'>fidei</span> <span class='ocrx_word' id='word_1_372' title='bbox 2365 1404 2439 1460; x_wconf 87' lang='lat' dir='ltr'>ob</span> <span class='ocrx_word' id='word_1_373' title='bbox 2465 1403 2722 1477; x_wconf 90' lang='lat' dir='ltr'>quietem</span> <span class='ocrx_word' id='word_1_374' title='bbox 2754 1418 3056 1460; x_wconf 87' lang='lat' dir='ltr'>servorum</span> <span class='ocrx_word' id='word_1_375' title='bbox 3089 1407 3148 1460; x_wconf 90' lang='lat' dir='ltr'>et</span> <span class='ocrx_word' id='word_1_376' title='bbox 3175 1401 3507 1459; x_wconf 86' lang='lat' dir='ltr'>ancillarum</span> <span class='ocrx_word' id='word_1_377' title='bbox 3545 1402 3629 1457; x_wconf 93' lang='lat' dir='ltr'>Dei</span> <span class='ocrx_word' id='word_1_378' title='bbox 3658 1403 3761 1459; x_wconf 80' lang='lat' dir='ltr'>inte-</span> 
     </span>
    </p>
   </div>
   <div class='ocr_carea' id='block_1_61' title="bbox 2197 1491 3762 1566">
    <p class='ocr_par' dir='ltr' id='par_1_61' title="bbox 2197 1491 3762 1566">
     <span class='ocr_line' id='line_1_61' title="bbox 2197 1491 3762 1566; baseline -0.001 -19"><span class='ocrx_word' id='word_1_379' title='bbox 2197 1492 2322 1548; x_wconf 87' lang='lat' dir='ltr'>rius</span> <span class='ocrx_word' id='word_1_380' title='bbox 2350 1509 2616 1549; x_wconf 83' lang='lat' dir='ltr'>exercere</span> <span class='ocrx_word' id='word_1_381' title='bbox 2646 1508 2761 1549; x_wconf 89' lang='lat' dir='ltr'>non</span> <span class='ocrx_word' id='word_1_382' title='bbox 2794 1491 3128 1566; x_wconf 87' lang='lat' dir='ltr'>negligatis,</span> <span class='ocrx_word' id='word_1_383' title='bbox 3146 1509 3262 1565; x_wconf 92' lang='lat' dir='ltr'>quo</span> <span class='ocrx_word' id='word_1_384' title='bbox 3309 1507 3408 1564; x_wconf 89' lang='lat' dir='ltr'>per</span> <span class='ocrx_word' id='word_1_385' title='bbox 3435 1491 3657 1564; x_wconf 80' lang='lat' dir='ltr'>ipsorum</span> <span class='ocrx_word' id='word_1_386' title='bbox 3678 1506 3762 1546; x_wconf 80' lang='lat' dir='ltr'>me-</span> 
     </span>
    </p>
   </div>
   <div class='ocr_carea' id='block_1_62' title="bbox 2197 1578 3762 1654">
    <p class='ocr_par' dir='ltr' id='par_1_62' title="bbox 2197 1578 3762 1654">
     <span class='ocr_line' id='line_1_62' title="bbox 2197 1578 3762 1654; baseline -0.001 -18"><span class='ocrx_word' id='word_1_387' title='bbox 2197 1581 2309 1638; x_wconf 89' lang='lat' dir='ltr'>rita</span> <span class='ocrx_word' id='word_1_388' title='bbox 2337 1581 2816 1639; x_wconf 89' lang='lat' dir='ltr'>intercessionem</span> <span class='ocrx_word' id='word_1_389' title='bbox 2840 1582 3197 1654; x_wconf 87' lang='lat' dir='ltr'>quandoque</span> <span class='ocrx_word' id='word_1_390' title='bbox 3211 1580 3499 1654; x_wconf 87' lang='lat' dir='ltr'>pervenire</span> <span class='ocrx_word' id='word_1_391' title='bbox 3514 1578 3762 1637; x_wconf 77' lang='lat' dir='ltr'>valeatisad</span> 
     </span>
    </p>
   </div>
   <div class='ocr_carea' id='block_1_63' title="bbox 2195 1670 2699 1744">
    <p class='ocr_par' dir='ltr' id='par_1_63' title="bbox 2195 1670 2699 1744">
     <span class='ocr_line' id='line_1_63' title="bbox 2195 1670 2699 1744; baseline 0.002 -18"><span class='ocrx_word' id='word_1_392' title='bbox 2195 1687 2377 1744; x_wconf 88' lang='lat' dir='ltr'>regna</span> <span class='ocrx_word' id='word_1_393' title='bbox 2406 1670 2699 1743; x_wconf 90' lang='lat' dir='ltr'>polorum.</span> 
     </span>
    </p>
   </div>
   <div class='ocr_carea' id='block_1_64' title="bbox 2267 1755 3761 1829">
    <p class='ocr_par' dir='ltr' id='par_1_64' title="bbox 2267 1755 3761 1829">
     <span class='ocr_line' id='line_1_64' title="bbox 2267 1755 3761 1829; baseline -0.003 -14"><span class='ocrx_word' id='word_1_394' title='bbox 2267 1759 2380 1815; x_wconf 90' lang='lat' dir='ltr'>Sed</span> <span class='ocrx_word' id='word_1_395' title='bbox 2411 1759 2532 1815; x_wconf 67' lang='lat' dir='ltr'>haec</span> <span class='ocrx_word' id='word_1_396' title='bbox 2562 1759 2795 1815; x_wconf 89' lang='lat' dir='ltr'>interim</span> <span class='ocrx_word' id='word_1_397' title='bbox 2817 1758 3154 1815; x_wconf 88' lang='lat' dir='ltr'>omittentes</span> <span class='ocrx_word' id='word_1_398' title='bbox 3171 1757 3506 1814; x_wconf 86' lang='lat' dir='ltr'>intimamus</span> <span class='ocrx_word' id='word_1_399' title='bbox 3528 1755 3761 1829; x_wconf 74' lang='lat' dir='ltr'>quanobis</span> 
     </span>
    </p>
   </div>
   <div class='ocr_carea' id='block_1_65' title="bbox 2194 1844 3762 1920">
    <p class='ocr_par' dir='ltr' id='par_1_65' title="bbox 2194 1844 3762 1920">
     <span class='ocr_line' id='line_1_65' title="bbox 2194 1844 3762 1920; baseline -0.001 -17"><span class='ocrx_word' id='word_1_400' title='bbox 2194 1849 2499 1920; x_wconf 88' lang='lat' dir='ltr'>adjaceant</span> <span class='ocrx_word' id='word_1_401' title='bbox 2544 1845 3075 1903; x_wconf 86' lang='lat' dir='ltr'>incommoditates.</span> <span class='ocrx_word' id='word_1_402' title='bbox 3127 1847 3277 1903; x_wconf 89' lang='lat' dir='ltr'>Nam</span> <span class='ocrx_word' id='word_1_403' title='bbox 3324 1845 3579 1903; x_wconf 87' lang='lat' dir='ltr'>noveritis</span> <span class='ocrx_word' id='word_1_404' title='bbox 3617 1844 3762 1901; x_wconf 80' lang='lat' dir='ltr'>multis</span> 
     </span>
    </p>
   </div>
   <div class='ocr_carea' id='block_1_66' title="bbox 2193 1933 3762 2009">
    <p class='ocr_par' dir='ltr' id='par_1_66' title="bbox 2193 1933 3762 2009">
     <span class='ocr_line' id='line_1_66' title="bbox 2193 1933 3762 2009; baseline -0.003 -16"><span class='ocrx_word' id='word_1_405' title='bbox 2193 1937 2538 1993; x_wconf 65' lang='lat' dir='ltr'>aemulorum</span> <span class='ocrx_word' id='word_1_406' title='bbox 2571 1936 2802 1995; x_wconf 90' lang='lat' dir='ltr'>insidiis</span> <span class='ocrx_word' id='word_1_407' title='bbox 2831 1952 2940 1993; x_wconf 86' lang='lat' dir='ltr'>nos</span> <span class='ocrx_word' id='word_1_408' title='bbox 2969 1940 3189 2009; x_wconf 86' lang='lat' dir='ltr'>patere,</span> <span class='ocrx_word' id='word_1_409' title='bbox 3234 1935 3336 2009; x_wconf 88' lang='lat' dir='ltr'>qui</span> <span class='ocrx_word' id='word_1_410' title='bbox 3365 1934 3584 1991; x_wconf 89' lang='lat' dir='ltr'>omnino</span> <span class='ocrx_word' id='word_1_411' title='bbox 3608 1933 3762 2006; x_wconf 76' lang='lat' dir='ltr'>quietis</span> 
     </span>
    </p>
   </div>
   <div class='ocr_carea' id='block_1_67' title="bbox 2193 2022 3762 2096">
    <p class='ocr_par' dir='ltr' id='par_1_67' title="bbox 2193 2022 3762 2096">
     <span class='ocr_line' id='line_1_67' title="bbox 2193 2022 3762 2096; baseline -0.003 -14"><span class='ocrx_word' id='word_1_412' title='bbox 2193 2030 2402 2083; x_wconf 64' lang='lat' dir='ltr'>nostris</span> <span class='ocrx_word' id='word_1_413' title='bbox 2433 2026 2628 2083; x_wconf 89' lang='lat' dir='ltr'>studio</span> <span class='ocrx_word' id='word_1_414' title='bbox 2660 2026 2944 2093; x_wconf 90' lang='lat' dir='ltr'>invident,</span> <span class='ocrx_word' id='word_1_415' title='bbox 2978 2025 3060 2081; x_wconf 89' lang='lat' dir='ltr'>ita</span> <span class='ocrx_word' id='word_1_416' title='bbox 3106 2028 3175 2081; x_wconf 88' lang='lat' dir='ltr'>ut</span> <span class='ocrx_word' id='word_1_417' title='bbox 3222 2024 3382 2082; x_wconf 89' lang='lat' dir='ltr'>omni</span> <span class='ocrx_word' id='word_1_418' title='bbox 3410 2023 3542 2081; x_wconf 88' lang='lat' dir='ltr'>artis</span> <span class='ocrx_word' id='word_1_419' title='bbox 3586 2022 3762 2096; x_wconf 84' lang='lat' dir='ltr'>ingenio</span> 
     </span>
    </p>
   </div>
   <div class='ocr_carea' id='block_1_68' title="bbox 2192 2111 3765 2187">
    <p class='ocr_par' dir='ltr' id='par_1_68' title="bbox 2192 2111 3765 2187">
     <span class='ocr_line' id='line_1_68' title="bbox 2192 2111 3765 2187; baseline -0.004 -16"><span class='ocrx_word' id='word_1_420' title='bbox 2192 2114 2569 2184; x_wconf 88' lang='lat' dir='ltr'>elaborent,si</span> <span class='ocrx_word' id='word_1_421' title='bbox 2599 2132 2714 2187; x_wconf 91' lang='lat' dir='ltr'>quo</span> <span class='ocrx_word' id='word_1_422' title='bbox 2736 2114 2909 2170; x_wconf 90' lang='lat' dir='ltr'>modo</span> <span class='ocrx_word' id='word_1_423' title='bbox 2940 2113 3069 2186; x_wconf 88' lang='lat' dir='ltr'>pias</span> <span class='ocrx_word' id='word_1_424' title='bbox 3099 2130 3168 2169; x_wconf 90' lang='lat' dir='ltr'>ac</span> <span class='ocrx_word' id='word_1_425' title='bbox 3199 2112 3493 2186; x_wconf 84' lang='lat' dir='ltr'>religiosas</span> <span class='ocrx_word' id='word_1_426' title='bbox 3517 2111 3659 2185; x_wconf 73' lang='lat' dir='ltr'>regia</span> <span class='ocrx_word' id='word_1_427' title='bbox 3683 2126 3765 2165; x_wconf 73' lang='lat' dir='ltr'>ma-</span> 
     </span>
    </p>
   </div>
   <div class='ocr_carea' id='block_1_69' title="bbox 2185 2198 3765 2276">
    <p class='ocr_par' dir='ltr' id='par_1_69' title="bbox 2185 2198 3765 2276">
     <span class='ocr_line' id='line_1_69' title="bbox 2185 2198 3765 2276; baseline -0.003 -16"><span class='ocrx_word' id='word_1_428' title='bbox 2185 2204 2420 2276; x_wconf 89' lang='lat' dir='ltr'>jestatis</span> <span class='ocrx_word' id='word_1_429' title='bbox 2450 2220 2622 2260; x_wconf 89' lang='lat' dir='ltr'>aures</span> <span class='ocrx_word' id='word_1_430' title='bbox 2652 2203 2932 2260; x_wconf 89' lang='lat' dir='ltr'>simistris</span> <span class='ocrx_word' id='word_1_431' title='bbox 2963 2201 3305 2259; x_wconf 88' lang='lat' dir='ltr'>rumoribus</span> <span class='ocrx_word' id='word_1_432' title='bbox 3322 2202 3397 2259; x_wconf 83' lang='lat' dir='ltr'>de</span> <span class='ocrx_word' id='word_1_433' title='bbox 3421 2200 3577 2258; x_wconf 87' lang='lat' dir='ltr'>nobis</span> <span class='ocrx_word' id='word_1_434' title='bbox 3589 2198 3765 2255; x_wconf 77' lang='lat' dir='ltr'>nostris-</span> 
     </span>
    </p>
   </div>
   <div class='ocr_carea' id='block_1_70' title="bbox 2193 2288 3765 2365">
    <p class='ocr_par' dir='ltr' id='par_1_70' title="bbox 2193 2288 3765 2365">
     <span class='ocr_line' id='line_1_70' title="bbox 2193 2288 3765 2365; baseline -0.003 -17"><span class='ocrx_word' id='word_1_435' title='bbox 2193 2309 2306 2365; x_wconf 91' lang='lat' dir='ltr'>que</span> <span class='ocrx_word' id='word_1_436' title='bbox 2335 2293 2671 2349; x_wconf 90' lang='lat' dir='ltr'>mentiendo</span> <span class='ocrx_word' id='word_1_437' title='bbox 2702 2291 2932 2365; x_wconf 88' lang='lat' dir='ltr'>possint</span> <span class='ocrx_word' id='word_1_438' title='bbox 2951 2288 3620 2364; x_wconf 82' lang='lat' dir='ltr'>inﬁcere,etquiddamde</span> <span class='ocrx_word' id='word_1_439' title='bbox 3638 2288 3765 2344; x_wconf 78' lang='lat' dir='ltr'>rebus</span> 
     </span>
    </p>
   </div>
   <div class='ocr_carea' id='block_1_71' title="bbox 2192 2377 3767 2454">
    <p class='ocr_par' dir='ltr' id='par_1_71' title="bbox 2192 2377 3767 2454">
     <span class='ocr_line' id='line_1_71' title="bbox 2192 2377 3767 2454; baseline -0.004 -17"><span class='ocrx_word' id='word_1_440' title='bbox 2192 2383 2265 2437; x_wconf 89' lang='lat' dir='ltr'>ad</span> <span class='ocrx_word' id='word_1_441' title='bbox 2292 2387 2560 2438; x_wconf 91' lang='lat' dir='ltr'>nostrum</span> <span class='ocrx_word' id='word_1_442' title='bbox 2593 2398 2767 2438; x_wconf 92' lang='lat' dir='ltr'>usum</span> <span class='ocrx_word' id='word_1_443' title='bbox 2780 2380 3219 2454; x_wconf 86' lang='lat' dir='ltr'>partinentibus</span> <span class='ocrx_word' id='word_1_444' title='bbox 3233 2396 3461 2454; x_wconf 88' lang='lat' dir='ltr'>quoquo</span> <span class='ocrx_word' id='word_1_445' title='bbox 3472 2377 3623 2436; x_wconf 86' lang='lat' dir='ltr'>modo</span> <span class='ocrx_word' id='word_1_446' title='bbox 3639 2377 3767 2432; x_wconf 78' lang='lat' dir='ltr'>intor-</span> 
     </span>
    </p>
   </div>
   <div class='ocr_carea' id='block_1_72' title="bbox 2192 2468 3763 2543">
    <p class='ocr_par' dir='ltr' id='par_1_72' title="bbox 2192 2468 3763 2543">
     <span class='ocr_line' id='line_1_72' title="bbox 2192 2468 3763 2543; baseline -0.004 -17"><span class='ocrx_word' id='word_1_447' title='bbox 2192 2470 2402 2543; x_wconf 90' lang='lat' dir='ltr'>cipere,</span> <span class='ocrx_word' id='word_1_448' title='bbox 2436 2474 2500 2527; x_wconf 92' lang='lat' dir='ltr'>ut</span> <span class='ocrx_word' id='word_1_449' title='bbox 2526 2470 2694 2526; x_wconf 88' lang='lat' dir='ltr'>vobis</span> <span class='ocrx_word' id='word_1_450' title='bbox 2723 2487 2790 2526; x_wconf 89' lang='lat' dir='ltr'>ex</span> <span class='ocrx_word' id='word_1_451' title='bbox 2820 2474 2986 2542; x_wconf 87' lang='lat' dir='ltr'>parte</span> <span class='ocrx_word' id='word_1_452' title='bbox 3015 2472 3251 2525; x_wconf 90' lang='lat' dir='ltr'>constat</span> <span class='ocrx_word' id='word_1_453' title='bbox 3270 2468 3616 2525; x_wconf 85' lang='lat' dir='ltr'>manifestum</span> <span class='ocrx_word' id='word_1_454' title='bbox 3641 2478 3763 2529; x_wconf 86' lang='lat' dir='ltr'>esse;</span> 
     </span>
    </p>
   </div>
   <div class='ocr_carea' id='block_1_73' title="bbox 2191 2550 3764 2634">
    <p class='ocr_par' dir='ltr' id='par_1_73' title="bbox 2191 2550 3764 2634">
     <span class='ocr_line' id='line_1_73' title="bbox 2191 2550 3764 2634; baseline -0.006 -19"><span class='ocrx_word' id='word_1_455' title='bbox 2191 2563 2269 2629; x_wconf 89' lang='lat' dir='ltr'>et,</span> <span class='ocrx_word' id='word_1_456' title='bbox 2302 2560 2459 2633; x_wconf 91' lang='lat' dir='ltr'>quod</span> <span class='ocrx_word' id='word_1_457' title='bbox 2502 2552 2739 2634; x_wconf 82' lang='lat' dir='ltr'>gravius</span> <span class='ocrx_word' id='word_1_458' title='bbox 2782 2557 2921 2615; x_wconf 89' lang='lat' dir='ltr'>imis</span> <span class='ocrx_word' id='word_1_459' title='bbox 2968 2558 3264 2615; x_wconf 85' lang='lat' dir='ltr'>viscerum</span> <span class='ocrx_word' id='word_1_460' title='bbox 3318 2555 3572 2630; x_wconf 88' lang='lat' dir='ltr'>suspiriis</span> <span class='ocrx_word' id='word_1_461' title='bbox 3610 2556 3682 2609; x_wconf 86' lang='lat' dir='ltr'>est</span> <span class='ocrx_word' id='word_1_462' title='bbox 3701 2550 3764 2606; x_wconf 90' lang='lat' dir='ltr'>in-</span> 
     </span>
    </p>
   </div>
   <div class='ocr_carea' id='block_1_74' title="bbox 2191 2642 3767 2721">
    <p class='ocr_par' dir='ltr' id='par_1_74' title="bbox 2191 2642 3767 2721">
     <span class='ocr_line' id='line_1_74' title="bbox 2191 2642 3767 2721; baseline -0.007 -17"><span class='ocrx_word' id='word_1_463' title='bbox 2191 2648 2657 2721; x_wconf 89' lang='lat' dir='ltr'>gemiscendum,</span> <span class='ocrx_word' id='word_1_464' title='bbox 2690 2648 2751 2704; x_wconf 94' lang='lat' dir='ltr'>hi</span> <span class='ocrx_word' id='word_1_465' title='bbox 2782 2647 3072 2720; x_wconf 87' lang='lat' dir='ltr'>praecipue</span> <span class='ocrx_word' id='word_1_466' title='bbox 3112 2647 3179 2702; x_wconf 90' lang='lat' dir='ltr'>in</span> <span class='ocrx_word' id='word_1_467' title='bbox 3224 2647 3331 2703; x_wconf 89' lang='lat' dir='ltr'>hac</span> <span class='ocrx_word' id='word_1_468' title='bbox 3378 2649 3529 2719; x_wconf 88' lang='lat' dir='ltr'>parte</span> <span class='ocrx_word' id='word_1_469' title='bbox 3558 2642 3767 2698; x_wconf 82' lang='lat' dir='ltr'>videntur</span> 
     </span>
    </p>
   </div>
   <div class='ocr_carea' id='block_1_75' title="bbox 2191 2730 3765 2810">
    <p class='ocr_par' dir='ltr' id='par_1_75' title="bbox 2191 2730 3765 2810">
     <span class='ocr_line' id='line_1_75' title="bbox 2191 2730 3765 2810; baseline -0.008 -16"><span class='ocrx_word' id='word_1_470' title='bbox 2191 2738 2503 2807; x_wconf 88' lang='lat' dir='ltr'>notabiles,</span> <span class='ocrx_word' id='word_1_471' title='bbox 2533 2738 2635 2810; x_wconf 91' lang='lat' dir='ltr'>qui</span> <span class='ocrx_word' id='word_1_472' title='bbox 2669 2737 2780 2793; x_wconf 88' lang='lat' dir='ltr'>sub</span> <span class='ocrx_word' id='word_1_473' title='bbox 2809 2737 3015 2793; x_wconf 88' lang='lat' dir='ltr'>habitu</span> <span class='ocrx_word' id='word_1_474' title='bbox 3044 2736 3435 2793; x_wconf 87' lang='lat' dir='ltr'>venerationis</span> <span class='ocrx_word' id='word_1_475' title='bbox 3473 2730 3765 2808; x_wconf 81' lang='lat' dir='ltr'>specietenus</span> 
     </span>
    </p>
   </div>
   <div class='ocr_carea' id='block_1_76' title="bbox 2190 2818 3767 2900">
    <p class='ocr_par' dir='ltr' id='par_1_76' title="bbox 2190 2818 3767 2900">
     <span class='ocr_line' id='line_1_76' title="bbox 2190 2818 3767 2900; baseline -0.008 -16"><span class='ocrx_word' id='word_1_476' title='bbox 2190 2827 2564 2900; x_wconf 65' lang='lat' dir='ltr'>praetendunt</span> <span class='ocrx_word' id='word_1_477' title='bbox 2592 2827 2844 2883; x_wconf 87' lang='lat' dir='ltr'>formam</span> <span class='ocrx_word' id='word_1_478' title='bbox 2874 2825 3232 2882; x_wconf 87' lang='lat' dir='ltr'>sanctitatis.</span> <span class='ocrx_word' id='word_1_479' title='bbox 3281 2824 3442 2890; x_wconf 88' lang='lat' dir='ltr'>Quia,</span> <span class='ocrx_word' id='word_1_480' title='bbox 3483 2821 3529 2879; x_wconf 88' lang='lat' dir='ltr'>si</span> <span class='ocrx_word' id='word_1_481' title='bbox 3552 2818 3767 2876; x_wconf 85' lang='lat' dir='ltr'>veraciter</span> 
     </span>
    </p>
   </div>
   <div class='ocr_carea' id='block_1_77' title="bbox 2189 2909 3767 2993">
    <p class='ocr_par' dir='ltr' id='par_1_77' title="bbox 2189 2909 3767 2993">
     <span class='ocr_line' id='line_1_77' title="bbox 2189 2909 3767 2993; baseline -0.006 -21"><span class='ocrx_word' id='word_1_482' title='bbox 2189 2932 2392 2993; x_wconf 83' lang='lat' dir='ltr'>eorum</span> <span class='ocrx_word' id='word_1_483' title='bbox 2418 2914 2697 2972; x_wconf 90' lang='lat' dir='ltr'>interiora</span> <span class='ocrx_word' id='word_1_484' title='bbox 2720 2930 2952 2971; x_wconf 90' lang='lat' dir='ltr'>morum</span> <span class='ocrx_word' id='word_1_485' title='bbox 2982 2913 3277 2987; x_wconf 84' lang='lat' dir='ltr'>probitate</span> <span class='ocrx_word' id='word_1_486' title='bbox 3306 2909 3650 2969; x_wconf 75' lang='lat' dir='ltr'>exterioribus</span> <span class='ocrx_word' id='word_1_487' title='bbox 3669 2920 3767 2993; x_wconf 77' lang='lat' dir='ltr'>con-</span> 
     </span>
    </p>
   </div>
   <div class='ocr_carea' id='block_1_78' title="bbox 2189 2992 3768 3077">
    <p class='ocr_par' dir='ltr' id='par_1_78' title="bbox 2189 2992 3768 3077">
     <span class='ocr_line' id='line_1_78' title="bbox 2189 2992 3768 3077; baseline -0.008 -17"><span class='ocrx_word' id='word_1_488' title='bbox 2189 2992 2519 3073; x_wconf 88' lang='lat' dir='ltr'>cordarent,</span> <span class='ocrx_word' id='word_1_489' title='bbox 2552 3020 2929 3077; x_wconf 87' lang='lat' dir='ltr'>nequaquam</span> <span class='ocrx_word' id='word_1_490' title='bbox 2955 3000 3150 3058; x_wconf 89' lang='lat' dir='ltr'>adhuc</span> <span class='ocrx_word' id='word_1_491' title='bbox 3175 3019 3280 3075; x_wconf 90' lang='lat' dir='ltr'>per</span> <span class='ocrx_word' id='word_1_492' title='bbox 3304 3000 3503 3057; x_wconf 88' lang='lat' dir='ltr'>vitium</span> <span class='ocrx_word' id='word_1_493' title='bbox 3531 2992 3702 3055; x_wconf 69' lang='lat' dir='ltr'>seculo</span> <span class='ocrx_word' id='word_1_494' title='bbox 3722 2992 3768 3047; x_wconf 84' lang='lat' dir='ltr'><strong>ﬁ-</strong></span> 
     </span>
    </p>
   </div>
   <div class='ocr_carea' id='block_1_79' title="bbox 2189 3078 3765 3163">
    <p class='ocr_par' dir='ltr' id='par_1_79' title="bbox 2189 3078 3765 3163">
     <span class='ocr_line' id='line_1_79' title="bbox 2189 3078 3765 3163; baseline -0.008 -14"><span class='ocrx_word' id='word_1_495' title='bbox 2189 3093 2325 3149; x_wconf 88' lang='lat' dir='ltr'>dem</span> <span class='ocrx_word' id='word_1_496' title='bbox 2356 3092 2904 3149; x_wconf 88' lang='lat' dir='ltr'>servarent.Verum</span> <span class='ocrx_word' id='word_1_497' title='bbox 2934 3092 3346 3163; x_wconf 88' lang='lat' dir='ltr'>cujuscunque</span> <span class='ocrx_word' id='word_1_498' title='bbox 3375 3088 3487 3145; x_wconf 84' lang='lat' dir='ltr'>sint</span> <span class='ocrx_word' id='word_1_499' title='bbox 3510 3078 3765 3142; x_wconf 82' lang='lat' dir='ltr'>ordinisvel</span> 
     </span>
    </p>
   </div>
   <div class='ocr_carea' id='block_1_80' title="bbox 2104 3168 3766 3250">
    <p class='ocr_par' dir='ltr' id='par_1_80' title="bbox 2104 3168 3766 3250">
     <span class='ocr_line' id='line_1_80' title="bbox 2104 3168 3766 3250; baseline -0.007 -15"><span class='ocrx_word' id='word_1_500' title='bbox 2104 3168 2148 3235; x_wconf 88' lang='lat' dir='ltr'>C</span> <span class='ocrx_word' id='word_1_501' title='bbox 2184 3180 2786 3249; x_wconf 69' lang='lat' dir='ltr'>conditionis,callidse</span> <span class='ocrx_word' id='word_1_502' title='bbox 2800 3178 3125 3235; x_wconf 70' lang='lat' dir='ltr'>acinimica:</span> <span class='ocrx_word' id='word_1_503' title='bbox 3164 3195 3368 3235; x_wconf 89' lang='lat' dir='ltr'>eorum</span> <span class='ocrx_word' id='word_1_504' title='bbox 3383 3168 3766 3250; x_wconf 86' lang='lat' dir='ltr'>tergiversationi</span> 
     </span>
    </p>
   </div>
   <div class='ocr_carea' id='block_1_81' title="bbox 2142 3263 3764 3342">
    <p class='ocr_par' dir='ltr' id='par_1_81' title="bbox 2142 3263 3764 3342">
     <span class='ocr_line' id='line_1_81' title="bbox 2142 3263 3764 3342; baseline -0.009 -15"><span class='ocrx_word' id='word_1_505' title='bbox 2142 3264 2149 3268; x_wconf 69' lang='grc'><em>”</em></span> <span class='ocrx_word' id='word_1_506' title='bbox 2185 3269 2557 3342; x_wconf 61' lang='lat' dir='ltr'>providentia</span> <span class='ocrx_word' id='word_1_507' title='bbox 2577 3272 2779 3325; x_wconf 70' lang='lat' dir='ltr'>vestrae</span> <span class='ocrx_word' id='word_1_508' title='bbox 2812 3267 3079 3342; x_wconf 79' lang='lat' dir='ltr'>clypeum</span> <span class='ocrx_word' id='word_1_509' title='bbox 3110 3266 3415 3323; x_wconf 88' lang='lat' dir='ltr'>humiliter</span> <span class='ocrx_word' id='word_1_510' title='bbox 3454 3263 3670 3338; x_wconf 88' lang='lat' dir='ltr'>petimus</span> <span class='ocrx_word' id='word_1_511' title='bbox 3689 3274 3764 3330; x_wconf 86' lang='lat' dir='ltr'>op-</span> 
     </span>
    </p>
   </div>
   <div class='ocr_carea' id='block_1_82' title="bbox 2188 3346 3765 3431">
    <p class='ocr_par' dir='ltr' id='par_1_82' title="bbox 2188 3346 3765 3431">
     <span class='ocr_line' id='line_1_82' title="bbox 2188 3346 3765 3431; baseline -0.008 -18"><span class='ocrx_word' id='word_1_512' title='bbox 2188 3358 2344 3431; x_wconf 90' lang='lat' dir='ltr'>poni,</span> <span class='ocrx_word' id='word_1_513' title='bbox 2379 3374 2451 3413; x_wconf 89' lang='lat' dir='ltr'>ne</span> <span class='ocrx_word' id='word_1_514' title='bbox 2477 3356 2717 3430; x_wconf 90' lang='lat' dir='ltr'>quidem</span> <span class='ocrx_word' id='word_1_515' title='bbox 2749 3360 2871 3413; x_wconf 88' lang='lat' dir='ltr'>arte</span> <span class='ocrx_word' id='word_1_516' title='bbox 2918 3354 3185 3428; x_wconf 85' lang='lat' dir='ltr'>maligna</span> <span class='ocrx_word' id='word_1_517' title='bbox 3235 3359 3433 3411; x_wconf 87' lang='lat' dir='ltr'>nostra</span> <span class='ocrx_word' id='word_1_518' title='bbox 3460 3351 3596 3426; x_wconf 88' lang='lat' dir='ltr'>apud</span> <span class='ocrx_word' id='word_1_519' title='bbox 3625 3346 3765 3405; x_wconf 84' lang='lat' dir='ltr'>Domi-</span> 
     </span>
    </p>
   </div>
   <div class='ocr_carea' id='block_1_83' title="bbox 2187 3444 3393 3519">
    <p class='ocr_par' dir='ltr' id='par_1_83' title="bbox 2187 3444 3393 3519">
     <span class='ocr_line' id='line_1_83' title="bbox 2187 3444 3393 3519; baseline -0.002 -17"><span class='ocrx_word' id='word_1_520' title='bbox 2187 3464 2329 3503; x_wconf 92' lang='lat' dir='ltr'>num</span> <span class='ocrx_word' id='word_1_521' title='bbox 2362 3450 2629 3502; x_wconf 90' lang='lat' dir='ltr'>nostrum</span> <span class='ocrx_word' id='word_1_522' title='bbox 2660 3446 2847 3519; x_wconf 90' lang='lat' dir='ltr'>possit</span> <span class='ocrx_word' id='word_1_523' title='bbox 2874 3444 3004 3501; x_wconf 64' lang='lat' dir='ltr'>laedi</span> <span class='ocrx_word' id='word_1_524' title='bbox 3034 3444 3393 3502; x_wconf 90' lang='lat' dir='ltr'>innocentia.</span> 
     </span>
    </p>
   </div>
   <div class='ocr_carea' id='block_1_84' title="bbox 2259 3532 3767 3607">
    <p class='ocr_par' dir='ltr' id='par_1_84' title="bbox 2259 3532 3767 3607">
     <span class='ocr_line' id='line_1_84' title="bbox 2259 3532 3767 3607; baseline -0.004 -17"><span class='ocrx_word' id='word_1_525' title='bbox 2259 3536 2543 3590; x_wconf 68' lang='lat' dir='ltr'>Caeterum</span> <span class='ocrx_word' id='word_1_526' title='bbox 2572 3534 2632 3589; x_wconf 90' lang='lat' dir='ltr'>in</span> <span class='ocrx_word' id='word_1_527' title='bbox 2663 3534 2842 3607; x_wconf 89' lang='lat' dir='ltr'>hujus</span> <span class='ocrx_word' id='word_1_528' title='bbox 2859 3532 3156 3601; x_wconf 71' lang='lat' dir='ltr'>schedul‘ae</span> <span class='ocrx_word' id='word_1_529' title='bbox 3169 3532 3328 3590; x_wconf 89' lang='lat' dir='ltr'>calce</span> <span class='ocrx_word' id='word_1_530' title='bbox 3339 3534 3580 3588; x_wconf 88' lang='lat' dir='ltr'>nostram</span> <span class='ocrx_word' id='word_1_531' title='bbox 3592 3538 3767 3601; x_wconf 68' lang='lat' dir='ltr'>pmm&#39;</span> 
     </span>
    </p>
   </div>
   <div class='ocr_carea' id='block_1_85' title="bbox 2189 3614 3765 3697">
    <p class='ocr_par' dir='ltr' id='par_1_85' title="bbox 2189 3614 3765 3697">
     <span class='ocr_line' id='line_1_85' title="bbox 2189 3614 3765 3697; baseline -0.008 -17"><span class='ocrx_word' id='word_1_532' title='bbox 2189 3641 2312 3697; x_wconf 91' lang='lat' dir='ltr'>per,</span> <span class='ocrx_word' id='word_1_533' title='bbox 2347 3639 2711 3696; x_wconf 81' lang='lat' dir='ltr'>quaesumus,</span> <span class='ocrx_word' id='word_1_534' title='bbox 2743 3622 3192 3679; x_wconf 87' lang='lat' dir='ltr'>animadvertite</span> <span class='ocrx_word' id='word_1_535' title='bbox 3223 3614 3765 3679; x_wconf 81' lang='lat' dir='ltr'>commonitorium,et-</span> 
     </span>
    </p>
   </div>
   <div class='ocr_carea' id='block_1_86' title="bbox 2191 3699 3765 3785">
    <p class='ocr_par' dir='ltr' id='par_1_86' title="bbox 2191 3699 3765 3785">
     <span class='ocr_line' id='line_1_86' title="bbox 2191 3699 3765 3785; baseline -0.011 -14"><span class='ocrx_word' id='word_1_536' title='bbox 2191 3714 2242 3771; x_wconf 90' lang='lat' dir='ltr'>si</span> <span class='ocrx_word' id='word_1_537' title='bbox 2275 3713 2474 3769; x_wconf 90' lang='lat' dir='ltr'>minus</span> <span class='ocrx_word' id='word_1_538' title='bbox 2504 3712 2847 3785; x_wconf 69' lang='lat' dir='ltr'>eloquentia:</span> <span class='ocrx_word' id='word_1_539' title='bbox 2881 3710 3053 3767; x_wconf 89' lang='lat' dir='ltr'>melle</span> <span class='ocrx_word' id='word_1_540' title='bbox 3100 3711 3399 3784; x_wconf 88' lang='lat' dir='ltr'>sapidum.</span> <span class='ocrx_word' id='word_1_541' title='bbox 3444 3706 3613 3765; x_wconf 89' lang='lat' dir='ltr'>Nimio</span> <span class='ocrx_word' id='word_1_542' title='bbox 3651 3699 3765 3758; x_wconf 85' lang='lat' dir='ltr'>enim</span> 
     </span>
    </p>
   </div>
   <div class='ocr_carea' id='block_1_87' title="bbox 2187 3795 3765 3873">
    <p class='ocr_par' dir='ltr' id='par_1_87' title="bbox 2187 3795 3765 3873">
     <span class='ocr_line' id='line_1_87' title="bbox 2187 3795 3765 3873; baseline -0.01 -15"><span class='ocrx_word' id='word_1_543' title='bbox 2187 3801 2365 3858; x_wconf 89' lang='lat' dir='ltr'>vestri</span> <span class='ocrx_word' id='word_1_544' title='bbox 2392 3801 2610 3857; x_wconf 88' lang='lat' dir='ltr'>amoris</span> <span class='ocrx_word' id='word_1_545' title='bbox 2641 3800 2775 3873; x_wconf 88' lang='lat' dir='ltr'>igne</span> <span class='ocrx_word' id='word_1_546' title='bbox 2804 3799 3273 3869; x_wconf 89' lang='lat' dir='ltr'>succensi,dulce</span> <span class='ocrx_word' id='word_1_547' title='bbox 3293 3799 3561 3855; x_wconf 90' lang='lat' dir='ltr'>habemus</span> <span class='ocrx_word' id='word_1_548' title='bbox 3573 3795 3765 3849; x_wconf 75' lang='lat' dir='ltr'>vestram</span> 
     </span>
    </p>
   </div>
   <div class='ocr_carea' id='block_1_88' title="bbox 2191 3878 3765 3962">
    <p class='ocr_par' dir='ltr' id='par_1_88' title="bbox 2191 3878 3765 3962">
     <span class='ocr_line' id='line_1_88' title="bbox 2191 3878 3765 3962; baseline -0.011 -15"><span class='ocrx_word' id='word_1_549' title='bbox 2191 3890 2414 3948; x_wconf 89' lang='lat' dir='ltr'>diutius</span> <span class='ocrx_word' id='word_1_550' title='bbox 2433 3889 2800 3946; x_wconf 88' lang='lat' dir='ltr'>clementiam</span> <span class='ocrx_word' id='word_1_551' title='bbox 2813 3887 3208 3962; x_wconf 88' lang='lat' dir='ltr'>al&#39;l‘ari.utpote</span> <span class='ocrx_word' id='word_1_552' title='bbox 3225 3889 3317 3960; x_wconf 91' lang='lat' dir='ltr'>cuj</span> <span class='ocrx_word' id='word_1_553' title='bbox 3327 3878 3765 3959; x_wconf 72' lang='lat' dir='ltr'>usjucundissime</span> 
     </span>
    </p>
   </div>
   <div class='ocr_carea' id='block_1_89' title="bbox 2192 3972 3767 4051">
    <p class='ocr_par' dir='ltr' id='par_1_89' title="bbox 2192 3972 3767 4051">
     <span class='ocr_line' id='line_1_89' title="bbox 2192 3972 3767 4051; baseline -0.009 -14"><span class='ocrx_word' id='word_1_554' title='bbox 2192 3979 2485 4037; x_wconf 68' lang='lat' dir='ltr'>memoriae</span> <span class='ocrx_word' id='word_1_555' title='bbox 2514 3978 2775 4035; x_wconf 87' lang='lat' dir='ltr'>suavitas</span> <span class='ocrx_word' id='word_1_556' title='bbox 2806 3995 2875 4035; x_wconf 88' lang='lat' dir='ltr'>ex</span> <span class='ocrx_word' id='word_1_557' title='bbox 2899 3978 3088 4051; x_wconf 91' lang='lat' dir='ltr'>primo</span> <span class='ocrx_word' id='word_1_558' title='bbox 3115 3975 3463 4051; x_wconf 87' lang='lat' dir='ltr'>cognitionis</span> <span class='ocrx_word' id='word_1_559' title='bbox 3474 3976 3653 4030; x_wconf 74' lang='lat' dir='ltr'>nostra</span> <span class='ocrx_word' id='word_1_560' title='bbox 3666 3972 3767 4051; x_wconf 74' lang='lat' dir='ltr'>tem-</span> 
     </span>
    </p>
   </div>
   <div class='ocr_carea' id='block_1_90' title="bbox 2191 4050 3766 4149">
    <p class='ocr_par' dir='ltr' id='par_1_90' title="bbox 2191 4050 3766 4149">
     <span class='ocr_line' id='line_1_90' title="bbox 2191 4050 3766 4149; baseline -0.008 -23"><span class='ocrx_word' id='word_1_561' title='bbox 2191 4086 2330 4141; x_wconf 90' lang='lat' dir='ltr'>pore</span> <span class='ocrx_word' id='word_1_562' title='bbox 2360 4086 2395 4125; x_wconf 89' lang='lat' dir='ltr'>a</span> <span class='ocrx_word' id='word_1_563' title='bbox 2425 4067 2629 4124; x_wconf 90' lang='lat' dir='ltr'>tabula</span> <span class='ocrx_word' id='word_1_564' title='bbox 2675 4067 2867 4124; x_wconf 89' lang='lat' dir='ltr'>cordis</span> <span class='ocrx_word' id='word_1_565' title='bbox 2900 4050 3099 4123; x_wconf 75' lang='lat' dir='ltr'>nostri</span> <span class='ocrx_word' id='word_1_566' title='bbox 3147 4050 3313 4123; x_wconf 84' lang='lat' dir='ltr'>nullo</span> <span class='ocrx_word' id='word_1_567' title='bbox 3359 4058 3637 4122; x_wconf 79' lang='lat' dir='ltr'>oblivionis</span> <span class='ocrx_word' id='word_1_568' title='bbox 3658 4050 3766 4149; x_wconf 42' lang='lat' dir='ltr'>style</span> 
     </span>
    </p>
   </div>
   <div class='ocr_carea' id='block_1_91' title="bbox 2191 4137 3765 4231">
    <p class='ocr_par' dir='ltr' id='par_1_91' title="bbox 2191 4137 3765 4231">
     <span class='ocr_line' id='line_1_91' title="bbox 2191 4137 3765 4231; baseline -0.006 -17"><span class='ocrx_word' id='word_1_569' title='bbox 2191 4137 2381 4231; x_wconf 75' lang='lat' dir='ltr'>potuit</span> <span class='ocrx_word' id='word_1_570' title='bbox 2411 4155 3392 4228; x_wconf 74' lang='lat' dir='ltr'>aboleri.Congratulamur&#39;nempe</span> <span class='ocrx_word' id='word_1_571' title='bbox 3422 4153 3501 4209; x_wconf 87' lang='lat' dir='ltr'>sic</span> <span class='ocrx_word' id='word_1_572' title='bbox 3526 4137 3765 4218; x_wconf 73' lang='grc' dir='ltr'>ιεωροηῖἱ</span> 
     </span>
    </p>
   </div>
   <div class='ocr_carea' id='block_1_92' title="bbox 2190 4230 3764 4317">
    <p class='ocr_par' dir='ltr' id='par_1_92' title="bbox 2190 4230 3764 4317">
     <span class='ocr_line' id='line_1_92' title="bbox 2190 4230 3764 4317; baseline -0.01 -14"><span class='ocrx_word' id='word_1_573' title='bbox 2190 4230 2394 4303; x_wconf 64' lang='lat' dir='ltr'>vestrae</span> <span class='ocrx_word' id='word_1_574' title='bbox 2425 4243 2712 4317; x_wconf 67' lang='lat' dir='ltr'>gloriaa,ut</span> <span class='ocrx_word' id='word_1_575' title='bbox 2723 4242 2919 4317; x_wconf 91' lang='lat' dir='ltr'>potius</span> <span class='ocrx_word' id='word_1_576' title='bbox 2948 4247 3223 4316; x_wconf 88' lang='lat' dir='ltr'>optemus</span> <span class='ocrx_word' id='word_1_577' title='bbox 3244 4259 3348 4300; x_wconf 90' lang='lat' dir='ltr'>vos</span> <span class='ocrx_word' id='word_1_578' title='bbox 3358 4240 3537 4299; x_wconf 88' lang='lat' dir='ltr'>modis</span> <span class='ocrx_word' id='word_1_579' title='bbox 3554 4230 3764 4317; x_wconf 74' lang='lat' dir='ltr'>omnibus</span> 
     </span>
    </p>
   </div>
   <div class='ocr_carea' id='block_1_93' title="bbox 2190 4316 3766 4416">
    <p class='ocr_par' dir='ltr' id='par_1_93' title="bbox 2190 4316 3766 4416">
     <span class='ocr_line' id='line_1_93' title="bbox 2190 4316 3766 4416; baseline -0.011 -24"><span class='ocrx_word' id='word_1_580' title='bbox 2190 4332 2376 4407; x_wconf 87' lang='lat' dir='ltr'>aptari</span> <span class='ocrx_word' id='word_1_581' title='bbox 2404 4316 2766 4389; x_wconf 79' lang='lat' dir='ltr'>beatitudine</span> <span class='ocrx_word' id='word_1_582' title='bbox 2795 4335 3110 4404; x_wconf 67' lang='lat' dir='ltr'>perpetuae.</span> <span class='ocrx_word' id='word_1_583' title='bbox 3143 4333 3310 4398; x_wconf 84' lang='lat' dir='ltr'>Quod</span> <span class='ocrx_word' id='word_1_584' title='bbox 3365 4334 3499 4386; x_wconf 87' lang='lat' dir='ltr'>tunc</span> <span class='ocrx_word' id='word_1_585' title='bbox 3541 4316 3766 4416; x_wconf 39' lang='lat' dir='ltr'>digne-ﬁlo</span> 
     </span>
    </p>
   </div>
   <div class='ocr_carea' id='block_1_94' title="bbox 2190 4404 3764 4494">
    <p class='ocr_par' dir='ltr' id='par_1_94' title="bbox 2190 4404 3764 4494">
     <span class='ocr_line' id='line_1_94' title="bbox 2190 4404 3764 4494; baseline -0.008 -15"><span class='ocrx_word' id='word_1_586' title='bbox 2190 4404 2355 4480; x_wconf 76' lang='lat' dir='ltr'>vobis</span> <span class='ocrx_word' id='word_1_587' title='bbox 2387 4420 2512 4478; x_wconf 84' lang='lat' dir='ltr'>ﬁeri</span> <span class='ocrx_word' id='word_1_588' title='bbox 2544 4420 2815 4494; x_wconf 88' lang='lat' dir='ltr'>potest,si</span> <span class='ocrx_word' id='word_1_589' title='bbox 2845 4420 3389 4494; x_wconf 68' lang='lat' dir='ltr'>dignitatisvestrai</span> <span class='ocrx_word' id='word_1_590' title='bbox 3418 4414 3644 4475; x_wconf 78' lang='lat' dir='ltr'>oﬂicium</span> <span class='ocrx_word' id='word_1_591' title='bbox 3669 4404 3764 4463; x_wconf 78' lang='lat' dir='ltr'>dili-</span> 
     </span>
    </p>
   </div>
   <div class='ocr_carea' id='block_1_95' title="bbox 425 4504 3766 4603">
    <p class='ocr_par' dir='ltr' id='par_1_95' title="bbox 425 4504 3766 4603">
     <span class='ocr_line' id='line_1_95' title="bbox 425 4504 3766 4603; baseline -0.004 -28"><span class='ocrx_word' id='word_1_592' title='bbox 425 4519 607 4576; x_wconf 73' lang='lat' dir='ltr'>tiferaa</span> <span class='ocrx_word' id='word_1_593' title='bbox 638 4518 798 4591; x_wconf 88' lang='lat' dir='ltr'>pacis</span> <span class='ocrx_word' id='word_1_594' title='bbox 830 4518 1051 4573; x_wconf 92' lang='lat' dir='ltr'>donum</span> <span class='ocrx_word' id='word_1_595' title='bbox 1083 4535 1217 4574; x_wconf 89' lang='lat' dir='ltr'>cum</span> <span class='ocrx_word' id='word_1_596' title='bbox 1251 4518 1543 4575; x_wconf 89' lang='lat' dir='ltr'>universis</span> <span class='ocrx_word' id='word_1_597' title='bbox 1591 4535 1694 4591; x_wconf 89' lang='lat' dir='ltr'>spe</span> <span class='ocrx_word' id='word_1_598' title='bbox 1726 4519 1798 4574; x_wconf 88' lang='lat' dir='ltr'>ad</span> <span class='ocrx_word' id='word_1_599' title='bbox 1829 4534 2085 4591; x_wconf 89' lang='lat' dir='ltr'>superna</span> <span class='ocrx_word' id='word_1_600' title='bbox 2112 4537 2161 4603; x_wconf 72' lang='grc' dir='ltr'>Β</span> <span class='ocrx_word' id='word_1_601' title='bbox 2191 4509 2798 4603; x_wconf 68' lang='lat' dir='ltr'>genterattenditiszsi</span> <span class='ocrx_word' id='word_1_602' title='bbox 2833 4507 3418 4603; x_wconf 78' lang='lat' dir='ltr'>qualemepiscopum</span> <span class='ocrx_word' id='word_1_603' title='bbox 3431 4504 3766 4603; x_wconf 46' lang='lat' dir='ltr'>opertae!</span> 
     </span>
    </p>
   </div>
   <div class='ocr_carea' id='block_1_96' title="bbox 428 4605 2083 4680">
    <p class='ocr_par' dir='ltr' id='par_1_96' title="bbox 428 4605 2083 4680">
     <span class='ocr_line' id='line_1_96' title="bbox 428 4605 2083 4680; baseline 0 -17"><span class='ocrx_word' id='word_1_604' title='bbox 428 4606 808 4664; x_wconf 88' lang='lat' dir='ltr'>tendentibus</span> <span class='ocrx_word' id='word_1_605' title='bbox 837 4605 985 4661; x_wconf 87' lang='lat' dir='ltr'>votis</span> <span class='ocrx_word' id='word_1_606' title='bbox 1016 4607 1293 4662; x_wconf 88' lang='lat' dir='ltr'>omnibus</span> <span class='ocrx_word' id='word_1_607' title='bbox 1325 4607 1401 4663; x_wconf 84' lang='lat' dir='ltr'>sit</span> <span class='ocrx_word' id='word_1_608' title='bbox 1430 4607 2083 4680; x_wconf 86' lang='lat' dir='ltr'>adoptandum,specia-</span> 
     </span>
    </p>
   </div>
   <div class='ocr_carea' id='block_1_97' title="bbox 428 4693 2084 4768">
    <p class='ocr_par' dir='ltr' id='par_1_97' title="bbox 428 4693 2084 4768">
     <span class='ocr_line' id='line_1_97' title="bbox 428 4693 2084 4768; baseline 0.001 -17"><span class='ocrx_word' id='word_1_609' title='bbox 428 4695 544 4753; x_wconf 87' lang='lat' dir='ltr'>lius</span> <span class='ocrx_word' id='word_1_610' title='bbox 573 4700 770 4752; x_wconf 87' lang='lat' dir='ltr'>tamen</span> <span class='ocrx_word' id='word_1_611' title='bbox 793 4693 1007 4750; x_wconf 87' lang='lat' dir='ltr'>Christi</span> <span class='ocrx_word' id='word_1_612' title='bbox 1029 4695 1576 4765; x_wconf 84' lang='lat' dir='ltr'>sacerdotibus,non</span> <span class='ocrx_word' id='word_1_613' title='bbox 1594 4696 1765 4752; x_wconf 90' lang='lat' dir='ltr'>modo</span> <span class='ocrx_word' id='word_1_614' title='bbox 1785 4695 2084 4768; x_wconf 85' lang='lat' dir='ltr'>inquiren-</span> 
     </span>
    </p>
   </div>
   <div class='ocr_carea' id='block_1_98' title="bbox 428 4783 2086 4856">
    <p class='ocr_par' dir='ltr' id='par_1_98' title="bbox 428 4783 2086 4856">
     <span class='ocr_line' id='line_1_98' title="bbox 428 4783 2086 4856; baseline -0.001 -14"><span class='ocrx_word' id='word_1_615' title='bbox 428 4787 799 4855; x_wconf 89' lang='lat' dir='ltr'>dum,verum</span> <span class='ocrx_word' id='word_1_616' title='bbox 824 4785 994 4855; x_wconf 80' lang='lat' dir='ltr'>juxta</span> <span class='ocrx_word' id='word_1_617' title='bbox 1026 4783 1346 4839; x_wconf 74' lang='lat' dir='ltr'>Psalmistae</span> <span class='ocrx_word' id='word_1_618' title='bbox 1364 4800 1559 4840; x_wconf 90' lang='lat' dir='ltr'>vocem</span> <span class='ocrx_word' id='word_1_619' title='bbox 1577 4802 1690 4856; x_wconf 71' lang='lat' dir='ltr'>pro:</span> <span class='ocrx_word' id='word_1_620' title='bbox 1703 4784 1978 4841; x_wconf 88' lang='lat' dir='ltr'>omnibus</span> <span class='ocrx_word' id='word_1_621' title='bbox 1995 4788 2086 4841; x_wconf 81' lang='lat' dir='ltr'>est</span> 
     </span>
    </p>
   </div>
   <div class='ocr_carea' id='block_1_99' title="bbox 426 4872 2081 4949">
    <p class='ocr_par' dir='ltr' id='par_1_99' title="bbox 426 4872 2081 4949">
     <span class='ocr_line' id='line_1_99' title="bbox 426 4872 2081 4949; baseline -0.001 -17"><span class='ocrx_word' id='word_1_622' title='bbox 426 4875 901 4949; x_wconf 86' lang='lat' dir='ltr'>persequendum</span> <span class='ocrx_word' id='word_1_623' title='bbox 936 4891 949 4930; x_wconf 87' lang='lat'>:</span> <span class='ocrx_word' id='word_1_624' title='bbox 984 4873 1225 4946; x_wconf 84' lang='lat' dir='ltr'>Inquire,</span> <span class='ocrx_word' id='word_1_625' title='bbox 1258 4872 1473 4946; x_wconf 90' lang='lat' dir='ltr'>inquit,</span> <span class='ocrx_word' id='word_1_626' title='bbox 1503 4889 1693 4946; x_wconf 48' lang='lat' dir='ltr'>pacem</span> <span class='ocrx_word' id='word_1_627' title='bbox 1721 4878 1773 4929; x_wconf 87' lang='lat' dir='ltr'>et</span> <span class='ocrx_word' id='word_1_628' title='bbox 1798 4890 2081 4947; x_wconf 85' lang='lat' dir='ltr'>perseque-</span> 
     </span>
    </p>
   </div>
   <div class='ocr_carea' id='block_1_100' title="bbox 428 4960 2087 5035">
    <p class='ocr_par' dir='ltr' id='par_1_100' title="bbox 428 4960 2087 5035">
     <span class='ocr_line' id='line_1_100' title="bbox 428 4960 2087 5035; baseline -0.002 -15"><span class='ocrx_word' id='word_1_629' title='bbox 428 4981 486 5020; x_wconf 86' lang='lat' dir='ltr'>re</span> <span class='ocrx_word' id='word_1_630' title='bbox 513 4981 654 5020; x_wconf 88' lang='lat' dir='ltr'>eam.</span> <span class='ocrx_word' id='word_1_631' title='bbox 683 4964 864 5035; x_wconf 89' lang='lat' dir='ltr'>Cujus</span> <span class='ocrx_word' id='word_1_632' title='bbox 890 4961 971 5020; x_wconf 90' lang='lat' dir='ltr'>rei</span> <span class='ocrx_word' id='word_1_633' title='bbox 1002 4978 1119 5019; x_wconf 90' lang='lat' dir='ltr'>non</span> <span class='ocrx_word' id='word_1_634' title='bbox 1141 4961 1454 5018; x_wconf 90' lang='lat' dir='ltr'>immemor</span> <span class='ocrx_word' id='word_1_635' title='bbox 1478 4960 1791 5034; x_wconf 87' lang='lat' dir='ltr'>Apostolus</span> <span class='ocrx_word' id='word_1_636' title='bbox 1824 4962 1912 5017; x_wconf 80' lang='lat' dir='ltr'>ait</span> <span class='ocrx_word' id='word_1_637' title='bbox 1936 4979 1949 5018; x_wconf 91' lang='lat'><strong><em>:</em></strong></span> <span class='ocrx_word' id='word_1_638' title='bbox 1982 4962 2087 5017; x_wconf 85' lang='lat' dir='ltr'>Pa-</span> 
     </span>
    </p>
   </div>
   <div class='ocr_carea' id='block_1_101' title="bbox 429 5050 2083 5124">
    <p class='ocr_par' dir='ltr' id='par_1_101' title="bbox 429 5050 2083 5124">
     <span class='ocr_line' id='line_1_101' title="bbox 429 5050 2083 5124; baseline -0.001 -16"><span class='ocrx_word' id='word_1_639' title='bbox 429 5067 553 5108; x_wconf 87' lang='lat' dir='ltr'>cem</span> <span class='ocrx_word' id='word_1_640' title='bbox 584 5056 643 5108; x_wconf 93' lang='lat' dir='ltr'>et</span> <span class='ocrx_word' id='word_1_641' title='bbox 670 5052 1120 5108; x_wconf 89' lang='lat' dir='ltr'>sanctimoniam</span> <span class='ocrx_word' id='word_1_642' title='bbox 1155 5050 1494 5123; x_wconf 89' lang='lat' dir='ltr'>sequimini,</span> <span class='ocrx_word' id='word_1_643' title='bbox 1556 5050 1681 5108; x_wconf 90' lang='lat' dir='ltr'>sine</span> <span class='ocrx_word' id='word_1_644' title='bbox 1737 5067 1854 5124; x_wconf 90' lang='lat' dir='ltr'>qua</span> <span class='ocrx_word' id='word_1_645' title='bbox 1911 5068 2083 5108; x_wconf 88' lang='lat' dir='ltr'>nemo</span> 
     </span>
    </p>
   </div>
   <div class='ocr_carea' id='block_1_102' title="bbox 427 5137 2083 5197">
    <p class='ocr_par' dir='ltr' id='par_1_102' title="bbox 427 5137 2083 5197">
     <span class='ocr_line' id='line_1_102' title="bbox 427 5137 2083 5197; baseline 0.001 -4"><span class='ocrx_word' id='word_1_646' title='bbox 427 5138 651 5195; x_wconf 90' lang='lat' dir='ltr'>videbit</span> <span class='ocrx_word' id='word_1_647' title='bbox 681 5140 881 5196; x_wconf 88' lang='lat' dir='ltr'>Deum.</span> <span class='ocrx_word' id='word_1_648' title='bbox 915 5141 1027 5196; x_wconf 87' lang='lat' dir='ltr'>Sed</span> <span class='ocrx_word' id='word_1_649' title='bbox 1068 5145 1138 5196; x_wconf 86' lang='lat' dir='ltr'>et</span> <span class='ocrx_word' id='word_1_650' title='bbox 1169 5139 1458 5197; x_wconf 89' lang='lat' dir='ltr'>mediator</span> <span class='ocrx_word' id='word_1_651' title='bbox 1513 5137 1613 5195; x_wconf 91' lang='lat' dir='ltr'>Dei</span> <span class='ocrx_word' id='word_1_652' title='bbox 1670 5145 1728 5194; x_wconf 89' lang='lat' dir='ltr'>et</span> <span class='ocrx_word' id='word_1_653' title='bbox 1773 5138 2083 5195; x_wconf 89' lang='lat' dir='ltr'>hominum</span> 
     </span>
    </p>
   </div>
   <div class='ocr_carea' id='block_1_103' title="bbox 428 5226 2085 5301">
    <p class='ocr_par' dir='ltr' id='par_1_103' title="bbox 428 5226 2085 5301">
     <span class='ocr_line' id='line_1_103' title="bbox 428 5226 2085 5301; baseline 0.001 -18"><span class='ocrx_word' id='word_1_654' title='bbox 428 5226 604 5283; x_wconf 89' lang='lat' dir='ltr'>homo</span> <span class='ocrx_word' id='word_1_655' title='bbox 634 5226 904 5283; x_wconf 90' lang='lat' dir='ltr'>Christus</span> <span class='ocrx_word' id='word_1_656' title='bbox 932 5227 1126 5297; x_wconf 89' lang='lat' dir='ltr'>Jesus,</span> <span class='ocrx_word' id='word_1_657' title='bbox 1160 5232 1395 5301; x_wconf 79' lang='lat' dir='ltr'>peracta</span> <span class='ocrx_word' id='word_1_658' title='bbox 1424 5226 1618 5284; x_wconf 89' lang='lat' dir='ltr'>carnis</span> <span class='ocrx_word' id='word_1_659' title='bbox 1647 5228 2085 5301; x_wconf 87' lang='lat' dir='ltr'>dispensatione</span> 
     </span>
    </p>
   </div>
   <div class='ocr_carea' id='block_1_104' title="bbox 429 5315 2082 5389">
    <p class='ocr_par' dir='ltr' id='par_1_104' title="bbox 429 5315 2082 5389">
     <span class='ocr_line' id='line_1_104' title="bbox 429 5315 2082 5389; baseline 0.001 -17"><span class='ocrx_word' id='word_1_660' title='bbox 429 5315 501 5372; x_wconf 90' lang='lat' dir='ltr'>ad</span> <span class='ocrx_word' id='word_1_661' title='bbox 533 5315 763 5371; x_wconf 87' lang='lat' dir='ltr'>Patrem</span> <span class='ocrx_word' id='word_1_662' title='bbox 796 5332 1083 5384; x_wconf 89' lang='lat' dir='ltr'>reversus,</span> <span class='ocrx_word' id='word_1_663' title='bbox 1115 5316 1267 5373; x_wconf 90' lang='lat' dir='ltr'>hanc</span> <span class='ocrx_word' id='word_1_664' title='bbox 1295 5315 1602 5389; x_wconf 89' lang='lat' dir='ltr'>discipulis</span> <span class='ocrx_word' id='word_1_665' title='bbox 1631 5315 1757 5373; x_wconf 88' lang='lat' dir='ltr'>suis</span> <span class='ocrx_word' id='word_1_666' title='bbox 1786 5332 2082 5373; x_wconf 80' lang='lat' dir='ltr'>commen-</span> 
     </span>
    </p>
   </div>
   <div class='ocr_carea' id='block_1_105' title="bbox 428 5402 2085 5479">
    <p class='ocr_par' dir='ltr' id='par_1_105' title="bbox 428 5402 2085 5479">
     <span class='ocr_line' id='line_1_105' title="bbox 428 5402 2085 5479; baseline 0.001 -18"><span class='ocrx_word' id='word_1_667' title='bbox 428 5404 587 5461; x_wconf 89' lang='lat' dir='ltr'>davit</span> <span class='ocrx_word' id='word_1_668' title='bbox 611 5403 912 5472; x_wconf 86' lang='lat' dir='ltr'>attentius,</span> <span class='ocrx_word' id='word_1_669' title='bbox 943 5409 1237 5477; x_wconf 87' lang='lat' dir='ltr'>quatenus</span> <span class='ocrx_word' id='word_1_670' title='bbox 1267 5402 1609 5463; x_wconf 89' lang='lat' dir='ltr'>dulcissimo</span> <span class='ocrx_word' id='word_1_671' title='bbox 1630 5404 1971 5477; x_wconf 87' lang='lat' dir='ltr'>hujusmodi</span> <span class='ocrx_word' id='word_1_672' title='bbox 2002 5405 2085 5479; x_wconf 86' lang='lat' dir='ltr'>pi-</span> 
     </span>
    </p>
   </div>
   <div class='ocr_carea' id='block_1_106' title="bbox 429 5491 2083 5571">
    <p class='ocr_par' dir='ltr' id='par_1_106' title="bbox 429 5491 2083 5571">
     <span class='ocr_line' id='line_1_106' title="bbox 429 5491 2083 5571; baseline 0.001 -19"><span class='ocrx_word' id='word_1_673' title='bbox 429 5511 612 5571; x_wconf 89' lang='lat' dir='ltr'>gnore</span> <span class='ocrx_word' id='word_1_674' title='bbox 642 5491 803 5551; x_wconf 91' lang='lat' dir='ltr'>velut</span> <span class='ocrx_word' id='word_1_675' title='bbox 829 5491 1034 5550; x_wconf 91' lang='lat' dir='ltr'>ultimo</span> <span class='ocrx_word' id='word_1_676' title='bbox 1065 5492 1191 5552; x_wconf 87' lang='lat' dir='ltr'>vale</span> <span class='ocrx_word' id='word_1_677' title='bbox 1220 5493 1500 5552; x_wconf 89' lang='lat' dir='ltr'>divinitus</span> <span class='ocrx_word' id='word_1_678' title='bbox 1547 5493 1849 5564; x_wconf 88' lang='lat' dir='ltr'>consolati,</span> <span class='ocrx_word' id='word_1_679' title='bbox 1880 5494 1939 5551; x_wconf 92' lang='lat' dir='ltr'>in</span> <span class='ocrx_word' id='word_1_680' title='bbox 1969 5511 2083 5554; x_wconf 77' lang='lat' dir='ltr'>caa-</span> 
     </span>
    </p>
   </div>
   <div class='ocr_carea' id='block_1_107' title="bbox 429 5582 2084 5663">
    <p class='ocr_par' dir='ltr' id='par_1_107' title="bbox 429 5582 2084 5663">
     <span class='ocr_line' id='line_1_107' title="bbox 429 5582 2084 5663; baseline -0.002 -14"><span class='ocrx_word' id='word_1_681' title='bbox 429 5584 561 5649; x_wconf 87' lang='lat' dir='ltr'>lesti</span> <span class='ocrx_word' id='word_1_682' title='bbox 591 5583 1075 5661; x_wconf 68' lang='lat' dir='ltr'>Jerusalem,qum</span> <span class='ocrx_word' id='word_1_683' title='bbox 1105 5584 1520 5660; x_wconf 84' lang='lat' dir='ltr'>interpretatur</span> <span class='ocrx_word' id='word_1_684' title='bbox 1546 5585 1683 5643; x_wconf 84' lang='lat' dir='ltr'>visio</span> <span class='ocrx_word' id='word_1_685' title='bbox 1696 5585 1870 5661; x_wconf 83' lang='lat' dir='ltr'>pacis,</span> <span class='ocrx_word' id='word_1_686' title='bbox 1895 5582 2084 5663; x_wconf 84' lang='lat' dir='ltr'>ipsius</span> 
     </span>
    </p>
   </div>
   <div class='ocr_carea' id='block_1_108' title="bbox 2193 4583 3762 4681">
    <p class='ocr_par' dir='ltr' id='par_1_108' title="bbox 2193 4583 3762 4681">
     <span class='ocr_line' id='line_1_108' title="bbox 2193 4583 3762 4681; baseline -0.011 -22"><span class='ocrx_word' id='word_1_687' title='bbox 2193 4583 2512 4676; x_wconf 77' lang='lat' dir='ltr'>apostolica</span> <span class='ocrx_word' id='word_1_688' title='bbox 2539 4598 2806 4666; x_wconf 89' lang='lat' dir='ltr'>lectione,</span> <span class='ocrx_word' id='word_1_689' title='bbox 2837 4597 2997 4670; x_wconf 84' lang='lat' dir='ltr'>vigili</span> <span class='ocrx_word' id='word_1_690' title='bbox 3038 4598 3416 4655; x_wconf 88' lang='lat' dir='ltr'>meditatione</span> <span class='ocrx_word' id='word_1_691' title='bbox 3460 4583 3762 4681; x_wconf 54' lang='lat' dir='ltr'>perquiritis:</span> 
     </span>
    </p>
   </div>
   <div class='ocr_carea' id='block_1_109' title="bbox 2192 4684 3765 4760">
    <p class='ocr_par' dir='ltr' id='par_1_109' title="bbox 2192 4684 3765 4760">
     <span class='ocr_line' id='line_1_109' title="bbox 2192 4684 3765 4760; baseline -0.009 -13"><span class='ocrx_word' id='word_1_692' title='bbox 2192 4690 2242 4748; x_wconf 89' lang='lat' dir='ltr'>si</span> <span class='ocrx_word' id='word_1_693' title='bbox 2272 4691 2331 4745; x_wconf 90' lang='lat' dir='ltr'>in</span> <span class='ocrx_word' id='word_1_694' title='bbox 2363 4689 2610 4755; x_wconf 87' lang='lat' dir='ltr'>mundo,</span> <span class='ocrx_word' id='word_1_695' title='bbox 2640 4685 2742 4760; x_wconf 88' lang='lat' dir='ltr'>qui</span> <span class='ocrx_word' id='word_1_696' title='bbox 2767 4686 2828 4742; x_wconf 91' lang='lat' dir='ltr'>in</span> <span class='ocrx_word' id='word_1_697' title='bbox 2861 4686 3119 4760; x_wconf 88' lang='lat' dir='ltr'>maligno</span> <span class='ocrx_word' id='word_1_698' title='bbox 3152 4687 3379 4760; x_wconf 90' lang='lat' dir='ltr'>positus</span> <span class='ocrx_word' id='word_1_699' title='bbox 3416 4688 3517 4751; x_wconf 88' lang='lat' dir='ltr'>est,</span> <span class='ocrx_word' id='word_1_700' title='bbox 3566 4684 3765 4760; x_wconf 47' lang='lat' dir='ltr'>corpong</span> 
     </span>
    </p>
   </div>
   <div class='ocr_carea' id='block_1_110' title="bbox 2192 4754 3764 4856">
    <p class='ocr_par' dir='ltr' id='par_1_110' title="bbox 2192 4754 3764 4856">
     <span class='ocr_line' id='line_1_110' title="bbox 2192 4754 3764 4856; baseline -0.008 -19"><span class='ocrx_word' id='word_1_701' title='bbox 2192 4780 2335 4837; x_wconf 90' lang='lat' dir='ltr'>estis</span> <span class='ocrx_word' id='word_1_702' title='bbox 2355 4754 2791 4841; x_wconf 61' lang='lat' dir='ltr'>necessitatejn</span> <span class='ocrx_word' id='word_1_703' title='bbox 2829 4754 3172 4833; x_wconf 72' lang='lat' dir='ltr'>coelestibus</span> <span class='ocrx_word' id='word_1_704' title='bbox 3191 4779 3385 4833; x_wconf 90' lang='lat' dir='ltr'>autem</span> <span class='ocrx_word' id='word_1_705' title='bbox 3410 4754 3764 4856; x_wconf 49' lang='lat' dir='ltr'>consen&#39;amilff</span> 
     </span>
    </p>
   </div>
   <div class='ocr_carea' id='block_1_111' title="bbox 2193 4844 3764 4939">
    <p class='ocr_par' dir='ltr' id='par_1_111' title="bbox 2193 4844 3764 4939">
     <span class='ocr_line' id='line_1_111' title="bbox 2193 4844 3764 4939; baseline -0.01 -13"><span class='ocrx_word' id='word_1_706' title='bbox 2193 4869 2409 4926; x_wconf 89' lang='lat' dir='ltr'>mentis</span> <span class='ocrx_word' id='word_1_707' title='bbox 2438 4864 2948 4938; x_wconf 87' lang='lat' dir='ltr'>contemplatione,</span> <span class='ocrx_word' id='word_1_708' title='bbox 2983 4869 3048 4921; x_wconf 92' lang='lat' dir='ltr'>ut</span> <span class='ocrx_word' id='word_1_709' title='bbox 3103 4865 3344 4939; x_wconf 86' lang='lat' dir='ltr'>possitis</span> <span class='ocrx_word' id='word_1_710' title='bbox 3387 4858 3524 4919; x_wconf 88' lang='lat' dir='ltr'>illud</span> <span class='ocrx_word' id='word_1_711' title='bbox 3561 4844 3764 4929; x_wconf 71' lang='lat' dir='ltr'>Apostoli</span> 
     </span>
    </p>
   </div>
   <div class='ocr_carea' id='block_1_112' title="bbox 2192 4944 3729 5036">
    <p class='ocr_par' dir='ltr' id='par_1_112' title="bbox 2192 4944 3729 5036">
     <span class='ocr_line' id='line_1_112' title="bbox 2192 4944 3729 5036; baseline -0.008 -22"><span class='ocrx_word' id='word_1_712' title='bbox 2192 4956 2555 5032; x_wconf 88' lang='lat' dir='ltr'>proclamare</span> <span class='ocrx_word' id='word_1_713' title='bbox 2587 4973 2601 5011; x_wconf 75' lang='grc' dir='ltr'><strong>ε</strong></span> <span class='ocrx_word' id='word_1_714' title='bbox 2632 4956 2769 5011; x_wconf 86' lang='lat' dir='ltr'>Nota</span> <span class='ocrx_word' id='word_1_715' title='bbox 2797 4958 2984 5010; x_wconf 82' lang='lat' dir='ltr'>autem</span> <span class='ocrx_word' id='word_1_716' title='bbox 3011 4955 3344 5010; x_wconf 84' lang='lat' dir='ltr'>conversatio</span> <span class='ocrx_word' id='word_1_717' title='bbox 3371 4954 3426 5009; x_wconf 84' lang='lat' dir='ltr'>in</span> <span class='ocrx_word' id='word_1_718' title='bbox 3453 4948 3585 5036; x_wconf 68' lang='grc' dir='ltr'>αειᾷ</span> <span class='ocrx_word' id='word_1_719' title='bbox 3719 5024 3729 5036; x_wconf 45' lang='lat'>.</span> 
     </span>
    </p>
   </div>
   <div class='ocr_carea' id='block_1_113' title="bbox 2263 5029 3760 5125">
    <p class='ocr_par' dir='ltr' id='par_1_113' title="bbox 2263 5029 3760 5125">
     <span class='ocr_line' id='line_1_113' title="bbox 2263 5029 3760 5125; baseline -0.013 -22"><span class='ocrx_word' id='word_1_720' title='bbox 2263 5048 2502 5120; x_wconf 88' lang='lat' dir='ltr'>Oportet</span> <span class='ocrx_word' id='word_1_721' title='bbox 2529 5044 2707 5100; x_wconf 89' lang='lat' dir='ltr'>etiam</span> <span class='ocrx_word' id='word_1_722' title='bbox 2719 5047 2785 5099; x_wconf 87' lang='lat' dir='ltr'>ut</span> <span class='ocrx_word' id='word_1_723' title='bbox 2811 5043 3102 5099; x_wconf 90' lang='lat' dir='ltr'>talentum</span> <span class='ocrx_word' id='word_1_724' title='bbox 3130 5043 3319 5117; x_wconf 73' lang='lat' dir='ltr'>Regia:</span> <span class='ocrx_word' id='word_1_725' title='bbox 3332 5029 3760 5125; x_wconf 36' lang='lat' dir='ltr'>familiaritati-sin</span> 
     </span>
    </p>
   </div>
   <div class='ocr_carea' id='block_1_114' title="bbox 2193 5118 3762 5206">
    <p class='ocr_par' dir='ltr' id='par_1_114' title="bbox 2193 5118 3762 5206">
     <span class='ocr_line' id='line_1_114' title="bbox 2193 5118 3762 5206; baseline -0.012 -14"><span class='ocrx_word' id='word_1_726' title='bbox 2193 5118 2431 5192; x_wconf 81' lang='lat' dir='ltr'>miseria</span> <span class='ocrx_word' id='word_1_727' title='bbox 2459 5136 2515 5190; x_wconf 85' lang='lat' dir='ltr'>et</span> <span class='ocrx_word' id='word_1_728' title='bbox 2543 5131 2857 5189; x_wconf 85' lang='lat' dir='ltr'>afﬂictione</span> <span class='ocrx_word' id='word_1_729' title='bbox 2886 5131 3093 5204; x_wconf 90' lang='lat' dir='ltr'>positis</span> <span class='ocrx_word' id='word_1_730' title='bbox 3132 5131 3226 5206; x_wconf 89' lang='lat' dir='ltr'>pie</span> <span class='ocrx_word' id='word_1_731' title='bbox 3272 5147 3338 5189; x_wconf 90' lang='lat' dir='ltr'>ac</span> <span class='ocrx_word' id='word_1_732' title='bbox 3387 5118 3762 5184; x_wconf 74' lang='lat' dir='ltr'>misericorditer</span> 
     </span>
    </p>
   </div>
   <div class='ocr_carea' id='block_1_115' title="bbox 2192 5206 3760 5299">
    <p class='ocr_par' dir='ltr' id='par_1_115' title="bbox 2192 5206 3760 5299">
     <span class='ocr_line' id='line_1_115' title="bbox 2192 5206 3760 5299; baseline -0.01 -17"><span class='ocrx_word' id='word_1_733' title='bbox 2192 5242 2295 5299; x_wconf 88' lang='lat' dir='ltr'>per</span> <span class='ocrx_word' id='word_1_734' title='bbox 2320 5221 2761 5280; x_wconf 90' lang='lat' dir='ltr'>intercessionis</span> <span class='ocrx_word' id='word_1_735' title='bbox 2787 5215 3071 5277; x_wconf 84' lang='lat' dir='ltr'>auxilium</span> <span class='ocrx_word' id='word_1_736' title='bbox 3097 5206 3760 5299; x_wconf 61' lang='lat' dir='ltr'>subveniendo,Domi_nO.!</span> 
     </span>
    </p>
   </div>
   <div class='ocr_carea' id='block_1_116' title="bbox 2194 5294 3758 5388">
    <p class='ocr_par' dir='ltr' id='par_1_116' title="bbox 2194 5294 3758 5388">
     <span class='ocr_line' id='line_1_116' title="bbox 2194 5294 3758 5388; baseline -0.013 -17"><span class='ocrx_word' id='word_1_737' title='bbox 2194 5294 2309 5388; x_wconf 77' lang='lat' dir='ltr'>quo</span> <span class='ocrx_word' id='word_1_738' title='bbox 2337 5312 2482 5369; x_wconf 91' lang='lat' dir='ltr'>illud</span> <span class='ocrx_word' id='word_1_739' title='bbox 2515 5308 2875 5385; x_wconf 89' lang='lat' dir='ltr'>percepistis,</span> <span class='ocrx_word' id='word_1_740' title='bbox 2904 5310 3212 5367; x_wconf 86' lang='lat' dir='ltr'>reoorteris</span> <span class='ocrx_word' id='word_1_741' title='bbox 3240 5326 3374 5367; x_wconf 85' lang='lat' dir='ltr'>cum</span> <span class='ocrx_word' id='word_1_742' title='bbox 3403 5298 3626 5362; x_wconf 82' lang='lat' dir='ltr'>lucro.Et</span> <span class='ocrx_word' id='word_1_743' title='bbox 3646 5294 3758 5388; x_wconf 39' lang='lat' dir='ltr'>bal-1&#39;0</span> 
     </span>
    </p>
   </div>
   <div class='ocr_carea' id='block_1_117' title="bbox 2192 5377 3762 5476">
    <p class='ocr_par' dir='ltr' id='par_1_117' title="bbox 2192 5377 3762 5476">
     <span class='ocr_line' id='line_1_117' title="bbox 2192 5377 3762 5476; baseline -0.012 -15"><span class='ocrx_word' id='word_1_744' title='bbox 2192 5377 2615 5460; x_wconf 59' lang='lat' dir='ltr'>observationis</span> <span class='ocrx_word' id='word_1_745' title='bbox 2645 5396 2910 5473; x_wconf 86' lang='lat' dir='ltr'>regulam</span> <span class='ocrx_word' id='word_1_746' title='bbox 2940 5401 3100 5457; x_wconf 91' lang='lat' dir='ltr'>omni</span> <span class='ocrx_word' id='word_1_747' title='bbox 3130 5398 3245 5457; x_wconf 88' lang='lat' dir='ltr'>nisi</span> <span class='ocrx_word' id='word_1_748' title='bbox 3274 5396 3504 5472; x_wconf 87' lang='lat' dir='ltr'>implere</span> <span class='ocrx_word' id='word_1_749' title='bbox 3528 5377 3762 5476; x_wconf 33' lang='lat' dir='ltr'>contend?</span> 
     </span>
    </p>
   </div>
   <div class='ocr_carea' id='block_1_118' title="bbox 2193 5480 3759 5572">
    <p class='ocr_par' dir='ltr' id='par_1_118' title="bbox 2193 5480 3759 5572">
     <span class='ocr_line' id='line_1_118' title="bbox 2193 5480 3759 5572; baseline -0.013 -18"><span class='ocrx_word' id='word_1_750' title='bbox 2193 5499 2270 5564; x_wconf 87' lang='lat' dir='ltr'>te,</span> <span class='ocrx_word' id='word_1_751' title='bbox 2302 5498 2369 5551; x_wconf 90' lang='lat' dir='ltr'>ut</span> <span class='ocrx_word' id='word_1_752' title='bbox 2395 5492 2538 5549; x_wconf 89' lang='lat' dir='ltr'>dum</span> <span class='ocrx_word' id='word_1_753' title='bbox 2567 5490 2629 5547; x_wconf 90' lang='lat' dir='ltr'>in</span> <span class='ocrx_word' id='word_1_754' title='bbox 2658 5489 2827 5547; x_wconf 83' lang='lat' dir='ltr'>activi</span> <span class='ocrx_word' id='word_1_755' title='bbox 2853 5486 3071 5549; x_wconf 90' lang='lat' dir='ltr'>laboris</span> <span class='ocrx_word' id='word_1_756' title='bbox 3113 5488 3306 5548; x_wconf 90' lang='lat' dir='ltr'>studio</span> <span class='ocrx_word' id='word_1_757' title='bbox 3354 5486 3499 5545; x_wconf 86' lang='lat' dir='ltr'>diem</span> <span class='ocrx_word' id='word_1_758' title='bbox 3523 5480 3759 5572; x_wconf 57' lang='lat' dir='ltr'>consum}:</span> 
     </span>
    </p>
   </div>
   <div class='ocr_carea' id='block_1_119' title="bbox 2192 5552 3757 5660">
    <p class='ocr_par' dir='ltr' id='par_1_119' title="bbox 2192 5552 3757 5660">
     <span class='ocr_line' id='line_1_119' title="bbox 2192 5552 3757 5660; baseline -0.017 -15"><span class='ocrx_word' id='word_1_759' title='bbox 2192 5552 2357 5655; x_wconf 78' lang='lat' dir='ltr'>tis,in</span> <span class='ocrx_word' id='word_1_760' title='bbox 2389 5598 2566 5642; x_wconf 87' lang='lat' dir='ltr'>usum</span> <span class='ocrx_word' id='word_1_761' title='bbox 2596 5580 2804 5657; x_wconf 66' lang='lat' dir='ltr'>quietes</span> <span class='ocrx_word' id='word_1_762' title='bbox 2835 5577 3345 5660; x_wconf 79' lang='lat' dir='ltr'>contemplationis</span> <span class='ocrx_word' id='word_1_763' title='bbox 3391 5591 3487 5654; x_wconf 81' lang='lat' dir='ltr'>per</span> <span class='ocrx_word' id='word_1_764' title='bbox 3532 5552 3757 5628; x_wconf 69' lang='lat' dir='ltr'>orationi!</span> 
     </span>
    </p>
   </div>
  </div>
