4026 6184
210 326 370 390 1161
1709 330 1852 393 EPll

1976 330 2136 391 ιω.
2480 332 2485 387 ;
3460 330 3626 397 MSS

212 459 559 516 instantiam
575 464 742 517 nocte
758 461 1092 519 resumatis.
1109 463 1389 536 Itemque,
1406 465 1682 521 redeunte
1697 481 1869 523 mane
1896 465 1952 531 Α
1981 480 2044 519 se
2073 461 2231 519 velut
2261 460 2564 535 speculum
2594 460 2942 533 inspiciendi
2972 460 3247 520 omnibus
3292 462 3532 535 prebet,
3562 464 3625 519 in

208 540 492 615 diluculo,
545 549 891 623 priusquam
942 552 1247 625 quidpiam
1306 552 1498 625 operis
1545 553 1859 627 incipiatis,
1918 564 1922 567 ·
1974 570 2090 625 qua
2119 553 2265 608 ﬁdes
2296 551 2764 624 patriarcharum
2794 550 2997 623 fulget,
3031 568 3166 623 spes
3207 551 3625 624 prophetarum

204 638 443 695 lectioni
471 638 681 695 divinae
731 656 969 713 operam
1003 641 1173 711 detis,
1205 647 1495 714 quatenus
1525 642 1641 713 his,
1669 642 1863 699 lectio-
1972 641 2262 714 splendet,
2282 641 2538 696 charitas
2551 640 2951 713 apostolorum
2967 640 3412 713 supereminens
3425 639 3624 714 pollet,

205 728 302 784 nis
330 727 597 793 videlicet
625 729 685 784 in
713 732 1191 797 mane,orationis
1220 730 1279 787 in
1312 749 1567 804 vespere,
1598 733 1863 789 vicissim
1974 747 2041 786 ac
2072 748 2175 803 per
2205 730 2314 786 hoc
2347 731 2460 786 Deo
2494 728 2811 787 auxiliante
2832 746 2967 786 cum
2987 728 3168 793 David
3198 727 3427 786 fortiter
3444 728 3628 787 vindi-

198 816 424 874 studiis
453 817 846 886 exercitati,ea
873 836 1002 892 quae
1036 820 1096 875 in
1140 821 1332 877 medio
1384 822 1703 877 actualium
1734 838 1866 894 ope-
1974 819 2121 875 catis
2152 836 2351 893 regna,
2383 823 2441 875 et
2469 836 2605 875 cum
2653 818 2961 891 Salomone
3008 818 3247 891 paciﬁca
3284 818 3626 892 gubernatis

147 919 174 947 ⁸
202 923 342 963 rum
376 907 611 979 negotia
636 909 1034 978 versantur,in
1067 909 1160 966 die
1182 908 1652 982 .puriori,mentis
1674 910 1861 980 oculo,
1972 908 2239 981 imperia.
2273 909 2436 975 Quod
2468 907 2539 974 si,
2574 908 2766 964 adhuc
2808 908 2869 964 in
2920 907 3227 982 prasentis
3270 907 3470 965 seaculi
3494 905 3624 965 salo

204 995 440 1051 Christo
472 995 728 1068 auspice;
758 997 999 1054 valeatis
1028 998 1377 1060 discernere.
1975 998 2348 1065 ﬂuctuantes,
2379 997 2573 1053 varios
2601 996 2891 1054 bellorum
2921 1000 3166 1054 eventus
3208 995 3627 1065 sustinetis,.et

278 1085 353 1141 At
375 1084 516 1157 quia
548 1102 664 1141 non
693 1090 786 1142 est
806 1086 865 1142 in
887 1086 1127 1143 homine
1155 1087 1248 1145 via
1273 1089 1530 1161 ejus,sed
1555 1108 1588 1146 a
1617 1090 1864 1148 Domino
1963 1088 2137 1160 juxta
2160 1086 2306 1142 illud
2338 1086 2516 1143 Jacob
2544 1086 2887 1160 patriarchae
2915 1085 3228 1144 videantur
3253 1103 3356 1145 vos
3385 1101 3626 1159 exaspe-

202 1173 550 1246 diriguntur
577 1190 814 1246 gressus
844 1176 993 1247 ejus,
1027 1176 1152 1249 ipse
1185 1178 1425 1234 assidua
1454 1195 1624 1251 prece
1661 1181 1735 1236 ad
1766 1197 1867 1236 cor
1972 1193 2102 1232 rare
2159 1180 2218 1232 et
2266 1176 2518 1249 jurgari,
2581 1175 2998 1249 invideantque
3064 1175 3352 1235 habentes
3400 1174 3622 1247 jacula,

196 1263 584 1337 signandum,
608 1267 667 1319 et
697 1265 769 1321 ad
792 1281 1033 1337 gressus
1063 1257 1307 1339 operu‘m
1356 1267 1727 1342 dirigendum
1769 1274 1861 1325 est
1972 1266 2204 1322 venient
2235 1270 2432 1321 autem
2467 1265 2594 1322 dies
2640 1266 2698 1321 in
2731 1265 2967 1337 quibus,
3014 1265 3490 1337 juxtacumdem
3522 1278 3624 1338 pa-

196 1352 565 1420 invitandus,
596 1354 769 1425 quiin
789 1355 1040 1410 Canticis
1081 1355 1696 1430 Canticorumsponsaz
1719 1375 1861 1426 sum,
1971 1354 2317 1423 triarcham,
2345 1355 2547 1411 sedebit
2560 1356 2621 1410 in
2642 1354 2862 1426 [ονιὶρὰ
2891 1358 2981 1412 est
3010 1354 3071 1411 in
3092 1355 3398 1427 Deo,arcus
3413 1358 3625 1430 vester.

196 1447 421 1499 sancta:
450 1442 719 1499 videlicet
749 1443 983 1514 animae,
1014 1442 1302 1502 hortando
1345 1447 1624 1519 dignatus
1654 1453 1744 1503 est
1771 1447 1861 1503 di-
1968 1452 2023 1499 et
2061 1443 2323 1500 dissoluta
2370 1447 2543 1500 erunt
2587 1445 2812 1500 vincula
2848 1444 3209 1501 brachiorum
3246 1451 3308 1501 et
3350 1459 3626 1517 manuum

194 1548 331 1587 cere
366 1537 564 1588 :Pone
593 1549 679 1588 me
726 1541 787 1589 ut
831 1534 1183 1603 signaculum
1230 1553 1395 1608 super
1441 1553 1532 1592 cor
1577 1546 1753 1604 tuum,
1803 1546 1868 1594 ut
1970 1531 2206 1588 illorum
2230 1549 2330 1605 per
2353 1549 2549 1589 mnus
2574 1540 2812 1605 potentes
2838 1534 3020 1604 Iacob.
3044 1533 3192 1600 Quia
3221 1533 3492 1606 quamvis
3523 1547 3627 1604 per

195 1622 552 1691 signaculum
579 1638 742 1694 super
788 1623 1073 1680 brachium
1112 1632 1288 1691 tuum,
1338 1630 1403 1680 ut
1450 1625 1717 1682 videlicet
1761 1642 1866 1699 per
1971 1621 2131 1677 orbis
2160 1627 2448 1678 terrarum
2481 1622 2674 1695 spatia
2711 1623 2839 1693 jam
2886 1638 3054 1691 nunc
3112 1620 3400 1696 triumphi
3449 1618 3626 1677 vestri

191 1710 398 1767 cordis
426 1710 840 1785 cogitationem
861 1712 1024 1768 intus
1039 1713 1394 1771 sitcharitas
1424 1716 1495 1771 de
1525 1716 1698 1771 corde
1717 1732 1863 1787 puro
1972 1710 2188 1783 ubique
2209 1710 2556 1782 prmdicetur
2585 1710 2844 1780 victoria,
2868 1714 3127 1769 attamen
3160 1710 3431 1783 perfecta:
3450 1707 3624 1782 .pacis

196 1804 263 1855 et
291 1799 648 1901 conscientia
676 1801 832 1857 bona
862 1806 919 1857 et
947 1802 1061 1858 ﬁdc
1088 1819 1203 1901 non
1236 1804 1457 1871 ﬁcta,et
1489 1803 1629 1861 foris
1657 1806 1860 1861 eadem
1892 1837 1939 1901 Β
1970 1799 2122 1855 dono
2153 1798 2392 1901 uberius
2420 1799 2712 1901 habebitis
2736 1799 2986 1900 ⁸ιδθνίέειζὶ,
3014 1800 3252 1901 quando
3278 1797 3619 1901 subiugatis

194 1888 399 1944 cordis
431 1889 660 1945 devotio
709 1894 1070 1946 monstretur
1114 1891 1173 1946 in
1213 1893 1616 1963 proximorum
1648 1895 1858 1949 conde-
1892 1887 1938 1901 "
1970 1894 2183 1945 sanctae
2214 1888 2482 1946 Ecclesia:
2524 1889 2785 1946 inimicis
2833 1906 2969 1946 cum
3006 1889 3233 1963 .populo
3280 1888 3385 1947 Dei
3404 1887 3620 1946 audire

190 1977 508 2034 scansione
538 1994 642 2051 per
672 1979 888 2039 bonam
920 1980 1411 2054 operationem,ut
1441 2000 1511 2038 ex
1532 1983 1702 2039 bonis
1732 2000 1861 2056 ope-

184 2067 360 2122 ribus
390 2082 490 2123 vos
520 2067 959 2129 considerantes
981 2068 1312 2142 gloriﬁcent
1335 2071 1563 2127 Patrem
1593 2078 1854 2128 vestrum

195 2156 262 2210 in
294 2153 478 2211 oculis.

262 2245 635 2315 Hnjusmodi,
671 2251 875 2318 pastor
908 2248 1672 2323 amantissime,signaculis
1693 2251 1855 2307 intus

186 2333 388 2400 cordis
421 2335 804 2408 cogitationes
849 2354 915 2395 ac
945 2337 1163 2395 deforis
1211 2339 1584 2397 brachiorum
1636 2345 1853 2397 vestro-

185 2436 325 2475 rum
360 2437 535 2492 opera
558 2423 782 2494 jugiter
811 2423 1058 2496 signate,
1087 2429 1378 2498 quatenus
1430 2428 1601 2482 corde
1649 2435 1699 2483 cl
1734 2445 1855 2483 cor-

181 2526 351 2581 pore,
383 2510 541 2566 velut
568 2528 670 2568 vas
699 2511 1003 2571 electionis
1033 2516 1383 2573 mandatum
1435 2521 1613 2589 atque
1663 2518 1852 2589 signa-

185 2605 342 2667 tum,
377 2597 523 2655 illud
554 2601 925 2663 Zorobabelis
975 2604 1047 2659 ad
1074 2622 1180 2663 vos
1226 2622 1260 2660 a
1289 2605 1538 2662 Domino
1569 2605 1857 2679 dirigatur

184 2688 559 2760 promissum
594 2706 606 2744 :
640 2692 920 2755 Assumam
965 2701 1033 2758 te,
1087 2710 1236 2751 serve
1267 2711 1435 2760 meus,
1486 2696 1540 2751 et
1574 2712 1775 2767 ponam
1806 2700 1856 2751 te

190 2779 366 2848 quasi
388 2779 758 2849 signaculum,
793 2784 924 2853 quia
952 2782 1095 2853 elegi
1123 2791 1190 2849 te,
1224 2783 1359 2839 dicit
1386 2784 1664 2841 Dominus.

270 2865 489 2927 Verum
523 2868 803 2939 quoniam
837 2886 870 2924 a
913 2869 1065 2925 bono
1116 2871 1277 2942 pacis
1327 2871 1500 2943 accpit
1548 2872 1851 2928 exordium

184 2959 416 3011 nostra:
450 2956 823 3024 narrationis,
854 2956 997 3017 libet
1047 2958 1107 3013 in
1138 2960 1401 3031 ejusdem
1433 2977 1854 3017 commemora-

181 3045 358 3100 tione
388 3045 564 3102 ﬁnem
614 3046 871 3103 sermoni
918 3047 1239 3121 imponere.
1289 3050 1476 3121 Igitur
1519 3049 1585 3105 si.
1631 3050 1853 3107 nomini

178 3138 386 3190 vestro
412 3136 554 3203 Jero,
584 3136 773 3193 Solem
793 3137 1083 3210 jungatur
1127 3137 1323 3205 dictio,
1357 3138 1642 3196 visionem
1689 3139 1849 3211 pacis

182 3223 454 3279 indicare
509 3199 739 3281 videtur
793 3199 1016 3299 absque
1047 3226 1246 3293 dubio,
1303 3199 1420 3287 una
1467 3199 1751 3285 duntaxat
1792 3199 1924 3284 ~03C

181 3312 394 3369 littera
418 3313 492 3369 ob
521 3318 740 3369 certam
774 3314 981 3371 futurae
1016 3331 1238 3374 coronae
1270 3315 1761 3388 signiﬁcationem
1792 3317 1852 3372 in

183 3402 392 3459 medio
424 3418 527 3474 pro
560 3402 603 3458 U
636 3402 847 3475 posita,
895 3408 960 3461 ut
1004 3420 1072 3467 ex
1112 3404 1222 3461 hoc
1279 3404 1502 3477 liquido
1543 3406 1854 3479 colligatur

181 3490 413 3565 quia,si
444 3492 726 3550 sanctitas
748 3494 1021 3561 .vestralin
1043 3494 1152 3550 hac
1182 3494 1442 3550 convalle
1462 3494 1851 3568 lacrymarum

162 3597 298 3654 pro
330 3597 471 3652 pace
503 3584 561 3638 et
589 3582 812 3638 unitate
843 3582 1140 3639 catholicae
1173 3584 1378 3640 matris
1407 3583 1677 3645 Ecclesia:
1699 3584 1854 3641 solli-

176 3671 303 3725 cite
336 3668 718 3737 insudaverit,
749 3671 906 3729 sicut
953 3688 1111 3727 nunc
1144 3673 1305 3745 pacis
1346 3673 1734 3745 participatur
1761 3691 1854 3729 vo—

175 3758 419 3827 cabulo,
452 3759 534 3815 ita
561 3760 829 3832 ejusdem
861 3760 1217 3834 quandoque
1267 3761 1490 3818 visione
1523 3763 1856 3834 perfruatur

180 3865 247 3903 ιη
290 3863 555 3920 praemio.

788 3937 1130 3995 EPISTULA
1160 3939 1256 3995 III.

539 4043 615 4082 AD
647 4044 966 4085 HEINRICUM
996 4044 1035 4083 ll
1067 4045 1500 4087 IMPERATOREM.

183 4114 445 4189 Celebrat
484 4115 601 4187 ejus
650 4117 897 4183 virtutes,
939 4118 1256 4188 gratiasque
1298 4120 1353 4173 ei
1376 4135 1476 4189 pro
1521 4118 1716 4174 collata
1748 4120 1859 4175 sibi

262 4188 462 4257 Augiae
486 4189 826 4260 praefectura
855 4190 996 4258 agit,
1025 4205 1090 4244 ac
1133 4190 1263 4246 taeta
1293 4188 1479 4246 ominia
1504 4198 1781 4261 precatur.

265 4292 518 4350 Domino
562 4310 694 4361 suo,
742 4292 1083 4351 Christianae
1133 4293 1434 4366 religionis
1483 4297 1857 4369 propagatori

184 4382 542 4452 orthodoxo,
576 4382 856 4441 Herumco
886 4382 1225 4456 imperatori
1280 4389 1553 4457 augusto,
1605 4400 1710 4441 nec
1741 4402 1855 4442 non

186 4476 490 4528 terrarum
523 4471 820 4545 marisque
849 4472 1431 4541 domino,honoriﬁce
1462 4490 1497 4528 a
1525 4474 1642 4530 Deo
1675 4474 1856 4531 subli-

1965 1979 2211 2050 potestis
2244 1994 2258 2035 :
2293 1980 2556 2036 Bominus
2580 1978 2853 2051 pugnabit
2882 1995 2988 2050 pro
3017 1979 3190 2051 vobis,
3222 1994 3314 2035 vos
3345 1977 3619 2051 iacebitis.

1966 2068 2035 2122 Et
2091 2066 2192 2123 illa
2246 2067 2463 2141 Joseph
2526 2068 2852 2124 benedictio
2913 2068 2987 2131 ad
3038 2084 3141 2125 vos
3158 2067 3476 2141 dirigetur,
3507 2082 3619 2139 qua

1966 2157 2179 2212 dicitur
2206 2175 2225 2211 :
2256 2162 2401 2213 Deus
2428 2159 2611 2228 patris
2662 2158 2745 2213 tui
2798 2158 2905 2213 erit
2934 2156 3171 2228 ,adjutor
3195 2156 3621 2231 tuus,et.0mni-

1961 2254 2151 2316 potens
2182 2246 2456 2302 benedicet
2484 2247 2606 2301 tibi.
2639 2247 2804 2301 Tunc
2832 2244 3030 2313 etiam,
3074 2246 3247 2317 juxta
3273 2244 3617 2313 vaticinium

1966 2334 2148 2401 Isaiae,
2180 2334 2481 2407 quiescere
2513 2330 2684 2390 faciet
2733 2334 3018 2403 Dominus
3046 2333 3386 2407 superbiam
3412 2332 3620 2389 inﬁde-

1964 2422 2132 2491 lium,
2163 2428 2218 2478 et
2236 2423 2634 2496 arrogantium
2663 2423 2903 2479 fortium
2935 2421 3353 2497 humiliabit,et
3374 2416 3632 2495 pascen:

1964 2515 2060 2567 tur
2087 2512 2459 2586 primogeniti
2491 2529 2840 2584 pauperum,
2873 2516 2930 2568 et
2958 2527 3247 2585 pauperes
3269 2510 3621 2570 ﬁducielimr

1964 2605 2158 2674 agent.
2192 2602 2343 2667 Quin
2388 2606 2446 2657 et
2473 2600 2569 2656 ille
2602 2602 2721 2657 Rex
2758 2601 2829 2657 de
2877 2616 2993 2673 quo
3040 2600 3317 2657 Salomon
3349 2599 3431 2656 ait
3463 2600 3622 2673 :Qui

1963 2690 2109 2745 sedet
2135 2691 2196 2745 in
2224 2690 2363 2746 solio
2385 2689 2612 2761 judicii,
2648 2696 2700 2745 et
2725 2689 2959 2760 dissipat
2983 2704 3141 2745 0mm
3163 2688 3376 2744 malum
3404 2688 3618 2744 intuitu

1962 2795 2080 2850 suo,
2114 2782 2538 2849 consequenter
2587 2794 2855 2850 supernis
2904 2774 3298 2847 miserationis
3328 2778 3615 2848 .respectu

1965 2884 2065 2923 vos
2094 2866 2440 2934 intuebitur,
2472 2869 2668 2939 atque,
2704 2864 3383 2938 tranquillatemporum
3413 2864 3611 2937 quiete

1965 2973 2262 3022 concessa,
2296 2972 2573 3012 coronare
2605 2955 2947 3028 dignabitur
2968 2953 3481 3029 justitiacorona.

2038 3046 2192 3102 Inter
2237 3045 2358 3101 haec
2388 3062 2495 3118 ego
2526 3061 2761 3116 quoque
2792 3043 3038 3117 humilis
3067 3043 3244 3101 vestri
3271 3042 3613 3112 clientulus,
3683 3080 3687 3085 ς

1964 3152 2080 3191 non
2112 3135 2424 3190 immemor
2453 3132 2870 3190 beneﬁciorum
2884 3132 3100 3206 quibus
3132 3132 3385 3200 me,licet
3406 3131 3615 3189 imme-

1963 3223 2241 3291 ritum,de
2272 3222 2635 3296 paupertatis
2680 3227 2933 3280 stercore
2976 3220 3245 3278 voluistis
3286 3220 3529 3294 erigere,
3560 3224 3619 3277 et

1962 3329 2096 3369 cum
2129 3312 2494 3384 principibus
2543 3311 2765 3385 populi,
2798 3311 2916 3369 Deo
2944 3315 3206 3378 auctore,
3248 3310 3308 3366 in
3358 3310 3613 3384 quadam

1962 3401 2264 3475 dignitatis
2312 3402 2450 3458 sede
2500 3402 2802 3471 collocare,
2836 3418 3001 3467 cum.
3024 3400 3186 3459 omni
3216 3416 3409 3475 grege
3464 3398 3615 3459 mihi

1963 3491 2181 3546 credito
2212 3494 2395 3547 totam
2419 3507 2584 3564 spem
2606 3507 2798 3547 meam
2820 3490 2922 3546 diu
2940 3494 3240 3563 noctuque
3260 3488 3318 3545 in
3341 3488 3616 3561 precibus

1964 3580 2036 3636 ad
2068 3579 2253 3637 Deum
2285 3580 2487 3647 funbo,
2540 3585 2831 3651 quatenus
2876 3580 3181 3652 praesentis
3210 3578 3345 3638 vite
3376 3593 3615 3651 prospe-

1964 3670 2107 3725 ritas
2138 3670 2391 3726 arrideat
2418 3669 2491 3726 ad
2510 3671 2946 3737 votum,t‘uturae
2968 3667 3349 3727 beatitudinis
3371 3666 3616 3733 {felicitas

1962 3759 2128 3815 vobis
2154 3760 2322 3815 cedat
2350 3759 2409 3813 in
2440 3759 2766 3831 praemium.

2034 3848 2115 3904 Dc
2145 3847 2390 3921 paciﬁca
2447 3847 2680 3920 imperii
2710 3850 2889 3916 statu,
2938 3848 3010 3905 de
3064 3846 3225 3905 vario
3282 3846 3617 3920 procinctus

1965 3942 2259 4007 eventu,et
2288 3938 2441 4009 quod
2475 3936 2570 3993 his
2598 3936 2876 3993 omnibus
2908 3937 3102 4008 majus
3132 3937 3327 4002 est,de
3354 3936 3619 4010 corporis

1965 4027 2289 4098 animmque
2318 4030 2521 4082 vestrae
2552 4022 2872 4097 salute,per
2890 4024 3271 4097 praesentium
3288 4022 3617 4083 litterarum

1965 4116 2307 4188 portitorem
2333 4131 2442 4170 nos
2473 4115 3106 4185 certiﬁcate,quatenus
3134 4111 3619 4187 omniumhom-

1966 4221 2099 4261 rum
2129 4203 2388 4276 largitori
2430 4202 2754 4276 gratiarum
2797 4202 3055 4259 actiones
3103 4201 3426 4259 referamus
3470 4198 3617 4269 ,lati.

1964 4292 2306 4367 Augustalis
2354 4292 2587 4365 imperii
2646 4291 2822 4348 vestri
2885 4289 3223 4348 sublimitas
3277 4305 3381 4362 per
3432 4286 3626 4351 multa

1968 4400 2256 4440 annorum
2281 4380 2573 4438 curricula
2616 4381 2713 4437 hic
2741 4378 3215 4453 beneAregnando
3239 4379 3525 4451 proﬁciat,
3552 4382 3626 4437 .ut

1967 4477 2101 4546 post
2130 4472 2192 4528 in
2224 4470 2481 4545 paradisi
2537 4470 2873 4527 amcenitate
2903 4485 3145 4543 operum
3176 4484 3423 4526 suorum
3464 4467 3624 4525 fruc-

188 4563 358 4617 mato
393 4564 572 4632 atque
603 4565 898 4628 coronato,
927 4561 1132 4629 Euam,
1157 4578 1401 4618 suorum
1420 4562 1648 4618 meritis
1674 4568 1936 4640 extre-vf)
1970 4568 2094 4619 tum
2123 4561 2371 4618 dulciter
2400 4565 2624 4634 carpat.
2652 4557 2813 4616 Vale.

190 4665 359 4716 mus,
412 4648 759 4705 humillimae
811 4648 1137 4708 devotionis
1166 4649 1454 4723 obsequia
1485 4667 1619 4707 cum
1651 4652 1859 4708 oratio-

190 4754 347 4793 num
374 4737 676 4795 instantia.

276 4826 728 4884 Jureimmenso
751 4828 1150 4901 cordisjubilo
1170 4834 1366 4902 grates
1390 4831 1861 4888 rerumomnium

194 4914 599 4988 persolvimus
628 4916 1029 4991 Domino,qui,
1053 4917 1114 4975 in
1156 4919 1399 4974 modum
1422 4917 1660 4975 excelsa
1690 4937 1863 4993 pyra-

200 5004 413 5072 midis,
446 5009 650 5062 vestra:
680 5005 983 5078 dignitatis
1037 5007 1537 5080 magniﬁcentiam
1576 5008 1865 5069 universis

203 5092 672 5165 superexcellere
710 5094 879 5152 fecitr
896 5096 1229 5169 eguis.0uaa
1241 5113 1355 5152 non
1370 5096 1662 5153 immerito
1683 5097 1865 5170 hujus

196 5180 592 5254 pulcherrimi
621 5183 940 5242 schematis
959 5185 1152 5242 decori
1187 5186 1509 5259 comparari
1542 5203 1714 5259 posse
1745 5205 1870 5246 cre-

190 5269 533 5336 ditur,cum
562 5270 761 5346 gloria:
782 5276 984 5333 vestrae
1001 5273 1161 5330 fama
1181 5291 1359 5347 super
1388 5278 1630 5345 cunctos
1652 5276 1868 5350 ubique

195 5359 474 5433 gentium
489 5360 953 5423 dominantesita
974 5362 1182 5421 excelsi
1197 5363 1867 5424 verticissublimitatem

190 5446 538 5509 extollendo
563 5451 837 5519 emineat,
872 5457 937 5507 ut
981 5451 1044 5511 in
1076 5451 1167 5509 sui
1208 5452 1658 5511 admirationem
1691 5472 1864 5512 cunc-

195 5538 403 5595 torum
454 5546 729 5611 aspectus
772 5540 1007 5598 alliciat.
1063 5542 1122 5597 In
1166 5546 1373 5598 vestrm
1404 5543 1618 5599 etenim
1653 5547 1866 5604 mentis

200 5627 955 5705 arcempmnigenerarum
985 5631 1270 5689 virtutum
1311 5630 1444 5690 idea
1466 5634 1864 5707 conscendens

537 5754 801 5841 Parnm.
848 5756 1086 5847 CXLII,

2555 4666 2908 4723 EPISTOLA
2937 4665 3030 4723 IV.

2328 4774 2400 4814 AD
2434 4775 2490 4813 Η.
2524 4773 2779 4813 ΔΒΒΑΤΕΜ
2820 4773 2871 4812 S.
2904 4769 3266 4814 SALVATORIS.

2043 4853 2403 4921 Profecturus
2433 4847 2525 4902 illi
2563 4845 2834 4921 valedicil,
2872 4859 3207 4921 suorumque
3235 4844 3289 4900 ei
3313 4843 3555 4914 fratrum

2432 4919 2777 4974 necessitates
2802 4914 3159 4972 commendat.

2042 5008 2252 5075 Abbati
2284 5008 2376 5074 H.,
2408 5023 2700 5081 germanae
2732 5004 3036 5061 charitatis
3050 5004 3261 5060 all'ectu
3285 5000 3625 5061 dulcissime

1971 5100 2305 5171 conjuncto,
2364 5098 2427 5165 Β,
2461 5095 2773 5175 dimidium
2804 5094 3014 5151 animae
3062 5110 3202 5163 suae,
3253 5092 3511 5166 seipsum
3562 5089 3624 5147 in

1977 5188 2136 5246 omni
2159 5188 2293 5244 ﬁde.

2048 5278 2195 5346 Quia
2222 5278 2294 5333 ab
2317 5276 2463 5349 ipsis
2491 5274 2908 5349 peneinfautiae
2928 5272 3223 5348 vagitibus
3243 5271 3420 5329 chara
3434 5268 3632 5343 amici-

1974 5368 2069 5423 tiae
2098 5367 2393 5424 soliditate
2425 5366 2484 5421 in
2515 5381 2699 5421 unum
2731 5365 3039 5438 quoddam
3055 5360 3474 5433 concrevimus,
3489 5376 3629 5418 con-

1977 5457 2245 5530 sequitur
2293 5459 2360 5511 ut
2387 5456 2568 5512 decus
2616 5453 2724 5510 hoc
2757 5453 2974 5511 sociale
2990 5454 3082 5511 .sit
3119 5454 3272 5510 inter
3298 5468 3408 5509 nos
3437 5451 3631 5507 ineno-

1975 5547 2190 5603 dabile.
2222 5546 2317 5603 Sic
2360 5543 2516 5601 enim
2564 5561 2664 5600 cor
2714 5562 2898 5601 unum
2949 5549 3007 5602 et
3036 5543 3301 5601 animam
3349 5556 3530 5597 unam
3569 5537 3628 5593 in

1973 5636 2203 5698 Christo
2263 5634 2480 5694 habere
2538 5632 2884 5710 valebimus,
2944 5635 2994 5694 si
3038 5635 3209 5709 juxta
3258 5628 3630 5704 Apostolum,

3225 5758 3307 5847 δῖ

3588 5834 3631 5853 να
