4026 6184
519 305 684 368 1163

1602 297 1995 362 BERNONIS
2038 298 2366 360 ABBATIS
2407 298 2844 362 AUGIENSIS.

3673 305 3789 366 ΗΜ

525 433 673 491 alter
701 433 940 490 alterius
971 451 1146 490 onera
1173 429 1496 506 portam'us.
1551 433 1698 506 Ergo
1739 432 2019 506 longioris
2049 431 2170 500 viae,
2201 433 2257 500 Α
2287 450 2442 488 nunc
2476 451 2607 488 cum
2639 432 2824 512 Maria
2850 431 3130 506 optimam
3161 437 3370 505 partem
3399 431 3577 489 habere
3598 435 3787 493 valeatln

523 527 590 580 ut
618 523 764 578 bene
793 523 971 592 nosti,
1002 524 1112 578 iter
1139 527 1503 596 arrepturus,
1537 539 1706 594 agere
1749 521 1892 594 ccepi
1925 521 2176 594 qualiter

525 629 630 669 nec
659 615 723 668 tu
755 629 1091 669 remaneres
1121 631 1154 668 a
1185 629 1278 668 me
1311 611 1798 679 insalutatus,nec
1817 628 1922 684 ego
1955 610 2175 666 abirem

523 720 558 758 a
588 706 643 758 te
671 701 1008 758 indonatus.
1048 703 1413 775 Quapropter
1463 701 1656 774 accipe
1705 701 1812 756 has
1866 700 2172 768 litterulas,

524 791 646 848 vice
685 789 853 846 amici
909 791 1182 858 directas,
1242 809 1367 864 quae
1427 795 1484 846 ct.
1531 789 1902 846 salutationis
1960 807 2028 844 ex
2085 806 2177 844 me

528 879 787 936 ofﬁcium
817 881 1104 953 expleant,
1153 886 1208 936 et
1265 879 1406 936 mihi
1458 879 1516 935 in
1579 883 1752 934 tanta:
1812 879 2178 934 necessitatis

531 969 774 1027 articulo
805 971 1122 1029 constituto
1155 988 1495 1028 succurrere
1524 975 1578 1024 te
1601 969 2024 1025 commonitum
2056 970 2180 1024 red-

531 1060 838 1116 dantznon
861 1077 976 1133 quo
1005 1077 1163 1116 nunc
1177 1061 1411 1116 demum
1438 1059 1783 1115 beneficium
1801 1060 2013 1131 jungat
2032 1075 2180 1130 quos

525 1149 652 1222 jam
683 1149 820 1206 olim
851 1151 1236 1206 beneﬁcentia
1263 1149 1651 1222 copulaverat,
1685 1149 1810 1214 sed,
1835 1151 2005 1219 juxta
2033 1147 2177 1202 illud

531 1237 819 1311 Apostoli,
853 1256 921 1295 ex
945 1239 1277 1312 aequalitate
1309 1243 1502 1294 vestra
1530 1238 1888 1294 abundantia
1918 1241 2179 1292 nostram

532 1326 802 1400 suppleat
830 1329 1110 1401 inopiam,
1144 1331 1290 1385 utet
1337 1331 1534 1384 nostra
1574 1327 1932 1383 abundantia
1975 1329 2178 1382 vestrae

533 1416 791 1488 (quando
822 1417 1119 1472 attamen?
1147 1417 1253 1472 etsi
1301 1418 1381 1472 ita
1429 1416 1726 1488 loquimur
1750 1435 1763 1483 ;
1787 1415 1993 1478 clvites
2023 1414 2178 1470 enim

532 1504 697 1577 estis)
729 1505 937 1578 inopiae
971 1505 1048 1560 sit
1093 1505 1588 1577 supplementum.
1613 1505 1906 1576 Alioquin,
1940 1509 2005 1559 ut
2037 1503 2180 1560 Tul-

532 1593 647 1650 lius
705 1593 804 1663 ait,
835 1595 1006 1650 nimis
1053 1597 1252 1666 exiguo
1307 1604 1384 1650 est
1451 1604 1500 1651 ct
1557 1596 1780 1650 aniliter
1833 1593 1903 1648 ad
1945 1594 2180 1649 calculos

532 1699 721 1740 vocare
760 1685 1087 1751 amicitiam,
1149 1692 1210 1740 ut
1261 1701 1365 1756 par
1417 1687 1489 1739 sit
1543 1686 1685 1739 ratio
1737 1691 2091 1755 acceptorum
2132 1691 2184 1739 et

531 1773 827 1840 datorum;
854 1773 1044 1843 ditior,
1071 1772 1344 1846 inquiens
1389 1774 1535 1828 mihi
1580 1781 1630 1828 et
1667 1774 1983 1844 afﬂuentior
2027 1773 2180 1828 vide—

534 1870 626 1918 tur
678 1879 790 1920 esse
861 1880 990 1918 vera
1065 1864 1333 1924 amicitia,
1414 1881 1512 1918 nec
1586 1864 1868 1918 observare
1940 1863 2184 1918 restricte

533 1969 603 2008 ne
625 1953 752 2025 plus
782 1952 1144 2025 reddatquam
1173 1953 1666 2024 acccperiLNeque
1691 1949 1844 2006 enim
1863 1951 2183 2006 verendum

515 2037 623 2097 'est
651 2058 726 2097 ne
751 2041 890 2113 quid
922 2042 1168 2108 excidat,
1202 2046 1303 2096 aut
1332 2059 1404 2097 ne
1434 2042 1573 2114 quid
1607 2041 1666 2096 in
1699 2045 1912 2096 terram
1945 2039 2180 2106 deﬂuat,

536 2134 638 2186 aut
668 2147 739 2186 ne
771 2130 905 2202 plus
937 2138 1114 2202 aequo'
1135 2131 1371 2202 quidem
1396 2131 1453 2184 in
1489 2129 1883 2201 amicitiajam
1917 2146 2184 2202 congera-

526 2216 848 2290 ‘tur.Hujus
879 2218 1060 2290 igitur
1089 2235 1315 2274 memor
1343 2219 1566 2286 dicti,in
1592 2219 1750 2273 omni
1775 2218 2042 2273 amicitia:
2066 2217 2185 2272 the-

537 2323 712 2362 sauro
741 2305 890 2362 nihil
917 2307 1395 2379 reperiens,quod
1430 2307 1576 2360 mihi
1605 2307 1840 2378 quidem
1872 2307 2183 2378 pretiosius

533 2395 782 2463 videtur,
813 2395 1104 2467 meipsum
1137 2395 1241 2450 tibi
1273 2397 1438 2450 trado
1473 2396 1530 2449 in
1555 2396 1830 2450 omnibus
1863 2414 1876 2451 :
1911 2413 2026 2468 quo
2060 2413 2185 2450 mu-

535 2501 671 2540 nere
697 2484 858 2558 (non)
889 2484 1124 2562 ambigo
1165 2489 1220 2539 te
1260 2485 1637 2556 potissimum
1688 2484 1800 2539 frui
1835 2483 2000 2550 velle,
2036 2489 2186 2540 utet

533 2588 638 2648 ego
669 2573 795 2646 pari
827 2573 997 2630 modo
1027 2577 1084 2628 te
1125 2573 1286 2628 fruar
1314 2573 1372 2628 in
1420 2573 1685 2628 Domino.
1721 2573 1880 2628 Unde
1913 2575 2066 2629 inter
2090 2591 2182 2629 sa-

533 2680 632 2719 cra
660 2663 976 2720 missarum
1009 2662 1296 2718 solemnia
1325 2661 1772 2734 orationumque
1802 2661 2104 2730 libamina,
2121 2668 2186 2719 ut

533 2769 640 2826 ego
668 2753 774 2817 tui,
809 2757 894 2820 tu,
928 2769 1086 2826 rogo,
1123 2751 1204 2808 sis
1234 2769 1461 2807 memor
1509 2751 1644 2820 mei,
1696 2753 1974 2824 omnique
2023 2753 2184 2826 gregi

535 2842 722 2897 sancti
753 2840 1068 2898 Salvatoris
1100 2840 1204 2897 tibi
1235 2841 1478 2907 credito,
1512 2857 1781 2912 congruis
1815 2841 2184 2897 salutationis

534 2931 712 2986 verbo
741 2947 811 2986 ex
836 2947 928 2986 me
952 2931 1276 3003 pramisso,
1311 2947 1426 3003 quo
1473 2930 1778 2986 charitatis
1823 2932 2032 2986 affectu
2081 2947 2184 3004 po-

535 3020 698 3090 teris,
733 3036 826 3076 me
857 3024 1205 3092 nostrosque
1235 3036 1438 3074 omnes
1487 3021 1898 3076 commendare
1927 3019 2181 3077 curabis.

533 3108 692 3166 Vale.
2025 3113 2028 3122 '

1138 3197 1486 3254 EPISTULA
1515 3197 1579 3255 V.

1145 3305 1212 3343 AD
1239 3303 1564 3342 AUGIENSES.

526 3379 731 3435 Statuit
776 3377 908 3449 quid
953 3393 989 3432 a
1029 3378 1144 3432 suis
1187 3393 1289 3449 pro
1341 3377 1584 3449 defuncti
1631 3377 1878 3449 [Ieinrici
1925 3379 2181 3433 monachi

849 3449 1038 3504 anima
1059 3447 1298 3518 amplius
1317 3447 1736 3518 pcrsolvendum
1763 3451 1853 3503 sit.

599 3552 953 3622 Bsauo,'Dei
984 3553 1190 3608 Matris
1241 3569 1462 3620 servus,
1515 3554 1899 3626 Augiensium
1935 3556 2179 3611 fratrum

529 3644 772 3718 collegio
801 3659 1000 3699 veram
1023 3640 1394 3697 dilectionem
1423 3641 1482 3696 in
1515 3641 1770 3698 Christo.

605 3732 803 3798 Qualis
833 3748 972 3805 erga
1002 3748 1094 3786 me
1127 3731 1185 3786 in
1235 3731 1687 3804 praecordiorum
1734 3737 2058 3790 vestrorum
2092 3752 2182 3792 se-

535 3822 708 3880 cretis
737 3821 980 3879 ati'ectus
1013 3819 1596 3888 maneat,litterarum
1627 3827 1952 3878 vestrarum
1993 3828 2184 3881 textus

539 3911 685 3977 satis
714 3909 1138 3976 intimavit.Qui
1169 3909 1572 3979 licet,mellita,
1607 3915 1672 3965 ut
1720 3910 1803 3966 sic
1833 3911 2055 3967 dictum
2087 3913 2180 3981 sit,

539 4001 848 4058 dulcedine
877 4003 1038 4055 totus
1067 3998 1424 4064 redundans,
1458 3999 1529 4054 de
1560 4005 1750 4055 vestra
1778 4002 2182 4074 prosperitate,

537 4091 772 4164 Deoque
792 4089 972 4163 digna
995 4087 1432 4144 conversatione
1463 4087 1713 4144 multum
1737 4105 1844 4145 nos
1867 4089 2186 4146 lzetiﬁcave-

535 4179 753 4254 rit,non
781 4193 990 4252 parum
1014 4176 1300 4232 mmstitize
1341 4176 1501 4232 cordi
1533 4177 1800 4250 ingessit,
1835 4180 2069 4250 quando
2098 4179 2184 4234 la-

533 4267 911 4326 mentabilem
945 4267 1142 4322 fratris
1175 4267 1356 4322 nostri
1387 4266 1637 4321 Heinrici
1688 4267 1913 4322 obitum
1956 4269 2029 4324 ad
2063 4287 2183 4326 me-

532 4358 782 4414 moriam
813 4355 1118 4422 revocavit,
1171 4371 1346 4428 quem
1381 4373 1493 4410 non
1537 4361 1655 4410 tam
1690 4361 1987 4412 mortuum
2020 4357 2182 4432 luge-

529 4462 685 4514 mus,
719 4449 919 4518 utpote
951 4461 1125 4517 quem
1159 4444 1463 4500 mortalem
1490 4445 2028 4518 seiebamus,quam
2063 4451 2180 4503 tam

527 4535 743 4601 subito,
767 4533 912 4590 heu!
947 4533 1118 4590 nobis
1165 4533 1429 4589 ablatum
1461 4533 1750 4589 dolemus.
1793 4535 2009 4590 Verum
2041 4536 2182 4608 quia
2211 4551 2255 4616 Ι)

527 4641 684 4680 nunc
714 4623 998 4697 magis,ut
1027 4623 1336 4694 cujusdam
1389 4627 1521 4678 utar
1563 4623 1776 4687 verbis,
1809 4627 2042 4696 tempus
2090 4629 2181 4681 est

525 4711 765 4770 medela:
793 4729 972 4786 quam
999 4710 1685 4784 querelae,abstergantur
1704 4711 1976 4785 lacrymis
1998 4731 2180 4786 genae,

522 4803 802 4861 abscedat
847 4801 1061 4868 luctus,
1094 4800 1279 4873 fugiat
1309 4801 1473 4856 dolor
1504 4805 1558 4856 et
1600 4802 1875 4874 gemitus.
1907 4803 1983 4858 sit
2013 4803 2182 4860 nobis

520 4896 576 4948 et
599 4891 682 4948 illi
719 4892 777 4947 in
814 4889 1114 4948 communi
1149 4889 1470 4946 consolatio
1501 4889 1736 4946 Christi.

589 4982 698 5038 Pro
735 4983 864 5054 ejus
919 4997 1054 5036 vero
1113 4978 1321 5034 animae
1379 4977 1774 5047 absolutione,
1837 4996 2177 5052 quanquam

517 5069 755 5126 solitum
785 5087 851 5127 ac
883 5071 1152 5126 humana:
1185 5069 1325 5124 sorti
1355 5067 1620 5123 debitum
1673 5085 1788 5124 non
1823 5069 2174 5127 dubitemus

513 5174 616 5214 vos
638 5159 763 5230 jam
799 5157 1120 5230 explevisse
1145 5156 1658 5228 ofﬁcium,aliquid
1689 5161 1884 5212 tamen
1907 5173 2174 5216 necessa-

513 5245 599 5302 rio
629 5247 966 5319 putavimus
1017 5247 1440 5318 adjiciendum,
1475 5245 1712 5300 omnino
1755 5263 1986 5318 {equum
2009 5248 2172 5320 judi-

2283 521 2532 578 Christo.
2556 522 2735 578 Vobis
2778 522 2970 594 itaque
3001 523 3057 577 in
3088 538 3264 577 unum
3307 523 3620 596 congregatis
3640 529 3682 579 et
3703 541 3790 582 meo

2284 611 2514 684 Spiritu,
2541 613 2790 668 fraterne
2823 629 3096 684 rogamus
3128 617 3190 667 ut
3209 612 3492 668 continuos
3509 613 3696 686 triginta
3711 615 3793 672 dies

2283 717 2490 774 compu
2503 701 2730 768 tetis,ex
2754 701 2970 773 quibus
2986 701 3180 756 nullus
3197 700 3551 756 intermitatur
3567 703 3678 773 quin
3693 703 3798 758 salu-

2286 789 2428 845 taris
2459 789 2650 845 hostia
2690 807 2794 861 pro
2826 791 3086 861 ejusdem
3119 789 3308 845 fratris
3338 790 3515 846 anima
3538 791 3797 859 immolatur,

2286 895 2421 934 cum
2452 878 2690 934 totidem
2718 878 3011 952 psalteriis
3041 883 3096 934 et
3125 878 3434 952 vigiliis,ita
3455 879 3575 933 utin
3589 879 3808 951 primadio

2286 972 2603 1041 pascantur
2633 985 2920 1040 pauperes
2949 969 3010 1037 C,
3035 967 3093 1022 in
3111 967 3279 1023 tertia
3307 968 3462 1037 CC,in
3492 968 3800 1040 septimaCCC,

2289 1057 2347 1112 in
2378 1057 2677 1113 tricesima
2707 1057 2965 1126 CCCC,ut
2996 1057 3172 1130 hujus
3193 1056 3801 1130 millenarizeperfectiouis

2289 1163 2524 1202 summa
2552 1145 2630 1200 ibi
2665 1147 2763 1202 fiat
2794 1147 3059 1202 remissio
3106 1146 3296 1219 plena,
3327 1149 3420 1202 ubi
3458 1148 3624 1202 melior
3645 1153 3703 1204 est
3731 1149 3803 1203 dir:

2286 1253 2402 1290 una
2432 1237 2488 1290 in
2520 1235 2678 1291 atriis
2707 1237 2930 1292 Domini
2954 1253 3120 1308 super
3147 1235 3512 1292 millia.Vobis
3544 1253 3653 1292 vero
3677 1237 3803 1292 fratri-

2290 1325 2400 1380 bus
2433 1324 2668 1390 nostris,
2702 1342 2805 1380 nec
2836 1343 2951 1381 non
2981 1329 3038 1380 et
3085 1325 3308 1382 clericis
3342 1343 3438 1399 per
3481 1324 3628 1382 cellas
3651 1331 3806 1382 nostras

2287 1415 2707 1482 constitutis,in
2748 1415 3099 1488 supradictis
3117 1420 3361 1488 quatuor
3379 1415 3564 1473 diebus
3580 1432 3806 1489 congruam

2289 1508 2346 1560 et
2377 1503 2816 1574 convenientem
2850 1521 2952 1576 pro
2984 1503 3286 1560 charitatis
3317 1504 3496 1561 ofﬁcio
3537 1505 3808 1562 refectionem

2290 1593 2479 1665 parari
2535 1611 2863 1650 censemus.
2894 1593 3080 1665 Hujus
3111 1593 3498 1666 dispositionis
3523 1594 3809 1650 ordinatorem

2291 1698 2355 1736 ac
2388 1681 2746 1753 provisorem
2769 1683 3072 1738 dominum
3095 1682 3456 1740 Titebaldum
3477 1701 3590 1740 esse
3609 1682 3811 1749 volumus,

2290 1771 2380 1825 cui
2414 1771 2586 1826 etiam
2621 1772 2859 1826 fratrem
2889 1771 3216 1828 Alawicum
3249 1790 3365 1828 una
3391 1790 3517 1829 cum
3533 1773 3611 1828 his
3627 1773 3701 1844 qui
3725 1772 3813 1827 foris

2292 1865 2433 1915 sunt
2461 1860 2940 1916 ministerialibus
2972 1861 3301 1933 adjutorcm
3333 1863 3661 1935 deputamus.
3683 1860 3770 1915 Val.

2879 1959 3234 2028 EPISTQLA
3257 1961 3348 2016 VI.

2711 2066 2782 2104 AD
2813 2066 3120 2105 BURCHARD
3129 2067 3210 2106 UH
3239 2067 3504 2106 ΔΒΒΛΤΕΜ.

2399 2139 2491 2193 Illi
2519 2138 2724 2194 obitum
2743 2139 2969 2194 Henrici
2997 2141 3256 2195 monachi
3275 2141 3540 2210 Augiensis
3565 2139 3751 2194 nuntiat.

2364 2225 2542 2282 Unice
2573 2227 2779 2282 dilecto
2809 2227 3006 2283 abbati
3039 2228 3410 2296 Buncxmaoo,
3433 2226 3819 2299 B.,—cuculligero—

2291 2333 2422 2370 rum
2456 2315 2680 2372 meritis
2711 2317 3365 2384 extremus,indiscrets3
3395 2319 3518 2374 ﬁdei
3546 2317 3731 2389 pignus.

2366 2405 2520 2460 Licet
2534 2404 2851 2478 apostolica
2869 2407 3086 2462 auctori
3097 2411 3216 2463 tate
3227 2407 3298 2462 de
3309 2407 3595 2464 charorum
3612 2407 3658 2461 in
3670 2404 3822 2460 Christo

2293 2495 2708 2550 dormientium
2739 2495 2949 2566 (obitu)
2981 2496 3400 2568 prohibeamur
3425 2495 3726 2559 constrirari,
3751 2493 3823 2564 pie-

2294 2585 2432 2638 tatis
2463 2588 2655 2639 tamen
2688 2585 2928 2640 alfectus
2959 2585 3030 2640 ad
3061 2585 3326 2641 dolorem
3348 2584 3544 2642 excitat
3560 2586 3736 2657 pectus.
3757 2579 3827 2634 Sed

2293 2690 2587 2746 eongruus
2603 2674 2657 2728 in
2674 2674 2980 2746 utriusque
2993 2675 3207 2730 modus
3225 2681 3314 2732 est
3324 2675 3827 2744 habendus,quatenus

2294 2763 2363 2818 dc
2395 2762 2554 2818 illata
2587 2763 2788 2818 mortis
2819 2764 3154 2819 conditione
3187 2764 3271 2820 sic
3296 2765 3471 2836 pietas
3498 2766 3641 2836 cogat
3666 2761 3831 2822 ﬂere,ut

2295 2853 2365 2908 de
2388 2853 2585 2908 futura
2603 2853 2784 2908 beatae
2809 2852 3278 2910 immortalitatis
3299 2854 3476 2926 gloria
3495 2869 3612 2924 spes
3628 2849 3831 2906 conducat

2293 2942 2365 2997 ad
2399 2943 2840 3014 gauderc.Quod
2873 2960 3029 2998 nunc
3061 2943 3132 2998 de
3167 2943 3490 2998 eharissimi
3524 2941 3686 2997 fratris
3707 2932 3831 2992 nostri

2293 3030 2544 3085 Heinrioi
2558 3031 2817 3102 corporis
2838 3030 3207 3103 depositione
3240 3032 3554 3099 necessario
3569 3028 3705 3085 nobis
3719 3041 3833 3097 agen-

2294 3121 2435 3176 dum
2469 3137 2598 3176 esse
2623 3110 3832 3193 credimus,quandoquidemlserymiseumad

2211 3179 2254 3244 Ο
2294 3227 2401 3265 nos
2440 3225 2706 3266 revocare
2736 3208 2982 3265 ulterius
3014 3226 3131 3264 non
3177 3193 3508 3283 possumus,
3541 3226 3654 3264 cum
3680 3206 3832 3276 utique.

2291 3299 2338 3354 si
2372 3298 2480 3354 hoc
2529 3299 2856 3371 prodesset,
2898 3297 3030 3354 sola:
3079 3300 3315 3356 Domini
3357 3298 3622 3372 imprimis
3663 3311 3742 3368 pro
3775 3289 3834 3346 sui

2291 3387 2598 3443 clementia
2654 3386 2921 3460 lacrymze
2996 3388 3272 3446 sufﬁcere
3330 3392 3569 3462 possent.
3626 3391 3713 3441 Pro
3761 3396 3834 3453 quo

2292 3477 2466 3534 etiam
2501 3476 2694 3533 omnis
2725 3493 2870 3548 pene
2899 3477 3108 3534 cohors
3139 3479 3404 3550 palatina
3432 3477 3594 3551 gemit
3626 3473 3835 3542 trahitque

2293 3566 2566 3640 suspiria.
2613 3567 2976 3639 Quapropter
3028 3572 3344 3641 tergentur
3396 3568 3654 3640 lacrymge,
3701 3574 3836 3636 preces

2293 3674 2396 3730 pro
2453 3656 2580 3727 ejus
2641 3655 2836 3728 requie
2895 3657 2966 3712 ad
3023 3657 3214 3712 Deum
3287 3659 3590 3713 fundantur
3642 3649 3834 3708 assidua.

2293 3748 2417 3802 Non
2451 3747 2527 3801 sit
2573 3745 2891 3802 consolatio
2943 3745 3295 3804 abscondita
3343 3748 3414 3804 ab
3461 3745 3626 3802 oculis
3659 3738 3837 3803 nostris;

2297 3837 2434 3909 quia
2463 3835 2588 3908 ipse
2619 3835 2718 3908 qui
2754 3835 2959 3890 mortis
2979 3853 3161 3892 venas
3183 3837 3498 3902 siccavit,et
3518 3836 3753 3890 infernum
3769 3827 3840 3882 iter

2298 3925 2492 3982 fratris
2526 3924 2882 3980 dividentem
2914 3924 3487 3998 confregit,illum,ut
3515 3935 3774 3996 speramus,
3796 3913 3840 3968 de

2297 4015 2488 4071 medio
2519 4012 2853 4068 mortalium
2879 4013 3006 4068 ideo
3025 4012 3251 4086 eripuit
3268 4020 3331 4070 ut
3354 4019 3528 4070 morte
3545 4013 3692 4068 vitam
3706 4003 3840 4060 meliO'

2297 4122 2418 4161 rem
2431 4121 2555 4160 com
2565 4106 2834 4158 mutaret.
2851 4103 3098 4174 Ideoque
3119 4101 3636 4176 pereuntetristitia
3651 4091 3842 4155 succedat

2213 1809 2259 1872 Β

2289 4193 2506 4258 lcetitia,
2545 4190 2795 4246 maxime
2827 4190 3304 4258 cum,Salomone
3327 4181 3842 4258 teste,meliorsitau5

2293 4284 2486 4339 mortis
2511 4281 2598 4336 die
2627 4283 2968 4336 nativitatis:
3004 4280 3148 4352 quia
3194 4281 3477 4338 nimirum
3516 4297 3632 4336 cum
3656 4275 3843 4350 peccator
3936 4287 3937 4300 π

2295 4369 2543 4425 moritur
2567 4386 2580 4436 ;
2608 4384 2844 4440 peccare
2865 4369 2991 4439 jam
3006 4367 3566 4442 desistitjustusvero
3589 4370 3637 4422 in
3656 4355 3841 4418 mammia

2292 4467 2500 4516 aeterna
2529 4459 2654 4522 erit,
2687 4465 2738 4512 et
2764 4457 2832 4511 ab
2863 4456 3148 4513 auditione
3176 4460 3329 4514 mala
3360 4475 3467 4514 non
3496 4455 3694 4514 timebit.

2358 4548 2522 4602 I-Iunc
2553 4545 2751 4618 igitur,
2788 4545 2865 4600 mi
2899 4547 3302 4618 praecordialis
3333 4564 3509 4614 amor,
3540 4536 3842 4613 omnigenum

2289 4653 2456 4710 prece
2487 4636 2764 4708 deprecor
2789 4639 2878 4705 ut,
2898 4635 3037 4706 quia
3064 4636 3257 4692 nostri
3287 4636 3501 4694 amoris
3521 4626 3845 4690 mediastinum
3936 4635 3937 4642 ‘

2294 4743 2406 4782 non
2438 4729 2554 4781 tam
2591 4725 2956 4796 perdidimus
2987 4741 3167 4796 quam
3204 4730 3339 4783 ante
3370 4743 3475 4781 nos
3509 4724 3574 4779 ad
3602 4720 3844 4796 Creatorem

2291 4814 2920 4887 praamisimus,amodo
2951 4814 3010 4869 in
3040 4829 3341 4886 germanae
3381 4810 3656 4871 charitatis
3679 4795 3843 4862 vinculo

2289 4904 2540 4978 ligemur
2569 4903 2785 4960 arctius
2813 4921 2827 4972 ;
2852 4907 2918 4958 ut
2949 4920 3062 4958 non
3087 4903 3221 4974 jam
3273 4906 3410 4972 duo,
3443 4902 3538 4960 sed
3563 4913 3714 4955 unum
3738 4903 3842 4947 sem-
3936 4939 3937 4950 χ

2285 5009 2389 5065 per
2412 4992 2674 5049 vivamus
2705 4991 2762 5046 in
2796 4990 3043 5048 Christo.
3077 4991 3243 5048 Vale.

2859 5089 3210 5146 EPISTOLA
3241 5091 3364 5148 ΥΠ.

2835 5196 2909 5234 ΛΒ
2941 5197 2998 5235 Η.
3030 5196 3384 5237 EPISCOPUM.

3935 2187 3937 2238 l

3935 2321 3937 2384 4

2281 5271 2550 5340 Queritur
2585 5271 2699 5341 ejus
2743 5270 2852 5326 sibi
2897 5271 3107 5341 copiam
3155 5271 3216 5326 in
3265 5271 3379 5327 loco
3419 5278 3468 5325 et
3507 5267 3588 5341 die
3623 5248 3839 5341 cariftmflo

2349 5344 2525 5413 fuisse
2552 5333 2909 5408 subtractam,
2941 5333 3211 5414 rogatque
3241 5351 3305 5397 ut
3335 5357 3392 5398 se
3418 5338 3588 5396 amari
3608 5333 3816 5408 patiatur.

2351 5429 2667 5486 Praelucido
2699 5447 3056 5503 (magnorum
3105 5427 3353 5502 speculo
3383 5430 3448 5485 H.
3485 5419 3700 5506 antistiti
3719 5424 3840 5506 vent!-

2277 5519 2479 5585 rando,
2519 5518 2578 5572 Β.
2613 5535 2678 5572 ac
2730 5519 2774 5572 si
2817 5518 3124 5592 indignum
3176 5517 3283 5573 Dei
3336 5515 3528 5574 Matris
3565 5526 3622 5565 ac
3647 5505 3838 5574 Virgini!

2277 5606 2658 5690 mancipium,
2690 5607 2928 5666 sincerae
2957 5605 3286 5667 devotionis
3316 5603 3660 5682 obsequium.

512 5339 714 5392 cantes
745 5340 810 5392 ut
839 5336 891 5392 is
921 5336 1247 5407 qui,juxtra
1269 5341 1473 5390 vestra:
1499 5335 1877 5407 professionis
1907 5338 2171 5394 testimo-

509 5422 762 5492 nium,in
791 5422 1058 5479 exteriori
1079 5421 1306 5479 actione
1331 5441 1432 5496 pro
1457 5422 2042 5480 communiomnium
2065 5444 2170 5483 no-

505 5519 692 5571 strum
716 5511 1292 5584 utilitatehic,quoad
1309 5511 1606 5579 vixit,cum
1633 5513 1862 5569 Martha
1877 5514 2027 5570 bene
2053 5515 2166 5571 mi-

472 5647 484 5672 .
504 5605 870 5679 nistraverat,
884 5601 1302 5664 interveniente
1333 5602 1612 5660 orationis
1627 5608 1826 5662 vestrae
1846 5605 2144 5680 sutl'ragio,
