4052 6158
521 319 698 388 ἯΪὶἿ

1617 319 2012 382 BERNONIS
2055 317 2387 384 ABBATIS
2432 323 2868 386 AUGIENSIS.

3721 327 3858 391 ‘ll’tﬁ

536 465 822 532 portate,et
850 459 928 514 sic
953 455 1328 529 adimplebitis
1359 455 1530 525 legem
1555 453 1793 517 Christi;
1827 455 1883 508 et
1909 452 2184 509 Jacobus:
2219 453 2272 523 Ἀ
2377 454 2536 528 Ignis
2565 455 2662 512 ille
2693 457 3103 530 perpetuus,de
3133 472 3248 528 quo
3279 455 3584 529 legislatori
3619 474 3649 513 a
3671 459 3860 521 Domino

543 549 706 606 Orate
723 561 824 620 pro
847 547 1099 615 invicem,
1131 553 1192 601 ut
1217 545 1531 601 salvemini.

611 637 672 694 Si
710 634 1052 707 huiusmodi
1102 633 1344 690 salvatio
1391 650 1496 706 per
1540 632 1648 687 hos
1702 647 1953 707 quorum
2004 630 2196 686 adhuc

540 741 751 799 corpus
798 706 1197 796 corrumpitur
1238 726 1296 778 et
1343 725 1621 796 aggravat
1672 706 1953 791 animam,
2005 721 2198 792 potest

539 813 878 888 promereri,
907 811 1094 868 multo
1124 811 1313 886 magis
1343 812 1459 867 Deo
1493 815 1726 866 auctore
1757 809 1830 864 ab
1861 808 1955 863 his
1987 807 2196 863 salvari

537 902 691 975 (nos)
721 901 1100 975 sperandum,
1135 917 1390 974 quorum
1421 899 1630 954 animze
1653 898 1781 969 jam
1805 913 1936 952 cum
1965 897 2196 952 Christo

539 991 600 1046 in
631 989 848 1048 cmlesti
878 989 1174 1046 exsultant
1203 987 1408 1062 gloria,
1425 987 1525 1042 ubi
1553 987 1612 1041 in
1637 987 1936 1057 justorum
1969 982 2196 1038 habita-

539 1079 688 1137 culis
717 1083 954 1136 resonat
981 1096 1090 1134 vox
1120 1076 1530 1135 exsultationis
1561 1079 1617 1130 et
1639 1073 1869 1132 salutis.
1899 1073 2088 1144 Hujus
2116 1071 2195 1126 rei

539 1168 726 1244 gratia
755 1169 828 1225 ad
856 1173 935 1240 te,
954 1165 1442 1225 reverendissime
1473 1166 1732 1231 Patrum,
1767 1162 2061 1220 credimus
2090 1161 2196 1216 has

539 1257 767 1315 litteras
797 1258 1113 1326 destinare,
1146 1273 1250 1328 per
1280 1271 1428 1328 quas
1459 1254 1863 1310 indubitanter
1893 1267 2196 1324 speremus

541 1347 844 1405 charitatis
873 1348 1027 1403 dona
1057 1361 1228 1419 posse
1259 1345 1593 1416 impetrare.
1630 1341 2198 1416 Respersitnamque

542 1455 650 1495 nos
681 1437 824 1494 odor
853 1435 1042 1492 dulcis
1075 1436 1241 1490 famae
1273 1451 1390 1506 qua
1420 1431 1818 1505 comperimus
1854 1447 1956 1486 vos
2009 1429 2196 1484 sancti

543 1543 611 1582 ac
639 1531 728 1583 ter
755 1531 1082 1598 quaterque
1111 1523 1265 1579 beati
1295 1523 1574 1595 martyris
1606 1523 1746 1587 Ursi,
1777 1519 2047 1575 videlicet
2097 1534 2196 1590 pa-

545 1616 699 1672 troni
728 1614 926 1683 vestri,
959 1615 1218 1686 (corpus)
1251 1611 1394 1668 velle
1426 1610 1935 1682 transferre,quod
1959 1607 2199 1664 omnino

545 1704 716 1761 nobis
744 1703 956 1776 gaudio
990 1703 1188 1758 sciatis
1237 1701 1374 1756 fore.
1407 1701 1773 1772 Quapropter
1799 1703 1876 1766 te,
1911 1697 2032 1770 qui,
2065 1694 2198 1752 ﬁdei

545 1793 753 1850 merito
783 1791 1058 1864 sedisque
1088 1790 1435 1864 episcopalis
1463 1789 1914 1861 privilegio,tam
1937 1784 2197 1860 praeclari

543 1881 720 1940 officii
763 1882 1034 1938 minister
1083 1881 1414 1954 praeipuus
1463 1878 1637 1951 digne
1685 1876 1906 1943 existis,
1939 1874 2199 1946 primum

541 1975 906 2039 venerantes,
939 1969 1150 2025 deinde
1181 1971 1423 2024 cunctos
1455 1966 1555 2038 qui
1585 1966 1691 2038 piis
1740 1963 2041 2036 religionis
2071 1966 2201 2017 stu-

545 2061 640 2118 dio
673 2061 744 2116 ad
771 2060 829 2115 id
859 2059 1056 2132 ipsum
1087 2057 1460 2123 conveniunt,
1495 2054 1829 2110 humillimo
1857 2053 2051 2108 cordis
2069 2051 2202 2107 all'e-

545 2155 642 2206 ctu
671 2149 1014 2211 salutantes,
1043 2146 1234 2203 devoti
1265 2162 1543 2218 rogamus
1574 2149 1629 2199 et
1659 2141 1955 2214 supplices
1997 2145 2199 2212 quate-

545 2255 684 2307 nus,
717 2254 821 2310 pro
851 2253 1096 2292 munere
1127 2233 1577 2300 benedictionis,
1610 2248 1945 2287 mereamur
1976 2247 2078 2302 per
2099 2246 2199 2285 vos

547 2327 752 2384 donari
781 2325 931 2382 tanti
962 2325 1190 2398 patroni
1222 2323 1510 2394 reliquiis.

617 2415 807 2486 Hujus
835 2413 952 2470 voti
1003 2413 1055 2470 si
1099 2413 1215 2468 Deo
1263 2411 1500 2484 auspice
1553 2414 1853 2482 compotes
1892 2408 2198 2474 fuerimus,

546 2504 703 2560 diem
733 2503 909 2560 etiam
941 2500 1350 2575 passionis,vel
1381 2500 1428 2556 si
1461 2516 1578 2570 qua
1592 2498 1854 2569 ejusdem
1874 2501 2040 2570 gesta
2053 2512 2202 2550 mar-

546 2592 691 2666 tyris
720 2607 901 2664 penes
930 2608 1032 2648 vos
1075 2589 1388 2658 habentur,
1422 2587 1592 2644 nobis
1642 2586 1961 2642 transmitti
2011 2584 2201 2640 modis

544 2681 821 2738 omnibus
834 2681 1503 2753 adoptamus,quatenus
1515 2693 1672 2732 nunc
1685 2677 1838 2748 apud
1856 2675 2200 2731 memoriam

543 2771 697 2828 beati
731 2769 1007 2842 martyris
1035 2768 1196 2824 velut
1226 2767 1285 2823 in
1319 2783 1457 2840 agro
1475 2765 1777 2823 Dominico
1796 2763 2200 2820 simuloratio-

544 2877 689 2916 num
708 2858 936 2916 semina
938 2857 1232 2931 jaciamus
1250 2858 1658 2930 lacrymantes,
1675 2857 1870 2926 ut,per
1882 2855 2010 2925 ejus
2023 2853 2200 2908 inter-

547 2949 895 3017 cessionem,
927 2948 987 3003 in
1021 2949 1136 3002 ﬁne
1169 2948 1458 3002 bonorum
1491 2960 1734 3018 operum
1763 2943 2098 3016 manipulos
2128 2941 2200 2998 ad

547 3037 840 3096 caelestem
863 3053 1057 3094 arcam
1072 3039 1366 3110 reportare
1396 3049 1728 3091 mereamur
1755 3036 2012 3088 ovantes.
2036 3030 2198 3088 Vale.

1137 3133 1489 3190 EPISTOLA
1534 3133 1597 3187 Χ.

1166 3223 1238 3262 AD
1277 3221 1572 3261 CUNONEM.

547 3290 628 3348 Ab
659 3291 755 3346 illo
784 3288 1028 3362 ejusdem
1049 3288 1226 3343 sancti
1252 3287 1517 3358 martyris
1547 3285 1669 3340 Ursi
1690 3283 1954 3354 reliquias
1972 3281 2196 3352 expetit.

619 3379 918 3434 Virtutum
949 3377 1091 3444 viro,
1125 3375 1370 3446 ideoque
1411 3372 1670 3430 Cunonis
1716 3371 1953 3427 nomine
1998 3370 2198 3442 digno,

551 3469 614 3524 B.
649 3471 862 3524 sanctae
896 3464 1090 3520 Maris:
1118 3480 1350 3535 semper
1376 3461 1620 3534 virginis
1652 3460 2052 3532 mancipuum,
2083 3473 2201 3512 una

546 3572 682 3611 cum
712 3553 1161 3627 congregatione
1192 3551 1302 3608 sibi
1335 3552 1576 3618 credita,
1602 3551 1865 3605 fraternae
1895 3547 2197 3603 charitatis

545 3645 770 3700 munia.

614 3733 761 3797 Quia
788 3736 843 3788 te
867 3735 1120 3804 quatuor
1149 3734 1564 3803 quaternarum
1583 3729 1865 3784 virtutum
1884 3726 2196 3800 generibus

541 3822 736 3895 reipsa
751 3823 1106 3894 quadratum
1132 3837 1262 3876 esse
1289 3819 1708 3892 comperimus,
1728 3815 2027 3889 petitionis
2061 3833 2193 3871 nos-

538 3915 638 3966 tra:
651 3911 923 3966 allectum
937 3909 1040 3964 tibi
1055 3910 1310 3982 pandere
1321 3925 1438 3963 non
1451 3906 1937 3979 ambigimus.Est
1955 3903 2121 3959 nobis
2134 3904 2194 3958 in

535 4001 804 4073 proximo
837 3998 1227 4068 locus,divino
1259 3997 1442 4053 cultui
1471 3996 1971 4068 aptandus,quem
1995 3992 2192 4064 aliquo

535 4107 666 4147 raro
699 4105 1001 4146 sacrarum
1024 4087 1402 4160 reliquiarum
1421 4089 1626 4141 ornatu
1647 4085 1845 4141 dotare
1867 4083 2188 4154 cupientes,

532 4178 643 4236 has
671 4179 778 4236 tibi
802 4177 1090 4234 litterulas
1114 4194 1216 4250 per
1239 4177 1475 4231 fratrem
1503 4179 1770 4231 nostrum
1793 4171 2191 4228 P.transmisi-

531 4266 1038 4340 mus,suppliciter
1068 4267 1444 4337 deprecantes
1475 4264 1557 4318 uti
1576 4280 1644 4318 ex
1660 4263 1912 4334 benigno
1933 4259 2186 4315 cbarita-

530 4355 607 4412 tis
632 4360 744 4412 tuae
777 4371 1022 4411 munere
1051 4353 1311 4426 aliquam
1343 4352 1666 4426 portionem
1698 4367 1766 4406 ex
1785 4348 2188 4406 sacratissimo

529 4461 770 4516 corpore
801 4444 954 4500 beati
989 4443 1119 4498 Ursi
1151 4441 1425 4513 martyris
1443 4440 1656 4496 Christi
1678 4456 1744 4494 ac
1761 4437 1992 4512 patroni
2008 4437 2188 4492 vestri

528 4534 700 4589 nobis
730 4533 902 4588 liceat
933 4531 1293 4604 contingere,
1328 4535 1391 4586 ut
1429 4529 1606 4585 simul
1656 4529 1978 4584 habeamus
2028 4527 2184 4582 unde

525 4623 587 4678 in
619 4637 934 4678 commune
965 4621 1026 4675 in
1057 4620 1302 4676 Domino
1333 4636 1566 4692 semper
1594 4619 1978 4691 gaudeamus.

595 4710 714 4767 Nos
741 4727 875 4767 vero
921 4727 1026 4783 pro
1075 4708 1414 4780 hujusmodi
1467 4706 2004 4778 recompensatione
2048 4721 2179 4776 pro-

523 4800 818 4859 mittimus
849 4799 955 4856 tibi
987 4797 1312 4854 indiscreta
1356 4797 1489 4853 ﬁdei
1543 4796 1759 4869 pignus
1808 4794 2041 4850 interim
2091 4795 2180 4849 in-

519 4889 810 4957 violabile,
845 4891 1030 4946 doncc
1063 4887 1255 4960 ipsum
1287 4885 1602 4942 Dominum
1637 4885 1885 4956 recipias
1925 4883 1986 4938 in
2035 4901 2177 4955 prae-

521 4981 731 5050 mium,
765 4981 813 5035 si
846 4995 1003 5034 nunc
1037 4994 1138 5050 pro
1171 4978 1300 5048 ejus
1350 4991 1546 5031 amore
1592 4979 1790 5029 nostro
1839 4972 2178 5033 satisfacere

521 5067 757 5125 curabis
789 5067 1102 5124 desiderio.

1103 5155 1455 5212 EPISTOLA
1494 5155 1588 5210 ΧΙ.

1094 5245 1168 5283 AD
1209 5243 1585 5283 FRIDERICUM.

591 5302 708 5358 Cur
735 5300 1036 5359 Cassianus
1054 5301 1281 5354 collator
1311 5318 1343 5353 (ι
1375 5304 1488 5355 tam
1518 5299 1706 5354 multis
1737 5297 2098 5368 reprehenda-

1215 5379 1307 5426 tur
1359 5377 1468 5426 etc.

585 5445 742 5502 Suus
767 5459 896 5511 suo,
931 5441 1110 5497 BERN.
1145 5413 1478 5508 ans’mco,
1511 5446 1576 5498 ut
1600 5459 1746 5497 verae
1791 5439 1952 5514 pacis
1981 5439 2164 5510 diviti,

509 5551 643 5591 cum
679 5529 1082 5589 misericordia
1110 5534 1166 5586 et
1209 5531 1447 5588 veritate
1478 5548 1710 5604 semper
1741 5529 2028 5587 osculanti
2064 5531 2164 5586 bo-

500 5620 652 5692 num
685 5639 801 5700 quo
833 5638 949 5679 non
981 5620 1376 5695 praestantius.

2304 544 2637 618 praecipitur
2665 550 2730 600 ut
2771 561 3075 618 nunquam
3123 545 3194 601 de
3243 544 3413 602 altari
3459 545 3754 614 deﬁciat,in
3788 569 3864 608 ara

2304 633 2498 688 cordis
2528 633 2612 688 tui
2635 633 2858 706 jugiter
2887 634 3109 706 flagrat,
3125 649 3192 690 ex
3224 649 3347 705 quo
3376 631 3676 704 thymiama
3699 635 3864 694 devote

2305 721 2586 778 orationis
2616 739 2792 778 suave
2835 721 3113 778 adoletur.
3141 721 3330 793 Cujus
3377 737 3500 794 ego,
3531 721 3667 777 inter
3689 728 3866 783 cetera:

2306 810 2575 866 amicitia:
2605 815 2714 867 tuae
2745 811 2922 880 viros,
2951 810 3123 866 odore
3155 813 3469 874 attractus,
3499 811 3658 864 etiam
3684 811 3724 865 si
3759 814 3865 885 volo,

2303 899 2619 956 immemor
2647 900 2729 955 tui
2763 915 2890 955 esse
2914 899 3495 972 nequeo,praesertim
3513 915 3634 955 cum
3655 901 3730 956 tui
3743 903 3869 959 verba

2305 989 2778 1062 sapicntisjuxta
2802 989 2944 1045 illud
2977 987 3463 1057 Salomonis,sint
3493 989 3634 1060 apud
3661 1005 3738 1044 me
3759 994 3871 1062 quasi

2304 1080 2449 1134 elavi
2469 1081 2524 1134 in
2557 1081 2732 1134 altum
2760 1079 2952 1152 deﬁxi,
2983 1094 3237 1151 quorum
3269 1093 3378 1150 ego
3406 1075 3493 1133 vel
3523 1078 3765 1133 memoria
3785 1078 3868 1152 ipse

2305 1185 2552 1224 recreor.
2589 1169 2773 1241 Igitur
2800 1169 2942 1224 dum
2972 1165 3245 1240 przesenti
3278 1183 3436 1222 anno
3477 1164 3699 1222 Coloniae
3725 1183 3869 1222 conve-

2307 1257 2827 1330 nissemus,ibique
2851 1257 3040 1314 dulcis
3071 1256 3346 1330 quaedam
3379 1255 3453 1311 de
3473 1270 3630 1311 sacra
3646 1255 3869 1330 Scriptura

2307 1347 2459 1401 inter
2487 1364 2594 1402 nos
2646 1346 2846 1402 habita
2875 1351 3028 1403 esset
3056 1344 3314 1412 collatio,
3349 1344 3542 1416 subito
3575 1345 3869 1416 quastionem

2307 1433 2557 1491 intulisti
2589 1452 2693 1491 cur
2716 1435 3156 1508 Cassianus,qui
3189 1434 3258 1490 de
3290 1435 3630 1489 institutione
3653 1434 3871 1490 monacho-

2306 1542 2432 1580 rum
2463 1524 2650 1580 multa
2679 1525 3009 1598 composuit
3059 1524 3250 1593 utilia,
3285 1523 3446 1580 idem
3500 1523 3776 1596 reperiatur
3803 1524 3870 1594 qui

2307 1614 2596 1686 przecipue
2617 1616 2879 1686 ejusdem
2916 1613 3304 1687 reprehensor
3323 1629 3456 1670 esse
3467 1612 3710 1668 videatur
3724 1613 3870 1685 [apsqu

2309 1703 2756 1775 reprehensores
2787 1720 2914 1760 esse
2940 1703 3300 1772 videantur].
3333 1702 3489 1758 Ades
3517 1718 3661 1774 ergo,
3680 1701 3870 1756 animad-

2307 1796 2539 1848 vertens
2569 1809 2701 1865 quae
2726 1793 2874 1848 dico.

2378 1882 2855 1950 Cassiodorus,ex
2884 1885 3152 1938 senatore
3183 1879 3632 1946 monachus,vir
3651 1878 3702 1934 in
3725 1877 3870 1934 divinis

2308 1977 2364 2028 et
2384 1971 2664 2028 humanis
2697 1971 2906 2027 litteris
2934 1969 3374 2038 eruditus,cum
3393 1966 3869 2042 psalmisexagesimi

2309 2061 2447 2116 noni
2480 2061 2738 2134 primum
2771 2058 3132 2132 versum,qui
3167 2058 3256 2114 sic
3287 2057 3670 2130 incipitzDeus
3695 2059 3740 2112 in
3761 2056 3869 2126 adju-

2308 2152 2518 2206 torium
2545 2167 2724 2206 meum
2755 2149 2990 2217 intende,
3023 2147 3418 2220 exposuisset,
3443 2145 3716 2218 adjunxit:
3737 2169 3756 2194 «
3781 2145 3869 2201 Sed.

2309 2257 2424 2296 non
2459 2239 2792 2312 sequendus
2824 2239 2882 2292 in
2917 2238 3199 2293 omnibus
3214 2235 3723 2310 generaliter,hunc
3739 2233 3869 2289 locum

2310 2329 2768 2384 facundissimus
2796 2327 3135 2395 Cassianus,
3168 2326 3230 2382 in
3265 2325 3496 2382 decima
3518 2323 3778 2380 collatione
3792 2321 3873 2393 plu-

2311 2419 2460 2474 rima
2491 2419 2562 2473 de
2590 2418 2855 2488 ejusdem
2887 2433 3089 2472 versus
3117 2415 3308 2487 hujus
3339 2414 3583 2470 utilitate
3610 2412 3869 2480 adissemus,

2308 2511 2471 2563 tanto
2503 2507 2722 2564 honore
2753 2505 3235 2571 concelebrat,ut,
3256 2504 3544 2577 quidquid
3575 2500 3870 2558 monacbias-

2310 2612 2440 2651 sum
2450 2595 2672 2668 pserint
2701 2596 2748 2651 si
2757 2612 2826 2650 ne
2847 2594 2881 2650 h
2891 2593 3028 2666 ujus
3041 2592 3341 2650 versicula
3355 2593 3509 2648 trina
3527 2591 3783 2648 iteratione
3796 2603 3870 2641 non

2308 2686 2605 2742 inchoent.
2633 2711 2660 2736 υ
2694 2687 2834 2742 Item
2869 2685 2924 2739 in
2972 2683 3086 2739 alio
3136 2700 3318 2756 opere
3367 2683 3438 2740 ad
3487 2679 3774 2738 monasterii
3813 2675 3872 2731 sui

2308 2777 2516 2832 fratres
2549 2777 2644 2848 (De
2683 2777 2856 2831 instit.
2907 2774 3081 2829 divin.
3119 2775 3206 2829 lit.
3253 2791 3306 2829 c.
3339 2772 3458 2845 29.)
3490 2790 3504 2828 :
3537 2795 3562 2822 ‹‹
3592 2769 3871 2829 Cassianum,

2309 2865 2522 2938 inquit,
2555 2861 3086 2938 presbyterum.qui
3116 2861 3476 2935 conscripsit
3500 2862 3567 2917 de
3597 2857 3872 2915 institutione

2307 2955 2571 3010 ﬁdelium
2589 2947 3050 3019 inonachorum,
3085 2952 3296 3008 sedulo
3346 2951 3534 3025 legite,
3565 2948 3772 3003 libenter
3802 2959 3870 2997 au-

2309 3043 2557 3115 dite,qui
2589 3044 2743 3098 inter
2771 3041 2938 3098 initia
2967 3041 3096 3114 ipsa
3123 3041 3318 3096 sancti
3351 3037 3621 3113 propositi
3641 3041 3746 3092 octo
3762 3032 3870 3106 prin-

2309 3132 2521 3205 cipalia
2549 3131 2692 3188 vitia
2720 3131 2861 3187 dicit
2891 3147 3018 3186 esse
3048 3130 3354 3202 fugienda.
3393 3151 3421 3180 η
3455 3129 3518 3184 Et
3561 3125 3711 3200 paulo
3743 3123 3834 3196 post
3859 3133 3868 3169 ε

2229 3208 2272 3275 C
2307 3246 2334 3272 α
2371 3221 2478 3286 Qui
2509 3227 2703 3277 tamen
2731 3221 2801 3276 de
2846 3219 3027 3276 libero
3076 3217 3326 3274 arbitrio
3378 3235 3412 3274 a
3460 3219 3616 3274 beato
3659 3215 3862 3283 Prosch

2301 3311 2435 3381 jure
2466 3310 2737 3383 culpatus
2766 3313 2873 3366 est.
2907 3309 3070 3365 Unde
3101 3321 3421 3364 monemus
3451 3305 3602 3373 ut,in
3633 3301 3870 3358 talibusre-

2309 3399 2419 3455 bus
2445 3399 2839 3464 excedentem,
2867 3399 2977 3454 sub
3007 3395 3240 3453 cautela
3266 3396 3458 3470 legere
3483 3391 3728 3451 debeatis.
3743 3386 3867 3456 Cujus

2308 3487 2462 3544 dicta
2485 3489 2682 3544 Victor
2721 3487 3139 3560 Martyritanus
3185 3486 3340 3556 [Cod.
3375 3480 3739 3549 Malaritanus]
3774 3473 3868 3529 Afer

2308 3579 2637 3651 cpiscopus,
2690 3577 2772 3634 ita
2816 3577 3062 3633 Domino
3099 3577 3372 3647 juvante,
3405 3571 3668 3648 purgavit,
3694 3571 3739 3624 et
3777 3576 3862 3634 que

2308 3667 2506 3723 minus
2536 3671 2701 3722 erant
2731 3666 3048 3735 addidit,ut
3067 3665 3115 3720 ei
3139 3681 3346 3720 rerum
3369 3665 3604 3721 istarum
3624 3657 3777 3732 palma
3791 3663 3866 3705 m6

2308 3757 2419 3812 rito
2449 3757 2801 3812 conferatur.
2837 3777 2865 3804 »

2377 3846 2481 3912 Qui
2516 3863 2548 3900 a
2579 3845 2768 3902 tribus
2809 3842 3280 3916 reprehenditur,
3316 3857 3561 3916 quorum
3599 3825 3861 3892 testimoniis

2303 3952 2530 3990 errasse
2556 3933 3087 4000 convincitur,dum
3111 3932 3500 3988 Cassiodorus
3520 3926 3645 3984 dicit
3667 3917 3858 3979 eumdem

2300 4041 2412 4079 non
2455 4027 2516 4079 in
2561 4025 2816 4079 omnibus
2861 4021 3214 4094 sequendum,
3266 4025 3325 4077 et
3371 4021 3575 4076 beatum
3620 4018 3859 4094 Prosper?

2291 4115 2422 4185 jure
2444 4113 2509 4168 de
2539 4114 2711 4168 libero
2739 4091 2974 4168 arbitrio
3003 4127 3128 4166 eum
3158 4111 3411 4184 culpasse
3448 4105 3692 4167 afﬁrmat,
3718 4099 3760 4153 et
3799 4091 3856 4185 ιξέ

2297 4177 2497 4258 etorem
2536 4203 2845 4274 episwpum
2889 4199 3008 4271 ejus
3054 4199 3206 4255 dicta
3251 4177 3515 4272 purgasse
3541 4187 3795 4274 collaudat
3813 4177 3856 4233 Ει

2299 4269 2587 4364 quantum
2619 4308 2652 4346 a
2681 4269 3010 4362 quibusivel
3063 4289 3223 4345 unde
3253 4269 3766 4364 reprehenderetur,
3773 4269 3854 4364 illic

2298 4359 2388 4436 est
2421 4398 2434 4436 :
2470 4381 2539 4434 de
2589 4359 2772 4434 libero
2825 4377 3065 4434 arbitrio
3107 4377 3235 4448 jam
3291 4359 3638 4448 aliquatenus
3681 4359 3852 4448 audisti-

2297 4470 2462 4524 Nunc
2494 4468 2591 4523 ubi
2625 4467 2886 4524 locorum
2920 4467 2977 4521 in
3011 4465 3324 4538 scripturis
3356 4463 3478 4520 suis
3517 4454 3768 4516 hereticus
3791 4441 3852 4498 ille

2211 4579 2260 4644 Β
2295 4575 2458 4614 error
2485 4557 2682 4626 lateat,
2715 4556 2972 4612 cbaritas
2999 4558 3197 4611 vestra
3227 4554 3529 4627 diligenter
3554 4543 3780 4644 advertat.

2365 4647 2426 4702 In
2476 4645 2625 4701 libro
2669 4624 2882 4718 ipsius,
2931 4641 3030 4715 qui
3064 4624 3459 4714 praetitulatur
3498 4639 3566 4693 De
3602 4624 3852 4707 protection!

2291 4734 2736 4803 Dei,introducit
2767 4733 2921 4788 idem
2945 4731 3268 4786 Cassianus
3291 4728 3589 4803 quemdam
3608 4720 3848 4777 Chaeremo-

2292 4841 2426 4879 ncm
2458 4822 2714 4892 nomine,
2743 4823 2814 4878 de
2843 4820 3033 4894 gratia
3062 4824 3120 4875 et
3149 4819 3335 4876 libero
3367 4815 3591 4874 arbitrio
3615 4806 3845 4899 disputans

2290 4916 2428 4982 tem,
2464 4913 2634 4984 cujus
2667 4928 2768 4984 per
2812 4907 3010 4966 omnia
3059 4923 3120 4964 se
3167 4907 3447 4982 probasse
3490 4918 3550 4958 ac
3593 4897 3844 4985 ευεοεξρὶξεε

2288 4977 2554 5058 ostendit
2571 4977 2944 5056 sententiam.
2988 4996 3096 5053 Ubi
3127 4977 3203 5053 ab
3235 5013 3304 5053 eo
3333 4995 3476 5059 loco,
3500 4992 3556 5046 in
3583 5001 3682 5059 quo
3704 4977 3839 5034 dicit:

2286 5092 2448 5148 Adest
2474 5091 2648 5162 igitur
2674 5089 2832 5145 nobis
2877 5086 3324 5158 inseparabiliter
3354 5096 3552 5154 semper
3573 5073 3839 5138 divinam
3937 5151 3939 5162 τ

2285 5182 2460 5249 teetio,
2494 5159 2685 5251 usque
2714 5178 2784 5234 ad
2817 5175 3084 5248 ejusdem
3115 5190 3266 5247 pene
3295 5167 3604 5230 collationis
3646 5161 3840 5216 ﬁnemu'l
3937 5159 3939 5162 ‘

2269 5267 2542 5325 veritatis
2571 5266 2728 5323 linea
2755 5263 3080 5322 exorbitare
3105 5261 3497 5329 videtur,dum
3524 5253 3711 5313 alterno
3733 5251 3836 5329 (1W

2280 5357 2418 5414 dam
2450 5373 2625 5413 sensu
2657 5373 2724 5413 ex
2754 5371 2921 5412 sacra
2949 5352 3254 5426 Scriptura
3272 5352 3504 5408 adversa
3523 5341 3620 5400 sibi
3637 5327 3834 5426 ςαεειξξπ

2279 5446 2520 5519 colligit,
2555 5461 2625 5502 ex
2657 5444 2892 5518 quibus,
2914 5414 3171 5516 generali
3203 5439 3460 5496 omnium
3492 5426 3711 5519 ﬁdelillnl
3729 5414 3835 5519 digii:

2277 5509 2450 5591 sione
2470 5509 2692 5600 habita:
2710 5509 3005 5590 afﬁrmare
3030 5529 3332 5586 contendit
3351 5523 3495 5598 quod
3518 5516 3604 5575 alii
3623 5509 3830 5602 sint???2i

2277 5589 2432 5682 bene
2462 5640 2566 5700 per
2591 5589 2846 5706 gratiam
2881 5620 3090 5694 salvat,
3123 5618 3221 5678 alii
3248 5589 3393 5698 quos
3421 5615 3608 5673 natura
3624 5613 3710 5680 per
3728 5589 3829 5650 ιίδο·
