4052 6158
249 261 407 328 1173

1333 271 1519 336 VITA
1564 271 1625 335 S.
1676 267 2111 335 MEGINRADI
2158 271 2596 338 MARTYRIS.

3542 275 3697 343 H74

249 402 423 475 ligere
468 400 760 469 mundum,
814 420 983 477 neque
1029 421 1093 461 ea
1151 422 1277 478 quae
1334 409 1393 462 in
1436 408 1639 463 mundo
1658 416 1804 463 sunt.
1838 410 1904 463 Si
1931 410 1986 473 Α
2015 407 2245 479 gifimo.
2282 409 2534 464 Uudcin
2562 409 2846 466 rationali
2899 410 3153 484 pectoris
3183 410 3269 469 tui
3308 411 3427 470 sint
3450 415 3700 486 quatuor

244 495 368 566 quis
397 493 588 564 diligit
610 493 897 559 mundam,
930 511 1037 550 non
1077 504 1155 551 est
1199 496 1441 551 Charitas
1489 498 1677 553 Patris
1728 499 1787 552 in
1818 513 1897 552 eo.

245 582 402 639 Felix
470 582 575 638 illa
631 584 982 639 conscientia
1019 602 1146 656 quze
1205 587 1517 641 mundanae
1559 586 1900 643 substantiae

242 672 553 741 subsidiis,
585 672 712 729 sine
738 673 950 745 quibus
980 673 1101 729 haec
1151 692 1407 747 praesens
1450 676 1569 732 vita
1600 693 1715 732 non
1744 676 1904 732 duci-

239 766 356 829 tur,
390 762 479 819 sic
509 761 697 817 utitur
728 763 797 817 ad
853 779 1025 817 usum
1085 769 1149 817 ut
1179 782 1293 818 non
1365 766 1647 820 abutatur
1707 766 1777 820 ad
1813 765 1900 819 lu-

237 868 377 907 xum
406 851 419 905 !
454 851 592 915 Qua:
624 867 769 923 puro
802 852 1011 925 mentis
1060 852 1279 907 intuitu
1325 854 1591 925 captiosa
1620 854 1900 909 hmreticm

236 939 607 1011 deceptionis
641 940 954 1011 praevidens
987 940 1251 1007 reticula,
1287 941 1576 997 diabolica
1606 947 1772 998 terrae
1805 962 1900 998 vos

236 1029 467 1101 reginis
488 1033 654 1084 cavet
682 1029 983 1100 profunda,
1036 1029 1237 1102 sicque
1288 1030 1475 1087 hostis
1529 1032 1723 1087 callidi
1757 1032 1899 1089 insi-

232 1119 386 1181 dias,
417 1136 493 1174 ne
517 1117 764 1172 latenter
792 1118 1064 1190 irrepant,
1090 1119 1370 1191 explorat,
1399 1126 1464 1175 ut
1494 1120 1738 1193 laqueos
1770 1124 1899 1193 ejus

231 1208 468 1271 evadat,
504 1208 659 1263 sicut
681 1207 775 1262 ille
824 1208 919 1280 qui
972 1208 1202 1264 diccbat
1231 1227 1243 1264 :
1277 1211 1481 1265 Anima
1539 1219 1726 1267 nostra
1756 1214 1900 1268 sicut

222 1315 426 1371 passer
454 1306 643 1369 erepta
670 1301 745 1352 est
772 1297 834 1352 de
865 1298 1053 1369 laqueo
1102 1302 1469 1365 venantium;
1501 1302 1731 1373 laqueus
1769 1319 1896 1359 con-

226 1391 395 1443 tritus
425 1395 525 1452 est,
560 1395 611 1441 et
638 1402 732 1441 nos
777 1388 993 1442 liberali
1028 1404 1238 1443 sumus.
1273 1389 1623 1459 Adjutorium
1654 1400 1898 1447 nostrum

224 1480 289 1533 in
322 1478 558 1531 nomine
596 1476 829 1531 Domini.
886 1477 1063 1547 Cujus
1110 1478 1402 1547 adjutorio
1459 1479 1721 1535 confisus
1761 1496 1893 1535 cum

221 1567 401 1621 hoste
430 1564 784 1636 congredere
831 1582 1090 1631 securus,
1125 1565 1233 1621 hoc
1279 1583 1515 1639 semper
1564 1568 1801 1624 volvens
1835 1569 1894 1623 in

222 1655 456 1719 animo,
499 1652 639 1724 quia
667 1670 877 1708 corona
910 1672 1020 1709 non
1058 1654 1169 1710 nisi
1202 1655 1508 1710 certamini
1543 1657 1791 1713 debetur
1820 1656 1895 1713 le-

2013 496 2249 552 ordines
2283 497 2558 569 lapidum
2587 499 2823 571 jugiter
2878 500 3114 570 inclusi,
3143 501 3360 577 singuli
3392 502 3569 560 ternis
3601 520 3697 576 pa-

2010 585 2414 640 triarcharum
2449 589 2807 646 nominibus
2835 589 3121 664 inscripti,
3157 597 3239 659 ut,
3274 597 3526 665 quatuor
3543 591 3699 664 prin-

2011 674 2301 746 cipalium
2356 677 2657 733 virtutum
2711 680 3049 736 excellentia
3110 682 3447 755 insignitus,
3479 684 3693 736 sancta:

2012 762 2331 819 Trinitatis
2368 765 2543 821 {idem
2575 769 2916 824 conﬁtearis
2947 787 3207 826 securus.
3240 772 3332 827 Sic
3358 769 3534 835 enim,
3556 784 3692 823 san-

2012 857 2243 908 ctorum
2262 852 2505 910 Patrum
2528 859 3376 932 n1emoriam,velutquoddam
3399 859 3689 913 bonorum

2012 957 2261 1014 operum
2302 944 2504 1009 decus,
2530 944 2595 999 in
2630 948 2969 1003 sanctuario
2998 949 3248 1020 pectoris
3273 948 3365 1003 die
3396 947 3690 1014 noctuque

2011 1031 2551 1104 gestando,dignus
2585 1036 2708 1091 eris
2733 1036 2830 1107 qui
2856 1038 2925 1092 de
2956 1038 3148 1093 medio
3181 1037 3687 1093 fratrumtuorum

2011 1119 2272 1193 eligaris,
2306 1127 2369 1177 ut
2395 1125 2733 1179 sacerdotio
2764 1142 2955 1181 coram
2991 1126 3106 1182 Deo
3129 1122 3487 1199 fungaris.In
3511 1121 3684 1191 cujus

2009 1210 2319 1285 dignitatis
2342 1213 2529 1283 gradu
2590 1216 2970 1285 constitutus,
3004 1232 3236 1288 semper
3266 1216 3325 1269 in
3356 1226 3465 1267 ara
3493 1210 3687 1269 cordis

2009 1299 2286 1355 efﬁciaris
2318 1300 2433 1355 Deo
2464 1301 2714 1357 victima
2734 1304 2816 1359 sal
2829 1304 3278 1370 utaris,victima
3302 1299 3431 1357 sale
3464 1300 3692 1372 sapien-

2006 1389 2100 1443 tiae
2132 1389 2579 1461 condita,atquc
2613 1390 2746 1463 igne
2780 1393 3032 1465 Spiritus
3064 1394 3256 1449 sancti
3287 1398 3692 1455 concremata.

2007 1482 2087 1533 De
2120 1495 2233 1550 quo
2267 1477 2399 1550 igne
2432 1484 2491 1533 et
2525 1480 2648 1535 sale
2681 1481 2909 1537 videtur
2948 1483 3240 1537 Dominus
3272 1483 3335 1537 in
3384 1482 3700 1565 Evangelia

2006 1566 2259 1623 dixisse:
2295 1567 2485 1623 Omnis
2516 1572 2669 1624 enim
2701 1572 2825 1642 igne
2870 1573 3117 1641 satietur,
3149 1581 3203 1628 ct
3255 1575 3458 1633 omnis
3490 1581 3707 1644 victima

2004 1658 2259 1713 satietur.
2292 1654 2456 1711 Vale.

2842 1798 3709 1832 ..Ἢ

758 1892 1361 2007 BERNONIS
1449 1894 2320 2010 EPIS’FOLARUM
2409 1898 3150 2013 FRAGMENTA

716 2253 788 2290 ΑΙ)
831 2252 1095 2292 HEINRICU
1106 2254 1147 2290 Μ
1190 2253 1385 2291 REGEM
1396 2279 1407 2291 .

224 2346 405 2419 [Apud
431 2344 647 2419 Maliill.
682 2343 860 2397 Annal
894 2343 1089 2398 Bened.
1124 2341 1226 2397 lib.
1281 2360 1435 2409 LVIII,
1486 2364 1542 2400 η.
1574 2348 1664 2413 91,
1696 2347 1766 2401 (ul
1796 2364 1888 2401 an.

302 2419 461 2481 1045,
486 2417 583 2471 ubi
606 2418 978 2486 fragmentum
1031 2431 1256 2484 sequens
1300 2419 1625 2473 narrationi
1654 2434 1775 2473 suae
1806 2420 1891 2473 in-

306 2490 620 2546 termistum
646 2488 833 2550 edidit,
860 2494 919 2542 ut
947 2487 1035 2541 hic
1058 2487 1393 2559 exhibeant]

303 2634 473 2689 Forte
506 2629 696 2685 adhuc
728 2629 939 2701 Turegi
964 2628 1206 2701 (Zurieh)
1228 2629 1893 2686 morabaturlleinricus

234 2738 494 2787 rex,cum
524 2719 595 2775 ad
626 2735 761 2774 eum
792 2717 1099 2789 epistolam
1122 2717 1359 2788 scripsit
1380 2719 1562 2775 Berno
1584 2719 1894 2792 Augiensis

237 2812 437 2879 abbas,
471 2810 580 2864 sub
612 2808 722 2863 hac
752 2807 1134 2878 inscriptione
1164 2823 1174 2860 2
1212 2806 1496 2863 «Domino
1531 2826 1892 2881 meo,regum

241 2898 644 2963 invictissime,
670 2895 937 2953 Heinrico
960 2895 1223 2967 paciﬁco,
1252 2896 1584 2953 orthodoxae
1610 2898 1743 2953 ﬁdei
1768 2916 1896 2969 pro-

242 2988 501 3062 pagatori
525 2983 1150 3058 gloriosissimo,Bea.v,
1176 2983 1310 3039 licet
1339 2987 1683 3041 meritorum
1709 2985 1894 3057 quali-

242 3082 355 3134 tate
385 3075 652 3133 omnium
702 3091 945 3130 suorum
1004 3077 1321 3139 extremus,
1345 3074 1544 3130 votiva}
1577 3076 1894 3141 servitutis,

244 3167 609 3237 assiduzeque
637 3162 918 3219 orationis
936 3180 1209 3217 munus.»
1232 3163 1292 3217 In
1313 3161 1421 3217 hac
1454 3163 1699 3235 epistola
1715 3169 1897 3219 Berno

244 3255 577 3311 Heinricum
607 3253 809 3308 laudat
838 3251 995 3323 quod
1028 3251 1192 3305 Petro
1239 3251 1382 3322 regi,
1416 3253 1486 3307 ad
1529 3252 1724 3323 ipsum
1756 3270 1896 3324 sup-

245 3344 468 3416 pliciter
499 3340 880 3414 cont‘ugienti,
918 3340 1117 3395 sinum
1164 3339 1397 3410 pietatis
1447 3341 1806 3413 expanderit,
1843 3346 1898 3395 et

244 3450 353 3489 non
386 3432 582 3488 solum
608 3429 831 3486 nullam
856 3428 1176 3483 vindictam
1210 3428 1279 3482 de
1302 3428 1394 3484 his
1417 3447 1544 3500 qua:
1569 3430 1626 3483 in
1655 3447 1714 3484 se
1746 3446 1898 3484 com-

243 3524 479 3579 miserat
511 3518 850 3592 sumpserit,
889 3518 987 3573 sed
1024 3517 1172 3572 miro
1222 3516 1525 3573 charitatis
1574 3518 1782 3573 affectu
1816 3519 1893 3573 ΓΟ·
1925 3519 1967 3585 C

242 3612 382 3668 verit
412 3627 479 3665 ac
501 3609 743 3681 juverit,
777 3624 1104 3679 quousque,
1139 3605 1369 3660 Christo
1402 3608 1733 3677 adiuvante,
1758 3624 1891 3661 eum

242 3718 417 3773 regno
451 3715 558 3754 suo
589 3697 960 3753 restituisset.
1012 3696 1160 3750 Tum
1212 3695 1429 3750 subdit.
1468 3719 1493 3743 υ
1530 3695 1658 3750 Haec
1708 3711 1893 3766 pauca

243 3790 422 3847 habui
453 3806 602 3860 quae,
632 3786 809 3842 vestri
864 3784 1081 3841 amoris
1130 3784 1466 3856 impatiens,
1500 3801 1601 3855 pro
1632 3788 1892 3855 tempore

241 3879 523 3945 dicerem,
553 3881 873 3948 vestraeque
897 3872 1219 3946 majestatis
1251 3873 1599 3929 excellentia:
1631 3871 1891 3927 benivole

243 3968 577 4041 dirigerent.
611 3964 838 4036 Subjeci
870 3963 1046 4018 etiam
1081 3978 1379 4017 sermones
1410 3962 1579 4027 duos,
1602 3976 1787 4015 unum
1822 3960 1891 4015 de

239 4053 844 4130 Epiphania,alterum
876 4052 946 4107 de
976 4052 1151 4106 Coena
1179 4048 1499 4117 Domini,in
1522 4066 1635 4121 quo
1668 4048 1890 4119 aliquid

240 4146 311 4201 de
344 4144 704 4217 pmuitentia,
739 4142 848 4197 etsi
880 4158 995 4196 non
1029 4144 1090 4194 ut
1128 4139 1322 4205 debui,
1358 4143 1552 4193 tamen
1586 4142 1757 4210 prout
1788 4155 1888 4209 po-

236 4235 349 4303 tui,
383 4232 698 4304 disputavi,
735 4229 1082 4302 suppliciter
1101 4229 1418 4299 deprecans
1451 4231 1532 4293 ut,
1567 4227 1615 4281 si
1647 4226 1891 4298 dignum

237 4322 477 4387 ducitis,
536 4320 667 4379 illas
729 4319 946 4374 nostris
987 4316 1222 4388 scriptis
1281 4317 1506 4370 adnecti
1554 4317 1890 4386 jubeatis.»

236 4412 379 4468 Post
410 4409 518 4464 hos
546 4424 846 4464 sermones
880 4407 1091 4461 iterum
1110 4404 1258 4459 redit
1281 4404 1349 4457 ad
1376 4402 1578 4460 laudes
1602 4403 1849 4459 Heinrici
1877 4424 1889 4472 ;

235 4499 375 4556 dein
406 4499 526 4571 agit
544 4516 646 4569 pro
670 4496 1079 4567 Hirmingarde
1100 4495 1184 4548 Tu
1196 4492 1892 4572 regensi.abbatissa,qna3

235 4591 314 4645 ob
346 4592 619 4660 stuprum
650 4585 836 4658 gradu
861 4584 1169 4640 exciderat.
1207 4604 1234 4632 ι(
1266 4581 1638 4654 Dico,inquit,
1672 4583 1743 4637 de
1774 4583 1897 4638 ilir-

239 4677 558 4749 mingarta,
590 4674 884 4747 quondam
908 4673 967 4727 in
995 4673 1223 4743 Turego
1256 4670 1574 4737 abbatissa,
1600 4672 1698 4726 sed
1724 4673 1894 4726 modo

236 4784 348 4840 pro
377 4765 467 4821 sui
500 4764 671 4835 culpa
704 4761 908 4818 merito
936 4762 1177 4832 dejecta.
1212 4756 1317 4811 Illa
1348 4758 1642 4828 quondam
1677 4760 1891 4815 caelesti

236 4856 472 4928 Sponso
504 4855 835 4923 conjuncta,
861 4849 1007 4905 illud
1051 4847 1219 4903 dulce
1263 4846 1438 4901 divini
1471 4848 1750 4903 carminis
1781 4849 1896 4920 epi-

236 4942 597 5000 thalamium
659 4940 850 5013 potuit
914 4935 1185 4993 eantare:
1245 4935 1530 4991 Osculetur
1579 4953 1665 4991 me
1714 4939 1895 4992 osculo

235 5035 358 5091 oris
378 5034 487 5086 sui.
546 5032 735 5094 Nunc,
768 5027 925 5084 velut
983 5025 1248 5081 adultera
1305 5028 1361 5079 et
1412 5025 1743 5096 prostituta,
1784 5025 1891 5080 vir-

239 5122 403 5195 ginei
437 5119 662 5176 decoris
692 5118 920 5189 cogitur
949 5116 1159 5171 deﬂere
1190 5113 1597 5169 detrimenta.»
1623 5114 1890 5170 Etint‘ra:

243 5232 277 5259 ‹‹
309 5209 476 5264 Nunc
509 5209 691 5281 igitur
721 5206 913 5279 regale
942 5208 1143 5259 vestrae
1175 5202 1406 5275 pietatis
1437 5202 1613 5256 decus
1644 5202 1891 5274 appello,

238 5297 713 5370 suppliciterque
735 5312 905 5350 exoro
929 5296 991 5347 ut
1022 5290 1431 5347 misericordia:
1464 5293 1794 5362 opus,quod
1829 5310 1896 5347 ex

239 5388 444 5443 divina
470 5385 850 5458 inspiratione
879 5384 1107 5438 cunctis
1140 5382 1196 5435 in
1229 5397 1406 5451 regno
1435 5384 1623 5435 vestro
1657 5398 1894 5436 manen-

238 5478 407 5532 tibus
427 5473 820 5539 concessistis,
853 5471 989 5527 huic
1017 5471 1240 5526 miserae
1301 5486 1366 5524 ac
1423 5468 1639 5525 infelici
1668 5470 1894 5527 feminae

242 5582 364 5624 non
398 5564 691 5638 negetis...
728 5562 866 5618 Ecce
896 5577 1051 5617 nunc
1104 5576 1171 5615 ex
1204 5563 1324 5615 toto
1372 5558 1544 5614 corde
1602 5559 1675 5614 ad
1707 5560 1892 5620 Deum

1918 2151 1966 2218 B
1996 2166 2279 2205 conversa
2309 2149 2540 2208 laborat
2571 2152 2628 2207 in
2661 2153 2911 2226 gemitu;
2948 2153 3102 2210 lavat
3122 2171 3228 2226 per
3257 2156 3528 2231 singulas
3542 2182 3677 2220 noc-

2001 2242 2091 2294 tes
2129 2238 2341 2294 lectum
2375 2257 2623 2297 suum...
2650 2244 2902 2298 Accedat
2930 2243 3106 2298 etiam
3139 2243 3369 2300 domnze
3402 2265 3544 2304 meae
3577 2269 3673 2306 re-

2002 2329 2155 2401 ginae
2187 2330 2362 2399 Agnae
2398 2331 2760 2401 intercessio,
2795 2349 2922 2404 quae
2955 2333 3107 2404 apud
3140 2350 3244 2389 vos
3274 2338 3348 2390 ob
3381 2336 3482 2391 Dei
3515 2355 3673 2394 amo-

2002 2435 2127 2471 rem
2163 2417 2212 2472 ci
2246 2418 2509 2475 obtineat
2543 2420 2775 2492 pristini
2800 2420 3668 2495 honorisredintegrationem.»

2003 2506 2133 2561 Hzec
2166 2507 2384 2578 raptim
2419 2514 2475 2564 et
2506 2510 2751 2581 carptim
2785 2527 2853 2566 ex
2910 2511 3105 2566 codice
3152 2511 3495 2586 Villingensi
3527 2514 3665 2571 olim

2004 2597 2430 2667 excerpsimus.

2005 2737 2474 2812 [Ediditlllartem
2517 2741 2613 2796 lib.
2646 2743 2721 2795 De
2749 2672 2918 2812 miliq.
2984 2743 3122 2797 Eccl.
3184 2747 3319 2807 Rit.,
3382 2754 3510 2800 tom.
3560 2745 3652 2802 IV.

2077 2809 2278 2884 lilrdl,
2305 2829 2467 2884 __cap,
2509 2814 2597 2884 15,
2654 2828 2806 2866 num.
2861 2809 2914 2879 3,
2975 2815 3073 2884 qui
3125 2814 3487 2873 imeribitur!
3520 2819 3653 2884 Quae

2076 2878 2340 2934 Psalterii
2373 2878 2559 2938 versio
2586 2882 2644 2936 in
2676 2890 2849 2938 cantu
2898 2878 3288 2942 ecclesiastico
3318 2885 3457 2942 olim
3490 2878 3656 2945 adhi-

2074 2951 2216 3034 bita.
2254 2951 2516 3008 Mai-Ionii
2541 2954 2927 3034 rerbaﬁdamus
2965 2970 3089 3028 qum
3115 2959 3486 3029 fragmentum
3512 2977 3657 3034 pra?-

2074 3022 2272 3076 eetlunt
2301 3033 2353 3078 et
2382 3027 2727 3096 sequanturﬂ

2078 3132 2103 3158 ‹‹
2139 3102 2270 3164 Jaui
2298 3129 2454 3184 vero,
2481 3129 2615 3167 cum
2649 3112 2845 3184 plures
2874 3114 3201 3171 exstiterint
3232 3117 3493 3175 Psalterii
3524 3138 3655 3176 ver-

2006 3181 2201 3235 siones
2232 3183 2507 3264 antiqua,
2544 3181 2779 3264 optabit
2800 3185 2993 3264 forsan
3026 3187 3241 3264 aliquis
3271 3192 3483 3264 rescire
3506 3210 3658 3264 quee-

2004 3269 2139 3305 nam
2179 3253 2553 3321 potissimum
2586 3253 2643 3309 in
2669 3256 2879 3311 divinis
2897 3258 3105 3314 ofﬁciis
3123 3253 3258 3314 olim
3284 3253 3547 3318 adhibita
3562 3264 3656 3320 sit.

2006 3324 2667 3399 San_ctus__llicr0nymns
2698 3327 2756 3381 in
2806 3328 3055 3399 epistola
3115 3333 3234 3397 185,
3267 3333 3339 3387 ad
3372 3334 3658 3392 Snnniam

2006 3399 2062 3448 et
2096 3394 2422 3475 tiretcllam,
2448 3394 2649 3475 scribit
2706 3394 3031 3475 versionem
3065 3394 3439 3475 septuaginta
3468 3411 3657 3462 Inter-

2008 3471 2261 3546 prptum,
2290 3469 3037 3550 ffIqualis,‘i.n<‘!uit,liabetur
3066 3469 3511 3550 in'llexaplis,et
3532 3495 3658 3550 quae

2011 3560 2037 3587 ‹‹
2071 3537 2128 3589 in
2163 3539 2527 3616 eruditorum
2558 3537 2725 3616 libris
2755 3542 3161 3616 incorruptaet
3182 3537 3657 3605 immaculatums-

2007 3631 2032 3658 α
2061 3613 2392 3686 servatur...
2428 3612 2836 3686 Hierosolymam
2869 3612 3042 3686 atque
3090 3616 3149 3670 in
3177 3618 3431 3674 Orientis
3462 3620 3655 3676 Eccle-

2006 3701 2033 3729 ‹‹
2065 3679 2171 3734 siis
2204 3702 2230 3728 ››
2266 3682 2581 3737 decantari.
2618 3679 2828 3737 Prietcr
2875 3679 3026 3741 hanc
3078 3689 3398 3744 versionem
3423 3690 3537 3747 alia
3567 3708 3657 3747 ex-

2003 3750 2190 3833 stitit,‘
2205 3752 2471 3833 ejusdem
2485 3755 2834 3833 “Hieronymi
2862 3757 3084 3833 judicio
3117 3760 3324 3833 minus,
3347 3763 3653 3833 castigata,

2002 3823 2463 3901 quaedicebatur
2478 3823 3172 3901 commu_nis,vulgata,et
3191 3832 3431 3886 Luciani
3453 3823 3651 3901 editio;

2002 3893 2197 3964 quain
2230 3895 2442 3948 divinis
2474 3895 2840 3950 celebrandis
2896 3893 3173 3954 laudibus
3206 3903 3517 3958 utebantar
3536 3893 3653 3959 Ro;

2003 3965 2184 4018 mani.
2217 3967 2559 4019 Accuralam
2598 3967 2739 4020 LXX
2771 3967 3097 4025 versionem
3120 3988 3255 4025 cum
3291 3971 3348 4026 in
3380 3973 3653 4029 Latinum

2003 4037 2791 4113 sermonemtranstulisset.
2831 4038 3085 4111 Vulgata
3114 4041 3468 4113 posthabita,
3503 4061 3657 4099 eam-

2003 4106 2134 4160 dem
2152 4106 2367 4177 recepit
2378 4107 2633 4161 Ecclesia
2651 4106 3195 4176 Gallicanamndéet
3208 4106 3488 4168 Gallicani
3506 4115 3658 4170 Psal-

2002 4177 2460 4232 teriinomenilli
2482 4178 2856 4233 inditumest.
2880 4183 3222 4238 Audiendus
3252 4183 3464 4240 esthac
3496 4186 3565 4241 de
3596 4204 3656 4241 re

2000 4247 2326 4329 \Valt‘ridus
2352 4249 2576 4329 inlibro
2608 4251 2687 4329 De
2736 4252 2909 4329 rebus
2961 4254 3391 4329 ecclesiasticis,
3426 4273 3551 4329 cap.
3590 4259 3657 4312 15

2004 4320 2114 4375 sub
2148 4320 2354 4374 tinem:
2382 4321 2632 4375 «Psalmi
2666 4326 2862 4376 autem
2895 4340 3030 4379 cum
3065 4320 3387 4381 secundum
3422 4320 3655 4383 septua-

2005 4416 2030 4441 ‹‹
2066 4392 2227 4461 ginta
2258 4392 2604 4462 lntcrpretes
2638 4393 2877 4447 ltomani
2903 4396 3091 4451 adhuc
3123 4398 3396 4463 habeant,
3421 4392 3567 4454 Galli
3598 4404 3655 4456 et

2005 4466 2489 4518 «Germanorum
2550 4464 2729 4534 aliqui
2798 4469 3122 4523 secundum
3182 4471 3652 4528 emendationem

2006 4558 2030 4582 ‹‹
2060 4534 2635 4611 quamilict-(mynias
2671 4537 2841 4589 Pater
2879 4538 2949 4593 de
2989 4541 3371 4611 Septuaginta
3400 4542 3653 4599 editione

2006 4558 2030 4582 ‹‹
2060 4558 2635 4604 ψιξιιιιιιιεγτιυιιμιιυδ
2671 4558 2841 4589 ι’ῖιιυΓ
2879 4558 2949 4593 ue
2989 4558 3205 4611 neptua
3250 4558 3371 4597 mia
3400 4558 3653 4599 editione

2006 4607 2385 4685 «composuit,
2403 4606 2742 4685 lfsaltcrium
2756 4558 3527 4685 cantantzquamféregorius
3544 4616 3655 4669 Tu-

2008 4699 2033 4725 ‹‹
2068 4677 2334 4757 ronﬁen‘sis
2346 4677 2654 4757 episcopus
2672 4695 2705 4732 a
2724 4680 2991 4757 Panibus
3028 4677 3309 4757 Romanis
3323 4677 3651 4757 mutuatum

2006 4770 2033 4795 ‹‹
2069 4747 2126 4801 in
2159 4746 2477 4802 Galliarum
2509 4746 2723 4802 dicitur
2755 4749 3038 4806 Ecclesias
3065 4753 3453 4809 transtulisse.
3492 4777 3518 4802 ι)
3549 4756 3653 4810 Ea-

2004 4819 2136 4893 dem
2160 4823 2247 4872 est
2269 4819 2546 4873 Bernonis
2561 4819 2788 4893 abbatis
2804 4822 3113 4893 Augiensis
3129 4825 3650 4890 sententia,tamet-

1928 4888 1971 4951 Ι)
2002 4890 2425 4967 _s_i_d_enter_npore
2447 4906 2561 4958 quo
2584 4889 2703 4967 hair.
2739 4888 2990 4967 versida
3020 4893 3212 4967 Gallic,
3230 4894 3306 4967 sit
3335 4888 3585 4967 recepta,
3619 4915 3653 4953 a

2002 4959 2305 5041 W'a‘lfrido'
2322 4961 2731 5041 discrepelﬁic
2762 4963 2919 5017 enim
2940 4963 2997 5041 i_n
3017 4982 3128 5019 ms.
3146 4964 3217 5021 ad
3236 4959 3649 5041 Meginfridtim

2002 5036 2059 5087 et
2088 5032 2410 5087 Bernonem
2444 5031 2690 5102 epistola
2722 5049 2899 5103 agens
2939 5036 3007 5090 de
3039 5041 3240 5091 sancto
3270 5031 3644 5112 Hieronymo:

2001 5112 2072 5172 In
2081 5120 2168 5171 ter
2194 5121 2401 5173 cetera
2418 5132 2492 5172 ex
2513 5112 2821 5174 emendata
2844 5119 3217 5196 septuaginta
3256 5119 3650 5200 lnterpretum

2005 5203 2387 5261 translatione
2405 5201 2764 5262 Psalterium
2782 5223 2855 5263 ea:
2872 5204 3072 5267 Greece
3087 5209 3144 5266 in
3163 5208 3441 5270 Latinum
3454 5211 3646 5284 vertit,

2004 5290 2633 5370 illadquecantandum
2659 5293 2927 5353 (minibus
2952 5294 3158 5357 Gallia:
3199 5317 3268 5358 ac
3295 5297 3650 5379 quibusdam

2007 5379 2338 5441 Germanice
2372 5379 2650 5439 Ecclesiis
2666 5383 2912 5443 tradidit
2923 5432 2933 5443 .
2960 5386 3051 5445 Et
3072 5386 3143 5446 ob
3156 5387 3263 5447 hoc
3276 5386 3649 5449 Gallicanum

2003 5470 2365 5558 Psalterium
2393 5469 3032 5549 appellavitJlomam's
3060 5476 3254 5537 adhuc
3282 5487 3651 5558 excorrupta

2022 5557 2269 5637 Vulgata
2292 5555 2917 5624 edi'tioncl’sallcrium
2932 5567 3274 5628 canentibus
3294 5586 3395 5629 sea:
3404 5586 3527 5647 qna
3538 5555 3651 5628 Ro-
