4026 6184
208 350 367 415 ηπ

1285 347 1460 414 VITA
1509 350 1575 413 S.
1624 348 2069 413 MEGINRADI
2112 344 2539 414 MARTYBIS.

3462 349 3623 415 “'18

210 488 384 544 fama.
419 482 741 559 Meginradi
764 500 997 557 corpus,
1025 484 1179 556 quod
1208 485 1405 558 Augiae
1424 483 1721 558 sepultum
1744 487 1860 540 t'ue-
1888 487 1945 552 ιι
1972 485 2121 541 Bella
2149 487 2327 540 sancti
2356 483 2686 556 Meginradz’,
2712 499 2813 540 seu
2838 481 3337 552 :chénmdeacctta,
3373 488 3513 541 tunc
3531 502 3619 543 cc-

208 581 317 645 rat,
352 594 420 633 eo
451 578 744 632 revectum
770 578 878 643 est,
907 573 1114 631 saltem
1141 573 1349 647 majori
1380 591 1449 631 ex
1478 578 1662 647 parte,
1703 591 1855 630 anno

215 666 370 733 1039,
402 669 550 722 teste
584 666 911 721 Hermanno
936 665 1262 729 Contracto,
1295 662 1491 736 Augiae
1546 662 1854 729 monacho,

210 757 385 827 cujus
413 754 535 811 hac
560 754 739 813 verba
771 769 785 809 :
814 753 1053 809 Ecclesia
1082 752 1237 809 cella:
1263 754 1441 808 sancti
1466 752 1771 823 Meginradi
1794 767 1857 808 III

206 846 335 903 Idus
367 844 609 901 Octobris
637 842 942 910 dedicatur,
974 841 1230 913 reliquiae
1284 857 1476 912 corpus
1524 844 1704 897 sancti
1751 841 1855 897 Me-

207 933 453 1004 ginradi.
476 931 759 988 Sichabet
777 931 954 986 editio
975 928 1305 986 Canisiana.
1332 930 1666 1002 Legendum
1692 934 1856 1002 puto,

209 1030 260 1080 ει
280 1038 477 1094 corpus
505 1022 685 1077 sancti
742 1019 1047 1089 Meginradi
1077 1021 1135 1073 in
1193 1036 1318 1074 eam
1370 1020 1699 1075 translatum
1755 1024 1856 1076 est.

207 1113 317 1168 Sed
344 1111 542 1167 forsan
556 1126 691 1166 cum
715 1126 829 1164 non
850 1113 1038 1165 totum
1063 1125 1298 1180 corpus,
1314 1109 1415 1165 scd
1437 1125 1649 1180 parsco
1674 1112 1861 1165 trans-

204 1200 325 1257 lata
343 1200 573 1268 fuisset,
591 1198 915 1270 Augienses
937 1196 1310 1269 glossematis
1330 1196 1454 1252 loco
1474 1202 1864 1269 reposuerunt

210 1289 494 1362 reliquiae,
525 1304 599 1344 ne
628 1287 850 1344 scilicet
874 1288 1051 1343 etiam
1083 1286 1280 1358 aliqua
1307 1286 1435 1357 ejus
1466 1290 1627 1358 parte
1666 1303 1862 1343 carere

209 1382 580 1452 putarentur.
608 1379 653 1433 A
684 1380 946 1449 tempore
986 1376 1174 1432 sancti
1215 1374 1533 1448 Megiuradi
1565 1375 1723 1431 dicta
1776 1380 1865 1433 est

1963 574 2129 630 etesia
2150 578 2357 632 sanctae
2376 573 2569 631 Mariae
2588 576 2649 630 in
2685 573 2825 630 cella
2857 574 3036 628 sancti
3056 571 3379 645 Mcgmmdi,
3411 581 3468 632 et
3496 591 3622 633 mo-

1963 664 2269 719 nasterium
2286 664 2347 718 in
2365 663 2521 718 Silva
2540 663 2734 732 Nigra,
2769 661 3085 735 aliquando
3115 663 3621 736 Eberhardescclla,

1965 753 2038 807 ad
2052 752 2236 808 Eberb
2245 752 2387 808 ardo
2398 753 2655 808 secundo
2677 752 2939 821 eremita;
2953 751 3206 825 denique
3224 756 3623 813 monasterium

1966 843 2147 898 Eremz
2177 857 2275 896 seu
2302 842 2702 912 Eremitarum,
2733 840 3046 898 Teutonico
3078 841 3386 909 Einsidlen,
3419 847 3477 900 et
3501 861 3620 901 mo-

1965 932 2271 987 nasterium
2291 931 2464 987 beatae
2484 932 2691 987 Maria
2710 930 2769 985 in
2791 930 3003 997 Eremo,
3028 930 3100 986 ob
3121 930 3345 986 cultum
3358 931 3626 1005 Deipara

1967 1018 2228 1092 Virginis
2255 1018 2533 1074 continua
2561 1018 3058 1091 peregrinantium
3099 1017 3378 1091 religione
3408 1020 3486 1077 ibi
3510 1021 3620 1078 fre-

1969 1112 2337 1181 quentatum.
2372 1108 2794 1166 Monasterium
2826 1108 3007 1163 situm
3032 1112 3123 1164 est
3152 1109 3212 1164 in
3235 1108 3624 1169 dioecesiGon-

1970 1197 2276 1253 stantiensi
2312 1197 2464 1253 inter
2491 1196 2840 1270 Tigurinum
2879 1200 2938 1252 et
2969 1197 3399 1256 Lucernensem
3434 1198 3625 1268 lacus,

1972 1286 2032 1342 in
2064 1286 2218 1343 edito
2250 1290 2445 1343 monte
2472 1303 2648 1360 quem
2678 1285 2823 1343 silva
2854 1286 3117 1359 undique
3138 1286 3333 1344 vestit.

1464 1531 1897 1604 PROLOGUS
1946 1531 2365 1604 AUCTORIS

284 1684 336 1737 1.
368 1682 643 1738 Dicturus
672 1680 1020 1737 venerabilis
1040 1679 1147 1735 viri
1172 1678 1490 1752 Mcginradi
1519 1680 1783 1737 Eremitae
1805 1684 1862 1737 et
1891 1692 1936 1758 Β
1964 1680 2209 1748 litteras,
2244 1680 2354 1736 sub
2384 1696 2498 1752 quo
2519 1679 2727 1735 abbate
2751 1679 3136 1737 monasticam
3160 1652 3338 1739 vitam
3370 1683 3623 1741 subierit

206 1771 486 1841 martyris
520 1769 853 1844 passionem
886 1774 942 1825 et
972 1769 1219 1839 obitum,
1253 1768 1395 1825 libet
1424 1786 1741 1842 parumper
1770 1785 1859 1825 re-

206 1859 442 1916 ﬂectere
473 1859 709 1933 stylum,
734 1862 910 1932 atque
940 1875 1053 1931 quo
1083 1861 1342 1931 tempore
1391 1858 1617 1921 doctus,
1652 1859 1773 1925 ubi,
1808 1863 1864 1914 et

207 1948 390 2018 unde,
424 1964 559 2023 quo,
592 1947 680 2003 vel
712 1948 803 2004 cui
836 1946 1089 2003 traditus
1132 1946 1388 2020 primum
1420 1947 1493 2003 ad
1553 1947 1862 2004 discendas

1971 1768 2599 1840 servandam,qualiter
2627 1769 2804 1824 etiam
2839 1787 2872 1825 a
2903 1770 3161 1826 fraterna
3182 1772 3305 1837 acie
3329 1772 3628 1846 singulare

1972 1863 2265 1914 certamen
2297 1858 2476 1914 eremi
2506 1857 2736 1924 adierit,
2771 1859 3021 1916 breviter
3051 1861 3372 1933 praelibare.
3414 1863 3627 1937 Regre-

1972 1948 2103 2003 diar
2129 1963 2265 2022 ergo
2295 1948 2366 2003 ad
2402 1946 2638 2020 singula
2669 1963 2797 2020 quae
2830 1949 3108 2022 proposui
3140 1950 3504 2009 resolvenda.

1556 2110 1972 2217 INCIPIT
2031 2127 2280 2220 VITA

286 2316 343 2369 2.
378 2313 767 2386 Temporibus
797 2311 985 2369 Caroli
1037 2312 1447 2386 gloriosissimi
1499 2312 1869 2387 imperatoris

210 2396 596 2471 Francorum,
630 2403 730 2474 qui
756 2402 984 2476 primus
1016 2402 1168 2458 inter
1192 2402 1352 2475 ipsos
1376 2402 1615 2460 Caesaris
1656 2420 1868 2459 nomen

215 2492 465 2566 accepit,
498 2492 810 2565 pradictus
840 2492 929 2547 vir
952 2491 1011 2546 in
1044 2491 1392 2549 Alemannis
1421 2495 1596 2549 natus
1655 2497 1764 2560 est,
1808 2492 1868 2548 in

212 2598 371 2655 pago
398 2597 573 2654 quem
593 2598 661 2637 ex
680 2579 822 2636 villa
846 2579 1217 2652 Sulicbgewe
1236 2582 1351 2653 (47)
1378 2582 1603 2638 vocavit
1621 2582 1872 2654 antiqui-

209 2674 333 2727 tas.
384 2669 656 2726 Parentes
687 2668 799 2742 (48)
827 2686 962 2726 vero
992 2669 1119 2741 ejus
1148 2686 1218 2726 ex
1244 2670 1583 2727 Alemannis
1613 2671 1869 2738 fuerunt,

211 2775 454 2817 morum
476 2757 777 2816 nobilitate
804 2759 992 2831 magis
1014 2758 1315 2833 conspicui
1334 2776 1512 2832 quam
1539 2759 1757 2815 divitiis
1780 2776 1872 2832 pe-

212 2849 447 2905 rituris.
476 2847 585 2915 Qui
615 2865 750 2904 cum
783 2864 913 2904 eam
944 2847 1237 2922 attigisset
1279 2852 1506 2905 aetatem
1541 2866 1660 2922 qua
1685 2848 1871 2921 aptari

216 2939 427 3012 posset
443 2935 770 2993 litterarum
790 2936 1065 3005 studiis,a
1079 2941 1240 3010 patre
1255 2937 1488 2994 ducitur
1507 2939 1579 2994 ad
1594 2937 1871 3005 insulam,

215 3044 405 3102 quam
426 3029 646 3084 veteres
658 3024 1239 3100 Sindlochesaugiam
1260 3027 1566 3097 vocabant,
1585 3045 1619 3083 a
1639 3028 1875 3083 nomine

215 3116 536 3189 cujusdam
561 3116 881 3189 presbyteri
911 3116 1045 3188 (49),
1079 3115 1200 3188 qui,
1226 3114 1502 3172 Sindlocb
1524 3115 1875 3190 appellatus,

213 3206 416 3279 primo
447 3204 507 3260 in
537 3221 607 3262 ea
629 3204 965 3262 habitacula
995 3204 1419 3261 monachorum
1441 3206 1785 3273 construxit,
1820 3209 1878 3262 et

216 3311 426 3353 secum
459 3290 809 3350 Pirminium
838 3311 973 3349 cum
1004 3292 1179 3350 sociis
1200 3294 1271 3350 ad
1293 3294 1681 3351 habitandum
1707 3312 1773 3352 eo
1795 3295 1879 3350 in-

219 3383 417 3451 duxit,
441 3384 616 3456 jussu
644 3382 971 3439 Berchtoldi
1021 3383 1375 3440 nobilissimi
1418 3383 1876 3441 Alamannorum

216 3471 418 3539 ducis,
439 3472 808 3545 temporibus
824 3471 1053 3545 Pippini
1074 3471 1228 3546 regis
1240 3473 1594 3529 Francorum
1616 3492 1628 3541 ;
1652 3491 1878 3547 suoque

217 3581 292 3619 ex
324 3560 564 3618 nomine
594 3578 807 3617 nomen
845 3560 1059 3617 indidit
1111 3559 1338 3617 insula}.
1373 3561 1496 3617 Huc
1546 3579 1682 3636 ergo
1734 3580 1880 3636 puer

218 3651 511 3726 praefatus
540 3667 574 3706 a
604 3652 768 3722 patre
791 3649 1005 3706 ductus
1027 3651 1472 3707 commendatur
1493 3651 1614 3708 viro
1639 3669 1741 3724 per
1760 3669 1879 3709 om-

218 3740 327 3795 nia
355 3736 778 3794 honestissimo
808 3735 1544 3810 Erlebaldo(50)monacho,
1577 3738 1680 3810 qui
1701 3738 1877 3794 etiam

217 3826 503 3902 praedicto
535 3825 777 3900 puerulo
813 3826 1132 3900 propagine
1159 3825 1377 3882 carnali
1409 3826 1603 3882 affinis
1637 3827 1765 3883 fuit.
1799 3828 1875 3896 Is,

216 3920 361 3973 cum
386 3916 746 3971 infantulum
772 3911 1163 3971 bonaaindolis
1184 3915 1562 3987 conspiceret.
1583 3906 1881 3989 gratanter

217 4004 605 4064 nutriendum
627 4003 1590 4076 suscepit,studiosedocuit,atque
1603 4022 1669 4060 eo
1693 4022 1880 4078 usque

216 4093 548 4151 imbuendo
596 4091 891 4165 produxit,
931 4096 995 4148 ut
1053 4094 1391 4148 sanctarum
1442 4092 1878 4166 Scripturarum

221 4182 539 4240 scientiam
569 4179 901 4237 infudisset.
942 4180 1089 4236 Nam
1120 4197 1265 4253 puer
1294 4199 1328 4237 a
1383 4182 1659 4255 primmva
1714 4186 1879 4239 aetate

217 4274 387 4346 jocos
418 4274 591 4343 atque
621 4286 847 4326 errores
878 4270 1093 4342 quibus
1121 4270 1376 4327 tenerior
1410 4276 1549 4327 tetas
1586 4270 1879 4345 implicari

216 4360 376 4418 solet
404 4360 629 4427 vitavlt,
666 4365 840 4432 atque
872 4359 943 4415 ad
976 4377 1043 4415 ea
1073 4363 1328 4415 mentem
1361 4359 1664 4433 occupavit
1691 4360 1881 4416 susci-

218 4449 443 4523 pienda
470 4466 597 4522 quae
624 4448 900 4504 docuerat
926 4447 1223 4521 magister.

291 4539 352 4594 3.
384 4537 528 4593 Cum
561 4541 757 4594 autem
779 4536 1122 4593 vicesimum
1150 4538 1423 4609 quintum
1445 4539 1633 4594 aztatis
1654 4556 1877 4595 annum

218 4628 560 4701 attingeret,
593 4626 664 4682 ad
691 4626 1040 4683 diaconatus
1069 4626 1352 4695 ofﬁcium,
1387 4632 1444 4683 et
1472 4644 1588 4684 non
1623 4627 1877 4684 multum

218 4721 360 4791 post
385 4716 458 4771 ad
480 4715 801 4788 presbyteri
820 4715 1092 4788 gradum,
1125 4714 1372 4773 faciente
1394 4717 1595 4772 eodem
1630 4734 1736 4772 suo
1760 4734 1879 4773 ma-

219 4806 434 4880 gistro,
468 4802 822 4861 sublimatus
853 4806 959 4860 est.
994 4803 1127 4860 Fuit
1157 4806 1351 4860 autem
1386 4808 1525 4860 tunc
1575 4805 1877 4878 temporis,

223 4897 513 4968 regnante
534 4893 825 4949 Ludovico
848 4893 1072 4949 Cazsare
1094 4890 1213 4949 ﬁlio
1230 4892 1437 4962 Caroli,
1457 4892 1517 4949 in
1539 4894 1669 4966 ipsa
1688 4893 1883 4950 insula

221 4976 411 5039 abbas
433 4982 668 5038 nomine
697 4982 889 5050 Hatto,
920 4981 1010 5036 vir
1037 4980 1203 5038 valde
1235 4982 1293 5037 in
1319 4982 1584 5038 doctrina
1612 4986 1668 5039 et
1696 4982 1885 5055 operi-

221 5072 336 5129 bus
370 5071 544 5128 bonis
573 5088 923 5143 morumque
954 5070 1257 5127 nobilitate
1290 5070 1542 5144 fulgens,
1570 5071 1668 5145 qui
1693 5076 1749 5128 et
1778 5072 1884 5126 Ba-

296 5205 622 5279 (47)_Hodie
648 5205 941 5279 Sulgovia,
972 5204 1147 5279 vulgo
1178 5206 1407 5278 Sulgen,
1451 5205 1579 5263 aliis
1619 5205 1876 5278 Salgaw,

217 5274 401 5349 juxta
423 5274 787 5349 Danubium.

297 5349 413 5420 (48)
443 5344 672 5405 Patrem
696 5347 1076 5404 Bertboldum
1100 5346 1385 5422 Sulgoviae
1416 5349 1688 5405 comitem
1715 5354 1882 5406 vocat

228 5418 651 5477 Hartmannus.

300 5490 412 5562 (49)
440 5490 564 5548 Imo
590 5490 843 5562 comitis,
878 5491 979 5562 qui
1009 5494 1211 5547 sancto
1241 5489 1522 5547 Pirminio
1555 5491 1747 5548 locum
1781 5492 1877 5547 de-

300 5508 412 5562 us)
442 5508 564 5548 nmo
590 5508 843 5559 comlus,
921 5509 979 5546 ut
1009 5508 1211 5547 sancto
1242 5508 1522 5547 rlrmmlo
1556 5508 1747 5548 locum
1781 5508 1875 5547 ue-

222 5561 321 5644 git
346 5567 609 5644 tempore
637 5561 826 5644 Caroli
865 5508 1151 5644 auditis,“
1178 5562 1620 5644 Pippininregis
1672 5563 1875 5636 patris.

226 5580 321 5617 ιιιι
346 5580 609 5644 tempore
637 5580 826 5644 uarou
866 5580 1116 5644 iunius,
1178 5580 1405 5689 rippim
1466 5581 1474 5617 ι

226 5633 379 5709 Lege
409 5629 602 5690 Vitam
635 5634 695 5691 S.
730 5634 995 5691 Plrmlnn
1028 5652 1089 5690 in
1118 5634 1278 5691 Saacu
1310 5651 1342 5691 ο
1377 5634 1474 5691 ΙΙΙ.

1978 2313 2246 2371 sileensis
2277 2313 2542 2372 Ecclesiae
2568 2313 2780 2388 pracsul
2801 2316 3044 2372 exstitit.
3077 2317 3199 2380 Quo
3226 2320 3474 2375 actuosae
3499 2318 3629 2376 vita:

1978 2405 2211 2477 negotia
2251 2407 2586 2476 respuente,
2621 2406 2797 2477 atque
2855 2406 2925 2461 ad
2982 2405 3446 2479 contemplativa
3500 2406 3630 2466 vita

1978 2490 2474 2565 pulchritudinem
2507 2509 2569 2549 se
2599 2493 3010 2562 transferente,
3054 2495 3333 2567 praefatus
3371 2492 3631 2555 Erlebal-

1979 2580 2090 2639 dus
2120 2598 2255 2638 cum
2284 2580 2522 2639 licentia
2552 2581 2770 2639 Ludovi
2801 2584 3044 2639 Caesaris
3094 2584 3317 2642 electus
3373 2586 3446 2642 ab
3506 2601 3632 2644 om-

1982 2672 2176 2740 nibus,
2210 2671 2493 2744 praadictae
2516 2671 2720 2729 insulsa
2741 2677 2799 2729 et
2821 2672 3101 2729 fratribus
3123 2672 3438 2745 praaﬁcitur
3456 2677 3635 2746 atque

1980 2761 2039 2816 in
2072 2761 2300 2817 abbatis
2330 2758 2587 2817 ofﬁcium
2620 2760 3021 2817 substituitur.
3080 2758 3210 2829 Qui,
3264 2761 3465 2818 statim
3523 2760 3635 2820 hac

1979 2851 2267 2920 potestate
2289 2851 2581 2920 suscepta,
2600 2851 2722 2921 jam
2741 2864 2893 2921 saepe
2905 2849 3128 2905 dictum
3148 2848 3340 2905 virum
3359 2863 3637 2908 veneran-

1982 2937 2125 2992 dum
2138 2937 2546 3009 Meginradum
2570 2938 2982 3011 suasitjugum
3006 2939 3323 3011 suscipere,
3341 2952 3637 2999 uormam~

1987 3042 2099 3097 que
2128 3025 2467 3083 monasticae
2495 3026 2624 3081 vita
2682 3027 2879 3082 subire
2936 3028 3273 3084 tenendam.
3327 3027 3638 3087 Consensit

1985 3130 2121 3187 ergo
2151 3113 2374 3171 salubri
2406 3114 2651 3171 consilio
2677 3119 2735 3172 et
2764 3115 3218 3189 promissionem
3260 3115 3415 3187 fecit,
3459 3119 3641 3190 atque

1986 3203 2480 3262 omniintentione
2499 3205 2728 3261 studuit
2747 3206 3039 3277 promissa
3058 3221 3308 3275 servare,
3327 3208 3643 3279 promptus

1986 3310 2218 3367 semper
2250 3294 2322 3351 ad
2352 3294 2767 3362 obediendum,
2826 3296 2888 3351 in
2930 3295 3213 3367 jejuando
3262 3294 3535 3362 strictim,
3574 3294 3637 3353 in

1987 3383 2247 3439 oratione
2275 3382 2571 3452 assiduus,
2600 3384 2660 3439 in
2682 3383 3092 3441 misericordiae
3113 3384 3391 3457 operibus
3409 3381 3633 3458 largus,

1987 3477 2044 3528 et
2074 3471 2326 3529 maxime
2346 3471 2676 3530 humilitate
2705 3475 3044 3530 substratus
3069 3473 3366 3530 omnibus.

2057 3562 2110 3616 4.
2140 3561 2242 3617 His
2273 3561 2415 3617 dum
2450 3561 2691 3633 polleret
2738 3562 3022 3633 moribus,
3055 3580 3090 3618 a
3144 3562 3382 3636 praafaio
3428 3561 3663 3619 abbate-

1987 3650 2313 3706 destinatus
2329 3651 2401 3706 ad
2426 3648 2697 3707 cellulam
2713 3651 2822 3722 (51)
2837 3652 3155 3724 quamdam
3181 3651 3252 3706 ad
3267 3650 3397 3721 jam
3414 3649 3639 3708 dictum

1988 3738 2412 3795 monasterium
2436 3738 2845 3811 pertinentem,
2867 3740 3229 3811 sitamjuxta
3249 3739 3445 3797 iscum
3475 3739 3642 3797 Turi-

1987 3828 2186 3884 cinum
2245 3828 2336 3895 (de
2372 3829 2633 3901 Zurich),
2694 3845 2871 3901 quem
2915 3827 3202 3885 interﬂuit
3247 3828 3637 3887 Lindemacus

1989 3918 2282 3991 (Limina!)
2315 3917 2551 3985 fluvius,
2582 3922 2648 3973 ut
2690 3917 2909 3974 ibidem
2968 3916 3179 3974 schola:
3236 3922 3534 3989 praeesset,
3581 3920 3642 3973 et

1986 4005 2275 4064 talentum
2306 4023 2421 4078 quo
2440 4007 2566 4079 ipse
2587 4006 2810 4063 ditatus
2828 4010 2956 4063 erat
2976 4006 3047 4061 ad
3068 4005 3233 4062 lucra
3252 4006 3559 4063 Dominica
3578 4005 3640 4063 in

1987 4094 2274 4168 plurimos
2294 4092 3130 4169 dispergeret.Aliquantulum
3148 4093 3432 4167 temporis
3455 4093 3636 4151 ﬂuxe-

1988 4187 2097 4250 rat,
2130 4200 2196 4239 eo
2226 4184 2287 4238 in
2318 4183 2410 4239 bis
2431 4184 2715 4262 detento_:
2750 4184 3004 4257 quadam
3035 4183 3128 4238 die
3152 4182 3410 4255 sumpsit
3440 4198 3639 4238 secum

1989 4271 2369 4328 scholasticos
2401 4284 2550 4344 quOs
2583 4272 2888 4340 nutrierat,
2930 4276 2989 4329 et
3043 4271 3389 4344 pradictum
3445 4266 3641 4327 lacum

1988 4361 2441 4434 transnavigans
2472 4360 2711 4417 intravit
2735 4378 2999 4418 eremum
3027 4379 3154 4435 quas
3188 4360 3378 4434 ipsius
3409 4358 3521 4417 laci
3549 4358 3643 4416 lit-

1910 4435 1957 4501 D
1988 4449 2099 4506 tori
2132 4450 2381 4521 adjacet,
2415 4454 2473 4505 et
2516 4466 2706 4523 usque
2737 4451 2809 4506 ad
2868 4450 3041 4523 Alpes
3102 4450 3393 4505 Penninas
3450 4446 3643 4505 tendit

1988 4545 2162 4611 atque
2191 4540 2262 4594 ad
2284 4538 2484 4595 villam
2510 4539 2750 4608 Cbama,
2780 4556 2958 4597 causa
2980 4538 3321 4613 piscationis
3343 4542 3400 4595 et
3419 4538 3493 4595 ad
3515 4534 3643 4594 loca
3716 4580 3727 4585 κ

1988 4628 2166 4684 eremi
2219 4627 2524 4684 intuenda.
2579 4629 2929 4685 Perveniunt
3002 4629 3199 4701 itaque
3256 4628 3327 4684 ad
3399 4626 3641 4684 ﬂuvium

1990 4717 2303 4790 quemdam
2332 4718 2431 4789 qui
2459 4716 2519 4772 in
2549 4716 2679 4790 ipsa
2702 4717 3314 4786 decurritsolitudine,
3340 4716 3536 4789 ibique
3555 4715 3644 4771 vir

1990 4806 2199 4863 beatus
2221 4807 2293 4861 ad
2318 4805 2667 4879 piscandum
2690 4810 2936 4879 occupat
2962 4806 3205 4863 comites
3231 4824 3245 4873 ;
3280 4805 3405 4879 ipse
3424 4820 3558 4859 vero
3580 4802 3642 4858 in

1992 4894 2461 4952 consideratione
2484 4894 2821 4952 solitudinis
2839 4895 3000 4952 solus
3021 4893 3416 4966 Spatiabatur:
3444 4908 3644 4949 accen-

1992 5001 2095 5040 sus
2127 4983 2283 5039 enim
2310 4988 2434 5039 erat
2463 4983 2712 5039 nimium
2746 5000 2944 5039 amore
2984 4981 3257 5039 solitariae
3311 4981 3488 5038 sedis.
3519 4981 3645 5046 Qua

1990 5073 2455 5129 consideratione
2478 5074 2620 5129 dum
2644 5076 2899 5129 mentem
2931 5072 3032 5127 diu
3064 5074 3343 5145 pasceret,
3369 5069 3542 5127 rediit
3568 5071 3643 5129 ad

2060 5208 2175 5277 (50)
2232 5207 2605 5263 Hermannus
2661 5206 3052 5263 Contractus:
3095 5206 3249 5261 Anno
3294 5207 3404 5261 822
3450 5206 3644 5275 Λυσία

1990 5279 2213 5334 Heitonc
2243 5279 2435 5335 abbate
2463 5288 2514 5334 et
2549 5280 2795 5349 episcopo
2821 5279 3096 5349 privatam
3123 5281 3175 5349 et
3203 5279 3448 5349 quietam
3467 5279 3640 5349 vitam

1988 5348 2302 5421 adoptanle,
2334 5347 2656 5423 Erlclgaldas
2685 5347 2853 5423 abbas
2881 5351 3076 5423 tertias
3137 5347 3375 5423 decimus
3408 5347 3638 5423 praefuit

1987 5419 2150 5476 annis
2180 5438 2296 5477 xm.
2332 5422 2440 5476 Adi
2471 5420 2863 5476 Walal'ridum
2893 5420 3167 5475 Strabum
3200 5419 3260 5475 in
3292 5419 3548 5476 carmine
3570 5420 3641 5475 de

1991 5492 2243 5548 Wetino.

2060 5564 2165 5635 (21)
2198 5561 2524 5635 Bollingam
2556 5567 2721 5635 vocat
2751 5563 3173 5635 Hartmannus,
3201 5579 3452 5635 eamque
3491 5562 3644 5617 locat

1989 5636 2048 5691 in
2066 5633 2272 5690 deXtro
2288 5633 2688 5709 laciTigurini
2706 5634 2972 5709 margine
2992 5648 3172 5709 supra
3191 5633 3387 5691 vicum
3404 5634 3638 5691 Jonam.
