4052 6158
461 288 613 350 υετ
679 337 708 372 κ

1537 283 1932 355 BERNONIS
1975 279 2307 352 ABBATIS
2346 283 2788 349 AUGIENSIS.

3659 287 3775 352 {188

461 425 714 478 nostros.
749 442 776 469 «
811 420 941 475 Haec
985 418 1188 475 auditu
1234 419 1561 492 percipiens
1605 437 1668 474 ac
1714 422 1908 476 mente
1972 435 2107 493 per-
2137 420 2192 490 Α
2219 419 2554 493 exemplum
2584 433 2854 492 sequens,
2888 419 2959 474 de
2991 435 3103 490 quo
3136 421 3378 473 sanctus
3403 415 3628 475 Joannes
3649 437 3779 480 evan-

459 515 744 584 tractans,
768 509 1140 582 quibusdam,
1175 508 1272 580 qui
1306 508 1419 565 sibi
1451 507 1800 565 familiarius
1837 507 2110 566 amicitia
2217 508 2430 585 gelista
2452 511 2646 577 refert,
2679 508 2818 582 quia
2848 525 2984 565 cum
3027 505 3348 564 voluissent
3374 523 3498 562 eum
3537 525 3702 580 rapere
3739 517 3781 568 et

459 615 638 656 causa
683 597 1074 663 adhaerebant,
1108 601 1330 654 secreto
1379 597 1607 670 pandit,
1652 602 1709 654 et
1754 601 1819 652 ut
1870 597 2106 652 interim

461 687 690 744 silentio
711 685 978 759 tegerint,
1007 687 1333 742 admonuit.
1370 686 1498 759 Ipse
1527 703 1661 742 vero
1693 703 1796 758 per
1846 686 2108 742 diversos

459 791 758 831 sacrorum
773 774 1054 830 librorum
1068 792 1193 831 cam
1203 792 1307 847 pos
1317 820 1329 844 ,
1343 793 1446 832 seu
1461 775 1932 848 prudentissime
1945 791 2104 846 apes,

457 865 628 920 flores
658 865 1084 920 sententiarum
1129 881 1394 936 carpens,
1430 881 1496 920 ac
1526 863 1586 919 in
1613 863 1863 920 alvcario
1913 869 2106 936 pecto-

456 953 538 1009 ris
571 951 662 1008 sui
707 953 1048 1020 recondens,
1081 969 1317 1008 summa
1342 953 1514 1026 coepit
1561 969 1669 1024 ope
1714 952 1844 1020 niti,
1879 957 1943 1007 ut
1986 952 2107 1024 spi-

455 1041 690 1098 ritualia
737 1045 934 1114 posset
989 1041 1163 1098 mella
1219 1043 1524 1108 conficere,
1557 1059 1683 1114 quae
1727 1041 2106 1113 postmodum

455 1133 516 1187 in
585 1129 832 1204 populos
879 1130 1047 1186 illum
1109 1132 1337 1187 deceret
1399 1135 1682 1198 eructare,
1727 1131 1898 1201 juxta
1959 1128 2105 1184 illud

453 1220 777 1277 Psalmista:
813 1239 826 1276 :
861 1243 885 1270 ‹‹
914 1223 1097 1286 Quam
1129 1220 1324 1276 dulcia
1367 1220 1633 1276 faucibus
1681 1220 1828 1275 meis
1875 1217 2108 1290 eloquia

453 1316 576 1378 tua,
610 1326 788 1382 super
832 1309 942 1366 mel
995 1315 1051 1364 et
1095 1311 1288 1365 favum
1339 1309 1426 1366 ori
1475 1309 1687 1366 meo!»
1724 1309 1794 1364 Et
1841 1308 1997 1380 quod
2033 1307 2104 1362 de

455 1399 932 1472 praedicatoribus
980 1399 1197 1454 dicitur
1231 1415 1298 1454 :«
1349 1398 1691 1454 Memoriam
1733 1395 2104 1452 abundantia:

454 1487 762 1544 suavitatis
811 1493 926 1542 tua:
974 1488 1346 1543 cructabunt.
1390 1510 1410 1536 ι
1453 1486 1671 1543 Dehinc
1721 1487 1791 1542 ad
1844 1502 2102 1558 unguem

450 1577 794 1645 instructus,
835 1592 970 1631 cum
1017 1576 1280 1631 omnium
1316 1576 1561 1631 fratrum
1599 1575 1966 1631 conniventia
2015 1591 2102 1630 re-

453 1664 668 1720 meavit
713 1665 787 1720 ad
832 1663 1084 1736 propria.
1119 1665 1393 1720 Parentes
1449 1680 1582 1720 vero
1631 1665 1703 1720 de
1748 1664 1874 1734 ejus
1915 1663 2103 1735 profe-

453 1758 550 1810 ctu
593 1753 842 1810 nimium
887 1755 1209 1826 gaudentes
1257 1770 1322 1808 ac
1377 1754 1492 1809 Deo
1563 1753 1783 1826 gratias
1841 1755 2101 1825 agentes,

451 1843 664 1899 iterum
697 1843 1111 1898 commendant
1140 1859 1274 1897 eum
1316 1841 1670 1898 Adalberoni
1710 1841 2106 1914 Augustensis

449 1931 718 1988 Ecclesiae
753 1931 982 2004 praesuli
1012 1932 1363 1998 venerando,
1390 1931 1513 1987 viro
1545 1931 1679 1986 ﬁdei
1727 1931 1858 1985 dote
1909 1947 1974 1986 ac
2021 1929 2104 1984 vi-

451 2025 520 2076 ta:
555 2023 778 2077 ‘merito
827 2020 1031 2076 multis
1071 2021 1448 2094 praeferendo,
1499 2024 1791 2094 quatenus
1840 2035 2105 2074 reveren-

450 2111 537 2166 dae
573 2109 730 2164 illius
770 2109 1088 2182 praesentiae
1109 2110 1333 2182 jugiter
1363 2109 1650 2166 assistens
1677 2107 1834 2163 velut
1870 2107 1929 2162 in
1959 2100 2103 2178 quo-

450 2201 586 2255 dam
650 2197 974 2270 disciplina!
1040 2197 1275 2268 speculo
1339 2198 1702 2270 conspiceret
1751 2196 1800 2251 si
1851 2195 1990 2268 quid
2042 2196 2102 2250 in

451 2287 638 2359 ipsius
689 2287 956 2342 moribus
1006 2285 1195 2340 adhuc
1245 2285 1456 2359 corrigi
1507 2286 1760 2342 deberet.
1815 2288 1998 2351 Quem
2039 2289 2106 2340 ut

451 2375 765 2450 praedictus
794 2374 892 2429 Dei
928 2375 1186 2446 pontifex
1216 2375 1328 2430 fide
1363 2375 1738 2446 ﬁrmum,spe
1769 2374 2100 2441 robustum,

451 2463 733 2521 charitate
761 2463 1088 2519 radicatum
1119 2467 1176 2517 et
1201 2463 1512 2518 fundatum
1543 2463 1822 2534 omnique
1871 2478 2101 2518 morum

453 2553 737 2627 probitate
803 2553 1141 2608 decoratum
1208 2551 1465 2624 agnovit,
1527 2550 1876 2608 familiarius
1934 2550 2101 2607 illum

452 2642 658 2698 ascivit
685 2641 928 2713 ejusque
959 2639 1116 2695 domi
1148 2641 1410 2712 forisque
1440 2641 1500 2696 in
1526 2639 1800 2696 omnibns
1851 2640 1932 2696 uti
1964 2658 2101 2696 con-

449 2730 604 2788 siliis
627 2730 819 2802 cmpit,
854 2733 1146 2801 quatenus
1175 2730 1306 2800 ejus
1337 2729 1644 2802 prudentia
1676 2729 1858 2784 totius
1885 2728 2104 2802 episco-

452 2825 623 2894 patus
670 2817 1120 2891 disponerentur
1161 2818 1412 2890 negotia,
1460 2824 1581 2874 tam
1644 2817 1878 2891 publica
1920 2835 2099 2890 quam

449 2909 694 2982 privata.

519 2998 654 3054 CAP.
701 2997 794 3052 IV.
829 3029 894 3037 ——
925 2996 1122 3052 Libuit
1165 2996 1399 3052 interim
1449 2997 1555 3052 viri
1604 2997 1705 3053 Dei
1750 2996 1948 3053 animo
1987 2997 2096 3052 Ro-

449 3104 608 3144 mam
653 3102 915 3159 pergere,
945 3085 1341 3158 apostolorum
1394 3084 1600 3140 limina
1642 3084 1902 3153 visitare,
1933 3089 1998 3140 ut
2037 3101 2100 3139 se

2218 616 2414 674 regem
2449 598 2824 665 constituere,
2854 598 3056 654 statim
3087 595 3258 670 fugit.
3287 597 3397 652 Sed
3425 613 3546 652 mox
3571 601 3627 652 ut
3660 597 3781 654 bona

2216 687 2510 745 memoriae
2559 687 2844 744 Adalbero
2873 704 2942 743 ex
2971 687 3080 742 hac
3127 687 3249 741 vita
3287 684 3559 758 migravit,
3587 685 3784 744 Hiltinus

2214 777 2269 834 ei
2301 779 2360 833 in
2390 779 2727 851 episcOpatu
2760 777 3058 833 successit.
3077 777 3202 840 Quo
3232 779 3364 847 post
3391 774 3686 846 quindecim
3709 795 3786 831 an-

2217 883 2428 923 norum
2463 865 2756 923 curricnla
2783 882 2848 921 ex
2895 865 3005 920 hac
3024 864 3152 921 luce
3182 862 3788 930 subtracto,volenteDo-

2215 955 2377 1011 mino
2435 955 2562 1023 hoc,
2613 956 2768 1028 quod
2817 955 2887 1011 de
2929 971 3092 1010 servo
3135 970 3246 1010 suo
3291 951 3542 1008 Udalrico
3589 971 3674 1025 per
3714 971 3788 1008 ora

2214 1061 2459 1101 suorum
2491 1043 2751 1100 fidelium
2792 1048 2964 1101 antea
3007 1039 3290 1115 praedixit,
3323 1040 3630 1114 adimplere,
3655 1041 3787 1097 totius

2215 1133 2358 1190 cleri
2389 1151 2456 1190 ac
2486 1133 2686 1206 pepuli
2713 1138 2846 1189 voto
2877 1134 2938 1189 in
2982 1150 3166 1189 unum
3200 1134 3585 1199 concurrente,
3611 1134 3659 1185 et
3681 1133 3787 1185 lien-

2215 1223 2320 1278 rici
2353 1213 2507 1296 regis
2535 1223 2832 1278 voluntate
2861 1222 2923 1277 in
2963 1222 3224 1295 idipsum
3265 1218 3650 1286 consentiente,
3675 1218 3788 1275 idem

2213 1312 2306 1366 vir
2355 1312 2448 1368 Dei
2489 1316 2729 1368 sanctus
2771 1312 2830 1366 in
2862 1311 3204 1367 cathedram
3229 1307 3600 1382 episcopalem
3623 1307 3710 1363 hac
3743 1307 3785 1362 in

2214 1400 2363 1456 urbe
2392 1406 2481 1456 est
2511 1401 2886 1456 sublimatus.

2287 1490 2422 1545 CAP.
2457 1493 2526 1544 V.
2561 1521 2629 1530 —
2660 1490 2879 1561 Adepto
2910 1506 3041 1545 vero
3071 1492 3250 1544 tantae
3283 1486 3572 1562 dignitatis
3603 1484 3783 1550 honore,

2215 1579 2410 1650 qualis
2438 1583 2710 1635 tantusve
2730 1579 3015 1635 exstiterit
3047 1577 3274 1634 nullius
3288 1593 3476 1633 sermo
3491 1575 3790 1646 adintegrum

2213 1667 2502 1740 explicare
2546 1667 2779 1723 valebit.
2813 1668 2996 1724 Totus
3033 1671 3157 1722 erat
3207 1682 3440 1738 semper
3481 1665 3537 1720 in
3575 1664 3788 1726 oratione,

2212 1761 2375 1812 totus
2405 1757 2464 1812 in
2497 1757 2762 1824 lectione,
2787 1761 2844 1812 et
2875 1756 3128 1811 maxime
3159 1754 3468 1811 attendens
3495 1751 3682 1824 quibus
3711 1748 3790 1804 tir-

2215 1850 2411 1900 tutum
2425 1843 3110 1917 ornamentisApostolus
3132 1843 3499 1900 describebat
3518 1840 3788 1914 episcopum

2214 1950 2348 1990 esse
2392 1933 2516 1990 sine
2563 1934 2827 2000 crimine,
2861 1933 3014 1990 sicut
3059 1933 3162 1988 Dei
3208 1933 3792 2005 dispensatorem:nou

2215 2023 2564 2095 superbum,
2593 2023 2709 2078 non
2756 2023 3128 2093 iracundum,
3172 2039 3292 2078 non
3335 2019 3684 2085 vinolentum,
3709 2033 3791 2072 non

2213 2128 2642 2184 percussorem,
2668 2128 2780 2167 non
2812 2112 2999 2184 turpis
3025 2111 3178 2167 lucri
3210 2110 3484 2184 cupidum
3506 2127 3520 2178 ;
3540 2108 3628 2164 sed
3652 2104 3792 2176 hospi-

2213 2201 2416 2268 talem,
2449 2201 2788 2274 benignum,
2817 2192 3794 2272 Sobrium,justum,sanctum,conti-

2213 2295 2472 2358 nentem,
2507 2289 2956 2362 amplectentem
2987 2306 3122 2346 eum
3160 2289 3262 2361 qui
3299 2287 3603 2344 secundum
3629 2281 3790 2338 doctri-

2215 2396 2356 2435 nam
2387 2383 2477 2435 est
2508 2379 2741 2435 ﬁdelem
2771 2394 3126 2450 sermonem,
3154 2385 3222 2434 ut
3243 2385 3446 2450 potens
3477 2376 3546 2432 sit
3566 2370 3791 2430 exhortari

2211 2468 2270 2522 in
2304 2485 2449 2524 sana
2477 2468 2767 2536 doctrina,
2797 2472 2854 2524 et
2875 2485 2973 2524 eos
3004 2466 3104 2539 qui
3141 2465 3560 2531 contradicunt,
3589 2475 3791 2534 arguere.

2207 2557 2430 2614 Harum
2462 2557 2714 2613 duarum
2740 2556 3022 2612 virtutum
3055 2556 3142 2612 ita
3172 2555 3388 2611 vicaria
3425 2553 3670 2609 utebatur
3697 2563 3792 2604 suc-

2210 2646 2475 2702 cessione
2490 2650 2572 2712 ut,
2587 2645 2704 2701 nisi
2725 2644 3045 2701 inevitabili
3063 2643 3324 2716 alicujus
3345 2640 3673 2699 necessitatis
3689 2637 3793 2692 arti-

2208 2733 2341 2789 culo
2367 2733 2778 2802 intercedente,
2803 2732 3030 2788 nullum
3073 2738 3318 2805 tempus
3369 2729 3600 2786 transire
3629 2727 3792 2782 sineret

2207 2823 2484 2890 otiosum,
2531 2823 2851 2895 quominus
2917 2826 3018 2878 aut
3073 2819 3332 2877 orationi
3391 2819 3671 2882 insisteret,
3720 2816 3792 2867 aut

2207 2912 2442 2968 lectioni
2475 2929 2712 2986 cperam
2735 2913 2901 2968 daret
2929 2928 2942 2967 :
2979 2911 3185 2982 sicque
3215 2925 3365 2982 pene
3392 2923 3604 2981 semper
3627 2899 3788 2974 Optatis

2209 3001 2420 3056 Rachel
2445 3001 2830 3073 amplectibus
2853 3004 3134 3064 uteretur,
3154 2999 3271 3054 nisi
3290 2998 3398 3054 LitB
3425 2991 3790 3067 interpositione

2207 3089 2438 3145 interim
2455 3107 2488 3144 a
2517 3093 2694 3145 tanta:
2711 3087 3040 3144 sedulitatis
3059 3087 3376 3144 dulcedine
3390 3083 3788 3158 suspenderetur.

449 3193 674 3250 suaque
703 3175 902 3232 omnia
933 3175 1193 3247 ipsorum
1225 3175 1590 3246 aliorumque
1612 3178 1950 3230 sanetorum
1974 3189 2098 3246 pre-
2127 3160 2169 3226 C
2209 3179 2502 3235 Suberant
2533 3179 2582 3233 ci
2615 3195 2766 3236 cura;
2798 3177 3065 3232 maxime:
3094 3177 3171 3233 de
3225 3174 3553 3248 reparandis
3590 3166 3787 3227 ecclesia

449 3265 616 3322 cibus
643 3267 840 3338 posset
862 3263 1142 3320 attentius
1183 3265 1612 3320 commendare.
1646 3265 1768 3328 Quo
1821 3279 1954 3318 cum
2001 3279 2097 3318 ve-

450 3355 655 3420 uisset,
670 3354 742 3408 ab
773 3351 1105 3424 apostolicae
1129 3351 1287 3408 sedis
1308 3351 1824 3424 praesule,nomine
1851 3349 2094 3416 Marino,

451 3443 603 3516 apud
628 3443 811 3497 Deum
842 3445 900 3496 et
929 3439 1201 3496 homines
1233 3441 1545 3512 magniﬁco
1575 3444 1632 3495 et
1661 3439 1938 3512 glorioso,
1971 3439 2096 3494 ofﬁ-

451 3531 604 3586 ciose
635 3532 968 3600 susceptus,
999 3545 1065 3583 ac
1097 3527 1415 3600 requisitus
1446 3527 1579 3599 quis
1600 3532 1906 3594 esset,.aut
1943 3529 2100 3583 unde

449 3618 725 3687 venisset,
751 3615 1074 3688 respondit,
1091 3633 1152 3670 se
1182 3631 1248 3670 ex
1280 3613 1738 3670 Alamannorum
1765 3615 1946 3688 stirpe
1967 3633 2097 3688 pro-

450 3705 736 3780 genitum,
787 3703 1168 3760 Adalberonis
1214 3704 1602 3776 Augustensis
1657 3703 1924 3760 Ecclesia:
1971 3721 2100 3760 esse

452 3793 744 3851 clericum.
794 3793 877 3848 Ad
927 3793 1046 3849 hac
1089 3791 1504 3865 Apostolicus:
1547 3793 1629 3848 Ne
1671 3793 1832 3860 dure,
1884 3791 2096 3864 inquit,

451 3882 723 3956 accipias,
777 3899 902 3954 quae
951 3881 1119 3949 dico;
1155 3881 1291 3954 quia
1338 3881 1493 3937 idem
1543 3881 1615 3938 de
1663 3897 1777 3954 quo
1827 3880 2096 3950 retulisti,

447 3977 586 4029 tuus
618 3971 875 4044 pontifex
906 3971 1194 4027 Adalbero
1211 3971 1337 4043 jam
1356 3969 1631 4044 migravit
1645 3970 1716 4026 de
1735 3969 1844 4025 hoc
1865 3969 2096 4037 sazculo,

451 4079 517 4117 ac
563 4061 665 4117 Dei
714 4059 1082 4116 ordinatione
1123 4059 1524 4132 dispensante,
1555 4061 1782 4131 oportet
1832 4063 1886 4114 te
1921 4058 2100 4130 hujus

449 4148 751 4224 regiminis
783 4165 987 4205 curam
1024 4149 1430 4220 suscipere.At
1455 4147 1552 4203 ille
1570 4145 2100 4220 propriaeconscius

447 4239 830 4310 infirmitatis,
876 4238 993 4294 imo
1047 4255 1164 4293 non
1221 4237 1533 4292 immemor
1581 4235 1741 4291 illius
1790 4237 2096 4292 mandati:

452 4349 480 4379 ‹‹
506 4330 732 4394 Quanto
747 4344 998 4399 magnus
1022 4343 1105 4394 es,
1122 4325 1372 4381 humilia
1393 4330 1447 4380 te
1469 4325 1529 4380 in
1547 4325 2102 4397 omnibus,»judica-

445 4415 528 4472 vit
556 4416 818 4488 seipsum
853 4413 1164 4487 indignum
1198 4416 1318 4469 fore
1349 4417 1415 4468 ut
1444 4413 1591 4469 tanti
1612 4413 1850 4468 honoris
1871 4413 2102 4485 pondus

2209 3269 2420 3339 muris,
2443 3267 2514 3322 de
2543 3266 2969 3322 rezedificandis
2999 3266 3316 3322 domorum
3347 3281 3411 3320 ac
3437 3261 3606 3336 ipsius
3629 3257 3786 3314 civita-

2204 3356 2284 3411 tis
2315 3356 2576 3412 aediticiis
2605 3373 2732 3428 qua:
2779 3355 2888 3410 sub
2929 3358 3375 3411 antecessorum
3427 3364 3642 3408 suorum
3679 3351 3788 3402 tem-

2206 3445 2450 3516 poribus
2479 3448 2581 3500 aut
2603 3443 2786 3500 nimia
2812 3447 3098 3500 vetustate
3127 3442 3378 3516 dilapsa,
3411 3444 3507 3496 aut
3545 3437 3659 3510 igne
3697 3433 3787 3487 iue-

2208 3538 2340 3588 rant
2370 3537 2739 3605 consumpta.
2767 3532 2874 3587 Sed
2905 3537 2962 3588 et
3003 3531 3230 3587 familia
3261 3530 3507 3586 maxima
3533 3543 3592 3582 ex
3617 3525 3744 3598 parte
3763 3534 3788 3572 a

2206 3621 2453 3695 paganis
2502 3620 2714 3686 occisa,
2739 3625 2796 3677 et
2833 3637 2990 3694 pars,
3025 3636 3158 3692 quae
3196 3621 3560 3684 remanserat,
3591 3612 3785 3686 egestate

2209 3709 2462 3764 nimium
2493 3715 2615 3765 erat
2654 3708 2888 3764 afﬂicta.
2915 3709 3070 3764 Inter
3111 3707 3238 3764 haec
3276 3702 3602 3763 venerabilis
3639 3699 3781 3758 heros,

2207 3797 2366 3854 velut
2394 3803 2528 3855 ante
2559 3803 2616 3854 et
2647 3801 2799 3854 retro
2829 3796 3116 3864 oculatus,
3141 3797 3322 3869 coepit
3342 3799 3507 3852 cauta
3535 3785 3782 3847 mentisin-

2207 3887 2467 3944 tentione
2497 3887 2966 3958 circumspicere,
3000 3886 3308 3958 providam
3347 3882 3592 3940 omnium
3632 3885 3780 3932 curam

2208 3991 2408 4048 gerere
2437 3993 2449 4031 :
2474 3992 2540 4031 ac
2572 3957 2820 4048 sapienti
2844 3957 3289 4041 ususiconsilio,
3313 3969 3674 4030 materialibus
3697 3957 3784 4048 qni-

2209 4047 2342 4121 dem
2365 4065 2626 4120 adiﬁciis
2645 4047 2964 4136 prudentes
2987 4067 3045 4120 et
3067 4063 3317 4119 idoneos
3331 4059 3620 4133 magistros
3635 4047 3782 4125 pralo-

2209 4155 2306 4210 cit.
2341 4159 2471 4226 Ipse
2491 4169 2643 4218 vero,
2665 4153 2834 4224 quasi
2867 4151 3101 4224 sapiens
3133 4152 3508 4216 architectus,
3537 4159 3650 4202 cum
3672 4141 3782 4226 Apo:

2209 4220 2702 4298 stolo-Christum
2747 4220 3205 4297 fundamentum
3239 4239 3453 4314 posuit,
3483 4248 3638 4306 super
3667 4220 3781 4299 quod

2209 4331 2513 4387 aedificavit
2541 4346 2774 4398 aurum,
2807 4333 3141 4402 argentum,
3168 4328 3508 4402 lapidesque
3540 4317 3780 4408 pretiosas.

2208 4425 2263 4477 et
2294 4426 2500 4476 caetera
2522 4400 2978 4490 hujusmodiiut
3008 4400 3351 4474 sanctarum
3381 4415 3675 4472 animarum
3689 4400 3782 4457 edi-

447 4504 692 4561 subiret.
723 4503 886 4558 Tunc
919 4520 1091 4575 papa,
1123 4502 1317 4558 divino
1347 4503 1566 4575 Spiritu
1598 4501 2008 4586 repletus,ait:
2038 4503 2099 4558 Si
2132 4531 2178 4597 Β
2210 4509 2426 4580 ﬁcatio,
2449 4525 2552 4581 per
2581 4509 2710 4579 ejus
2743 4507 3216 4581 pradicatjonem
3258 4504 3588 4565 constructa,
3616 4503 3782 4597 cresce;

448 4608 606 4649 nunc
652 4591 1048 4647 delitescendo
1096 4591 1482 4664 subterfugis,
1525 4591 1844 4663 quonimus
1887 4581 1950 4646 in
1992 4591 2101 4647 hoc

446 4679 608 4753 pacis
654 4696 720 4736 ac
760 4679 1187 4750 tranquilitatis
1249 4684 1510 4751 tempore
1559 4677 1824 4734 Ecclesiae
1889 4696 2096 4734 navem

447 4771 760 4842 gubernes,
793 4769 987 4826 veniet
1013 4769 1140 4824 dies
1187 4768 1246 4822 in
1288 4785 1406 4840 qua
1453 4767 1614 4825 nullo
1663 4768 1836 4824 modo
1882 4773 2100 4825 statuta

446 4858 547 4914 Dei
578 4858 892 4932 praeterire,
909 4857 1152 4926 valebis,
1165 4873 1365 4914 verum
1388 4857 1565 4914 etiam
1587 4857 2100 4930 intermuliiplices

447 4963 514 5002 ac
559 4947 910 5022 .ﬂuctivagas
958 4946 1129 5004 multi
1173 4947 1413 5013 laboris,
1468 4945 1750 5013 mmroris,
1790 4946 2100 5003 anxietatis

449 5037 642 5091 undas
667 5037 981 5108 regendam
1001 5035 1288 5109 suscipies
1308 5052 1396 5104 ac,
1411 5034 1527 5090 Deo
1547 5033 1814 5108 praesule,
1829 5036 1898 5090 ad
1934 5035 2101 5092 littus

448 5122 688 5195 placidae
721 5125 935 5196 quietis
965 5126 1087 5182 acsi
1129 5125 1378 5180 nimium
1432 5123 1624 5180 fessus
1671 5125 1972 5196 perducas.
2002 5124 2103 5182 His

449 5210 666 5266 auditis
696 5212 768 5266 ad
812 5218 1099 5270 metatum
1131 5215 1400 5287 perrexit,
1416 5212 1758 5284 atqueinter
1785 5230 1951 5270 sacra
1980 5231 2103 5271 ora-

451 5297 676 5354 tionum
707 5299 1007 5368 libamina,
1041 5309 1162 5358 tam
1207 5319 1271 5358 se
1320 5319 1502 5374 quam
1551 5303 1809 5358 defuncti
1855 5303 2102 5360 senioris

450 5387 708 5443 animam
739 5405 874 5444 cum
900 5389 1173 5463 lacrymis
1195 5391 1310 5448 Deo
1333 5409 1399 5448 ac
1428 5391 1647 5449 sanctis
1673 5392 1953 5464 apostolis
1973 5393 2102 5464 eius

451 5477 914 5546 commendavit;
949 5477 1148 5551 sicque
1175 5485 1407 5552 postera
1439 5481 1552 5550 die,
1586 5481 1877 5537 nesciente
1925 5500 2094 5555 papa,

446 5563 698 5632 latenter
728 5565 1022 5646 discessit,
1051 5567 1229 5632 etiam
1260 5569 1320 5629 in
1346 5569 1456 5632 hoc
1493 5569 1804 5633 Dominicis
1849 5570 2096 5631 actionis

2209 4603 2296 4654 ret
2326 4599 2384 4653 in
2407 4573 2695 4669 templum
2719 4573 2986 4652 sanctum
3021 4596 3290 4652 Domino.
3306 4595 3376 4650 Et
3397 4573 3780 4664 quoscunqumll

2204 4686 2321 4742 tale
2349 4685 2657 4742 aedilicium
2691 4686 2864 4740 verbo
2883 4689 2941 4740 et
2965 4683 3240 4756 exemplo
3262 4677 3613 4756 praeparabat,
3628 4671 3780 4756 ceter!

2207 4775 2591 4832 humanitatis
2621 4775 2839 4841 officia,
2866 4777 3039 4846 prout
3070 4754 3190 4828 illis
3220 4754 3460 4828 facultas
3486 4754 3780 4837 suppetebat.

2211 4865 2468 4936 praebere
2489 4879 2603 4918 non
2634 4862 2954 4928 desinebat,
2979 4877 3093 4917 non
3129 4860 3323 4918 solum
3352 4859 3440 4914 bis
3466 4853 3554 4928 qui
3577 4857 3780 4922 prasen-

2210 4957 2296 5008 tes
2345 4953 2590 5009 aderant
2628 4966 2871 5007 manum
2923 4949 3338 5006 misericordiae
3368 4936 3773 5024 por-rigando:

2211 5059 2342 5098 rum
2374 5043 2550 5098 etiam
2581 5041 2686 5108 eis,
2702 5039 2803 5112 qui
2835 5037 3182 5112 aegritudine
3212 5033 3476 5112 praeventi
3491 5027 3568 5087 vel
3592 5029 3777 5080 carceri-

2211 5133 2326 5188 bus
2356 5129 2567 5186 inclusi
2599 5129 2772 5202 longe
2797 5128 3056 5195 aberant,
3089 5123 3489 5183 ministrando.

2280 5221 2416 5276 CAP.
2449 5219 2545 5275 VI.
2565 5250 2631 5260 —
2664 5193 2821 5273 Nulli
2845 5193 3049 5289 itaque
3071 5233 3304 5282 avarus,
3335 5210 3583 5270 omnibus
3606 5193 3773 5289 existim

2207 5310 2430 5384 largus,
2463 5309 2546 5364 ita
2567 5312 2634 5363 ut
2657 5306 2806 5362 illud
2835 5286 2987 5362 beati
3017 5305 3128 5362 Job
3160 5309 3346 5379 potest
3375 5301 3546 5384 dicere
3570 5286 3772 5384 3360*

2207 5381 2382 5454 dictio
2409 5396 2647 5471 perituri
2679 5411 2857 5468 super
2887 5411 2978 5450 me
3001 5395 3282 5461 veniebat,
3315 5396 3371 5448 et
3397 5404 3488 5445 cor
3503 5381 3768 5471 viduecou:

2181 5467 2594 5562 _S(‘»‘.."LiUESUDL
2621 5510 2645 5534 ››
2660 5485 2729 5540 Et
2745 5467 2917 5557 paulo
2951 5489 3110 5556 post:
3134 5505 3162 5533 ι(
3181 5481 3391 5548 Oculus
3406 5476 3477 5533 fui
3499 5467 3768 5562 ςωςξθξρῖθ

2204 5577 2412 5638 claudo
2427 5593 2440 5636 :
2457 5580 2621 5653 pater
2631 5549 2793 5634 eram
2815 5549 3162 5650 pauperum.
3179 5594 3208 5628 ››
3221 5573 3289 5631 Et
3307 5570 3503 5628 iterum
3517 5576 3530 5620 :
3546 5549 3764 5614 «Flebat?l
