4052 6158
493 252 650 321 1191

1582 246 1977 311 BERNONIS
2024 244 2356 311 ABBATIS
2399 247 2843 312 AUGIENSIS.

3683 255 3804 318 i199

496 385 642 439 Vere
677 381 916 455 impleta
937 386 1023 438 est
1054 381 1358 454 prophetia
1384 397 1510 453 quae
1524 381 1668 437 dixit
1693 399 1748 437 :«
1772 382 1916 438 Cum
1955 386 2155 438 saneto
2185 384 2239 452 Α
2269 383 2578 454 cujusdam
2604 381 2790 438 noctis
2812 381 3042 438 silentio
3065 382 3323 438 membra
3343 383 3507 453 quieti
3525 390 3808 444 commenda-

496 477 740 530 sanctus
762 472 960 538 eris,et
990 487 1122 526 cum
1156 471 1278 525 viro
1304 470 1611 526 innocente
1645 471 1926 527 innocens
1960 472 2096 528 eris.
2124 496 2152 522 ››

566 567 696 620 CAP.
726 560 874 616 VIII.
908 591 975 600 —
1009 559 1122 615 Nec
1172 560 1643 632 prmtercundum
1696 565 1854 632 puto,
1901 561 2154 632 qualiter

497 649 745 706 caelestis
767 648 916 722 signi
943 647 1166 705 visione
1188 648 1382 721 ipsum
1401 650 1577 704 etiam
1603 648 1845 704 voluerit
1866 650 2152 706 Dominus

464 738 823 798 ,miriﬁcare,
849 738 995 792 Nam
1028 738 1084 792 in
1119 738 1247 810 ipsa
1279 737 1526 794 solemni
1561 738 1654 793 die
1686 742 1886 794 sancto
1917 739 2150 794 Pascha;

491 826 679 886 multa
711 827 958 884 fratrum
1009 832 1240 883 caterva
1287 831 1536 894 astante,
1584 828 1726 882 dum
1778 833 2015 883 sanctus
2057 846 2150 884 sa-

491 917 696 974 cerdos
725 915 922 976 divina
952 916 1269 973 celebraret
1302 916 1858 996 mysteria,|dextera
1879 918 2149 989 quaedam

479 1006 763 1078 apparuit
793 1023 1071 1078 superna,
1104 1023 1232 1078 qure
1263 1023 1396 1062 cum
1429 1006 1618 1078 ipsius
1671 1006 1906 1063 dextera
1952 1007 2151 1063 divina

489 1095 878 1151 sanctificavit
930 1099 1320 1151 sacramenta.
1375 1095 1627 1168 Expletis
1656 1113 1788 1151 vero
1830 1096 2148 1152 missarum

487 1183 810 1252 solemniis,
845 1185 1088 1256 quidam
1121 1185 1410 1240 Henricus
1443 1186 1768 1256 presbyter,
1824 1185 1924 1256 qui
1957 1203 2023 1240 eo
2054 1185 2148 1241 die

487 1273 746 1330 cantoris
783 1273 1042 1329 ofﬁcium
1096 1291 1277 1346 agens
1326 1279 1488 1328 tanto
1535 1274 1798 1328 interfuit
1844 1274 2144 1340 miraculo,

477 1379 746 1434 sequens
787 1363 1132 1434 .epismpum
1189 1380 1373 1434 usque
1415 1363 1472 1418 in
1508 1363 1867 1429 cubiculum,
1896 1365 1966 1419 ad
2018 1366 2148 1435 ejus

473 1453 666 1523 ,pedes
697 1452 1107 1523 cecidit,atquc
1138 1452 1196 1506 in
1224 1453 1534 1523 praesentia
1551 1452 1919 1524 popularium
1956 1471 2148 1525 perso-

490 1557 700 1595 narum
733 1541 997 1598 eamdem
1050 1541 1333 1596 visionem
1369 1541 1566 1597 minus
1600 1546 1765 1596 caute
1795 1541 2140 1614 explanavit.

473 1629 597 1683 'Cui
628 1629 714 1683 vir
743 1629 842 1684 Dei
881 1646 892 1682 :
929 1629 1136 1685 Melius
1158 1630 1283 1695 tibi,
1320 1629 1528 1701 inquit,
1553 1633 1708 1685 esset
1738 1635 2143 1701 tacere,quam

477 1717 630 1773 {talia
661 1717 718 1773 in
753 1735 924 1775 aures
956 1718 1110 1790 vulgi
1143 1719 1559 1790 profcrrc.Mox
1590 1719 1684 1774 ille
1715 1719 1925 1775 rubore
1958 1721 2146 1792 ρει-[υς

485 1824 586 1863 sus
619 1807 775 1872 exiit,
830 1813 884 1863 et
918 1808 973 1862 in
1027 1808 1312 1864 vestibulo
1365 1807 1617 1863 cubiculi
1654 1808 1918 1864 residens
1949 1813 2143 1865 tantas

486 1896 777 1969 lucrymas
811 1897 1100 1966 emisit,ut
1130 1915 1197 1952 ex
1230 1897 1463 1952 illarum
1497 1897 1820 1953 suﬁ‘usione
1842 1904 2146 1970 cogeretur

472 1984 634 2042 lucis
669 1985 848 2057 huius
880 1986 1190 2058 dispendia
1220 1986 1642 2042 sustinere.\"ir
1663 1991 1861 2042 autem
1897 1988 1996 2042 Dei
2031 2004 2145 2043 me-

485 2091 616 2130 mor
645 2092 762 2130 suae
795 2075 1125 2148 fragilitatis
1161 2077 1392 2132 cavebat
1429 2078 1683 2131 favorem
1717 2076 1985 2132 humanm
2018 2075 2142 2132 lau-

485 2164 600 2229 dis,
636 2181 706 2220 ne
753 2165 982 2218 caderet
1020 2164 1077 2218 in
1133 2165 1515 2236 praecipitium
1567 2165 1861 2232 elationis,
1915 2182 2146 2237 semper

469 2252 708 2323 gratias
739 2268 918 2324 agens
945 2257 1057 2307 Deo
1082 2270 1258 2324 super
1287 2252 1664 2308 inenarrabili
1701 2255 1830 2324 ejus
1861 2255 2015 2309 dono
2041 2273 2054 2321 ;
2087 2260 2144 2310 et

471 2340 638 2398 sicut
667 2341 737 2394 de
759 2341 978 2396 sanctis
1004 2342 1132 2411 ejus
1155 2342 1438 2412 scriptum
1457 2346 1574 2396 est:
1599 2365 1625 2390 ‹‹
1649 2342 1819 2396 Ibunt
1840 2343 1910 2397 de
1932 2342 2142 2398 virtute

483 2428 541 2484 in
574 2427 868 2496 virtutem,
892 2453 918 2478 ››
945 2429 1340 2485 velutcceleste
1364 2429 1580 2484 animal
1599 2435 1732 2483 ante
1753 2430 1958 2484 faciem
1973 2448 2140 2486 suam

467 2517 882 2589 gradiebatur,
919 2524 982 2574 ut
1015 2536 1081 2574 eo
1133 2524 1327 2574 mente
1378 2519 1814 2589 conscenderet,
1858 2537 1974 2590 quo
2007 2536 2139 2575 eum

468 2605 741 2678 impetus
772 2607 1016 2678 spiritus
1050 2608 1415 2663 duceretllis
1447 2609 1731 2662 virtutum
1765 2608 2045 2680 gradibus
2067 2610 2138 2664 ad

481 2694 598 2750 alta
651 2696 980 2767 proﬁciens,
1034 2697 1289 2768 quadam
1341 2701 1530 2763 nocte,
1583 2714 1708 2768 quae
1763 2698 2144 2752 antecedebat

479 2783 637 2839 diem
672 2789 966 2850 sanctum,
1003 2801 1176 2856 quem
1209 2785 1363 2841 diem
1399 2785 1772 2857 indulgentiae
1792 2785 1878 2840 vel
1911 2804 2138 2842 coenam

484 2871 718 2928 Domini
775 2873 1111 2929 Christiana
1158 2874 1360 2946 religio
1411 2891 1614 2929 vocare
1666 2876 1986 2943 consuevit,
2037 2894 2144 2932 vox

479 2963 746 3033 quaedam
780 2963 948 3018 beato
982 2963 1063 3018 sic
1097 2965 1178 3018 ait
1227 2965 1284 3018 in
1331 2965 1454 3019 visu
1483 2982 1495 3019 :
1525 2964 1790 3019 Udalrice
1844 2966 2137 3037 episcope,

479 3051 634 3108 scias
663 3055 717 3107 te
749 3052 1007 3124 hospites
1053 3059 1466 3125 suscepturum
1499 3071 1644 3109 esse.
1688 3055 2138 3125 Expergefactus

2263 475 2371 539 ret,
2403 476 2607 527 sancta
2635 472 2774 527 Afra
2822 475 3042 544 martyr
3099 470 3340 542 pulchra
3389 470 3535 538 facie,
3576 479 3705 532 veste
3744 478 3810 533 de—

2263 561 2626 627 cora,tunica
2659 561 2952 617 succincta
3001 561 3290 632 apparuit,
3321 561 3476 632 eique
3499 561 3652 619 dixit:
3679 564 3808 638 Surge

2262 655 2320 705 et
2348 667 2594 722 sequere
2629 667 2740 706 me.
2775 651 2842 705 Et
2880 649 3079 706 statim
3108 649 3304 705 eduxit
3346 648 3500 704 illum
3527 650 3577 705 in
3605 668 3807 724 campum

2263 739 2362 811 qui
2396 757 2464 794 ex
2496 740 2734 794 nomine
2771 738 2991 795 ibidem
3024 738 3382 794 decurrentis
3405 739 3545 793 ﬂuvii
3573 740 3811 797 Lecfeltdi-

2262 828 2432 883 citur‘
2470 828 2568 884 ubi
2603 832 2875 883 sanctum
2909 829 3138 883 Petrum
3175 825 3548 898 apostolorum
3568 827 3809 901 principem

2261 917 2421 973 velut
2451 918 2510 972 in
2541 915 2809 989 synodali
2854 915 3139 988 colloquio
3185 915 3474 972 sedentem
3517 915 3696 972 invenit
3718 935 3808 974 cum

2262 1023 2478 1078 magna
2509 1006 2918 1078 episcoporum
2951 1004 3316 1076 aliorumque
3338 1009 3638 1062 sanctorum
3667 1006 3808 1062 multi-

2262 1094 2582 1162 tudine,vel
2599 1112 2747 1167 quos
2761 1094 2899 1151 olim
2917 1094 2975 1150 in
3003 1111 3173 1151 carne
3193 1093 3358 1161 vidit,
3372 1093 3454 1149 vel
3465 1098 3588 1150 tunc
3600 1093 3804 1166 primum,

2259 1183 2552 1240 revelante
2597 1185 2709 1240 sibi
2754 1184 2941 1255 gratia
2971 1183 3186 1251 divina,
3223 1199 3554 1254 cognoscere
3579 1183 3730 1254 erepit.
3751 1183 3806 1237 lbi

2259 1273 2410 1328 inter
2437 1272 2568 1339 alia,
2628 1290 2753 1344 quae
2801 1273 3224 1338 tractabantur,
3275 1271 3421 1328 sicut
3465 1271 3588 1328 olim
3631 1273 3677 1326 in
3712 1274 3810 1343 Aps

2259 1361 2479 1434 calypsi
2533 1363 2718 1418 sancti
2767 1362 3011 1417 Joannis
3055 1361 3254 1417 audita
3295 1367 3381 1416 est
3420 1377 3518 1415 vox
3561 1359 3807 1418 animarum

2259 1451 2350 1506 sui
2413 1450 2882 1506 interfectoribus
2944 1449 3263 1505 vindictam
3332 1449 3679 1520 expetentium
3719 1448 3810 1506 :ita

2262 1545 2403 1595 tunc
2436 1539 2658 1594 clamor
2688 1545 2851 1595 ortus
2882 1545 2968 1595 est
2999 1545 3330 1595 sacctorum
3353 1539 3420 1593 de
3441 1537 3696 1608 Arnulpho
3710 1539 3809 1592 duce

2263 1629 2608 1684 Noricorum
2634 1629 2826 1685 adhuc
2855 1629 3100 1695 vivente,
3134 1629 3208 1683 ob
3247 1627 3662 1684 destructionem
3685 1625 3807 1681 eccle-

2258 1717 2480 1774 siarum
2505 1723 2679 1789 atque
2703 1717 3466 1788 monasteriorum,quorum
3485 1733 3567 1774 res
3596 1715 3809 1770 distribuit

2257 1807 2316 1862 in
2351 1808 2633 1862 beneﬁcia
2653 1806 3598 1878 laicorum.Quapropter,dictante
3621 1803 3808 1858 omnium

2254 1897 2567 1964 sententia,
2626 1897 2941 1952 damnatus
2975 1900 3064 1951 est
3114 1913 3304 1967 pmna.
3355 1893 3740 1950 Proferebantur
3768 1892 3803 1945 in

2254 1986 2514 2041 medium
2548 1986 2724 2041 etiam
2773 1987 2888 2040 duo
2921 2001 3092 2040 enses
3125 2001 3136 2038 :
3178 2001 3332 2039 unus
3364 1983 3583 2056 quidem
3605 1996 3722 2038 cum
3743 1997 3805 2034 ca-

2255 2075 2566 2147 pulo,alter
2595 2092 2726 2130 vero
2752 2075 2974 2146 absque
3005 2073 3240 2146 capulo.
3277 2073 3354 2128 De
3387 2071 3582 2144 quibus
3617 2071 3806 2142 princeps

2253 2163 2649 2236 apostolorum
2683 2164 2764 2219 ait
2794 2164 2862 2218 ad
2897 2165 3133 2219 beatum
3164 2163 3354 2217 virum
3392 2179 3404 2216 :
3438 2161 3531 2216 Dic
3572 2159 3668 2231 regi
3708 2157 3807 2212 Hen-

2257 2251 2375 2308 rico
2405 2270 2416 2306 :
2452 2252 2620 2307 Ensis
2651 2252 2871 2324 absque
2893 2250 3100 2323 capulo
3125 2251 3416 2323 signiﬁcat
3435 2248 3603 2314 illum,
3624 2247 3699 2319 qui
3725 2245 3808 2301 sine

2256 2341 2532 2396 unctione
2561 2346 2763 2413 regnat
2791 2342 2848 2395 in
2884 2341 3198 2412 populo.At
3227 2339 3373 2395 alter
3390 2338 3662 2410 capulatus
3679 2335 3807 2398 illum,

2258 2430 2357 2501 qui
2383 2448 2483 2502 per
2503 2447 2680 2486 sacrae
2705 2429 3123 2485 benedictionis
3144 2429 3408 2485 ordinem
3431 2425 3672 2481 divinitus
3691 2423 3808 2478 fuerit

2252 2525 2582 2574 coronatus.
2620 2519 2807 2574 Finito
2841 2523 3180 2574 sanctorum
3214 2516 3473 2594 concilio,
3504 2513 3726 2586 praedicta
3741 2510 3806 2564 Dei

2252 2613 2473 2681 martyr
2503 2607 2880 2664 sanctissima
2923 2606 3275 2662 monstravit
3321 2604 3400 2661 illi
3433 2603 3607 2660 adhuc
3639 2601 3748 2661 loca.
3766 2598 3803 2652 in

2251 2697 2467 2768 quibus
2499 2699 2630 2752 Otto
2680 2713 2778 2752 rex
2822 2701 3022 2768 postea
3065 2701 3263 2752 castra
3313 2693 3514 2766 posuit,
3543 2696 3594 2748 et
3611 2686 3805 2762 generale

2251 2786 2607 2858 colloquium
2639 2803 2773 2841 cum
2805 2785 2929 2841 suis
2971 2785 3218 2851 habens,
3251 2781 3632 2854 Berengarium
3663 2791 3800 2848 regem

2257 2875 2798 2947 Langobardorum,
2831 2890 2961 2928 cum
2999 2873 3204 2928 multis
3237 2872 3365 2928 aliis
3397 2863 3801 2942 praesentatumdn

2251 2981 2427 3019 suum
2472 2964 2730 3034 suscepit
2782 2961 3132 3018 dominium.
3180 2961 3443 3020 Praedixit
3486 2958 3635 3014 etiam
3673 2954 3803 3009 edere

2250 3054 2444 3125 gentis
2475 3054 2884 3125 Hungarorum
2943 3051 3354 3123 irruptionem,
3403 3046 3801 3112 dui‘issimamque

465 3141 654 3213 recepit
685 3158 885 3198 secum
917 3142 1262 3199 admirando
1297 3148 1543 3198 tractare
1565 3143 1805 3214 quinam
1827 3144 1908 3198 illi
1943 3145 2140 3216 hospi-
2171 3128 2213 3194 C
2250 3159 2386 3198 cum
2443 3141 2813 3197 Nostratibus
2857 3141 3359 3212 congressionem,
3393 3155 3489 3194 nec
3534 3151 3631 3191 non
3657 3137 3699 3188 et
3721 3129 3803 3184 loca

481 3233 567 3285 tes
597 3230 782 3285 futuri
813 3236 1032 3287 essent.
1077 3232 1198 3286 Non
1233 3232 1389 3287 enim
1416 3239 1540 3287 erat
1570 3232 1764 3288 inanis
1813 3249 1989 3289 sonor
2018 3233 2137 3306 ille,

461 3318 584 3390 -qui
617 3318 768 3375 solet
797 3319 1108 3391 aliquoties
1131 3321 1439 3376 hominum
1469 3326 1696 3377 mentes
1728 3321 1972 3378 illudere
1996 3339 2008 3378 :
2036 3325 2136 3379 sed

469 3407 623 3464 "talis
655 3408 868 3480 potius,
892 3407 1095 3480 .qualis
1129 3427 1346 3481 sponsa
1377 3427 1438 3465 se
1465 3409 1604 3465 dicit
1633 3410 1693 3465 in
1737 3413 1955 3468 amoris
1998 3413 2142 3468 Can~

470 3495 600 3552 tico
633 3496 967 3552 obdormire
1003 3514 1014 3552 :
1052 3520 1079 3545 «
1113 3498 1468 3570 Ego,inquit,
1494 3499 1802 3566 dormio,et
1823 3518 1920 3556 cor
1942 3519 2138 3558 meum

486 3583 707 3655 vigilat.
727 3608 753 3632 υ
769 3584 926 3640 Talis
978 3585 1160 3656 igitur
1189 3586 1380 3640 somni
1414 3586 1553 3642 dum
1585 3587 1670 3641 vir
1702 3588 1800 3643 Dei
1851 3590 2142 3646 frueretur

487 3671 920 3743 quiete,iterum
951 3691 1149 3730 vocem
1184 3675 1242 3730 in
1276 3674 1394 3730 haec
1426 3676 1602 3732 verba
1643 3678 1857 3733 meruit
1887 3680 2090 3736 audire
2122 3697 2136 3736 :

469 3761 790 3818 ‘Orationes
822 3767 931 3818 tua:
983 3767 1038 3819 et
1087 3762 1485 3837 eleemosynae,
1519 3765 1804 3834 Udalrice,
1840 3767 1952 3823 Deo
2003 3774 2142 3824 sunt

488 3855 759 3922 accepta',
790 3851 1075 3922 qui'binis
1115 3855 1584 3910 antecessoribus
1637 3853 1774 3919 tuis,
1827 3857 2140 3914 Fortunato

481 3939 708 3995 scilicet
736 3945 914 4012 atque
943 3942 1315 4009 Adalberoni,
1351 3948 1404 3999 te
1433 3944 1883 4010 commendavit,
1919 3949 1983 4000 ut
2032 3947 2137 4000 tibi

467 4028 658 4085 hodie
669 4035 725 4086 et
737 4030 1010 4103 deinceps
1025 4049 1190 4087 sacra
1203 4033 1481 4105 mysteria
1501 4032 1817 4088 celebranti
1835 4035 2135 4104 assistant,

467 4123 544 4174 -et
573 4134 643 4174 ea
696 4121 890 4174 tecum
939 4120 1304 4176 benedicant.
1342 4121 1511 4176 Mane
1542 4125 1738 4176 autem
1775 4121 1943 4193 facto,
1995 4124 2140 4180 hora

465 4223 602 4278 qua
631 4205 884 4280 inclytus
915 4209 1364 4282 mysteriarches
1387 4209 1583 4265 divina
1603 4216 1970 4268 sacramenta
1988 4212 2137 4268 cele-

465 4296 693 4365 .bravit,
726 4298 1082 4369 quibusdam
1115 4300 1312 4365 etiam,
1359 4297 1459 4370 qui
1507 4299 1582 4354 ad
1629 4299 1945 4355 videndum
1977 4301 2139 4374 digni

463 4390 670 4455 erant,
703 4387 1078 4443 cernentibus
1101 4389 1337 4443 dextera
1370 4387 1599 4443 Domini
1633 4388 1824 4444 denuo
1846 4390 2136 4462 apparuit,

487 4491 618 4545 quae
645 4493 780 4530 cum
812 4481 1012 4532 sancto
1044 4478 1317 4548 episcopo
1364 4476 1531 4548 signo
1562 4477 1752 4532 crucis
1783 4477 2138 4550 imponendo
2173 4503 2218 4568 Ι)

464 4564 691 4618 eadem
722 4565 1289 4620 consecravit.lidem
1309 4565 1569 4638 ipsicum
1601 4567 1672 4622 ad
1705 4567 2137 4639 percipiendam

484 4669 713 4708 sacram
745 4654 1220 4709 communionem
1254 4655 1322 4708 ad
1349 4671 1580 4708 sacrum
1603 4653 1782 4711 altare
1799 4656 2140 4712 accederent

461 4745 542 4797 -et
572 4745 812 4799 sanctus
845 4743 946 4798 Dei
980 4742 1111 4798 illos
1145 4743 1322 4815 hujus
1349 4743 1555 4798 secreti
1588 4745 1856 4801 conscios
1889 4762 2018 4800 esse
2040 4763 2142 4817 per

486 4832 758 4902 spiritum
793 4849 907 4888 non
942 4833 1255 4906 ignoraret,
1282 4833 1518 4904 quando
1567 4849 1778 4905 panem
1831 4835 1914 4890 eis
1952 4834 2142 4890 Domi-

486 4920 684 4976 nicum
700 4921 1066 4993 porrexit,ori
1081 4920 1450 4994 singulorum
1472 4921 1724 4995 digitum
1743 4924 2136 4997 superposuit,

485 5012 551 5062 ut
581 5026 683 5080 per
703 5010 811 5066 hoc
841 5011 1236 5084 intelligerent
1288 5010 1441 5082 quod
1489 5010 1614 5067 visa
1662 5011 1903 5066 minime
1948 5011 2139 5068 divul-

485 5112 624 5168 gare
650 5098 1105 5166 deberent.0uin
1129 5097 1559 5172 etiam,expleto
1590 5117 1890 5156 sacrorum
1921 5101 2135 5171 ofﬁcio,

486 5187 560 5241 ad
593 5188 898 5244 ale-vocatis
931 5189 1162 5246 revelati
1195 5189 1305 5245 sibi
1336 5189 1395 5244 in
1429 5193 1595 5244 nocte
1618 5189 1912 5262 praeterita
1930 5196 2140 5262 myste-

487 5275 558 5330 rii
591 5275 856 5333 ordinem
886 5279 1175 5350 exposuit,
1209 5284 1266 5335 et
1295 5284 1414 5334 tam
1463 5278 1574 5334 hoc
1609 5295 1787 5350 quam
1835 5279 1991 5350 quod
2023 5281 2136 5353 ipsi

484 5363 750 5420 viderant
781 5364 956 5420 alicui
988 5365 1200 5433 dicere,
1225 5368 1406 5423 donec
1437 5367 1531 5423 ille
1561 5372 1828 5423 maneret
1852 5368 1909 5422 in
1942 5386 2134 5437 carne,

485 5452 786 5511 interdixit
817 5457 926 5510 sub
959 5455 1429 5512 interminatione
1461 5457 1764 5530 praesentis
1796 5458 1944 5512 vitae.

547 5542 684 5606 Car.
719 5544 811 5608 IX.
836 5577 904 5591 -ο-
933 5542 1062 5604 Alio
1088 5560 1219 5606 vero
1271 5550 1552 5626 tempore,
1593 5547 1735 5604 dum
1783 5546 1996 5606 iterum
2021 5549 2134 5610 sub

2250 3231 2638 3288 certaminum
2673 3247 2685 3285 :
2720 3235 2776 3285 et
2806 3230 2940 3286 licet
2985 3246 3120 3284 cum
3173 3245 3384 3302 magno
3411 3239 3640 3289 ,suorum
3675 3217 3799 3276 delri-

2252 3326 2468 3390 mento,
2501 3324 2695 3375 tamen
2727 3319 2977 3376 victoria:
2992 3319 3362 3392 triumphum
3391 3313 3627 3388 promisit
3651 3303 3804 3383 populo

2250 3409 2599 3466 Christiano.
2633 3408 2676 3464 Ο
2712 3409 2947 3464 beatum
2990 3408 3206 3475 virum,
3248 3405 3458 3462 caelesti
3503 3402 3685 3458 visione
3717 3397 3801 3489 dig-

2253 3515 2416 3566 num,
2453 3499 2510 3553 in
2542 3497 2759 3555 talibus
2788 3498 2964 3553 etiam
3017 3496 3242 3553 sanctis
3276 3493 3559 3568 apostolis,
3595 3490 3724 3544 Petro
3745 3499 3798 3536 γι·

2249 3587 2460 3643 delicet
2514 3593 2572 3643 et
2628 3586 2806 3643 Paulo
2854 3587 3276 3643 conferendum
3313 3603 3325 3641 :
3359 3597 3585 3656 quorum
3611 3577 3724 3633 alter
3760 3571 3798 3666 in

2251 3676 2428 3732 linteo
2469 3677 2697 3732 caelitus
2744 3675 3002 3732 demisso
3025 3675 3367 3731 electionem
3394 3671 3625 3744 gentium
3650 3680 3726 3736 per
3741 3676 3797 3758 f'l'

2251 3765 2474 3822 sionem
2519 3765 2763 3834 didicit;
2798 3765 2944 3821 alter
2985 3781 3143 3835 vero,
3192 3764 3315 3821 sive
3357 3763 3412 3817 in
3461 3771 3678 3829 corpore,
3717 3762 3796 3804 3M

2248 3861 2410 3912 extra
2439 3871 2670 3928 corpus,
2699 3871 2885 3926 usque
2925 3855 2994 3910 ad
3043 3855 3288 3910 tertium
3337 3849 3527 3908 caelum
3557 3847 3736 3928 raptant
3757 3851 3796 3890 se

2249 3961 2380 4000 esse
2409 3945 2638 4010 asserit,
2665 3945 2762 3999 ubi
2795 3948 2851 3999 et
2880 3960 3095 4000 arcana
3125 3943 3226 4000 Dei
3250 3939 3462 3998 audivit
3488 3942 3540 3994 et
3564 3929 3697 3989 vidit!
3723 3927 3796 3981 Iste

2248 4051 2382 4089 vero
2414 4037 2653 4089 sanctus
2683 4039 2739 4089 et
2787 4033 2844 4088 in
2896 4031 3233 4088 ostensione
3265 4031 3466 4092 dextra:
3495 4038 3644 4081 sacra:
3678 4028 3796 4084 super

2249 4122 2452 4188 altare,
2483 4127 2540 4178 et
2565 4122 2623 4177 in
2655 4121 2762 4177 hac
2794 4122 3036 4188 visione,
3065 4126 3122 4177 et
3154 4118 3516 4194 postmodum
3545 4113 3594 4168 in
3616 4107 3732 4168 aliis,
3755 4104 3794 4155 ιιι

2251 4217 2386 4268 ante
2415 4211 2635 4266 exitum
2667 4211 2850 4266 nostri
2885 4210 3333 4266 sermonissatis
3363 4203 3628 4280 patebit,et
3650 4203 3796 4250 amna

2249 4301 2349 4356 Dei
2377 4300 2522 4356 vidit
2553 4304 2608 4356 et
2637 4300 2943 4367 audivit,et
2965 4298 3349 4355 salvationem
3381 4310 3486 4352 non
3513 4291 3699 4348 tantum
3715 4291 3793 4335 sua3

2249 4390 2462 4462 gentis,
2497 4390 2598 4446 sed
2621 4394 2677 4445 et
2702 4388 3019 4444 multorum
3055 4388 3404 4461 populorum
3443 4375 3682 4454 cognovit.
3708 4372 3793 4462 llr}

2251 4496 2366 4535 non
2397 4479 2620 4551 passim
2653 4483 2792 4534 tunc
2823 4477 2980 4550 vulgi
3003 4477 3250 4534 auribus
3275 4493 3336 4534 se
3355 4455 3793 4551 inaniterjactantlo

2250 4546 2589 4641 divulgavit,
2623 4568 2724 4623 sed
2752 4546 2954 4638 paucis
2988 4583 3137 4638 quos
3181 4567 3254 4622 ad
3304 4565 3407 4620 hoc
3452 4561 3629 4632 dignos
3661 4546 3791 4641 duxit.

2250 4635 2470 4712 secreto
2521 4635 2936 4711 manifestavit.
2980 4635 3110 4727 Ipse
3142 4671 3276 4712 vero
3323 4654 3560 4710 senttens
3595 4656 3645 4698 se
3673 4635 3791 4727 tanto

2249 4746 2456 4802 divinae
2486 4745 2686 4818 gratiae
2709 4725 3216 4817 praeventummon
3249 4761 3309 4800 se
3323 4739 3557 4812 erigebat
3570 4733 3618 4786 in
3644 4725 3790 4818 all-“11f.

2249 4836 2352 4891 sed
2398 4812 2596 4891 omnia
2644 4812 2930 4890 referebat
2974 4833 3044 4888 ad
3076 4812 3285 4898 illum,
3329 4849 3361 4886 a
3405 4842 3508 4899 quo
3553 4812 3788 4886 accepem'

2247 4924 2534 4996 qnidquid
2567 4922 2704 4979 boni
2738 4923 2991 4978 habebat
3020 4921 3102 4978 vel
3129 4939 3258 4978 esse
3289 4909 3786 4992 poterat,dicenscum

2247 5013 2521 5086 Apostolo
2556 5029 2569 5067 :
2594 5034 2620 5060 ‹‹
2651 5011 2848 5068 Gratia
2879 5010 2978 5066 Dei
3011 5027 3144 5067 sum
3170 5012 3225 5066 id
3252 5007 3400 5082 quod
3427 5017 3564 5061 sum.
3595 5018 3616 5042 ιι
3665 5077 3674 5090 ⁸

2319 5103 2454 5159 CAP.
2486 5101 2551 5158 Χ.
2586 5132 2651 5142 -
2681 5099 2864 5172 Coepit
2894 5100 3073 5172 igitur
3097 5097 3392 5156 commissi
3423 5091 3523 5150 sibi
3549 5086 3700 5176 εςεεξθ

2249 5158 2374 5247 ram
2406 5208 2595 5264 agere,
2623 5158 3050 5245 talentumusibi
3081 5188 3362 5245 creditum
3386 5197 3490 5240 non
3507 5168 3696 5264 sudarit?

2246 5249 2647 5354 gatumvterrae
2679 5278 3108 5346 commendare,
3145 5278 3266 5344 sed,
3298 5280 3359 5332 ut
3378 5257 3690 5354 bonnell?“
3712 5249 3781 5354 Ἦ

2247 5346 2633 5442 dispensator,
2669 5368 2740 5423 ad
2800 5383 3038 5424 usuram
3081 5361 3517 5423 accommodare.
3547 5346 3674 5407 Unde
3697 5347 3780 5442 “ff

2245 5461 2560 5516 dimccscos
2591 5458 2872 5513 terminos
2893 5457 3105 5529 saepius
3135 5453 3406 5520 lustravit,
3420 5465 3478 5505 ac

2244 5567 2441 5611 coram
2487 5566 2547 5610 se
2593 5546 2817 5609 clericis
2847 5551 2903 5606 et
2934 5523 3120 5616 laicis,
3169 5540 3420 5623 pervigili
3457 5524 3645 5596 studuit
3679 5523 3778 5574 cura
