4052 6158
153 305 318 367 H98

1505 305 1706 365 VITA
1754 304 1816 364 S.
1867 305 2267 367 UDALIIICI.

3474 309 3630 370 1194

154 437 548 511 investigare,
593 438 654 494 in
711 438 916 511 primis
974 438 1220 512 qualiter
1279 438 1392 511 ipsi
1449 437 1841 494 ecclesiarum
1873 440 1928 506 Α
1960 454 2185 494 rannus
2231 439 2564 508 Augustam
2611 436 2779 504 adiit,
2828 451 2894 492 ac
2942 438 3119 494 rebus
3170 439 3638 515 circumquaque

156 527 497 601 presbyteri
531 543 670 583 cum
701 527 826 583 suis
855 527 1136 584 ministris
1159 527 1414 583 viverent
1447 544 1459 582 :
1497 531 1707 580 utrum
1739 543 1838 598 po-

157 617 377 690 pulum
411 623 576 673 recte
603 634 672 672 ac
716 618 1038 673 secundum
1095 617 1440 672 catholicam
1496 614 1839 670 doctrinam

156 707 470 773 docerent,
493 722 560 761 ac
593 706 748 777 quod
779 707 1175 778 praedicabant
1204 722 1300 762 ore
1329 711 1386 761 et
1418 722 1594 777 opere
1627 702 1837 776 imple-

157 799 297 850 rent
328 811 342 848 :
377 810 452 849 ne
485 794 634 850 forte
664 793 795 850 aliis
825 795 1356 867 pradicantesﬁpsi
1388 794 1624 866 reprobi
1649 794 1842 848 efﬁce-

159 889 398 951 rentur,
432 887 494 938 et
521 884 597 938 ob
629 883 736 940 hoc
765 883 952 938 asuis
990 884 1355 940 auditoribus
1387 891 1836 938 contemneren-

156 977 283 1028 tur.
305 971 533 1027 Deinde
559 971 913 1027 discutiebat
944 972 992 1026 si
1017 972 1146 1026 laici
1169 989 1368 1027 eorum
1397 970 1678 1026 doctrinae
1701 971 1836 1026 obe-

158 1063 386 1127 dirent,
417 1060 467 1115 si
500 1060 558 1114 in
605 1059 924 1116 Dominicis
974 1061 1184 1117 diebus
1230 1065 1288 1116 et
1331 1059 1462 1116 aliis
1493 1061 1836 1114 sanctorum

159 1149 653 1205 solemnitatibus
665 1149 736 1204 ab
755 1165 928 1221 Opere
950 1149 1152 1204 illicito
1174 1155 1464 1215 vacarent,
1493 1148 1539 1202 si
1565 1148 1835 1204 ecclesia-

159 1255 303 1293 rum
339 1239 551 1293 limina
567 1255 654 1305 ea,
679 1255 807 1309 quae
835 1238 1134 1304 deberent,
1169 1239 1469 1294 devotione
1501 1237 1834 1309 frequenta-

158 1331 325 1393 rent,
351 1333 456 1382 aut
476 1326 736 1381 decimas
761 1332 913 1381 recte
935 1327 1140 1382 darent
1165 1343 1178 1381 :
1205 1327 1506 1398 multaque
1537 1327 1592 1381 id
1627 1343 1833 1398 genus.

158 1417 272 1472 His
294 1415 378 1470 ita
401 1415 786 1486 investigatis,
811 1432 1060 1487 quisque
1081 1421 1252 1471 erant
1282 1422 1406 1471 rata
1429 1422 1484 1470 et
1512 1418 1656 1470 bene
1680 1416 1835 1470 ordi-

159 1510 334 1572 nata,
371 1503 636 1559 laudavit
661 1509 719 1558 et
747 1505 1296 1577 conﬂrmavit;qure
1327 1522 1460 1560 vero
1491 1505 1661 1560 aliter
1684 1505 1838 1558 inve-

159 1593 277 1660 nit,
317 1592 564 1649 correxit
594 1597 650 1647 et
681 1593 1033 1648 emendavit.
1064 1594 1532 1649 Simoniacorum
1586 1593 1835 1648 hmrcsin

159 1682 343 1754 quasi
378 1681 766 1752 perniciosam
796 1686 1017 1752 pestem
1049 1683 1427 1737 devitandam
1459 1699 1587 1737 esse
1632 1682 1836 1738 admo-

157 1771 322 1836 nuit,
357 1787 624 1826 asserens
671 1775 963 1842 perpetua:
1010 1773 1332 1827 tradendos
1363 1789 1564 1842 poenae,
1597 1771 1694 1843 qui
1729 1771 1837 1826 haz-

159 1861 288 1917 resi
323 1859 457 1916 huic
489 1859 862 1932 nequissimae
893 1860 1204 1916 studerent
1251 1862 1479 1916 animos
1528 1859 1831 1915 inclinare.

162 1950 339 2006 Unde
371 1965 674 2020 nunquam
707 1966 811 2020 pro
851 1947 1199 2005 clericorum
1233 1949 1596 2004 ordinatione
1628 1948 1712 2004 vel
1743 1966 1835 2004 ec-

155 2039 483 2095 clesiarum
513 2037 951 2093 consecratione
971 2038 1279 2110 quippiam
1306 2038 1568 2093 muneris
1591 2038 1832 2109 accepit:

157 2128 270 2184 sed
306 2127 463 2183 sicut
496 2127 552 2182 in
595 2126 742 2182 sacri
776 2126 1114 2182 chrismatis
1153 2128 1426 2182 unctione
1459 2144 1562 2198 per
1592 2127 1834 2198 imposi-

156 2216 392 2272 tionem
418 2231 630 2271 manus
653 2215 939 2288 Spiritum
966 2222 1238 2272 sanctum
1273 2215 1629 2288 paracletum
1654 2217 1836 2288 gratis

157 2305 354 2373 dedit,
385 2305 467 2360 ita
496 2308 552 2361 et
581 2305 695 2361 ista
725 2305 1037 2372 concessit,
1065 2305 1258 2361 sciens
1289 2324 1321 2360 a
1354 2305 1598 2360 Domino
1631 2321 1836 2376 praece-

159 2399 374 2468 ptum:
405 2394 596 2449 Gratis
629 2394 963 2466 accepistis,
987 2393 1173 2466 gratis
1202 2395 1362 2450 date:
1398 2395 1511 2449 nisi
1548 2395 1691 2449 forte
1722 2393 1831 2466 ipsi

159 2484 552 2540 ecclesiarum
573 2481 920 2539 fundatores
931 2482 1149 2554 aliquid
1172 2501 1274 2555 pro
1290 2485 1437 2538 bona
1456 2483 1837 2550 voluntatc,et

161 2575 284 2630 hoc
307 2573 471 2628 illum
495 2589 602 2645 pro
623 2573 949 2646 gratiarum
975 2573 1199 2628 actione
1223 2574 1519 2645 suscipere
1543 2577 1831 2644 rogarent.

158 2663 280 2719 Jus
304 2679 439 2717 vero
469 2661 802 2734 legitimum
835 2666 1048 2717 sanctae
1079 2662 1270 2716 Mariae
1320 2679 1551 2733 semper
1591 2661 1833 2733 virginis

167 2751 433 2818 familiae,
463 2752 538 2807 ab
570 2751 1045 2807 antecessoribus
1091 2751 1216 2805 suis
1247 2752 1571 2822 antiquitus
1603 2767 1835 2807 conces-

160 2857 329 2905 sum,
345 2840 551 2896 statuit
573 2839 992 2895 inviolabiliter
1011 2840 1607 2904 conservandum,ncc
1634 2855 1834 2911 quem-

161 2947 352 3002 quam
367 2928 426 2984 in
440 2946 549 2985 sua
570 2929 791 2984 ditione
816 2928 1154 3000 degentium
1170 2928 1296 2983 laedi
1317 2929 1580 3000 permisit
1599 2946 1834 3000 oppres-

157 3020 336 3076 sione
365 3019 814 3092 praepositorum
853 3035 866 3072 :
897 3017 1000 3072 sed
1037 3018 1117 3072 ita
1147 3017 1298 3073 inter
1347 3035 1484 3073 suos
1532 3018 1729 3073 omnia
1760 3020 1831 3074 ad

160 3108 467 3180 aequitatis
491 3124 556 3162 ac
570 3106 820 3178 justitiie
845 3122 1110 3160 normam
1139 3106 1548 3177 perspicaciter
1564 3107 1831 3176 correxit,

1951 528 2220 600 direptis,
2257 526 2618 598 quibusdam
2647 527 2910 599 episcopi
2947 528 3240 584 militibus
3267 530 3478 602 eaptis,
3500 549 3641 605 prm-

1950 617 2026 672 da
2045 621 2326 680 onustus,
2347 618 2422 680 et,
2443 615 2599 686 quod
2623 615 2824 671 verius
2843 621 2950 683 est,
2972 618 3199 689 peccati
3222 621 3478 690 pondere
3498 637 3639 694 gra-

1948 710 2140 773 vatus,
2177 704 2239 759 in
2287 704 2616 776 Bajoariam
2651 710 2743 760 est
2783 723 3076 762 reversus.
3117 707 3355 763 Interim
3383 726 3516 766 vero
3548 711 3640 785 ip-

1949 813 2083 850 sum
2105 795 2208 850 Dei
2234 792 2526 849 famulum
2551 799 2867 866 postquam
2895 797 3190 868 comperit
3212 813 3245 852 a
3265 797 3425 870 regia
3453 800 3640 857 servi-

1948 890 2073 940 tute
2101 899 2429 947 reversum,
2463 882 2520 936 in
2555 883 2820 949 castello,
2845 887 3001 957 quod
3042 885 3466 960 Montacbinga
3489 889 3636 946 dici-

1947 979 2066 1040 tur,
2103 990 2222 1027 non
2259 970 2458 1025 timuit
2489 971 2762 1028 obsidere
2796 989 2810 1028 :
2845 973 2946 1029 sed
2977 990 3102 1030 non
3135 975 3314 1031 cessit
3337 976 3391 1032 ei
3419 976 3480 1032 in
3508 985 3638 1050 pro-

1948 1077 2194 1135 sperum
2231 1061 2385 1132 quod
2422 1058 2564 1114 talia
2595 1063 2980 1134 praisumpsit
3007 1067 3221 1119 contra
3251 1064 3350 1120 Dei
3377 1074 3631 1125 servum.

1948 1152 2120 1216 Nam,
2147 1165 2328 1222 parvo
2351 1149 2654 1219 interjecto
2677 1149 2904 1206 dierum
2932 1153 3150 1223 spatio,
3175 1170 3209 1208 a
3230 1155 3440 1210 comite
3460 1157 3633 1214 Adal-

1950 1243 2088 1296 bero
2113 1246 2173 1295 et
2197 1239 2456 1310 episc0pi
2480 1239 2655 1293 fratre
2677 1239 3032 1295 Thietbaldo
3055 1241 3131 1296 ab
3155 1242 3461 1300 obsidione
3493 1253 3628 1303 cum

1949 1330 2311 1385 detrimento
2343 1344 2584 1382 suorum
2621 1334 2858 1384 coactus
2889 1334 2981 1384 est
3013 1330 3310 1399 secedere,
3345 1337 3403 1388 et
3433 1334 3630 1392 debita

1949 1433 2266 1490 respersus
2307 1417 2670 1480 confusione,
2706 1417 2764 1471 in
2792 1419 3045 1489 patriam
3095 1420 3308 1491 redire,
3339 1422 3514 1478 etiam
3546 1423 3627 1480 ibi
3657 1427 3660 1430 ”

1949 1513 2119 1580 capto
2148 1505 2420 1576 ejusdem
2452 1505 2628 1560 fratre
2651 1505 3031 1562 Herimanno.
3055 1509 3167 1563 Sed
3191 1512 3250 1564 et
3270 1509 3627 1569 fortissimus

1949 1599 2251 1668 pugnator
2280 1592 2654 1659 Adalbcrtus,
2691 1592 2851 1648 velut
2901 1593 3053 1650 alter
3097 1595 3488 1665 Machabéeus,
3522 1615 3627 1670 pro

1948 1685 2212 1741 Ecclesia
2247 1683 2344 1737 Dei
2397 1682 2609 1736 acriter
2660 1681 3018 1749 dimicando,
3052 1684 3266 1740 cecidit
3312 1685 3373 1740 in
3421 1687 3626 1747 eodem

1949 1774 2126 1841 bello,
2156 1777 2224 1827 ut
2253 1771 2537 1826 veraciter
2581 1776 2673 1826 est
2719 1771 3084 1826 credendum
3117 1790 3222 1845 per
3249 1775 3625 1834 mortalitatis

1947 1860 2332 1935 dispendium
2386 1858 2680 1915 transiens
2722 1860 2794 1914 ad
2836 1859 3304 1918 immortalitatis
3348 1879 3623 1936 compen-

1945 1952 2136 2008 dium.
2153 1951 2337 2020 Cujus
2351 1966 2561 2021 corpus
2584 1953 2827 2004 sanctus
2850 1948 3504 2024 UdalricusAugustam
3524 1954 3624 2010 de-

1947 2043 2162 2105 ferens,
2197 2039 2257 2093 in
2291 2038 2536 2094 ecclesia
2584 2044 2802 2094 sanctae
2851 2038 3050 2092 Mariae
3089 2056 3322 2112 semper
3374 2041 3619 2115 virginis

1945 2130 2213 2186 condidit
2240 2145 2253 2182 :
2279 2127 2552 2199 spiritum
2582 2143 2717 2182 vero
2745 2143 2848 2199 per
2873 2143 3054 2182 sacrae
3075 2129 3500 2188 immolationis
3521 2132 3622 2189 bo-

1946 2219 2119 2274 stiam
2161 2217 2408 2272 Domino
2438 2215 2889 2271 commendavit.

2015 2312 2152 2362 CAP.
2185 2306 2310 2361 XII.
2345 2338 2412 2346 —
2444 2307 2520 2360 Ex
2551 2306 2660 2360 hoc
2707 2308 2908 2358 tantus
2969 2308 3242 2363 omnium
3287 2314 3518 2368 mentes
3543 2310 3617 2366 ti-

1947 2413 2075 2451 mor
2106 2395 2346 2465 invasit,
2369 2401 2434 2450 ut
2452 2393 2652 2449 nullus
2673 2393 2743 2448 de
2765 2393 2943 2448 rebus
2965 2395 3227 2453 ecclesiae
3249 2404 3465 2456 sancta:
3494 2399 3618 2468 Ma-
3672 2406 3686 2418 '

1946 2486 2041 2540 riae
2067 2498 2306 2555 semper
2324 2484 2573 2557 virginis
2595 2483 2666 2537 ad
2691 2483 3019 2554 Augustam
3052 2487 3620 2557 pertinentibus,ali-

1945 2573 2084 2646 quid
2114 2589 2405 2645 usurpare
2436 2575 2814 2645 praesumeret
2838 2587 2850 2624 :
2886 2571 3028 2641 quia
3055 2575 3258 2632 nullus
3287 2592 3488 2632 eorum
3512 2577 3614 2649 qui

1944 2666 2112 2717 antea
2146 2661 2285 2717 inde
2328 2661 2550 2734 aliquid
2586 2661 2802 2730 injuste
2835 2659 3233 2730 abstulerunt,
3262 2664 3350 2720 vel
3382 2665 3442 2720 in
3475 2681 3610 2721 san-

1943 2754 2103 2806 ctum
2154 2749 2259 2804 Dei
2319 2751 2714 2822 deliquerunt,
2746 2747 3078 2818 impunitus
3126 2752 3327 2820 evasit,
3363 2754 3477 2810 nisi
3507 2752 3609 2825 qui

1943 2856 2046 2912 per
2075 2838 2319 2910 dignam
2353 2836 2815 2894 satisfactionem
2851 2851 2955 2907 per
2986 2838 3450 2898 misericordiam
3483 2841 3605 2909 Dei,

1941 2927 2216 3000 episcopo
2249 2927 2669 2992 intercedente,
2705 2925 3030 2996 promeruit
3061 2928 3515 2987 absolutionem.
3535 2929 3609 2986 Ut

1940 3016 2097 3073 enim
2125 3031 2193 3070 ex
2214 3015 2488 3086 pluribus
2515 3031 2700 3087 pauca
2723 3013 2974 3086 exempli
3005 3033 3184 3073 causa
3214 3019 3602 3090 proferamus,

1947 3121 2101 3162 unus
2133 3121 2202 3159 ex
2233 3103 2354 3176 his,
2385 3104 2591 3160 vicinis
2624 3104 2681 3159 in
2713 3103 2954 3160 veritate
2984 3107 3606 3176 contestantibus,tan-

158 3202 238 3250 ut
269 3195 503 3251 nullum
535 3194 702 3250 alteri
734 3193 959 3266 aliquid
991 3192 1204 3248 inferre
1237 3195 1472 3260 sineret,
1523 3194 1675 3265 quod
1711 3195 1835 3266 ipse
1866 3181 1909 3247 (Ἰ
1947 3195 2045 3250 diu
2074 3192 2301 3265 perdito
2325 3211 2501 3251 sensu
2528 3193 2793 3267 proprias
2825 3209 3040 3250 manus
3070 3193 3363 3264 laceravit,
3389 3212 3605 3269 quous-

161 3285 286 3340 sibi
321 3283 446 3339 ﬁeri
477 3282 676 3348 nollet,
702 3283 876 3353 juxta
917 3280 1060 3336 illud
1097 3285 1448 3354 praeceptum
1483 3299 1495 3337 :
1530 3283 1690 3347 Quod
1725 3284 1830 3337 tibi

162 3389 289 3430 non
322 3374 414 3428 vis
447 3373 594 3440 ﬁeri,
627 3371 726 3428 alii
760 3387 831 3426 ne
864 3371 1084 3426 feceris.
1121 3371 1188 3426 Et
1218 3371 1502 3426 Dominus
1543 3373 1600 3425 in
1650 3373 1832 3427 Evan-

159 3462 325 3536 gelia
361 3479 374 3518 :
409 3461 619 3517 Omnia
666 3475 1032 3533 quaecunque
1081 3459 1278 3525 vultis,
1311 3460 1410 3525 ait,
1442 3465 1507 3514 ut
1547 3461 1711 3515 vobis
1750 3462 1833 3516 fa-

161 3551 332 3608 ciant
362 3550 660 3617 homines,
687 3550 892 3604 eadem
921 3553 980 3604 et
1008 3565 1108 3603 vos
1140 3550 1308 3604 facite
1338 3548 1476 3604 illis.

242 3642 382 3697 CAP.
417 3639 507 3694 XI.
541 3669 609 3678 —
642 3638 786 3693 Cum
821 3637 879 3692 in
913 3636 1006 3692 his
1044 3642 1102 3692 et
1152 3637 1493 3710 hujusmodi
1551 3639 1834 3695 virtutum

164 3727 468 3802 gradibus
491 3730 760 3783 sanctum
782 3727 974 3781 virum
999 3743 1228 3799 semper
1245 3728 1312 3782 ad
1330 3727 1532 3782 altiora
1563 3745 1838 3783 conscen-

165 3821 310 3874 dere
345 3815 615 3872 omnium
647 3817 933 3870 bonorum
958 3815 1144 3870 hostis
1174 3817 1408 3871 invidus
1439 3822 1696 3872 cerneret
1721 3818 1840 3874 dia-

170 3907 374 3974 bolus,
411 3920 766 3977 quacunque
823 3903 1012 3976 potuit
1067 3909 1210 3972 arte,
1245 3907 1417 3976 coepit
1473 3912 1734 3978 satagere
1774 3913 1840 3962 ut

166 3999 303 4068 ejus
317 3995 585 4050 animum
600 3993 688 4049 vel
703 3993 1292 4067 quantulumcunque
1317 4001 1510 4066 posset
1533 3996 1834 4067 impedire.

168 4084 402 4141 Accidit
431 4083 617 4156 igitur
643 4087 784 4139 tunc
815 4082 1119 4154 temporis,
1151 4088 1217 4138 ut
1260 4085 1411 4138 inter
1443 4083 1836 4156 Luidolphum

167 4173 412 4229 Ottonis
436 4171 631 4244 Magni
649 4169 1021 4242 imperatoris
1045 4171 1361 4244 ﬁlium,qui
1378 4173 1838 4228 Alamannorum

168 4261 340 4335 genti
371 4263 638 4332 praeerat,
671 4263 730 4315 et
759 4260 887 4330 ejus
936 4263 1209 4331 patruum
1246 4262 1557 4316 Henricum
1604 4261 1838 4317 Norico-

169 4367 313 4406 rum
335 4350 569 4414 ducem,
586 4346 838 4403 oriretur
853 4347 924 4403 lis
942 4347 1258 4421 odiumque
1275 4365 1379 4420 per
1401 4349 1840 4421 instigationem

171 4441 413 4496 Satana:
437 4441 495 4493 et
525 4454 594 4493 ex
625 4435 1020 4509 malignorum
1079 4437 1388 4492 hominum
1437 4441 1837 4511 persuasione.

172 4531 338 4596 Quos
369 4542 506 4581 cum
536 4526 858 4597 imperator
873 4527 942 4582 ad
963 4528 1332 4582 concordiam
1366 4529 1608 4584 minime
1637 4546 1842 4585 vocare

173 4615 492 4690 potuisset,
529 4612 694 4669 fratri
728 4615 1018 4684 adjutorio
1070 4619 1271 4669 contra
1304 4615 1488 4670 filium
1518 4616 1646 4672 fuit.
1676 4618 1840 4673 Tunc

173 4705 426 4778 quidam
448 4702 790 4774 Arnulphus
813 4720 1010 4760 comes
1033 4703 1642 4777 palatinus,Arnulphi
1663 4723 1844 4775 quon-

175 4797 320 4850 dam
351 4793 524 4848 ducis
556 4792 716 4848 {ilius
747 4792 986 4860 exstitit,
1019 4795 1191 4864 cujus
1223 4793 1355 4847 fidei
1383 4794 1694 4866 przedictus
1727 4796 1844 4850 dux

176 4883 476 4938 Henricus
529 4885 712 4936 totam
770 4881 1097 4952 Bajoariam
1157 4896 1289 4935 cum
1352 4882 1480 4952 ipsa
1539 4881 1844 4952 metropoli

180 4973 520 5028 Ratisbonae
551 4971 1005 5037 commendavit,
1032 4987 1097 5026 ac
1129 4971 1187 5024 in
1220 4971 1531 5025 Saxoniam
1565 4971 1636 5025 ad
1670 4971 1847 5043 impe-

179 5068 442 5117 ratorem
496 5075 558 5116 se
600 5059 870 5116 contulit.
907 5059 989 5114 Ibi
1047 5076 1112 5115 eo
1172 5077 1398 5114 moram
1452 5059 1715 5128 faciente,
1751 5059 1846 5116 ille

180 5151 345 5207 velut
403 5149 662 5222 perfidus
712 5149 1038 5221 transfuga,
1072 5164 1134 5204 se
1180 5165 1313 5203 cum
1366 5149 1494 5221 ipsa
1534 5149 1765 5204 civitate
1791 5157 1847 5205 et

183 5238 574 5296 multitudine
596 5237 816 5311 populi,
840 5237 1128 5310 Ludolphi
1153 5238 1386 5310 subegit
1409 5238 1702 5310 potestati.
1721 5239 1849 5294 Haec

182 5345 322 5384 cum
351 5332 556 5384 sancto
585 5326 845 5400 pontiﬁci
877 5331 1177 5399 comperta
1209 5327 1480 5396 fuissent,
1508 5327 1711 5384 relicta
1741 5329 1849 5383 mi-

187 5417 364 5473 litum
385 5416 655 5472 custodia
674 5417 733 5472 in
757 5415 986 5472 civitate
1007 5419 1291 5488 Augusta,
1319 5416 1377 5470 in
1407 5415 1747 5473 Noricorum
1772 5434 1854 5472 re-

185 5508 424 5582 gionem
451 5522 694 5580 prepare
744 5505 1060 5571 contendit,
1090 5505 1190 5560 ubi
1241 5509 1382 5559 tunc
1435 5506 1846 5580 imperatorem

187 5611 332 5654 cum
361 5595 620 5654 exercitu
661 5593 982 5652 consistere
1015 5594 1255 5651 audivit.
1283 5594 1566 5652 Prtefatus
1596 5611 1729 5655 vero
1761 5601 1854 5674 ty-

515 5723 784 5787 Puaon.
839 5722 1064 5785 CXLII.

1947 3300 2060 3358 que
2074 3283 2252 3337 vitam
2280 3284 2486 3338 ﬁnivit.
2503 3283 2664 3338 Alius
2695 3299 2827 3338 vero
2850 3281 3067 3339 librum
3088 3285 3407 3356 quemdam
3430 3286 3501 3342 de
3521 3285 3603 3341 ci-

1943 3376 2122 3429 vitate
2144 3373 2410 3444 Augusta
2435 3372 2719 3445 rapuit,ex
2733 3371 2903 3442 cujus
2921 3371 3108 3445 pretio
3121 3371 3415 3429 caballum
3428 3373 3600 3430 eruit.

1945 3465 2125 3529 Quem
2178 3478 2314 3517 cum
2374 3463 2616 3518 domum
2674 3462 3064 3534 perduxisset,
3099 3454 3262 3518 uXori
3313 3479 3433 3519 suis
3472 3462 3599 3519 ait:

1947 3551 2155 3610 Melius
2186 3551 2331 3606 mihi
2365 3551 2556 3606 fuerat
2577 3555 2642 3606 ut
2672 3551 2852 3606 istum
2884 3554 3005 3605 tam
3038 3549 3370 3622 praistantis
3402 3550 3599 3606 formis

1947 3658 2164 3716 equum
2189 3639 2484 3707 emissem,
2503 3657 2680 3712 quam
2696 3639 2909 3694 librum
2925 3639 3220 3712 quoillum
3243 3639 3598 3711 comparavi,

1947 3733 2004 3787 in
2039 3734 2302 3802 Augusta
2331 3729 2709 3785 dimisissem.
2744 3729 2845 3783 Cui
2880 3729 3015 3784 illa:
3053 3728 3286 3796 Utilius,
3315 3729 3599 3801 inquit,ut

1948 3837 2141 3894 spero,
2162 3818 2265 3873 tibi
2291 3819 2518 3885 fuisset,
2545 3817 2590 3872 si
2618 3833 2921 3888 nunquam
2951 3833 3162 3872 manus
3183 3817 3501 3890 tuaipsum
3525 3817 3594 3872 li-

1949 3911 2120 3965 brum
2147 3908 2451 3980 tetigisset.
2479 3906 2577 3961 Ille
2599 3922 2730 3960 vero
2753 3906 2890 3959 dum
2918 3905 3076 3960 molli
3105 3911 3259 3961 tactu
3283 3923 3385 3978 per
3411 3910 3601 3978 poste-

1949 3999 2100 4054 riora
2132 3996 2310 4060 dorsi,
2338 4001 2400 4049 ut
2431 3994 2662 4060 assolet,
2688 4009 2837 4064 equo
2866 3992 3116 4047 blandiri
3140 3993 3344 4061 voluit,
3370 4011 3505 4050 mox
3525 3993 3598 4048 ab

1949 4087 2151 4142 eodem
2178 4099 2492 4155 percussus
2515 4081 2752 4136 interiit.
2781 4081 2916 4136 Post
2948 4096 3062 4136 non
3096 4077 3351 4138 multum
3374 4085 3599 4152 tempo-

1950 4175 2032 4230 ris
2063 4173 2336 4244 praafatus
2381 4169 2742 4242 Arnulphus,
2775 4187 2878 4242 pro
2907 4169 3143 4240 injuriis
3173 4186 3324 4241 quas
3348 4169 3470 4224 viro
3500 4169 3600 4225 Dei

1952 4260 2215 4334 ingessit,
2240 4261 2416 4315 etiam
2441 4259 2564 4331 ipse
2579 4258 2727 4330 justi
2748 4259 2974 4315 Judicis
2996 4259 3143 4314 iram
3167 4259 3603 4315 seusit.0bses-

1952 4369 2019 4407 sa
2048 4366 2304 4421 namque
2335 4348 2564 4403 civitate
2598 4347 2938 4414 Ratisbona,
2973 4351 3212 4419 paratus
3239 4347 3310 4402 ad
3334 4345 3601 4420 praelium

1952 4440 2108 4506 exiit,
2143 4439 2340 4511 ibique
2369 4436 2598 4494 occisus
2629 4436 2869 4491 interiit.

2024 4529 2268 4594 Quidam
2303 4528 2478 4583 homo
2510 4527 2580 4582 de
2609 4526 2969 4598 episcopatu,
3002 4526 3102 4598 qui
3129 4525 3343 4582 Eistete
3366 4525 3599 4591 dicitur,

1952 4621 2176 4690 partem
2206 4617 2475 4673 vilissimi
2511 4616 2792 4672 mensalis
2824 4617 2893 4672 de
2925 4633 3077 4689 smpe
3107 4616 3283 4672 dictis
3314 4617 3488 4673 rebus
3519 4616 3608 4672 in-

1943 4709 2108 4778 juste
2153 4707 2476 4779 usurpavit,
2512 4722 2831 4776 secumque
2879 4705 3211 4777 asportavit.
3249 4707 3359 4762 Sed
3406 4713 3540 4760 mox
3569 4719 3605 4761 ι

1953 4796 2243 4851 daemonio
2266 4800 2584 4868 occupatus
2598 4794 2827 4850 nullum
2849 4811 3039 4867 neque
3066 4795 3214 4848 intra
3235 4811 3424 4865 neque
3445 4797 3606 4848 extra

1954 4885 2254 4940 ecclesiam
2285 4884 2683 4940 abscondendi
2713 4883 2907 4939 locum
2939 4883 3196 4938 invenire
3239 4882 3464 4953 potuit:
3498 4895 3605 4940 nec

1957 4975 2258 5030 benedicta
2289 4990 2566 5044 aspersus
2598 4990 2767 5044 aqua,
2792 4989 2988 5028 carere
3010 4970 3189 5026 valuit
3207 4971 3339 5042 ejus
3360 4985 3610 5042 praesen-

1956 5061 2055 5130 tia,
2081 5063 2220 5134 quin
2247 5063 2660 5134 semperjuxta
2680 5078 2813 5116 eum
2833 5061 3128 5115 videretur
3148 5059 3486 5114 individuus
3518 5075 3609 5114 co-

1956 5169 2080 5207 mes
2113 5167 2368 5217 manere,
2403 5151 2585 5205 donec
2613 5152 2936 5221 Augustam
2969 5149 3219 5215 rediens,
3237 5164 3359 5204 rem
3391 5148 3611 5220 injuste

1958 5240 2210 5296 ablatam
2245 5239 2520 5306 reddidit,
2545 5254 2788 5308 seseque
2808 5235 3107 5291 emendari
3126 5236 3333 5292 obnixe
3363 5235 3605 5310 rogavit.

1959 5329 2062 5384 Cui
2077 5329 2477 5400 episcopus,ut
2490 5331 2648 5381 totus
2663 5331 2785 5380 erat
2796 5325 3118 5381 visceribus
3131 5325 3364 5398 pietatis
3376 5326 3607 5398 plenus,

1961 5423 2016 5473 et
2045 5416 2472 5490 indulgentiam
2499 5432 2600 5487 pro
2632 5412 2848 5468 Christi
2879 5431 3075 5471 amore
3102 5415 3328 5483 tribuit,
3352 5419 3411 5470 et
3442 5432 3474 5470 a
3503 5409 3612 5469 die;

1962 5524 2137 5563 mone
2167 5505 2499 5571 liberatum,
2531 5504 2602 5559 ad
2632 5503 2868 5576 propria
2897 5504 3085 5560 redire
3116 5503 3402 5577 permisit.

2033 5597 2169 5654 CAP.
2201 5595 2344 5652 XIII.
2361 5625 2429 5634 —
2444 5594 2668 5651 Interea
2689 5594 2829 5650 dum
2853 5594 3147 5652 contentio
3165 5595 3317 5652 Inter
3339 5595 3608 5656 Ottonem

3212 5723 3293 5792 38
