4052 6158
555 317 725 382 ’1195

1643 315 2036 377 BERNONIS
2077 314 2406 378 ABBATIS
2451 317 2890 379 AUGIENSIS.

3735 328 3859 389 “96

568 451 1000 524 imperatorem,
1034 451 1271 520 propter
1294 448 1533 502 fratrem
1564 448 1753 521 ipsius
1783 449 2116 513 Henricum,
2152 454 2216 504 ut
2243 451 2300 515 Α
2327 449 2704 522 agens,vclut
2726 467 2794 505 ex
2815 467 2942 505 arce
2959 451 3210 524 quadam
3231 452 3435 508 mentis
3457 455 3608 526 cepit
3624 457 3857 530 dispicere,

571 557 750 614 supra
779 538 1053 605 diximus,
1077 541 1134 592 et
1161 535 1531 608 Ludolphum
1562 541 1780 602 exorta,
1797 537 1856 591 in
1879 540 2104 592 tantum
2128 554 2217 592 ac-

570 628 867 695 crevisset,
901 632 967 682 ut
997 643 1113 683 non
1143 625 1311 682 aliter
1339 625 1452 680 nisi
1502 626 1650 681 ferro
1703 626 1858 680 finiri
1908 625 2212 698 potuisset,

559 719 806 790 jamque
834 715 957 772 acie
987 715 1296 787 utriusque
1326 714 1510 788 partis
1535 715 1822 779 ordinata,
1855 719 1919 770 ut
1948 715 2218 770 cominus

546 803 1105 862 -committideberet
1115 801 1558 876 pugna,athleta
1569 801 1667 856 Dei
1685 801 2007 868 Udalricus,
2025 803 2218 860 sciens

547 893 713 966 quia
739 892 892 948 beati
923 895 1064 948 sunt
1092 891 1269 964 pedes
1289 907 1491 964 pacem
1511 894 1832 962 portantes,
1851 893 2073 963 etquod
2095 891 2218 962 ipse

565 983 852 1040 Dominus
881 981 941 1037 in
971 979 1280 1053 Evangelio
1307 979 1388 1034 ait
1421 997 1433 1035 :
1469 979 1620 1034 Beati
1665 979 1890 1050 pacifici
1936 979 2216 1050 quoniam

564 1071 672 1128 filii
704 1071 805 1128 Dei
849 1070 1217 1126 vocabuntur
1249 1086 1263 1124 :
1299 1073 1603 1140 assumpto
1651 1068 1945 1133 Ilatberto,
1978 1069 2217 1123 Curien-

565 1161 652 1218 sis
681 1159 949 1217 Ecclesia
979 1159 1250 1232 episcopo
1279 1155 1571 1229 religioso,
1605 1173 1668 1212 se
1698 1157 1754 1210 in
1781 1155 2037 1211 medium
2075 1158 2218 1227 inje-

568 1249 648 1307 cit
677 1265 692 1304 :
725 1267 793 1306 ac
823 1251 989 1304 tanta
1019 1263 1117 1303 eos
1139 1249 1260 1303 arte
1287 1245 1572 1302 suadendi
1599 1245 1859 1318 aggressi
1894 1250 2056 1310 sunt,
2089 1245 2216 1316 Spi-

566 1338 687 1396 ritu
716 1337 904 1393 Patris
933 1336 993 1392 in
1025 1335 1333 1391 amborum
1373 1351 1471 1390 ore
1519 1333 1813 1404 loquente,
1844 1339 1907 1389 ut
1949 1334 2114 1388 facile
2145 1333 2216 1388 ad

567 1427 731 1501 pacis
760 1426 978 1482 ftedera
1008 1427 1363 1491 revocarent,
1391 1427 1448 1478 et
1475 1439 1618 1477 verae
1658 1421 1959 1476 charitatis
1995 1421 2215 1475 donum

568 1514 1071 1572 ﬁrmastabilitate
1086 1513 1146 1568 in
1163 1511 1396 1568 illorum
1417 1511 1749 1583 pectoribus
1767 1509 2214 1565 consolidarent.

567 1607 697 1660 Non
727 1603 894 1660 aliter
917 1607 1057 1658 tunc
1083 1601 1214 1657 Otto
1239 1599 1617 1673 pmnitentem
1649 1597 2015 1670 Ludolphum
2039 1613 2216 1668 quam

569 1692 675 1750 ille
700 1691 1068 1765 evangelicus
1117 1695 1284 1762 pater
1331 1688 1470 1744 olim
1519 1688 1778 1760 suscepit
1834 1690 2215 1742 revertentem

2325 555 2392 593 ac
2443 539 2812 594 subditorum
2872 539 3243 596 necessitates
3301 545 3638 612 pertractare,
3665 563 3755 602 non
3778 549 3859 603 sibi

2325 631 2520 682 ratum
2553 627 2872 692 aestimans,
2898 627 2946 682 si
2967 627 3336 686 solummodo
3359 646 3444 695 ea,
3456 647 3570 702 qua:
3596 648 3686 687 sua
3701 643 3858 698 essent,

2326 721 2628 788 quaereret,
2653 733 3011 788 suorumque
3040 734 3244 774 causas
3267 717 3582 790 negligeret,
3597 720 3736 790 juxta
3757 722 3858 779 illud

2325 805 2585 876 Apostoli
2620 821 2634 860 :
2667 805 2774 870 Qui
2806 823 3066 873 suorum,
3098 811 3154 861 et
3192 807 3440 862 maxime
3483 807 3858 874 domesticorum,

2326 909 2528 947 curam
2557 910 2674 948 non
2708 893 2902 961 habet,
2929 895 3102 950 fidem
3133 895 3381 967 negavit,
3411 899 3466 950 et
3490 900 3571 950 est
3595 896 3863 954 deterioris-

2325 981 2503 1036 ﬁdeli.
2530 981 2692 1037 Unde
2714 999 2954 1037 suorum
2976 985 3447 1056 congregationes
3467 983 3861 1058 clericorum,qua

2327 1069 2587 1125 hostium
2635 1071 3062 1142 depraedatione
3094 1071 3164 1127 ad
3195 1077 3416 1127 tantam
3445 1073 3654 1127 fuerunt
3677 1073 3860 1147 inopiam

2328 1159 2594 1222 redacta),
2611 1165 2678 1214 ut
2699 1160 2768 1214 ad
2803 1160 3152 1231 quotidianae
3183 1160 3504 1216 refectionis
3531 1179 3680 1217 usum
3700 1163 3863 1236 nilpos

2325 1251 2456 1302 sent
2485 1247 2704 1303 habere
2740 1265 2938 1303 secum
2983 1250 3244 1315 retinuit,
3280 1267 3344 1305 ac
3371 1249 3690 1322 inquantum
3716 1254 3860 1321 potuit,

2325 1351 2548 1406 pauper
2578 1335 2704 1407 ipse
2738 1336 3036 1408 praesentis
3064 1337 3190 1391 vitae
3241 1338 3558 1394 necessaria
3595 1339 3860 1410 pauperibus

2326 1423 2718 1492 ministravit;
2751 1429 2809 1479 et
2837 1442 2952 1480 non
2983 1424 3175 1481 solum
3207 1425 3345 1489 illis,
3380 1426 3477 1482 sed
3505 1429 3558 1482 et
3583 1427 3800 1482 omnibus
3819 1445 3860 1482 se

2324 1513 2683 1584 potentibus,
2703 1520 2875 1586 prout
2899 1513 3124 1582 habuit,
3150 1515 3550 1571 misericordiae
3568 1532 3762 1572 manum
3776 1533 3860 1588 por-

2324 1601 2492 1665 rexit,
2499 1602 2671 1672 juxta
2685 1601 2830 1658 illud
2863 1603 3232 1659 Dominicum
3263 1607 3600 1676 praaceptum
3617 1621 3628 1659 :
3646 1603 3775 1660 Omni
3796 1621 3858 1675 pe-

2325 1690 2466 1744 tenti
2497 1695 2572 1758 te,
2606 1691 2815 1746 tribue.

567 1779 780 1881 tilium.
805 1777 1243 1881 [iterque-enim
1275 1775 1434 1881 filius
1461 1780 1730 1881 mortuus
1761 1774 1968 1881 fuerat,
1992 1778 2048 1872 et
2079 1773 2218 1828 revi-
2245 1816 2293 1881 Β
2397 1778 2529 1881 C‘AP.
2563 1779 2676 1835 XV.
2709 1811 2778 1820 —
2807 1781 2884 1836 Eo
2904 1785 3165 1853 tempore
3195 1781 3536 1837 admonetur
3553 1781 3604 1836 in
3620 1781 3804 1843 visione,
3818 1784 3858 1833 ut

555 1869 653 1925 xit
683 1886 698 1926 :
728 1866 998 1941 perierat,
1031 1870 1089 1922 et
1118 1865 1391 1921 inventus
1420 1868 1527 1920 est.
1568 1864 1653 1918 Fit
1693 1863 1977 1933 gaudium
2011 1863 2217 1934 ingens

566 1960 625 2014 et
648 1956 957 2014 exsultatio
988 1955 1049 2010 in
1077 1953 1328 2011 exercitu
1357 1958 1584 2009 cuncto.
1625 1953 1776 2007 Laus
1808 1956 1865 2006 et
1895 1951 2214 2024 gratiarum

568 2047 718 2104 actio
747 2048 984 2102 resonat
1013 2044 1072 2098 in
1099 2059 1196 2100 ore
1225 2041 1520 2099 omnium:
1554 2041 1690 2112 quia
1717 2057 1820 2113 per
1847 2056 2044 2096 servos
2077 2057 2216 2094 suos

565 2134 834 2191 liberavit
862 2133 1150 2190 Dominus
1180 2130 1460 2204 populum
1493 2147 1690 2186 suum.

638 2226 767 2278 CAP.
799 2221 941 2276 XIV.
976 2251 1042 2262 --
1073 2218 1352 2291 Sequenti
1398 2235 1532 2273 vero
1581 2235 1754 2285 anno,
1785 2217 1840 2272 id
1875 2222 1984 2282 est,
2017 2215 2212 2272 Domi-

567 2311 711 2367 nicaa
753 2308 1174 2365 incarnationis
1226 2307 1671 2379 nongentesimo
1720 2306 2214 2378 quinquagesimo

568 2398 798 2472 quinto,
830 2413 975 2470 gens
1020 2397 1427 2468 Hungarorum
1475 2395 1635 2450 omni
1668 2395 1860 2450 bellua
1904 2394 2212 2460 crudelior,

559 2487 732 2560 juxta
759 2485 916 2558 quod
946 2485 1068 2540 viro
1099 2483 1195 2539 Dei
1230 2482 1458 2538 coalitus
1490 2489 1622 2537 ante
1653 2483 1840 2537 fuerat
1871 2481 2210 2550 revelatum,

567 2593 703 2632 cum
733 2572 1148 2630 innumerabili
1197 2571 1574 2627 multitudine
1616 2571 1829 2642 erupit,
1863 2586 2214 2642 omnemque

564 2663 908 2720 Noricorum
958 2661 1254 2734 regionem
1287 2677 1320 2716 a
1350 2660 1613 2715 Danubio
1645 2675 1830 2732 usque
1873 2660 1944 2714 ad
1975 2659 2210 2731 Nigram

565 2753 793 2820 silvam,
818 2768 948 2824 qua:
977 2751 1046 2807 ad
1081 2755 1362 2806 montana
1391 2749 1721 2821 pertinet,et
1741 2753 1963 2820 partem
1987 2747 2214 2820 provin-

565 2841 666 2898 ciae
685 2841 1145 2898 Alamannorum
1167 2854 1355 2910 usque
1368 2837 1624 2892 Hilarem
1643 2837 2214 2905 ﬂuvium,devastan-

566 2931 641 2987 do
671 2929 996 3002 occupavit.
1019 2930 1154 2994 Quis
1185 2926 1387 2983 Licum
1419 2927 1734 2996 transiens,
1755 2925 2060 2982 ecclesiam
2085 2943 2211 2982 san-

565 3022 669 3076 cte
691 3019 838 3074 Afra
861 3018 995 3091 igne
1026 3015 1371 3082 combussit,
1386 3020 1562 3087 atque
1579 3014 1870 3070 civitatem
1887 3017 2210 3086 Augustam

561 3107 869 3166 obsidione
896 3105 1298 3162 circumdedit.
1317 3105 1568 3160 Sanctus
1597 3108 1794 3158 autem
1826 3103 1924 3158 Dei
1956 3103 2214 3176 pontifex

2325 1866 2633 1922 ecclesiam
2668 1873 2882 1924 sanctae
2929 1869 3096 1933 Afrae,
3130 1886 3258 1941 qua
3289 1886 3323 1924 a
3351 1869 3577 1941 paganis
3603 1869 3751 1925 fuerat
3769 1885 3857 1924 con-

2325 1962 2604 2022 cremata,
2640 1973 2755 2012 non
2787 1958 3042 2012 tardaret
3074 1974 3366 2030 reparare,
3398 1973 3496 2012 nec
3549 1974 3649 2013 non
3695 1962 3738 2011 et
3759 1957 3858 2011 Sim-

2326 2043 2756 2115 pertiepiseopi
2801 2043 3156 2116 sepulcrum,
3191 2043 3348 2116 quod
3395 2043 3562 2100 situm
3613 2047 3713 2099 erat
3747 2043 3857 2114 juxta

2324 2132 2545 2203 gradus
2575 2132 2632 2186 in
2665 2133 2860 2202 choro,
2894 2149 3150 2205 congruo
3185 2137 3518 2204 procuraret
3541 2137 3688 2188 tecto.
3710 2131 3770 2186 Ex
3788 2130 3856 2184 hoc

2325 2219 2610 2290 ccepitDei
2635 2220 2890 2275 famulus
2909 2221 2966 2275 in
2981 2220 3232 2291 jejuniis
3253 2226 3309 2275 et
3331 2221 3584 2293 precibus
3601 2236 3712 2275 cum
3727 2218 3856 2274 cordis

2323 2308 2691 2372 contritione,
2722 2308 2852 2366 aliis
2881 2325 3112 2380 quoque
3157 2309 3299 2364 viris
3330 2309 3600 2382 religiosis
3626 2325 3779 2364 secum
3799 2323 3856 2360 as-

2325 2397 2600 2468 sumptis,
2633 2414 2696 2453 se
2731 2399 2840 2453 Deo
2867 2403 3140 2466 mactare,
3171 2397 3506 2470 supplicans
3534 2397 3704 2452 devote
3727 2398 3856 2468 quate

2325 2503 2439 2540 nus
2471 2485 2840 2557 omnipotens
2869 2487 3019 2542 Deus
3049 2504 3154 2558 per
3194 2487 3629 2543 misericordiam
3654 2502 3780 2542 suam
3800 2483 3855 2538 di-

2321 2579 2604 2645 gnaretur
2633 2575 2746 2630 sibi
2779 2575 3151 2632 manifestare
3201 2576 3414 2636 locum.
3447 2575 3537 2630 ubi
3572 2573 3854 2630 sanctissime

2323 2664 2596 2736 martyris
2619 2681 2738 2718 sua:
2759 2681 2968 2736 corpus
2989 2669 3145 2720 esset
3165 2663 3620 2732 reconditum,vel
3633 2663 3670 2718 si
3689 2663 3732 2716 in
3749 2665 3854 2732 parte

2323 2751 2594 2806 orientali
2623 2758 2825 2824 crypta
2853 2769 2920 2807 eo
2966 2752 3075 2807 loci
3118 2758 3280 2810 esset
3321 2751 3648 2816 mdilicanda,
3675 2749 3750 2804 ubi
3767 2763 3853 2802 sua-

2323 2840 2496 2894 debat
2515 2839 2565 2895 ei
2586 2840 2854 2897 voluntas
2875 2857 3001 2896 sua.
3019 2841 3170 2913 Ergo
3188 2847 3256 2896 ut
3281 2843 3551 2898 Dominus
3570 2855 3731 2895 verum
3746 2852 3852 2892 com-

2321 2929 2613 3000 probaret,
2653 2931 2807 3000 quod
2865 2947 2967 3001 per
3013 2947 3078 2984 os
3127 2931 3314 2986 sancti
3369 2930 3534 2990 David
3586 2929 3851 2983 dixitzscce

2320 3017 2472 3072 oculi
2504 3017 2734 3072 Domini
2768 3035 2944 3089 super
2965 3019 3184 3089 justos,
3219 3024 3277 3074 et
3304 3035 3469 3075 aures
3498 3018 3611 3090 ejus
3651 3017 3694 3069 in
3717 3026 3849 3086 preces

2321 3122 2542 3161 eorum.
2580 3107 2648 3160 Et
2679 3107 2738 3160 in
2769 3105 2883 3162 alio
2913 3106 3034 3162 loco
3070 3123 3082 3161 ε
3115 3107 3488 3164 Voluntatem
3530 3103 3850 3161 timentiumec

550 3211 941 3270 nequaquam
971 3194 1114 3250 visis
1159 3197 1244 3249 tot
1291 3192 1467 3264 lupis,
1499 3191 1686 3246 instar
1718 3191 2080 3260 mercenarii,
2115 3192 2208 3247 sui
2240 3181 2284 3249 C
2322 3193 2512 3261 faciet,
2541 3199 2598 3251 et
2626 3194 3090 3267 deprecationem
3143 3212 3349 3252 eorum
3392 3193 3648 3259 exaudiet,
3673 3189 3846 3264 quadam

553 3286 760 3360 gregis
780 3283 1108 3341 custodiam
1129 3281 1406 3354 fugiendo
1429 3279 1864 3350 dereliquit,sed
1888 3297 1955 3335 ex
1971 3281 2212 3335 adverso

561 3391 628 3433 se
647 3373 920 3446 opposuit
939 3388 1006 3428 ac
1021 3375 1205 3426 totam
1227 3385 1466 3424 causam
1490 3367 1732 3423 Domino
1762 3367 2208 3424 commendavit.

560 3467 637 3522 At
651 3462 942 3519 militibus
962 3458 1421 3530 circumquaque
1451 3474 1554 3529 per
1584 3474 1819 3512 murum
1850 3462 1920 3512 et‘
1935 3462 2069 3512 ante
2086 3474 2213 3529 por-

560 3556 684 3608 tam
714 3551 928 3608 acriter
963 3551 1166 3603 contra
1212 3547 1410 3602 hostes
1439 3547 1878 3612 dimicantibus,
1910 3545 2005 3602 ille
2036 3563 2214 3618 super

562 3655 779 3713 equum
811 3638 1043 3702 sedens,
1075 3652 1190 3691 non
1223 3633 1422 3706 clypeo
1452 3639 1744 3706 protectus
1776 3641 1878 3691 aut
1897 3635 2083 3707 galea,
2108 3636 2208 3690 sed

563 3728 714 3787 stola
741 3727 1005 3794 indutus,
1037 3724 1191 3781 intra
1219 3723 1480 3796 lapidum
1515 3741 1580 3780 ac
1613 3725 1958 3797 sagittarum
1989 3723 2209 3780 imbres

561 3817 866 3874 incedebat
915 3831 1180 3872 securus.
1225 3811 1465 3868 Videres
1513 3830 1728 3868 novum
1775 3812 1953 3868 Josue
2011 3830 2206 3868 arcam

558 3904 790 3963 Domini
819 3904 1213 3971 circumferre,
1239 3901 1501 3958 buccinis
1523 3918 1898 3974 concrepare:
1918 3901 2029 3956 nisi
2052 3903 2204 3974 quod

555 3995 734 4053 Josue
761 3997 924 4051 extra
952 4009 1155 4048 muros
1186 3991 1349 4048 urbis
1379 3991 1632 4057 Jericho,
1657 3991 1768 4046 iste
1797 4006 1931 4045 vero
1956 3990 2114 4046 intus
2148 3993 2204 4044 in

554 4085 728 4142 domo
760 4082 966 4139 Rahab
994 4082 1066 4138 ad
1097 4081 1280 4136 Deum
1313 4079 1744 4146 convcrsae,hoc
1776 4083 1882 4147 est,
1917 4079 2204 4148 Ecclesia,

555 4165 852 4239 manebat,
884 4175 944 4228 et
971 4170 1266 4226 civitatem
1295 4168 1513 4223 diaboli
1557 4169 1698 4223 foris
1745 4173 2077 4224 manentem
2103 4186 2202 4223 ex-

554 4261 874 4336 pugnabat.
903 4261 1084 4316 Josue
1114 4259 1284 4326 duce,
1316 4258 1716 4312 sacerdotibus
1747 4256 1844 4329 qui
1872 4274 2064 4312 arcam
2099 4257 2206 4313 Do~

553 4351 697 4408 mini
728 4350 991 4406 ferebant
1014 4347 1280 4404 buccinis
1301 4346 1728 4418 clangentibus,
1753 4363 1819 4401 ac
1842 4347 2069 4400 cunctis
2100 4363 2200 4417 po-

551 4439 706 4512 pulis
738 4437 1134 4494 clamantibus
1163 4435 1572 4492 vociferatione
1617 4435 1890 4495 maxima.
1925 4435 2075 4488 muri
2107 4435 2199 4490 Je-

2322 3287 2490 3338 nocte
2520 3283 2580 3337 in
2611 3282 2737 3338 visu
2768 3283 2818 3339 ei
2851 3286 3052 3339 sancta
3081 3284 3223 3339 Afra
3255 3284 3533 3356 apparuit,
3551 3287 3600 3338 et
3624 3280 3768 3336 locum
3789 3273 3846 3328 sui

2321 3371 2581 3442 corporis
2610 3370 2669 3425 in
2700 3371 2945 3428 ecclesia
2963 3371 3406 3428 demonstravit.
3420 3373 3656 3443 Cryptam
3674 3381 3770 3422 vero
3785 3362 3846 3416 illo

2320 3459 2380 3514 in
2405 3459 2528 3515 loco
2551 3459 2672 3514 fieri
2705 3460 3004 3532 prohibuit
3039 3465 3276 3533 propter
3303 3461 3558 3534 reliquias
3584 3461 3842 3514 sanctorum,

2319 3547 2419 3620 qui
2449 3547 2567 3604 illic
2597 3548 2656 3602 in
2681 3565 2819 3620 pace
2841 3550 3542 3621 quiescentes,adventum
3562 3535 3844 3618 justiJudicis

2319 3640 2673 3708 exspectant.
2708 3637 2826 3692 Hac
2858 3635 3210 3697 revelatione
3241 3639 3552 3712 perdoctus,
3580 3624 3843 3704 caepitdesti-

2318 3731 2454 3780 nato
2485 3725 2643 3796 operi
2676 3725 2984 3798 vigilanter
3029 3725 3326 3791 insistere,
3357 3724 3591 3782 ecclesia
3632 3713 3840 3774 murosirr
3923 3757 3925 3763 .

2317 3817 2603 3881 staurare,
2623 3819 2885 3886 cryptam
2917 3813 2975 3869 in
3007 3815 3355 3870 occidentali
3385 3817 3535 3887 parte
3560 3813 3835 3867 construen:
3921 3841 3923 3859 .

2318 3919 2421 3956 nec
2435 3907 2648 3958 anteaa
2663 3901 2858 3959 labore
2872 3903 3136 3970 cessavit,
3153 3903 3338 3960 donec
3362 3903 3507 3960 brevi
3526 3898 3686 3962 omnia
3697 3890 3837 3966 per!”
3919 3929 3921 3957 l

2314 3995 2372 4046 to
2399 3991 2604 4047 decore
2633 3991 3082 4047 consummavit.
3917 3999 3919 4053 |

2386 4079 2640 4152 Dignum
2672 4085 2761 4134 est
2792 4097 2946 4136 nunc
2977 4081 3382 4136 demonstrare
3426 4097 3534 4152 qua
3573 4067 3830 4132 veneratione
3915 4079 3917 4149 χ

2315 4168 2531 4239 dignus
2574 4168 2651 4222 sit
2679 4167 2844 4224 locus
2887 4168 3003 4233 ille,
3037 4167 3094 4223 in
3155 4185 3276 4240 quo
3332 4172 3520 4225 sancta
3569 4162 3647 4220 Dei
3689 4157 3831 4221 mari}?

2314 4256 2612 4329 prohibuit
2640 4264 2901 4330 cryptam
2936 4258 3081 4317 lieri.
3117 4259 3255 4315 Erat
3301 4257 3527 4330 quidam
3570 4245 3826 4306 hortulanus.

2312 4347 2412 4418 qui
2470 4347 2623 4400 inter
2678 4346 2945 4417 gramina
2999 4347 3078 4400 ibi
3137 4333 3825 4418 deambulando,spelun§lm

2310 4435 2626 4505 quamdam
2663 4435 2892 4506 reperit,
2918 4435 2974 4488 in
3007 4452 3127 4506 qua
3155 4441 3216 4490 et
3245 4435 3667 4490 transformatam
3690 4417 3826 4474 adicu-

550 4527 714 4586 ricbo
745 4526 1010 4582 funditus
1041 4529 1404 4580 corruerunt.
1438 4525 1554 4579 lsto
1606 4540 1800 4578 arcam
1855 4523 2087 4577 Domini
2139 4521 2199 4578 in
2230 4546 2277 4612 D
2309 4522 2427 4578 lam
2484 4525 2595 4578 sub
2649 4529 2804 4578 terra
2863 4527 3154 4578 muratam
3217 4521 3518 4596 conspexit,
3556 4521 3602 4572 et
3645 4506 3821 4612 veniens:

550 4621 780 4690 pectore
811 4614 1033 4670 mundo
1063 4617 1317 4685 gerente,
1349 4617 1406 4667 et
1435 4628 1568 4667 cum
1600 4612 2002 4668 sacerdotibus
2029 4617 2083 4668 et
2114 4611 2198 4667 le-
2230 4590 2276 4612 υ
2306 4611 2577 4684 episcopo
2637 4612 2945 4678 nuntiavit,
3005 4611 3178 4683 eique
3230 4590 3376 4667 dixit
3401 4628 3414 4665 :
3445 4609 3498 4664 Si
3545 4610 3636 4690 tua
3675 4590 3821 4690 plet-'8“

545 4704 684 4762 vitis
713 4703 892 4770 tubis,
914 4703 972 4758 id
993 4706 1103 4770 est,
1127 4701 1393 4774 psalmis,
1419 4701 1654 4773 hymnis
1675 4705 1730 4755 et
1751 4700 1994 4756 canticis
2025 4701 2196 4772 spiri-

545 4793 806 4851 tualibus
854 4790 1224 4857 sonantibus,
1268 4789 1613 4862 cunctisque
1670 4787 1902 4860 populis
1943 4789 2197 4845 maxima

543 4901 714 4958 prece
744 4883 816 4940 ad
849 4882 1033 4939 Deum
1059 4885 1117 4937 et
1145 4881 1215 4936 ad
1247 4881 1375 4951 ejus
1407 4885 1670 4936 sanctam
1701 4880 2040 4951 genitricem
2074 4880 2194 4934 Ma-

544 4973 693 5029 riam
725 4989 956 5044 semper
983 4970 1266 5043 virginem
1300 4985 1403 5042 pro
1435 4985 1542 5024 sua
1571 4969 1866 5040 ereptione
1896 4969 2194 5024 clamanti-

543 5063 677 5129 bus,
701 5061 980 5134 Hungari,
1007 5060 1106 5132 qui
1139 5065 1305 5115 erant
1334 5057 1538 5114 civitas
1565 5057 1800 5124 diaboli,
1835 5058 2188 5114 ceciderunt.

542 5148 742 5206 Ceteri
788 5150 986 5222 fugam
1045 5149 1438 5221 arripuerunt.
1497 5147 1653 5210 Quos
1725 5146 2190 5202 Christianorum

541 5237 830 5296 exercitus
842 5240 978 5294 tend
990 5240 1048 5294 iu
1067 5238 1340 5294 cadendo
1367 5240 1706 5309 persecutus
1721 5240 1826 5303 est,
1842 5235 2024 5292 donec
2037 5236 2191 5308 prin-

543 5325 700 5399 cipes
727 5342 930 5382 eorum
956 5342 1090 5382 cum
1113 5325 1244 5381 aliis
1267 5325 1470 5380 multis
1493 5341 1610 5380 una
1629 5329 1994 5396 caperentur,
2015 5331 2189 5396 atque

542 5415 920 5471 Ratisbonam
947 5414 1423 5487 perducerentur,
1445 5413 1543 5470 ubi
1565 5414 1639 5468 ad
1665 5414 2046 5486 ignominiam
2070 5432 2188 5469 suae

537 5503 730 5579 gentis
755 5502 1135 5576 postmodum
1161 5502 1590 5575 suspensisunt
1611 5503 1668 5558 in
1693 5502 1978 5575 equuleis.
1996 5504 2096 5559 His
2113 5504 2190 5558 ita

478 5609 484 5614 '
532 5593 740 5684 gestis,
777 5591 991 5668 praesul
1021 5594 1387 5652 venerandus
1424 5593 1533 5651 Deo
1564 5593 1623 5652 in
1654 5592 1931 5652 omnibus
1967 5592 2188 5668 gratias

2307 4701 2627 4766 sanctitati,
2655 4699 2746 4755 hic
2781 4699 2936 4756 olera
2965 4716 3096 4756 mea
3115 4703 3173 4756 et
3195 4700 3328 4768 alia,
3351 4714 3467 4770 quas
3496 4689 3615 4750 mihi
3635 4684 3737 4770 sunt
3758 4689 3818 4770 Off

2305 4789 2578 4854 eessaria,
2603 4761 2854 4861 possunt
2876 4789 3130 4844 recondi.
3148 4789 3250 4844 Cui
3272 4761 3436 4843 ille-in
3455 4779 3630 4856 spiritu
3647 4761 3816 4828 dixitISi

2303 4877 2412 4932 hoc
2433 4879 2656 4945 feceris,
2675 4895 2807 4933 mox
2833 4894 3008 4933 sensu
3025 4883 3082 4932 et
3099 4878 3483 4933 membrorum
3501 4862 3815 4950 εοερίφίῗῗωξ

2303 4966 2549 5022 carebis.
2566 4939 2679 5021 Sed
2708 4966 2902 5032 miser,
2923 4965 3043 5020 haec
3065 4964 3492 5038 parvipendens,
3511 4939 3812 5038 ευρθυθοωέω

2303 5071 2472 5110 suam
2494 5053 2552 5110 in
2585 5054 2922 5126 praedictam
2954 5036 3294 5126 speluncam
3325 5036 3813 5126 congregavit,stallm'

2300 5161 2411 5216 que
2424 5122 2666 5200 sensum
2679 5160 2813 5198 cum
2828 5143 2954 5198 visu
2969 5122 3024 5198 et
3035 5143 3242 5199 auditu
3261 5137 3509 5216 perdidit.
3530 5129 3614 5196 Ουί
3633 5122 3686 5180 δά

2299 5239 2422 5289 tum
2445 5233 2542 5289 Dei
2561 5233 2897 5304 perductus,
2919 5235 3224 5288 utreatum
3241 5246 3406 5288 suum
3427 5211 3804 5309 agnovit,

2300 5291 2998 5396 petiit,acindulgentiam
3017 5338 3152 5377 cum
3169 5322 3409 5378 sanitate
3425 5291 3697 5388 promeruit.
3711 5291 3803 5396 Mil:

2299 5373 2568 5468 dicturus
2598 5373 2777 5467 sum?
2787 5411 2868 5465 Ex
2899 5409 2998 5466 illa
3041 5426 3293 5483 namque
3336 5373 3464 5462 bona
3507 5373 3799 5483 nunquid“:h

2299 5501 2608 5559 hortulano
2637 5500 2768 5573 ipsa
2798 5500 3036 5572 reperiri
3070 5475 3256 5573 potuit
3279 5494 3542 5570 spelunca.
3563 5483 3625 5540 Ex

2297 5608 2435 5667 pore
2460 5591 2633 5665 cmpit
2662 5554 2750 5647 vir
2779 5554 2880 5646 Dei
2907 5554 3366 5648 sanctbmillum
3395 5581 3559 5640 locum
3576 5561 3716 5638 magis
3728 5554 3796 5610 θ’θ’
