4026 6184
1790 208 1810 232 ο

175 361 329 421 1197

1510 359 1693 420 Vl'l‘A
1738 359 1805 420 S.
1851 357 2243 421 UDALRICI.

3422 364 3579 453 uss

168 494 473 565 qucntare,
523 490 754 563 sibique
804 490 1137 563 sepulcrum
1194 490 1274 546 ibi
1334 506 1676 563 praaparare.
1711 488 1817 544 Ubi
1848 489 1904 556 Α
1934 489 2095 545 omni
2143 489 2437 547 celeritate
2484 493 2807 565 Augustam
2858 492 3111 549 mittitur
3143 512 3155 549 :
3187 493 3379 550 oleum
3411 496 3483 551 ab
3514 512 3581 552 eo

164 579 369 636 omnia
396 584 559 636 sexta
587 578 747 645 feria,
772 579 821 635 si
855 580 1012 636 domi
1040 584 1214 648 esset,
1247 577 1472 635 solebat
1502 576 1819 633 salutarem

162 669 418 725 hostiam
448 666 696 723 Domino
728 666 1053 724 immolare.

238 762 368 812 CAP.
409 755 554 812 XVI.
602 788 670 796 —
719 756 947 813 Interea
1002 755 1282 812 orationis
1340 772 1517 811 causa
1574 755 1818 810 Romam

162 844 445 920 perrexit,
459 843 557 900 ubi
581 848 638 899 et
654 850 832 918 caput
847 845 1034 901 sancti
1052 844 1304 900 Abundii
1325 843 1598 916 martyris
1619 843 1819 914 acqui-

161 935 324 1007 sivit,
343 950 664 1007 secumque
694 933 967 1006 religiosa
994 950 1125 989 cum
1158 933 1463 989 devotione
1496 934 1819 1005 Augustam

160 1022 746 1097 reportavit.Solebat
775 1022 906 1078 loca
938 1027 1143 1079 sancta
1170 1021 1426 1085 visitare,
1447 1038 1512 1077 ac
1534 1016 1822 1093 praecipue

162 1112 590 1169 monasterium
614 1112 802 1168 sancti
823 1111 991 1177 Galli,
1019 1112 1115 1166 ubi
1136 1111 1394 1172 nutritus
1415 1115 1610 1166 eratet
1626 1111 1821 1165 erudi-

160 1208 285 1256 tus.
320 1202 459 1256 Inde
507 1217 641 1256 cum
690 1201 945 1272 quodam
991 1204 1252 1271 tempore
1282 1200 1353 1253 ad
1386 1198 1593 1254 cellam
1635 1198 1820 1254 sancti

162 1290 475 1356 Meinradi,
511 1289 582 1344 ad
615 1288 929 1343 videndum
990 1304 1220 1343 servum
1278 1287 1376 1342 Dei
1426 1287 1819 1342 Everhardum

158 1379 442 1445 venisset,
473 1382 604 1450 post
644 1394 812 1433 sacra
840 1378 1170 1433 orationum
1201 1375 1507 1443 libamina,
1543 1380 1676 1448 post
1708 1376 1820 1431 fra-

163 1473 345 1523 ternaa
375 1466 703 1522 collationis
730 1465 926 1521 dulcia
954 1465 1206 1536 eloquia,
1234 1481 1369 1520 cum
1394 1465 1522 1535 jam
1556 1464 1819 1537 praeliba-

159 1558 242 1612 tis
262 1556 487 1612 osculis
513 1560 751 1612 sanctus
784 1555 1094 1627 episcopus
1126 1554 1517 1626 disposuisset
1538 1554 1727 1608 redire
1760 1552 1819 1608 in

159 1663 298 1712 sua,
321 1650 377 1701 et
407 1662 475 1700 ea
501 1644 623 1699 vice
654 1649 914 1717 speraret
940 1644 1041 1698 Dei
1075 1642 1361 1698 famulum
1409 1660 1523 1697 non
1566 1641 1821 1714 amplius

159 1752 296 1790 esse
311 1734 852 1805 visurum,jamque
873 1733 955 1787 ire
979 1732 1268 1803 ccepisset,
1288 1731 1561 1787 festinato
1575 1730 1821 1786 anhelus

160 1822 446 1889 cucurrit,
481 1826 655 1893 atque
706 1821 925 1876 iterans
973 1820 1175 1875 oscula
1223 1818 1555 1885 cbaritatis,
1583 1820 1639 1873 in
1672 1818 1821 1875 hanc

160 1928 368 1967 vocem
390 1910 887 1983 lacrymabundus
917 1898 1109 1981 erupit
1135 1925 1145 1964 :
1174 1907 1252 1962 Ex
1282 1908 1388 1963 hac
1420 1907 1563 1963 hora
1592 1925 1706 1963 nou
1737 1908 1820 1962 vi-

159 2000 440 2057 debimus
473 2015 578 2054 nos
610 1997 856 2053 ulterius
883 1997 940 2052 in
972 1997 1081 2052 hac
1110 1997 1246 2064 vita,
1268 1997 1449 2051 donec
1478 1996 1819 2068 corporibus

160 2087 423 2161 exempti
443 2088 635 2143 videre
658 2103 764 2141 nos
788 2102 1121 2141 mereamur
1143 2084 1200 2139 in
1226 2084 1534 2157 praesentia
1563 2084 1683 2139 Dei.
1718 2084 1819 2138 Cui

159 2179 482 2251 episcopus
519 2175 665 2231 dixit
696 2193 709 2230 :
746 2175 913 2230 Pater
964 2175 1311 2241 venerande,
1346 2175 1460 2230 scis
1509 2192 1667 2229 nunc
1716 2190 1820 2245 pro

160 2272 327 2323 certo
348 2270 582 2338 tempus
607 2281 746 2319 mea:
770 2263 1145 2319 resolutionis
1178 2265 1415 2327 instare,
1436 2280 1551 2333 quo
1574 2262 1816 2317 debeam

159 2374 228 2411 ex
246 2356 363 2410 hac
382 2355 501 2409 vita
521 2352 923 2426 migrare?Cui
950 2352 1043 2407 ille
1065 2353 1382 2424 respondit.
1401 2351 1559 2406 Finis
1581 2350 1816 2423 quidem

159 2446 296 2499 vitae
328 2448 443 2498 tua:
471 2443 663 2497 adhuc
689 2457 802 2497 non
837 2440 966 2496 erit.
991 2440 1100 2495 Sed
1134 2456 1333 2495 verum
1367 2457 1495 2496 esse
1514 2440 1666 2511 quod
1689 2439 1819 2493 dico

156 2534 358 2588 exitus
390 2532 469 2587 rei
518 2530 940 2604 comprobabit.
974 2530 1138 2584 Tunc
1186 2530 1513 2585 discessum
1566 2533 1671 2584 est.
1705 2528 1815 2584 Sed

159 2626 482 2693 antequam
516 2618 826 2692 episcopus
857 2619 1120 2675 eamdem
1167 2618 1370 2673 cellam
1421 2618 1694 2683 visitavit,
1724 2615 1819 2671 ille

161 2710 265 2767 Dei
301 2708 561 2765 famulus
607 2708 977 2764 Everhardus
1024 2708 1094 2763 de
1143 2707 1250 2762 hoc
1282 2705 1493 2762 saeculo
1524 2705 1815 2777 migravit.

162 2799 450 2853 Processu
483 2812 713 2868 quoque
734 2794 1014 2868 temporis
1037 2794 1229 2851 locum
1251 2792 1816 2867 Agaunensium,ubi

162 2890 412 2941 sanctus
429 2884 736 2940 Mauritius
758 2900 890 2939 cum
911 2901 1076 2940 sacra
1090 2883 1316 2956 legione
1334 2883 1600 2955 quiescit,
1614 2880 1817 2936 orandi

161 2975 363 3047 gratia
382 2973 582 3039 adivit,
602 2989 668 3028 ac
687 2989 800 3027 non
822 2972 1081 3027 modicas
1098 2970 1475 3026 Thebaa-orum
1496 2974 1817 3041 martyrum

164 3062 452 3135 reliquias
477 3061 804 3133 acquisivit.
841 3062 996 3127 Quas
1028 3076 1161 3116 cum
1194 3076 1426 3115 summo
1457 3058 1674 3114 honore
1703 3058 1818 3111 Au-

163 3158 408 3225 gustam
440 3149 653 3218 attulit,
677 3166 744 3206 ac
771 3150 830 3204 in
867 3148 1116 3205 oratorio
1147 3154 1361 3203 sancta:
1394 3147 1493 3202 Dei
1523 3145 1820 3219 genitricis

1931 583 2333 634 consecratum
2366 581 2644 635 defertur.
2668 582 2790 647 Quo
2829 582 2887 636 in
2919 581 3049 653 ipsa
3077 587 3279 638 sancta
3308 584 3584 640 Penteco-

1930 671 2050 721 stes
2079 667 2279 739 vigilia
2308 668 2451 724 hora
2482 668 2595 724 diei
2622 686 2776 725 nona
2800 668 3121 735 delibutus,
3149 671 3443 726 intentum
3480 688 3584 743 per

1929 756 2177 828 gratiam
2199 756 2299 812 Dei
2321 762 2523 813 contra
2551 775 2715 829 spem
2747 758 3010 814 omnium
3040 758 3234 814 subito
3265 758 3576 827 convaluit,

1928 849 1997 899 ut
2026 861 2087 900 se
2117 846 2379 901 reficeret
2419 846 2548 902 cibo
2595 863 2661 902 ac
2710 863 2845 902 cum
2906 847 3185 904 fratribus
3234 847 3577 920 vespertina:

1931 934 2131 1005 synaxi
2197 933 2512 990 incolumis
2571 936 2899 1003 interesset,
2945 939 3246 1009 totamque
3302 935 3577 993 instantis

1930 1022 2261 1077 festivitatis
2310 1022 2464 1078 diem
2516 1023 2764 1096 spiritali
2807 1024 3182 1096 jucunditate
3237 1024 3575 1081 celebraret.

1930 1111 2161 1184 Sicque,
2196 1112 2470 1169 omnibus
2500 1113 2557 1167 in
2607 1130 2918 1169 commune
2968 1113 3422 1186 gratulantibus,
3454 1113 3581 1188 ipse

1931 1216 2134 1271 sospes
2166 1200 2225 1254 in
2260 1218 2429 1256 suam
2461 1202 2658 1257 sedem
2690 1207 2778 1257 est
2808 1218 3093 1258 reversus.

2002 1292 2133 1344 CAP.
2170 1289 2760 1356 XVIll.—-Quodam
2820 1295 3083 1364 tempore
3139 1308 3274 1348 cum
3332 1292 3422 1347 vir
3479 1293 3580 1349 Dei

1929 1377 2235 1433 Vindicem
2268 1377 2513 1433 fluvium
2544 1384 2699 1435 esset
2727 1380 3412 1447 transiturus,intantum
3435 1379 3581 1437 alvei

1931 1466 2058 1536 ejus
2091 1484 2329 1522 cursum
2372 1468 2694 1523 excrevisse
2724 1467 2965 1535 invenit,
3012 1472 3077 1524 ut
3106 1467 3305 1524 nullus
3338 1484 3580 1526 suorum

1930 1555 2172 1609 auderet
2202 1556 2452 1610 transire
2482 1573 2586 1628 per
2615 1556 2803 1612 illum.
2833 1558 2997 1612 Tunc
3026 1556 3198 1613 sociis
3229 1556 3321 1612 sui
3354 1556 3582 1613 itineris

1931 1643 2305 1711 abeuntibus,
2341 1648 2397 1699 et
2444 1645 2681 1712 vadum,
2716 1644 2903 1700 sicubi
2954 1649 3152 1717 posset
3204 1643 3476 1717 reperire,
3507 1644 3582 1700 ad

1930 1733 2355 1787 transeundum
2379 1733 2795 1805 querentibus,
2815 1734 2938 1806 ipse
2960 1750 3094 1789 cum
3122 1750 3237 1789 uno
3259 1732 3465 1789 clerico
3486 1750 3581 1790 so-

1929 1819 2023 1875 lus
2036 1821 2336 1886 remansit,
2356 1839 2421 1877 ac
2435 1822 2774 1893 przedictum
2803 1822 3043 1878 fluvium
3059 1824 3184 1878 sine
3197 1821 3395 1895 aliqua
3405 1822 3581 1894 trepi-

1931 1908 2164 1963 datione
2190 1910 2249 1963 in
2290 1910 2527 1965 nomine
2576 1910 2807 1965 Domini
2858 1910 3144 1966 transivit.
3179 1912 3265 1979 Et,
3298 1915 3363 1966 ut
3391 1910 3581 1983 magis

1931 1995 2182 2062 mireris,
2215 1997 2459 2054 clericus
2492 1997 2682 2055 altiori
2723 1998 2947 2055 caballo
2991 1998 3252 2056 residens
3282 2017 3317 2055 a
3346 1999 3582 2072 cingulo

1932 2084 2204 2141 deorsum
2230 2102 2291 2141 se
2324 2090 2509 2143 totum
2543 2086 2599 2142 in
2633 2104 2786 2159 aqua
2815 2087 3195 2144 infusumzde
3211 2087 3469 2161 episcopi
3486 2104 3584 2144 au-

1931 2177 2049 2228 tem
2083 2175 2270 2230 soccis
2300 2191 2331 2231 e
2361 2192 2503 2248 sago
2548 2176 2736 2242 factis,
2771 2193 2921 2247 quos
2979 2180 3213 2249 propter
3259 2176 3444 2250 frigus
3490 2176 3580 2233 in-

1929 2261 2156 2330 duerat,
2190 2279 2293 2317 nec
2326 2263 2533 2318 saltem
2566 2280 2749 2319 unum
2794 2263 2981 2336 pilum
3029 2265 3420 2320 madefactum
3450 2281 3579 2337 per-

1930 2350 2135 2421 spexit.
2160 2350 2262 2405 Cui
2282 2350 2448 2407 valde
2468 2368 2646 2423 super
2675 2351 2785 2407 hoc
2817 2352 3133 2407 admiranti
3163 2352 3578 2408 interminatus

1928 2444 2036 2507 est,
2060 2439 2261 2494 dicens
2286 2458 2298 2495 :
2323 2440 2487 2508 Cave,
2514 2456 2585 2494 ne
2632 2440 2823 2495 adhuc
2852 2445 3123 2496 manente
3152 2440 3210 2495 in
3242 2458 3435 2511 carne,
3468 2440 3576 2497 hoc

1928 2526 2101 2582 alicui
2133 2528 2326 2584 dicere
2353 2546 2366 2584 :
2401 2528 2755 2584 humilitatis
2786 2529 3136 2601 magistrum
3165 2546 3440 2602 sequens,
3474 2529 3578 2602 qui

1928 2616 1997 2670 de
2029 2617 2344 2688 semetipso
2371 2617 2678 2689 discipulis
2708 2617 2979 2689 praecepit
3007 2623 3072 2673 ut
3094 2618 3376 2675 visionem
3395 2635 3575 2690 quam

1928 2704 2211 2760 vidissent
2260 2706 2481 2761 nemini
2513 2706 2791 2773 dicerent,
2827 2706 3008 2761 donec
3040 2706 3221 2761 Filius
3252 2706 3511 2761 hominis
3542 2723 3576 2761 a

1929 2794 2177 2848 mortuis
2206 2800 2550 2865 resurgeret.
2576 2795 2702 2848 Tua
2721 2798 2861 2850 sunt
2881 2793 3020 2861 hasc,
3046 2810 3079 2849 o
3100 2792 3346 2859 Christe,
3376 2809 3574 2866 opera,

1929 2886 2163 2936 tuarum
2188 2882 2510 2954 gratiarum
2535 2881 2916 2954 insignia,qui
2939 2882 2999 2936 in
3023 2882 3240 2938 sanctis
3262 2882 3379 2938 tuis
3400 2882 3577 2938 etiam

1929 2986 2085 3025 nunc
2115 2970 2357 3045 antiqua
2404 2986 2712 3026 coruscare
2761 2969 2905 3027 facis
2936 2970 3249 3026 mirabilia.
3281 2971 3387 3038 Qui
3420 2971 3579 3026 enim

1930 3058 2009 3113 illi
2063 3060 2304 3131 antiquo
2362 3058 2737 3114 Hebraeorum
2786 3057 3024 3132 populo,
3058 3060 3355 3131 quondam
3393 3059 3579 3116 diviso

1930 3147 2076 3202 mari
2103 3148 2320 3213 Rubro,
2336 3148 2564 3203 aridum
2584 3148 2693 3203 iter
2707 3148 3098 3220 praebuisti,tu
3118 3147 3273 3204 hunc
3291 3148 3579 3204 famulum

164 3218 304 3296 cum
341 3239 576 3313 hymnis
606 3243 662 3294 et
693 3237 1037 3311 psalmodiis
1070 3237 1340 3310 religiose
1371 3218 1689 3291 collocavit.
1721 3235 1821 3291 His
1852 3218 1894 3286 C
1934 3240 2099 3291 tuum
2122 3237 2393 3308 peridem
2411 3218 2951 3293 elementunisiceis
2966 3236 3577 3295 vestibustraduxisti:

165 3346 407 3403 quoque
420 3327 627 3384 diebus
647 3327 996 3383 venerabilis
1019 3326 1188 3381 heros
1204 3326 1273 3381 ad
1290 3324 1706 3380 monasterium
1725 3325 1821 3379 Iu-

165 3418 667 3488 sulanense,quod
683 3416 870 3488 Augia
886 3414 1329 3488 dicitur,[venit]
1346 3415 1592 3469 ubitunc
1608 3418 1825 3486 tempo-

166 3508 245 3563 ris
257 3505 857 3578 Dominieigregisvir
873 3504 1258 3569 venerandus,
1274 3502 1820 3575 nomineAluvigus,

167 3612 377 3652 curam
409 3595 609 3667 gessit.
642 3593 748 3657 Qui
793 3610 927 3649 eum
972 3592 1170 3664 digno,
1206 3598 1269 3647 ut
1298 3609 1403 3663 par
1431 3596 1575 3660 erat,
1608 3590 1825 3646 honore

168 3683 527 3755 suscipiens,
561 3681 986 3755 multiplicibus
1034 3686 1370 3736 sanctarum
1418 3680 1822 3751 reliquiarum,

168 3788 431 3845 quarum
462 3770 652 3844 gratia
684 3770 782 3825 illo
814 3771 1145 3834 advenerat,
1182 3769 1525 3841 pignoribus
1568 3767 1823 3835 donavit,

170 3862 378 3934 sicque
406 3862 478 3915 ad
513 3860 749 3931 propria
778 3859 974 3913 laetum
1011 3858 1198 3913 redire
1229 3857 1511 3930 permisit.

237 3952 382 4006 Car.
416 3948 587 4005 XVII.
622 3980 688 3989 —
719 3947 833 4003 Nec
863 3947 1331 4019 praetereundum
1385 3946 1561 4018 quod,
1596 3949 1830 4018 propter

173 4038 366 4111 ipsius
398 4035 894 4109 merita,plurima
924 4034 1174 4090 inﬁrmis
1205 4035 1634 4106 praastabantur
1664 4034 1831 4088 bene-

172 4128 304 4183 ficia
346 4143 359 4180 :
394 4130 450 4181 et
483 4126 732 4180 maxime
778 4124 878 4197 qui
914 4124 1132 4179 caduco
1180 4124 1573 4195 gravabantur
1603 4122 1827 4186 morbo,

173 4231 273 4286 per
292 4214 428 4284 ejus
453 4212 919 4268 benedictionem
945 4230 978 4267 a
999 4217 1162 4267 tanto
1188 4211 1589 4267 liberabantur
1610 4210 1828 4265 incom-

176 4302 551 4368 modo.Quod
584 4302 664 4356 ita
681 4300 1032 4356 humilitatis
1065 4318 1243 4356 causa
1273 4300 1496 4355 studuit
1518 4298 1828 4364 occultare,

178 4397 238 4446 ut
281 4392 337 4447 si
386 4392 531 4446 forte
581 4390 760 4463 aliqui
807 4389 1041 4445 illorum
1073 4389 1223 4444 hanc
1264 4390 1535 4445 sanitatis
1582 4388 1830 4461 gratiam

179 4478 378 4551 palam
410 4478 792 4552 postularent,
826 4479 1046 4535 donum
1080 4479 1501 4533 benedictionis
1531 4476 1834 4532 subtrahe-

1933 3327 2044 3381 nisi
2080 3327 2234 3399 quod
2266 3326 2383 3383 illis
2410 3344 2572 3400 aquae
2604 3332 2769 3384 erant
2798 3345 2901 3400 pro
2932 3328 3120 3384 muris
3149 3345 3184 3384 a
3212 3327 3429 3383 dextris
3458 3332 3514 3383 et
3548 3344 3584 3384 a

1934 3415 2295 3484 sinistris,ut
2324 3415 2495 3472 siccis
2526 3416 2786 3490 vestigiis
2814 3434 2915 3489 per
2937 3416 3196 3472 medium
3225 3415 3577 3472 transirent:

1934 3504 2041 3561 iste
2071 3522 2203 3560 vero
2232 3522 2332 3577 per
2370 3505 2594 3561 medias
2639 3506 2933 3562 transiens
2964 3523 3249 3578 aquarum
3282 3506 3493 3578 undas,
3519 3504 3581 3561 in

1936 3592 2098 3649 nullo
2129 3594 2511 3663 madefactus,
2546 3611 2607 3650 se
2639 3596 2787 3651 duce
2816 3595 3080 3668 pervenit
3126 3595 3197 3651 ad
3245 3594 3430 3651 littus.
3456 3593 3581 3651 Alio

1936 3683 2073 3738 item
2108 3686 2367 3755 tempore
2396 3684 2533 3738 dum
2581 3684 2964 3740 Ratishonam
2995 3684 3223 3757 navigio
3255 3701 3357 3757 per
3386 3684 3582 3739 Danu-

1937 3772 2098 3827 bium
2131 3772 2411 3841 tenderet,
2440 3790 2507 3828 ex
2554 3773 2780 3829 incuria
2838 3778 3154 3829 nautarum
3202 3773 3364 3829 navis
3408 3790 3585 3846 super

1936 3862 2234 3933 quoddam
2284 3862 2633 3934 impingitur
2679 3862 2905 3935 lignum
2940 3879 2953 3917 :
2988 3879 3057 3917 ex
3088 3879 3204 3934 quo
3249 3862 3585 3935 patentibus

1938 3950 2105 4005 rimis
2126 3950 2299 4021 ccepit
2320 3950 2603 4022 paulatim
2637 3950 2865 4021 impleri
2890 3949 3079 4022 aquis.
3106 3951 3335 4006 Timore
3366 3956 3584 4022 perter-

1939 4038 2032 4093 riti
2063 4042 2273 4108 nautae,
2308 4039 2379 4092 ad
2411 4037 2579 4093 littus
2611 4038 2973 4093 contendunt
3006 4054 3268 4109 propere.
3302 4038 3424 4102 Quo
3454 4054 3586 4109 per-

1937 4127 2259 4193 venientes,
2291 4126 2565 4182 omnibus
2615 4144 2740 4199 quae
2789 4126 2847 4180 in
2890 4126 3020 4181 navi
3053 4131 3219 4181 erant
3246 4124 3584 4198 exportatis,

1941 4212 2102 4269 obliti
2137 4219 2275 4269 sunt
2305 4214 2558 4286 episcopi
2590 4213 2649 4269 in
2682 4214 2863 4287 puppi
2895 4213 3223 4270 residentis.
3249 4216 3412 4269 Tunc
3434 4230 3589 4269 unus

1940 4319 2009 4357 ex
2034 4302 2280 4368 clericis,
2315 4303 2552 4358 trahens
2587 4302 2843 4375 suspiria
2872 4319 2939 4358 ex
2978 4302 3183 4358 intimo
3215 4301 3425 4367 cordis,
3458 4301 3540 4355 ait
3572 4317 3585 4356 :

1941 4391 2034 4445 Vae
2083 4392 2251 4447 nobis
2296 4391 2547 4459 miseris,
2582 4392 2722 4464 quia
2781 4392 2836 4446 in
2889 4396 3051 4447 tanto
3111 4390 3369 4464 periculo
3426 4389 3590 4445 obliti

1943 4498 2152 4536 sumus
2211 4480 2391 4535 nostri
2444 4479 2710 4535 senioris.
2764 4481 2830 4535 Et
2887 4480 3006 4536 haec
3062 4480 3286 4550 dicens,
3332 4477 3590 4534 velocius

182 4573 285 4636 ret,
318 4569 431 4623 hoc
463 4568 653 4641 magis
687 4584 957 4625 asserens
988 4567 1318 4639 apostolicae
1351 4566 1620 4638 dignitati
1656 4583 1832 4637 quam
1864 4589 1913 4654 Β
1944 4567 2223 4635 cucurrit,
2258 4572 2313 4621 et
2346 4566 2607 4623 humeris
2639 4567 2979 4639 impositum
3006 4568 3078 4623 ad
3109 4566 3277 4623 littus
3303 4565 3589 4639 exposuit.

184 4674 301 4712 suae
339 4673 661 4729 congruere
691 4658 981 4729 parvitati.
1017 4658 1123 4713 Per
1151 4656 1368 4721 oleum,
1390 4656 1462 4712 ab
1494 4672 1559 4710 eo
1588 4654 1643 4709 in
1675 4671 1839 4709 cmna

186 4745 424 4801 Domini
472 4751 899 4815 consecratum,
934 4746 1113 4801 variis
1165 4745 1550 4818 languoribus
1601 4744 1838 4812 detenti,

186 4833 448 4906 pristinae
471 4835 723 4890 restituti
750 4839 889 4890 sunt
910 4834 1176 4890 sanitati:
1198 4851 1302 4889 nec
1324 4851 1439 4887 non
1462 4838 1517 4887 et
1539 4832 1840 4888 oculorum

189 4921 438 4995 caligine
493 4923 880 4990 obtenebrati,
925 4922 1104 4995 hujus
1155 4922 1338 4977 sancti
1402 4921 1510 4977 olei
1570 4921 1844 4976 unctione

192 5010 570 5065 merebantur
604 5010 943 5065 illuminari.

259 5097 461 5170 Opera:
503 5098 756 5172 pretium
808 5103 897 5155 est
948 5097 1159 5154 inferre
1203 5097 1455 5170 qualiter
1495 5098 1669 5154 etiam
1722 5099 1844 5170 ipse

195 5202 295 5257 per
317 5187 639 5244 efﬁcaciam
672 5188 853 5261 hujus
882 5188 1065 5244 sancti
1106 5187 1353 5259 liquoris
1384 5193 1733 5243 consecutus
1756 5191 1845 5243 est

198 5274 442 5346 gratiam
474 5277 796 5349 sospitatis.
819 5277 1079 5344 Quodam
1114 5276 1311 5348 itaque
1342 5280 1602 5349 tempore
1622 5277 1696 5331 ad
1720 5293 1844 5332 mo-

198 5366 519 5421 nasterium
551 5366 1017 5439 Campidonense
1046 5366 1483 5433 veniens,tanta
1508 5365 1846 5422 infirmitate

199 5452 604 5523 tenebatur,ut
628 5471 742 5510 non
771 5454 883 5511 nisi
916 5455 1068 5511 inter
1096 5453 1345 5510 aliorum
1380 5471 1591 5509 manus
1621 5459 1846 5510 susten-

201 5541 376 5610 tatus,
410 5560 709 5618 quoquam
742 5548 941 5618 posset
985 5560 1255 5616 gressum
1303 5560 1552 5612 movere,
1584 5543 1671 5598 vel
1706 5543 1845 5617 quid

206 5626 313 5685 cibi
363 5648 465 5706 pro
516 5634 871 5692 recreatione
927 5632 1138 5690 virium
1194 5630 1509 5708 percipere.
1544 5633 1707 5691 Tunc
1738 5634 1848 5691 sub

1947 4659 2069 4723 Quo
2115 4672 2348 4727 egresso
2383 4655 2546 4711 navis
2576 4655 2635 4710 in
2676 4656 2981 4728 posteriori
3011 4660 3173 4728 parte
3204 4655 3505 4729 mergitur,
3538 4658 3596 4709 et

1952 4745 2167 4800 mirum
2203 4745 2257 4799 in
2284 4745 2523 4799 modum
2557 4745 2740 4811 navis,
2764 4761 2891 4816 qua:
2909 4744 3079 4817 plena
3101 4749 3226 4801 erat
3253 4742 3595 4799 hominibus

1953 4834 2291 4905 czeterisque
2340 4832 2802 4904 supellectilibus
2836 4850 3013 4907 super
3060 4850 3244 4905 aquas
3276 4833 3594 4897 nataverat,

1950 4920 2072 4977 viro
2104 4922 2202 4977 Dei
2252 4938 2386 4976 cum
2437 4922 2561 4977 suis
2610 4922 2962 4995 egrediente,
2994 4939 3110 4978 non
3154 4920 3346 4994 potuit
3373 4918 3597 4975 diutius

1954 5012 2096 5083 quin
2130 5015 2490 5083 mergeretur
2535 5012 2855 5067 subsistere
2888 5028 2901 5066 :
2932 5015 2995 5066 ut
3045 5011 3181 5066 inde
3227 5008 3600 5082 colligeretur

1954 5099 2093 5173 quia
2134 5099 2286 5154 hanc
2335 5099 2706 5171 omnipotens
2756 5104 2907 5155 Deus
2955 5116 3060 5155 sua
3109 5115 3288 5154 manu
3331 5101 3602 5154 tenuerat

1951 5188 2185 5260 quando
2216 5187 2301 5241 vir
2329 5186 2428 5242 Dei
2460 5204 2594 5242 cum
2624 5188 2750 5243 suis
2787 5188 2845 5243 in
2890 5205 2958 5243 ea
2988 5186 3280 5242 manebat.
3316 5190 3457 5242 Item
3487 5184 3602 5241 alia

1951 5278 2073 5333 vice
2103 5276 2189 5331 vir
2222 5275 2322 5331 Dei
2368 5276 2613 5331 Romam
2664 5292 2901 5349 pergere
2949 5276 3291 5332 desiderans
3339 5275 3497 5331 venit
3525 5274 3598 5331 ad

1954 5366 2197 5422 fluvium
2220 5366 2332 5419 Tar
2354 5364 2742 5432 nominatum,
2769 5382 2942 5435 quem
2962 5369 3084 5421 tam
3106 5363 3431 5438 periculosa
3443 5380 3603 5437 repe-

1956 5456 2029 5510 rit
2064 5454 2445 5509 inundatione
2477 5453 2750 5521 effusum,
2785 5458 2849 5508 ut
2897 5470 3002 5509 nec
3054 5470 3203 5526 equo
3234 5469 3337 5509 nec
3368 5451 3601 5525 navigio

1955 5544 2169 5618 aliquis
2208 5547 2405 5616 posset
2431 5542 2680 5598 transire
2718 5540 3027 5600 illum.Sed
3048 5546 3287 5599 sanctus
3346 5541 3605 5615 pontifex

1958 5632 2233 5691 fiduciam
2291 5630 2517 5689 habens
2565 5630 2623 5687 in
2676 5632 2809 5701 Deo,
2853 5631 3157 5691 celebratis
3185 5631 3245 5690 in
3276 5630 3464 5705 ipsius
3493 5630 3601 5689 flu-

3617 5928 3659 5971 rh
