  <div class='ocr_page' id='page_1' title='image "/cluster/home/n/w/nwhite01/storage/ocr_20150623/142/hvd.32044054760020/605.png"; bbox 0 0 4026 6184; ppageno 0'>
   <div class='ocr_carea' id='block_1_1' title="bbox 526 312 683 378">
    <p class='ocr_par' dir='ltr' id='par_1_1' title="bbox 526 312 683 378">
     <span class='ocr_line' id='line_1_1' title="bbox 526 312 683 378; baseline -0.013 0"><span class='ocrx_word' id='word_1_1' title='bbox 526 312 683 378; x_wconf 81' lang='lat' dir='ltr'>H99</span> 
     </span>
    </p>
   </div>
   <div class='ocr_carea' id='block_1_2' title="bbox 1607 311 2856 382">
    <p class='ocr_par' dir='ltr' id='par_1_2' title="bbox 1607 311 2856 382">
     <span class='ocr_line' id='line_1_2' title="bbox 1607 311 2856 382; baseline 0.004 -7"><span class='ocrx_word' id='word_1_2' title='bbox 1607 311 2000 377; x_wconf 82' lang='lat' dir='ltr'>BERNONIS</span> <span class='ocrx_word' id='word_1_3' title='bbox 2043 313 2372 381; x_wconf 81' lang='lat' dir='ltr'>ABBATIS</span> <span class='ocrx_word' id='word_1_4' title='bbox 2418 316 2856 382; x_wconf 85' lang='lat' dir='ltr'>AUGIENSIS.</span> 
     </span>
    </p>
   </div>
   <div class='ocr_carea' id='block_1_3' title="bbox 3699 323 3811 389">
    <p class='ocr_par' dir='ltr' id='par_1_3' title="bbox 3699 323 3811 389">
     <span class='ocr_line' id='line_1_3' title="bbox 3699 323 3811 389; baseline 0.045 -5"><span class='ocrx_word' id='word_1_5' title='bbox 3699 323 3811 389; x_wconf 63' lang='grc' dir='ltr'>ἱεὶῢο</span> 
     </span>
    </p>
   </div>
   <div class='ocr_carea' id='block_1_4' title="bbox 524 426 3814 528">
    <p class='ocr_par' dir='ltr' id='par_1_4' title="bbox 524 426 3814 528">
     <span class='ocr_line' id='line_1_4' title="bbox 524 426 3814 528; baseline 0.002 -22"><span class='ocrx_word' id='word_1_6' title='bbox 524 448 704 506; x_wconf 83' lang='lat' dir='ltr'>minis</span> <span class='ocrx_word' id='word_1_7' title='bbox 760 446 889 521; x_wconf 86' lang='lat' dir='ltr'>ripa</span> <span class='ocrx_word' id='word_1_8' title='bbox 943 442 1259 504; x_wconf 88' lang='lat' dir='ltr'>missarum</span> <span class='ocrx_word' id='word_1_9' title='bbox 1318 443 1641 514; x_wconf 91' lang='lat' dir='ltr'>solemniis,</span> <span class='ocrx_word' id='word_1_10' title='bbox 1687 444 2030 517; x_wconf 71' lang='lat' dir='ltr'>praedictum</span> <span class='ocrx_word' id='word_1_11' title='bbox 2065 448 2171 503; x_wconf 86' lang='lat' dir='ltr'>ﬂu-</span> <span class='ocrx_word' id='word_1_12' title='bbox 2280 452 2520 523; x_wconf 85' lang='lat' dir='ltr'>tamque</span> <span class='ocrx_word' id='word_1_13' title='bbox 2548 448 2830 507; x_wconf 81' lang='lat' dir='ltr'>familiam</span> <span class='ocrx_word' id='word_1_14' title='bbox 2863 452 3062 509; x_wconf 78' lang='lat' dir='ltr'>statim</span> <span class='ocrx_word' id='word_1_15' title='bbox 3098 456 3450 510; x_wconf 88' lang='lat' dir='ltr'>sacramento</span> <span class='ocrx_word' id='word_1_16' title='bbox 3488 454 3585 510; x_wconf 87' lang='lat' dir='ltr'>sibi</span> <span class='ocrx_word' id='word_1_17' title='bbox 3610 452 3814 528; x_wconf 85' lang='lat' dir='ltr'>subjicie-</span> 
     </span>
    </p>
   </div>
   <div class='ocr_carea' id='block_1_5' title="bbox 522 533 2171 595">
    <p class='ocr_par' dir='ltr' id='par_1_5' title="bbox 522 533 2171 595">
     <span class='ocr_line' id='line_1_5' title="bbox 522 533 2171 595; baseline -0.002 0"><span class='ocrx_word' id='word_1_18' title='bbox 522 538 683 595; x_wconf 88' lang='lat' dir='ltr'>vium</span> <span class='ocrx_word' id='word_1_19' title='bbox 708 534 1104 593; x_wconf 90' lang='lat' dir='ltr'>transvadavit</span> <span class='ocrx_word' id='word_1_20' title='bbox 1127 549 1262 591; x_wconf 92' lang='lat' dir='ltr'>cum</span> <span class='ocrx_word' id='word_1_21' title='bbox 1296 533 1700 590; x_wconf 76' lang='lat' dir='ltr'>incolumitate</span> <span class='ocrx_word' id='word_1_22' title='bbox 1732 534 1996 591; x_wconf 90' lang='lat' dir='ltr'>omnium</span> <span class='ocrx_word' id='word_1_23' title='bbox 2030 553 2171 593; x_wconf 88' lang='lat' dir='ltr'>suo-</span> 
     </span>
    </p>
   </div>
   <div class='ocr_carea' id='block_1_6' title="bbox 527 644 2177 786">
    <p class='ocr_par' dir='ltr' id='par_1_6' title="bbox 527 644 2177 786">
     <span class='ocr_line' id='line_1_6' title="bbox 527 644 2177 786; baseline -0.002 -14"><span class='ocrx_word' id='word_1_24' title='bbox 527 644 729 772; x_wconf 53' lang='grc' dir='ltr'>ωέίρ.</span> <span class='ocrx_word' id='word_1_25' title='bbox 777 712 918 772; x_wconf 85' lang='lat' dir='ltr'>XIX.</span> <span class='ocrx_word' id='word_1_26' title='bbox 951 745 1019 754; x_wconf 98' lang='lat'>—</span> <span class='ocrx_word' id='word_1_27' title='bbox 1048 712 1112 771; x_wconf 92' lang='lat' dir='ltr'>In</span> <span class='ocrx_word' id='word_1_28' title='bbox 1143 711 1261 768; x_wconf 84' lang='lat' dir='ltr'>illis</span> <span class='ocrx_word' id='word_1_29' title='bbox 1294 711 1500 768; x_wconf 91' lang='lat' dir='ltr'>diebus</span> <span class='ocrx_word' id='word_1_30' title='bbox 1531 711 1750 768; x_wconf 90' lang='lat' dir='ltr'>electus</span> <span class='ocrx_word' id='word_1_31' title='bbox 1789 712 1888 768; x_wconf 88' lang='lat' dir='ltr'>Dei</span> <span class='ocrx_word' id='word_1_32' title='bbox 1921 713 2177 786; x_wconf 83' lang='lat' dir='ltr'>pontifex</span> 
     </span>
    </p>
   </div>
   <div class='ocr_carea' id='block_1_7' title="bbox 528 800 2191 879">
    <p class='ocr_par' dir='ltr' id='par_1_7' title="bbox 528 800 2191 879">
     <span class='ocr_line' id='line_1_7' title="bbox 528 800 2191 879; baseline -0.004 -14"><span class='ocrx_word' id='word_1_33' title='bbox 528 824 705 865; x_wconf 71' lang='lat' dir='ltr'>sacrae</span> <span class='ocrx_word' id='word_1_34' title='bbox 736 803 1038 879; x_wconf 81' lang='lat' dir='ltr'>religionis</span> <span class='ocrx_word' id='word_1_35' title='bbox 1060 801 1255 859; x_wconf 89' lang='lat' dir='ltr'>studio</span> <span class='ocrx_word' id='word_1_36' title='bbox 1275 800 1575 868; x_wconf 88' lang='lat' dir='ltr'>incitatus,</span> <span class='ocrx_word' id='word_1_37' title='bbox 1600 800 1782 856; x_wconf 89' lang='lat' dir='ltr'>divini</span> <span class='ocrx_word' id='word_1_38' title='bbox 1805 801 2021 858; x_wconf 89' lang='lat' dir='ltr'>amoris</span> <span class='ocrx_word' id='word_1_39' title='bbox 2043 802 2191 875; x_wconf 83' lang='lat' dir='ltr'>igne</span> 
     </span>
    </p>
   </div>
   <div class='ocr_carea' id='block_1_8' title="bbox 528 889 2177 966">
    <p class='ocr_par' dir='ltr' id='par_1_8' title="bbox 528 889 2177 966">
     <span class='ocr_line' id='line_1_8' title="bbox 528 889 2177 966; baseline -0.004 -13"><span class='ocrx_word' id='word_1_40' title='bbox 528 911 869 963; x_wconf 82' lang='lat' dir='ltr'>succensus,</span> <span class='ocrx_word' id='word_1_41' title='bbox 894 892 1068 966; x_wconf 67' lang='lat' dir='ltr'>erepit</span> <span class='ocrx_word' id='word_1_42' title='bbox 1094 891 1154 947; x_wconf 90' lang='lat' dir='ltr'>in</span> <span class='ocrx_word' id='word_1_43' title='bbox 1185 890 1427 947; x_wconf 88' lang='lat' dir='ltr'>ecclesia</span> <span class='ocrx_word' id='word_1_44' title='bbox 1458 889 1644 946; x_wconf 91' lang='lat' dir='ltr'>sancti</span> <span class='ocrx_word' id='word_1_45' title='bbox 1676 889 1954 962; x_wconf 82' lang='lat' dir='ltr'>Stephani</span> <span class='ocrx_word' id='word_1_46' title='bbox 1980 895 2177 963; x_wconf 91' lang='lat' dir='ltr'>proto-</span> 
     </span>
    </p>
   </div>
   <div class='ocr_carea' id='block_1_9' title="bbox 528 978 2173 1058">
    <p class='ocr_par' dir='ltr' id='par_1_9' title="bbox 528 978 2173 1058">
     <span class='ocr_line' id='line_1_9' title="bbox 528 978 2173 1058; baseline -0.004 -16"><span class='ocrx_word' id='word_1_47' title='bbox 528 984 808 1058; x_wconf 80' lang='lat' dir='ltr'>martyris</span> <span class='ocrx_word' id='word_1_48' title='bbox 850 982 1089 1054; x_wconf 86' lang='lat' dir='ltr'>Christi,</span> <span class='ocrx_word' id='word_1_49' title='bbox 1134 997 1263 1053; x_wconf 71' lang='lat' dir='ltr'>quae</span> <span class='ocrx_word' id='word_1_50' title='bbox 1293 986 1456 1036; x_wconf 77' lang='lat' dir='ltr'>extra</span> <span class='ocrx_word' id='word_1_51' title='bbox 1485 978 1649 1058; x_wconf 75' lang='lat' dir='ltr'>urbis</span> <span class='ocrx_word' id='word_1_52' title='bbox 1679 978 1894 1035; x_wconf 62' lang='lat' dir='ltr'>muenia</span> <span class='ocrx_word' id='word_1_53' title='bbox 1923 980 2032 1035; x_wconf 84' lang='lat' dir='ltr'>sita</span> <span class='ocrx_word' id='word_1_54' title='bbox 2064 983 2173 1049; x_wconf 89' lang='lat' dir='ltr'>est,</span> 
     </span>
    </p>
   </div>
   <div class='ocr_carea' id='block_1_10' title="bbox 527 1053 2175 1149">
    <p class='ocr_par' dir='ltr' id='par_1_10' title="bbox 527 1053 2175 1149">
     <span class='ocr_line' id='line_1_10' title="bbox 527 1053 2175 1149; baseline -0.004 -17"><span class='ocrx_word' id='word_1_55' title='bbox 527 1053 832 1149; x_wconf 75' lang='lat' dir='ltr'>religiosas</span> <span class='ocrx_word' id='word_1_56' title='bbox 862 1053 1112 1129; x_wconf 83' lang='lat' dir='ltr'>feminas</span> <span class='ocrx_word' id='word_1_57' title='bbox 1142 1085 1493 1143; x_wconf 80' lang='lat' dir='ltr'>congregare</span> <span class='ocrx_word' id='word_1_58' title='bbox 1516 1085 1529 1124; x_wconf 90' lang='lat'><strong>:</strong></span> <span class='ocrx_word' id='word_1_59' title='bbox 1550 1053 1856 1141; x_wconf 60' lang='lat' dir='ltr'>&#39;quatenus</span> <span class='ocrx_word' id='word_1_60' title='bbox 1888 1069 1944 1123; x_wconf 90' lang='lat' dir='ltr'>in</span> <span class='ocrx_word' id='word_1_61' title='bbox 1975 1073 2175 1125; x_wconf 88' lang='lat' dir='ltr'>sancto</span> 
     </span>
    </p>
   </div>
   <div class='ocr_carea' id='block_1_11' title="bbox 526 1157 2173 1239">
    <p class='ocr_par' dir='ltr' id='par_1_11' title="bbox 526 1157 2173 1239">
     <span class='ocr_line' id='line_1_11' title="bbox 526 1157 2173 1239; baseline -0.006 -17"><span class='ocrx_word' id='word_1_62' title='bbox 526 1163 823 1239; x_wconf 92' lang='lat' dir='ltr'>proposito</span> <span class='ocrx_word' id='word_1_63' title='bbox 879 1166 1042 1218; x_wconf 90' lang='lat' dir='ltr'>tanto</span> <span class='ocrx_word' id='word_1_64' title='bbox 1114 1157 1358 1215; x_wconf 86' lang='lat' dir='ltr'>liberius</span> <span class='ocrx_word' id='word_1_65' title='bbox 1428 1157 1645 1214; x_wconf 89' lang='lat' dir='ltr'>ibidem</span> <span class='ocrx_word' id='word_1_66' title='bbox 1703 1162 1819 1212; x_wconf 88' lang='lat' dir='ltr'>Deo</span> <span class='ocrx_word' id='word_1_67' title='bbox 1872 1158 2173 1226; x_wconf 85' lang='lat' dir='ltr'>servirent,</span> 
     </span>
    </p>
   </div>
   <div class='ocr_carea' id='block_1_12' title="bbox 526 1246 2173 1328">
    <p class='ocr_par' dir='ltr' id='par_1_12' title="bbox 526 1246 2173 1328">
     <span class='ocr_line' id='line_1_12' title="bbox 526 1246 2173 1328; baseline -0.006 -17"><span class='ocrx_word' id='word_1_68' title='bbox 526 1256 746 1328; x_wconf 81' lang='lat' dir='ltr'>quanto</span> <span class='ocrx_word' id='word_1_69' title='bbox 758 1251 993 1325; x_wconf 85' lang='lat' dir='ltr'>longius</span> <span class='ocrx_word' id='word_1_70' title='bbox 1006 1266 1040 1305; x_wconf 86' lang='lat' dir='ltr'>a</span> <span class='ocrx_word' id='word_1_71' title='bbox 1052 1249 1363 1310; x_wconf 83' lang='lat' dir='ltr'>mundanae</span> <span class='ocrx_word' id='word_1_72' title='bbox 1386 1247 1633 1303; x_wconf 86' lang='lat' dir='ltr'>actionis</span> <span class='ocrx_word' id='word_1_73' title='bbox 1655 1246 1851 1302; x_wconf 92' lang='lat' dir='ltr'>labore</span> <span class='ocrx_word' id='word_1_74' title='bbox 1869 1247 2173 1303; x_wconf 90' lang='lat' dir='ltr'>distarent.</span> 
     </span>
    </p>
   </div>
   <div class='ocr_carea' id='block_1_13' title="bbox 524 1336 2175 1416">
    <p class='ocr_par' dir='ltr' id='par_1_13' title="bbox 524 1336 2175 1416">
     <span class='ocr_line' id='line_1_13' title="bbox 524 1336 2175 1416; baseline -0.007 -14"><span class='ocrx_word' id='word_1_75' title='bbox 524 1343 608 1403; x_wconf 79' lang='lat' dir='ltr'>Ad</span> <span class='ocrx_word' id='word_1_76' title='bbox 639 1342 794 1416; x_wconf 88' lang='lat' dir='ltr'>quod</span> <span class='ocrx_word' id='word_1_77' title='bbox 828 1338 1251 1397; x_wconf 87' lang='lat' dir='ltr'>monasterium</span> <span class='ocrx_word' id='word_1_78' title='bbox 1284 1336 1426 1392; x_wconf 92' lang='lat' dir='ltr'>dum</span> <span class='ocrx_word' id='word_1_79' title='bbox 1480 1336 1748 1410; x_wconf 69' lang='lat' dir='ltr'>qumdam</span> <span class='ocrx_word' id='word_1_80' title='bbox 1803 1340 2074 1391; x_wconf 86' lang='lat' dir='ltr'>matrona</span> <span class='ocrx_word' id='word_1_81' title='bbox 2103 1336 2175 1391; x_wconf 91' lang='lat' dir='ltr'>ad</span> 
     </span>
    </p>
   </div>
   <div class='ocr_carea' id='block_1_14' title="bbox 527 1425 2179 1498">
    <p class='ocr_par' dir='ltr' id='par_1_14' title="bbox 527 1425 2179 1498">
     <span class='ocr_line' id='line_1_14' title="bbox 527 1425 2179 1498; baseline -0.006 -9"><span class='ocrx_word' id='word_1_82' title='bbox 527 1430 963 1489; x_wconf 85' lang='lat' dir='ltr'>conversionem</span> <span class='ocrx_word' id='word_1_83' title='bbox 992 1428 1233 1494; x_wconf 87' lang='lat' dir='ltr'>veniret,</span> <span class='ocrx_word' id='word_1_84' title='bbox 1266 1430 1323 1482; x_wconf 90' lang='lat' dir='ltr'>et</span> <span class='ocrx_word' id='word_1_85' title='bbox 1349 1442 1383 1481; x_wconf 92' lang='lat' dir='ltr'>a</span> <span class='ocrx_word' id='word_1_86' title='bbox 1412 1425 1857 1498; x_wconf 85' lang='lat' dir='ltr'>congregatione</span> <span class='ocrx_word' id='word_1_87' title='bbox 1906 1430 2179 1497; x_wconf 90' lang='lat' dir='ltr'>suscepta</span> 
     </span>
    </p>
   </div>
   <div class='ocr_carea' id='block_1_15' title="bbox 528 1513 2179 1590">
    <p class='ocr_par' dir='ltr' id='par_1_15' title="bbox 528 1513 2179 1590">
     <span class='ocr_line' id='line_1_15' title="bbox 528 1513 2179 1590; baseline -0.005 -13"><span class='ocrx_word' id='word_1_88' title='bbox 528 1519 759 1587; x_wconf 81' lang='lat' dir='ltr'>fuisset,</span> <span class='ocrx_word' id='word_1_89' title='bbox 777 1517 1025 1590; x_wconf 88' lang='lat' dir='ltr'>coepitin</span> <span class='ocrx_word' id='word_1_90' title='bbox 1045 1516 1142 1572; x_wconf 90' lang='lat' dir='ltr'>Dei</span> <span class='ocrx_word' id='word_1_91' title='bbox 1174 1514 1409 1572; x_wconf 90' lang='lat' dir='ltr'>servitio</span> <span class='ocrx_word' id='word_1_92' title='bbox 1434 1528 1669 1569; x_wconf 88' lang='lat' dir='ltr'>manere</span> <span class='ocrx_word' id='word_1_93' title='bbox 1687 1514 1931 1569; x_wconf 83' lang='lat' dir='ltr'>devota:</span> <span class='ocrx_word' id='word_1_94' title='bbox 1956 1517 2014 1569; x_wconf 90' lang='lat' dir='ltr'>et</span> <span class='ocrx_word' id='word_1_95' title='bbox 2043 1513 2179 1569; x_wconf 90' lang='lat' dir='ltr'>licet</span> 
     </span>
    </p>
   </div>
   <div class='ocr_carea' id='block_1_16' title="bbox 526 1602 2180 1669">
    <p class='ocr_par' dir='ltr' id='par_1_16' title="bbox 526 1602 2180 1669">
     <span class='ocr_line' id='line_1_16' title="bbox 526 1602 2180 1669; baseline -0.005 -5"><span class='ocrx_word' id='word_1_96' title='bbox 526 1607 857 1664; x_wconf 89' lang='lat' dir='ltr'>litterarum</span> <span class='ocrx_word' id='word_1_97' title='bbox 889 1604 1131 1662; x_wconf 87' lang='lat' dir='ltr'>scientia</span> <span class='ocrx_word' id='word_1_98' title='bbox 1161 1604 1360 1659; x_wconf 89' lang='lat' dir='ltr'>minus</span> <span class='ocrx_word' id='word_1_99' title='bbox 1393 1602 1702 1669; x_wconf 89' lang='lat' dir='ltr'>instructa,</span> <span class='ocrx_word' id='word_1_100' title='bbox 1722 1607 1914 1657; x_wconf 89' lang='lat' dir='ltr'>tamen</span> <span class='ocrx_word' id='word_1_101' title='bbox 1937 1602 2009 1657; x_wconf 92' lang='lat' dir='ltr'>ad</span> <span class='ocrx_word' id='word_1_102' title='bbox 2030 1606 2180 1657; x_wconf 83' lang='lat' dir='ltr'>exte-</span> 
     </span>
    </p>
   </div>
   <div class='ocr_carea' id='block_1_17' title="bbox 531 1691 2177 1769">
    <p class='ocr_par' dir='ltr' id='par_1_17' title="bbox 531 1691 2177 1769">
     <span class='ocr_line' id='line_1_17' title="bbox 531 1691 2177 1769; baseline -0.005 -16"><span class='ocrx_word' id='word_1_103' title='bbox 531 1697 685 1755; x_wconf 85' lang='lat' dir='ltr'>riora</span> <span class='ocrx_word' id='word_1_104' title='bbox 715 1694 1073 1769; x_wconf 91' lang='lat' dir='ltr'>providenda</span> <span class='ocrx_word' id='word_1_105' title='bbox 1102 1692 1245 1749; x_wconf 87' lang='lat' dir='ltr'>satis</span> <span class='ocrx_word' id='word_1_106' title='bbox 1276 1695 1400 1747; x_wconf 87' lang='lat' dir='ltr'>erat</span> <span class='ocrx_word' id='word_1_107' title='bbox 1430 1691 1660 1747; x_wconf 84' lang='lat' dir='ltr'>idonea.</span> <span class='ocrx_word' id='word_1_108' title='bbox 1686 1691 1846 1747; x_wconf 91' lang='lat' dir='ltr'>Unde</span> <span class='ocrx_word' id='word_1_109' title='bbox 1878 1707 2105 1747; x_wconf 88' lang='lat' dir='ltr'>sorores</span> <span class='ocrx_word' id='word_1_110' title='bbox 2125 1691 2177 1747; x_wconf 90' lang='lat' dir='ltr'>ei</span> 
     </span>
    </p>
   </div>
   <div class='ocr_carea' id='block_1_18' title="bbox 526 1778 2179 1847">
    <p class='ocr_par' dir='ltr' id='par_1_18' title="bbox 526 1778 2179 1847">
     <span class='ocr_line' id='line_1_18' title="bbox 526 1778 2179 1847; baseline -0.005 -4"><span class='ocrx_word' id='word_1_111' title='bbox 526 1786 839 1845; x_wconf 89' lang='lat' dir='ltr'>voluerunt</span> <span class='ocrx_word' id='word_1_112' title='bbox 885 1781 1147 1841; x_wconf 84' lang='lat' dir='ltr'>ofﬁcium</span> <span class='ocrx_word' id='word_1_113' title='bbox 1199 1780 1443 1838; x_wconf 62' lang='lat' dir='ltr'>cellaria:</span> <span class='ocrx_word' id='word_1_114' title='bbox 1488 1781 1920 1847; x_wconf 89' lang='lat' dir='ltr'>commendare,</span> <span class='ocrx_word' id='word_1_115' title='bbox 1950 1781 2049 1835; x_wconf 91' lang='lat' dir='ltr'>sed</span> <span class='ocrx_word' id='word_1_116' title='bbox 2078 1778 2179 1835; x_wconf 89' lang='lat' dir='ltr'>illa</span> 
     </span>
    </p>
   </div>
   <div class='ocr_carea' id='block_1_19' title="bbox 527 1869 2176 1941">
    <p class='ocr_par' dir='ltr' id='par_1_19' title="bbox 527 1869 2176 1941">
     <span class='ocr_line' id='line_1_19' title="bbox 527 1869 2176 1941; baseline -0.006 -7"><span class='ocrx_word' id='word_1_117' title='bbox 527 1874 716 1934; x_wconf 88' lang='lat' dir='ltr'>noluit</span> <span class='ocrx_word' id='word_1_118' title='bbox 746 1873 1093 1931; x_wconf 88' lang='lat' dir='ltr'>consentire.</span> <span class='ocrx_word' id='word_1_119' title='bbox 1127 1872 1292 1927; x_wconf 90' lang='lat' dir='ltr'>Tunc</span> <span class='ocrx_word' id='word_1_120' title='bbox 1315 1886 1406 1926; x_wconf 92' lang='lat' dir='ltr'>res</span> <span class='ocrx_word' id='word_1_121' title='bbox 1438 1870 1509 1924; x_wconf 90' lang='lat' dir='ltr'>ad</span> <span class='ocrx_word' id='word_1_122' title='bbox 1534 1870 1875 1941; x_wconf 88' lang='lat' dir='ltr'>episcopum</span> <span class='ocrx_word' id='word_1_123' title='bbox 1898 1869 2176 1925; x_wconf 86' lang='lat' dir='ltr'>defertur.</span> 
     </span>
    </p>
   </div>
   <div class='ocr_carea' id='block_1_20' title="bbox 524 1956 2178 2034">
    <p class='ocr_par' dir='ltr' id='par_1_20' title="bbox 524 1956 2178 2034">
     <span class='ocr_line' id='line_1_20' title="bbox 524 1956 2178 2034; baseline -0.007 -12"><span class='ocrx_word' id='word_1_124' title='bbox 524 1965 633 2033; x_wconf 91' lang='lat' dir='ltr'>Qui</span> <span class='ocrx_word' id='word_1_125' title='bbox 664 1980 801 2021; x_wconf 91' lang='lat' dir='ltr'>cum</span> <span class='ocrx_word' id='word_1_126' title='bbox 832 1963 1020 2019; x_wconf 90' lang='lat' dir='ltr'>eidem</span> <span class='ocrx_word' id='word_1_127' title='bbox 1044 1961 1280 2034; x_wconf 89' lang='lat' dir='ltr'>juberct</span> <span class='ocrx_word' id='word_1_128' title='bbox 1297 1956 1549 2028; x_wconf 92' lang='lat' dir='ltr'>obedire,</span> <span class='ocrx_word' id='word_1_129' title='bbox 1566 1957 1889 2025; x_wconf 91' lang='lat' dir='ltr'>noluit,sed</span> <span class='ocrx_word' id='word_1_130' title='bbox 1909 1957 1966 2012; x_wconf 92' lang='lat' dir='ltr'>in</span> <span class='ocrx_word' id='word_1_131' title='bbox 1992 1958 2178 2012; x_wconf 88' lang='lat' dir='ltr'>obsti-</span> 
     </span>
    </p>
   </div>
   <div class='ocr_carea' id='block_1_21' title="bbox 526 2047 2180 2123">
    <p class='ocr_par' dir='ltr' id='par_1_21' title="bbox 526 2047 2180 2123">
     <span class='ocr_line' id='line_1_21' title="bbox 526 2047 2180 2123; baseline -0.006 -12"><span class='ocrx_word' id='word_1_132' title='bbox 526 2055 762 2111; x_wconf 83' lang='lat' dir='ltr'>natione</span> <span class='ocrx_word' id='word_1_133' title='bbox 812 2052 1025 2108; x_wconf 87' lang='lat' dir='ltr'>mentis</span> <span class='ocrx_word' id='word_1_134' title='bbox 1082 2048 1436 2123; x_wconf 84' lang='lat' dir='ltr'>perduravit.</span> <span class='ocrx_word' id='word_1_135' title='bbox 1485 2047 1764 2119; x_wconf 87' lang='lat' dir='ltr'>Sequenti</span> <span class='ocrx_word' id='word_1_136' title='bbox 1820 2063 1955 2103; x_wconf 89' lang='lat' dir='ltr'>vero</span> <span class='ocrx_word' id='word_1_137' title='bbox 2014 2048 2180 2101; x_wconf 89' lang='lat' dir='ltr'>nocte</span> 
     </span>
    </p>
   </div>
   <div class='ocr_carea' id='block_1_22' title="bbox 524 2135 2176 2216">
    <p class='ocr_par' dir='ltr' id='par_1_22' title="bbox 524 2135 2176 2216">
     <span class='ocr_line' id='line_1_22' title="bbox 524 2135 2176 2216; baseline -0.005 -17"><span class='ocrx_word' id='word_1_138' title='bbox 524 2142 868 2216; x_wconf 89' lang='lat' dir='ltr'>hujusmodi</span> <span class='ocrx_word' id='word_1_139' title='bbox 890 2140 1083 2197; x_wconf 88' lang='lat' dir='ltr'>verbis</span> <span class='ocrx_word' id='word_1_140' title='bbox 1104 2138 1418 2210; x_wconf 87' lang='lat' dir='ltr'>corripitur</span> <span class='ocrx_word' id='word_1_141' title='bbox 1440 2137 1498 2191; x_wconf 91' lang='lat' dir='ltr'>in</span> <span class='ocrx_word' id='word_1_142' title='bbox 1522 2136 1744 2192; x_wconf 89' lang='lat' dir='ltr'>somnis</span> <span class='ocrx_word' id='word_1_143' title='bbox 1762 2153 1774 2191; x_wconf 94' lang='lat'><strong>:</strong></span> <span class='ocrx_word' id='word_1_144' title='bbox 1791 2135 2176 2208; x_wconf 85' lang='lat' dir='ltr'>Quia,inquit,</span> 
     </span>
    </p>
   </div>
   <div class='ocr_carea' id='block_1_23' title="bbox 527 2223 2177 2301">
    <p class='ocr_par' dir='ltr' id='par_1_23' title="bbox 527 2223 2177 2301">
     <span class='ocr_line' id='line_1_23' title="bbox 527 2223 2177 2301; baseline -0.005 -14"><span class='ocrx_word' id='word_1_145' title='bbox 527 2249 642 2287; x_wconf 89' lang='lat' dir='ltr'>non</span> <span class='ocrx_word' id='word_1_146' title='bbox 673 2228 921 2287; x_wconf 90' lang='lat' dir='ltr'>obedisti</span> <span class='ocrx_word' id='word_1_147' title='bbox 953 2227 1208 2301; x_wconf 87' lang='lat' dir='ltr'>episcopi</span> <span class='ocrx_word' id='word_1_148' title='bbox 1242 2224 1565 2297; x_wconf 67' lang='lat' dir='ltr'>praeceptis,</span> <span class='ocrx_word' id='word_1_149' title='bbox 1595 2224 1801 2279; x_wconf 90' lang='lat' dir='ltr'>tandiu</span> <span class='ocrx_word' id='word_1_150' title='bbox 1835 2223 2177 2280; x_wconf 88' lang='lat' dir='ltr'>ambulandi</span> 
     </span>
    </p>
   </div>
   <div class='ocr_carea' id='block_1_24' title="bbox 528 2312 2179 2390">
    <p class='ocr_par' dir='ltr' id='par_1_24' title="bbox 528 2312 2179 2390">
     <span class='ocr_line' id='line_1_24' title="bbox 528 2312 2179 2390; baseline -0.005 -14"><span class='ocrx_word' id='word_1_151' title='bbox 528 2337 641 2376; x_wconf 89' lang='lat' dir='ltr'>usu</span> <span class='ocrx_word' id='word_1_152' title='bbox 662 2316 908 2387; x_wconf 85' lang='lat' dir='ltr'>carebis,</span> <span class='ocrx_word' id='word_1_153' title='bbox 933 2330 1239 2390; x_wconf 88' lang='lat' dir='ltr'>quousque</span> <span class='ocrx_word' id='word_1_154' title='bbox 1262 2315 1333 2369; x_wconf 89' lang='lat' dir='ltr'>ab</span> <span class='ocrx_word' id='word_1_155' title='bbox 1352 2313 1451 2368; x_wconf 92' lang='lat' dir='ltr'>illo</span> <span class='ocrx_word' id='word_1_156' title='bbox 1474 2312 1691 2368; x_wconf 85' lang='lat' dir='ltr'>absolvi</span> <span class='ocrx_word' id='word_1_157' title='bbox 1716 2313 2051 2368; x_wconf 87' lang='lat' dir='ltr'>mereberis.</span> <span class='ocrx_word' id='word_1_158' title='bbox 2076 2313 2179 2368; x_wconf 81' lang='lat' dir='ltr'>Ex-</span> 
     </span>
    </p>
   </div>
   <div class='ocr_carea' id='block_1_25' title="bbox 529 2401 2197 2482">
    <p class='ocr_par' dir='ltr' id='par_1_25' title="bbox 529 2401 2197 2482">
     <span class='ocr_line' id='line_1_25' title="bbox 529 2401 2197 2482; baseline -0.004 -18"><span class='ocrx_word' id='word_1_159' title='bbox 529 2407 879 2482; x_wconf 88' lang='lat' dir='ltr'>pergefacta,</span> <span class='ocrx_word' id='word_1_160' title='bbox 911 2404 1150 2462; x_wconf 90' lang='lat' dir='ltr'>omnino</span> <span class='ocrx_word' id='word_1_161' title='bbox 1182 2403 1508 2476; x_wconf 91' lang='lat' dir='ltr'>permansit</span> <span class='ocrx_word' id='word_1_162' title='bbox 1539 2401 1750 2457; x_wconf 87' lang='lat' dir='ltr'>debilis</span> <span class='ocrx_word' id='word_1_163' title='bbox 1781 2406 1840 2457; x_wconf 90' lang='lat' dir='ltr'>et</span> <span class='ocrx_word' id='word_1_164' title='bbox 1869 2401 2197 2457; x_wconf 89' lang='lat' dir='ltr'>clauda:et-</span> 
     </span>
    </p>
   </div>
   <div class='ocr_carea' id='block_1_26' title="bbox 529 2491 2179 2565">
    <p class='ocr_par' dir='ltr' id='par_1_26' title="bbox 529 2491 2179 2565">
     <span class='ocr_line' id='line_1_26' title="bbox 529 2491 2179 2565; baseline -0.005 -11"><span class='ocrx_word' id='word_1_165' title='bbox 529 2500 850 2554; x_wconf 88' lang='lat' dir='ltr'>revertente</span> <span class='ocrx_word' id='word_1_166' title='bbox 875 2495 947 2551; x_wconf 91' lang='lat' dir='ltr'>ad</span> <span class='ocrx_word' id='word_1_167' title='bbox 976 2493 1269 2550; x_wconf 89' lang='lat' dir='ltr'>civitatem</span> <span class='ocrx_word' id='word_1_168' title='bbox 1301 2491 1592 2565; x_wconf 89' lang='lat' dir='ltr'>episcopo,</span> <span class='ocrx_word' id='word_1_169' title='bbox 1613 2494 1746 2547; x_wconf 91' lang='lat' dir='ltr'>ante</span> <span class='ocrx_word' id='word_1_170' title='bbox 1775 2491 1903 2561; x_wconf 89' lang='lat' dir='ltr'>ejus</span> <span class='ocrx_word' id='word_1_171' title='bbox 1926 2508 2179 2563; x_wconf 64' lang='lat' dir='ltr'>praesen-</span> 
     </span>
    </p>
   </div>
   <div class='ocr_carea' id='block_1_27' title="bbox 528 2580 2178 2655">
    <p class='ocr_par' dir='ltr' id='par_1_27' title="bbox 528 2580 2178 2655">
     <span class='ocr_line' id='line_1_27' title="bbox 528 2580 2178 2655; baseline -0.004 -11"><span class='ocrx_word' id='word_1_172' title='bbox 528 2588 673 2644; x_wconf 89' lang='lat' dir='ltr'>tiam</span> <span class='ocrx_word' id='word_1_173' title='bbox 694 2585 755 2642; x_wconf 89' lang='lat' dir='ltr'>in</span> <span class='ocrx_word' id='word_1_174' title='bbox 773 2583 986 2642; x_wconf 88' lang='lat' dir='ltr'>lectulo</span> <span class='ocrx_word' id='word_1_175' title='bbox 1017 2586 1108 2640; x_wconf 90' lang='lat' dir='ltr'>est</span> <span class='ocrx_word' id='word_1_176' title='bbox 1136 2583 1476 2655; x_wconf 89' lang='lat' dir='ltr'>deportata:</span> <span class='ocrx_word' id='word_1_177' title='bbox 1501 2598 1535 2636; x_wconf 89' lang='lat' dir='ltr'>a</span> <span class='ocrx_word' id='word_1_178' title='bbox 1555 2597 1670 2653; x_wconf 91' lang='lat' dir='ltr'>quo</span> <span class='ocrx_word' id='word_1_179' title='bbox 1687 2580 1758 2636; x_wconf 92' lang='lat' dir='ltr'>de</span> <span class='ocrx_word' id='word_1_180' title='bbox 1782 2580 2178 2637; x_wconf 90' lang='lat' dir='ltr'>inobedientia</span> 
     </span>
    </p>
   </div>
   <div class='ocr_carea' id='block_1_28' title="bbox 527 2669 2177 2751">
    <p class='ocr_par' dir='ltr' id='par_1_28' title="bbox 527 2669 2177 2751">
     <span class='ocr_line' id='line_1_28' title="bbox 527 2669 2177 2751; baseline -0.005 -17"><span class='ocrx_word' id='word_1_181' title='bbox 527 2676 745 2751; x_wconf 86' lang='lat' dir='ltr'>pariter</span> <span class='ocrx_word' id='word_1_182' title='bbox 795 2678 1064 2746; x_wconf 90' lang='lat' dir='ltr'>correpta</span> <span class='ocrx_word' id='word_1_183' title='bbox 1104 2676 1193 2729; x_wconf 89' lang='lat' dir='ltr'>est</span> <span class='ocrx_word' id='word_1_184' title='bbox 1238 2675 1296 2727; x_wconf 89' lang='lat' dir='ltr'>et</span> <span class='ocrx_word' id='word_1_185' title='bbox 1347 2674 1571 2727; x_wconf 90' lang='lat' dir='ltr'>sanata.</span> <span class='ocrx_word' id='word_1_186' title='bbox 1606 2669 1738 2742; x_wconf 85' lang='lat' dir='ltr'>Ipsa</span> <span class='ocrx_word' id='word_1_187' title='bbox 1766 2674 1984 2737; x_wconf 90' lang='lat' dir='ltr'>autem,</span> <span class='ocrx_word' id='word_1_188' title='bbox 2021 2674 2084 2724; x_wconf 89' lang='lat' dir='ltr'>ut</span> <span class='ocrx_word' id='word_1_189' title='bbox 2115 2686 2177 2725; x_wconf 91' lang='lat' dir='ltr'>se</span> 
     </span>
    </p>
   </div>
   <div class='ocr_carea' id='block_1_29' title="bbox 527 2756 2177 2831">
    <p class='ocr_par' dir='ltr' id='par_1_29' title="bbox 527 2756 2177 2831">
     <span class='ocr_line' id='line_1_29' title="bbox 527 2756 2177 2831; baseline -0.005 -8"><span class='ocrx_word' id='word_1_190' title='bbox 527 2764 714 2823; x_wconf 86' lang='lat' dir='ltr'>sensit</span> <span class='ocrx_word' id='word_1_191' title='bbox 758 2766 1049 2831; x_wconf 83' lang='lat' dir='ltr'>sanatam,</span> <span class='ocrx_word' id='word_1_192' title='bbox 1083 2760 1370 2819; x_wconf 89' lang='lat' dir='ltr'>currendo</span> <span class='ocrx_word' id='word_1_193' title='bbox 1421 2763 1737 2831; x_wconf 90' lang='lat' dir='ltr'>antequam</span> <span class='ocrx_word' id='word_1_194' title='bbox 1768 2758 1840 2813; x_wconf 92' lang='lat' dir='ltr'>ad</span> <span class='ocrx_word' id='word_1_195' title='bbox 1870 2756 2177 2814; x_wconf 91' lang='lat' dir='ltr'>ecclesiam</span> 
     </span>
    </p>
   </div>
   <div class='ocr_carea' id='block_1_30' title="bbox 527 2846 2176 2927">
    <p class='ocr_par' dir='ltr' id='par_1_30' title="bbox 527 2846 2176 2927">
     <span class='ocr_line' id='line_1_30' title="bbox 527 2846 2176 2927; baseline -0.007 -16"><span class='ocrx_word' id='word_1_196' title='bbox 527 2854 839 2927; x_wconf 89' lang='lat' dir='ltr'>episcopus</span> <span class='ocrx_word' id='word_1_197' title='bbox 862 2851 1102 2919; x_wconf 86' lang='lat' dir='ltr'>veniret,</span> <span class='ocrx_word' id='word_1_198' title='bbox 1138 2848 1433 2923; x_wconf 80' lang='lat' dir='ltr'>praecessit</span> <span class='ocrx_word' id='word_1_199' title='bbox 1460 2865 1594 2905; x_wconf 91' lang='lat' dir='ltr'>eum</span> <span class='ocrx_word' id='word_1_200' title='bbox 1634 2846 1885 2904; x_wconf 90' lang='lat' dir='ltr'>laudans</span> <span class='ocrx_word' id='word_1_201' title='bbox 1916 2850 1974 2903; x_wconf 93' lang='lat' dir='ltr'>et</span> <span class='ocrx_word' id='word_1_202' title='bbox 2002 2846 2176 2901; x_wconf 89' lang='lat' dir='ltr'>bene-</span> 
     </span>
    </p>
   </div>
   <div class='ocr_carea' id='block_1_31' title="bbox 526 2933 2177 3010">
    <p class='ocr_par' dir='ltr' id='par_1_31' title="bbox 526 2933 2177 3010">
     <span class='ocr_line' id='line_1_31' title="bbox 526 2933 2177 3010; baseline -0.005 -11"><span class='ocrx_word' id='word_1_203' title='bbox 526 2942 731 2999; x_wconf 90' lang='lat' dir='ltr'>dicens</span> <span class='ocrx_word' id='word_1_204' title='bbox 760 2940 968 2998; x_wconf 91' lang='lat' dir='ltr'>Deum.</span> <span class='ocrx_word' id='word_1_205' title='bbox 992 2939 1256 3007; x_wconf 90' lang='lat' dir='ltr'>Quodam</span> <span class='ocrx_word' id='word_1_206' title='bbox 1286 2942 1549 3010; x_wconf 90' lang='lat' dir='ltr'>tempore</span> <span class='ocrx_word' id='word_1_207' title='bbox 1580 2937 1722 2992; x_wconf 92' lang='lat' dir='ltr'>dum</span> <span class='ocrx_word' id='word_1_208' title='bbox 1756 2933 2177 3008; x_wconf 89' lang='lat' dir='ltr'>omnipotentis</span> 
     </span>
    </p>
   </div>
   <div class='ocr_carea' id='block_1_32' title="bbox 526 3022 2179 3102">
    <p class='ocr_par' dir='ltr' id='par_1_32' title="bbox 526 3022 2179 3102">
     <span class='ocr_line' id='line_1_32' title="bbox 526 3022 2179 3102; baseline -0.007 -12"><span class='ocrx_word' id='word_1_209' title='bbox 526 3030 632 3090; x_wconf 88' lang='lat' dir='ltr'>Dei</span> <span class='ocrx_word' id='word_1_210' title='bbox 646 3029 905 3088; x_wconf 82' lang='lat' dir='ltr'>famulus</span> <span class='ocrx_word' id='word_1_211' title='bbox 930 3028 1002 3086; x_wconf 91' lang='lat' dir='ltr'>ad</span> <span class='ocrx_word' id='word_1_212' title='bbox 1035 3028 1325 3102; x_wconf 82' lang='lat' dir='ltr'>synodum</span> <span class='ocrx_word' id='word_1_213' title='bbox 1357 3027 1787 3101; x_wconf 78' lang='lat' dir='ltr'>episcoporum,</span> <span class='ocrx_word' id='word_1_214' title='bbox 1813 3041 1940 3097; x_wconf 82' lang='lat' dir='ltr'>quae</span> <span class='ocrx_word' id='word_1_215' title='bbox 1958 3023 2017 3079; x_wconf 91' lang='lat' dir='ltr'>in</span> <span class='ocrx_word' id='word_1_216' title='bbox 2039 3022 2179 3078; x_wconf 89' lang='lat' dir='ltr'>villa</span> 
     </span>
    </p>
   </div>
   <div class='ocr_carea' id='block_1_33' title="bbox 528 3114 2176 3195">
    <p class='ocr_par' dir='ltr' id='par_1_33' title="bbox 528 3114 2176 3195">
     <span class='ocr_line' id='line_1_33' title="bbox 528 3114 2176 3195; baseline -0.007 -17"><span class='ocrx_word' id='word_1_217' title='bbox 528 3122 707 3195; x_wconf 90' lang='lat' dir='ltr'>regia,</span> <span class='ocrx_word' id='word_1_218' title='bbox 739 3117 1136 3194; x_wconf 88' lang='lat' dir='ltr'>Ingelenheim</span> <span class='ocrx_word' id='word_1_219' title='bbox 1163 3117 1337 3184; x_wconf 89' lang='lat' dir='ltr'>dicta,</span> <span class='ocrx_word' id='word_1_220' title='bbox 1369 3119 1491 3172; x_wconf 90' lang='lat' dir='ltr'>erat</span> <span class='ocrx_word' id='word_1_221' title='bbox 1519 3114 1948 3188; x_wconf 86' lang='lat' dir='ltr'>congreganda,</span> <span class='ocrx_word' id='word_1_222' title='bbox 1975 3126 2176 3186; x_wconf 89' lang='lat' dir='ltr'>perge-</span> 
     </span>
    </p>
   </div>
   <div class='ocr_carea' id='block_1_34' title="bbox 2283 540 3815 618">
    <p class='ocr_par' dir='ltr' id='par_1_34' title="bbox 2283 540 3815 618">
     <span class='ocr_line' id='line_1_34' title="bbox 2283 540 3815 618; baseline 0.006 -24"><span class='ocrx_word' id='word_1_223' title='bbox 2283 540 2401 607; x_wconf 89' lang='lat' dir='ltr'>bat,</span> <span class='ocrx_word' id='word_1_224' title='bbox 2431 557 2495 595; x_wconf 88' lang='lat' dir='ltr'>ac</span> <span class='ocrx_word' id='word_1_225' title='bbox 2524 540 2747 612; x_wconf 86' lang='lat' dir='ltr'>virgam</span> <span class='ocrx_word' id='word_1_226' title='bbox 2781 541 3134 614; x_wconf 88' lang='lat' dir='ltr'>pastoralem</span> <span class='ocrx_word' id='word_1_227' title='bbox 3166 542 3391 617; x_wconf 88' lang='lat' dir='ltr'>publice</span> <span class='ocrx_word' id='word_1_228' title='bbox 3419 561 3577 600; x_wconf 91' lang='lat' dir='ltr'>manu</span> <span class='ocrx_word' id='word_1_229' title='bbox 3604 547 3815 618; x_wconf 75' lang='lat' dir='ltr'>gestabat.</span> 
     </span>
    </p>
   </div>
   <div class='ocr_carea' id='block_1_35' title="bbox 2284 629 3817 705">
    <p class='ocr_par' dir='ltr' id='par_1_35' title="bbox 2284 629 3817 705">
     <span class='ocr_line' id='line_1_35' title="bbox 2284 629 3817 705; baseline 0.006 -22"><span class='ocrx_word' id='word_1_230' title='bbox 2284 629 2446 694; x_wconf 87' lang='lat' dir='ltr'>Quod</span> <span class='ocrx_word' id='word_1_231' title='bbox 2478 630 2667 685; x_wconf 81' lang='lat' dir='ltr'>caeteri</span> <span class='ocrx_word' id='word_1_232' title='bbox 2716 630 2993 703; x_wconf 88' lang='lat' dir='ltr'>episcopi,</span> <span class='ocrx_word' id='word_1_233' title='bbox 3027 631 3264 705; x_wconf 91' lang='lat' dir='ltr'>indigne</span> <span class='ocrx_word' id='word_1_234' title='bbox 3319 632 3566 701; x_wconf 89' lang='lat' dir='ltr'>ferentes,</span> <span class='ocrx_word' id='word_1_235' title='bbox 3592 634 3817 692; x_wconf 78' lang='lat' dir='ltr'>ambosad</span> 
     </span>
    </p>
   </div>
   <div class='ocr_carea' id='block_1_36' title="bbox 2285 717 3820 794">
    <p class='ocr_par' dir='ltr' id='par_1_36' title="bbox 2285 717 3820 794">
     <span class='ocr_line' id='line_1_36' title="bbox 2285 717 3820 794; baseline 0.007 -23"><span class='ocrx_word' id='word_1_236' title='bbox 2285 717 2573 789; x_wconf 74' lang='lat' dir='ltr'>synodum</span> <span class='ocrx_word' id='word_1_237' title='bbox 2604 724 2976 789; x_wconf 89' lang='lat' dir='ltr'>vocaverunt,</span> <span class='ocrx_word' id='word_1_238' title='bbox 3010 725 3185 794; x_wconf 89' lang='lat' dir='ltr'>atque</span> <span class='ocrx_word' id='word_1_239' title='bbox 3230 720 3552 794; x_wconf 67' lang='lat' dir='ltr'>praedictum</span> <span class='ocrx_word' id='word_1_240' title='bbox 3588 721 3820 780; x_wconf 80' lang='lat' dir='ltr'>Adalbero-</span> 
     </span>
    </p>
   </div>
   <div class='ocr_carea' id='block_1_37' title="bbox 2285 806 3820 883">
    <p class='ocr_par' dir='ltr' id='par_1_37' title="bbox 2285 806 3820 883">
     <span class='ocr_line' id='line_1_37' title="bbox 2285 806 3820 883; baseline 0.005 -23"><span class='ocrx_word' id='word_1_241' title='bbox 2285 822 2420 861; x_wconf 91' lang='lat' dir='ltr'>nem</span> <span class='ocrx_word' id='word_1_242' title='bbox 2443 806 2722 862; x_wconf 73' lang='lat' dir='ltr'>haeretica:</span> <span class='ocrx_word' id='word_1_243' title='bbox 2740 813 2996 881; x_wconf 87' lang='lat' dir='ltr'>arguunt</span> <span class='ocrx_word' id='word_1_244' title='bbox 3013 809 3477 883; x_wconf 71' lang='lat' dir='ltr'>praesumptionis</span> <span class='ocrx_word' id='word_1_245' title='bbox 3496 811 3820 882; x_wconf 87' lang='lat' dir='ltr'>quod,domino</span> 
     </span>
    </p>
   </div>
   <div class='ocr_carea' id='block_1_38' title="bbox 2284 894 3822 971">
    <p class='ocr_par' dir='ltr' id='par_1_38' title="bbox 2284 894 3822 971">
     <span class='ocr_line' id='line_1_38' title="bbox 2284 894 3822 971; baseline 0.005 -23"><span class='ocrx_word' id='word_1_246' title='bbox 2284 910 2392 949; x_wconf 92' lang='lat' dir='ltr'>suo</span> <span class='ocrx_word' id='word_1_247' title='bbox 2423 894 2613 950; x_wconf 91' lang='lat' dir='ltr'>adhuc</span> <span class='ocrx_word' id='word_1_248' title='bbox 2643 897 2979 967; x_wconf 90' lang='lat' dir='ltr'>superstite,</span> <span class='ocrx_word' id='word_1_249' title='bbox 3012 897 3154 953; x_wconf 90' lang='lat' dir='ltr'>talia</span> <span class='ocrx_word' id='word_1_250' title='bbox 3185 915 3299 953; x_wconf 90' lang='lat' dir='ltr'>non</span> <span class='ocrx_word' id='word_1_251' title='bbox 3333 898 3822 971; x_wconf 82' lang='lat' dir='ltr'>pertimuissetusur-</span> 
     </span>
    </p>
   </div>
   <div class='ocr_carea' id='block_1_39' title="bbox 2285 981 3822 1058">
    <p class='ocr_par' dir='ltr' id='par_1_39' title="bbox 2285 981 3822 1058">
     <span class='ocr_line' id='line_1_39' title="bbox 2285 981 3822 1058; baseline 0.004 -22"><span class='ocrx_word' id='word_1_252' title='bbox 2285 998 2442 1054; x_wconf 90' lang='lat' dir='ltr'>pare.</span> <span class='ocrx_word' id='word_1_253' title='bbox 2455 984 2527 1038; x_wconf 86' lang='lat' dir='ltr'>At</span> <span class='ocrx_word' id='word_1_254' title='bbox 2543 981 2639 1039; x_wconf 92' lang='lat' dir='ltr'>ille</span> <span class='ocrx_word' id='word_1_255' title='bbox 2660 984 2799 1039; x_wconf 90' lang='lat' dir='ltr'>dum</span> <span class='ocrx_word' id='word_1_256' title='bbox 2824 985 2895 1041; x_wconf 89' lang='lat' dir='ltr'>de</span> <span class='ocrx_word' id='word_1_257' title='bbox 2914 987 3159 1058; x_wconf 89' lang='lat' dir='ltr'>objectis</span> <span class='ocrx_word' id='word_1_258' title='bbox 3178 982 3288 1042; x_wconf 90' lang='lat' dir='ltr'>sibi</span> <span class='ocrx_word' id='word_1_259' title='bbox 3319 986 3631 1043; x_wconf 89' lang='lat' dir='ltr'>criminibus</span> <span class='ocrx_word' id='word_1_260' title='bbox 3644 1004 3692 1044; x_wconf 86' lang='lat' dir='ltr'>se</span> <span class='ocrx_word' id='word_1_261' title='bbox 3705 986 3822 1044; x_wconf 74' lang='lat' dir='ltr'>vellet</span> 
     </span>
    </p>
   </div>
   <div class='ocr_carea' id='block_1_40' title="bbox 2284 1073 3823 1144">
    <p class='ocr_par' dir='ltr' id='par_1_40' title="bbox 2284 1073 3823 1144">
     <span class='ocr_line' id='line_1_40' title="bbox 2284 1073 3823 1144; baseline 0.005 -20"><span class='ocrx_word' id='word_1_262' title='bbox 2284 1086 2556 1144; x_wconf 90' lang='lat' dir='ltr'>purgare,</span> <span class='ocrx_word' id='word_1_263' title='bbox 2590 1074 2661 1127; x_wconf 91' lang='lat' dir='ltr'>ab</span> <span class='ocrx_word' id='word_1_264' title='bbox 2714 1073 2988 1130; x_wconf 90' lang='lat' dir='ltr'>omnibus</span> <span class='ocrx_word' id='word_1_265' title='bbox 3035 1076 3332 1131; x_wconf 89' lang='lat' dir='ltr'>inventum</span> <span class='ocrx_word' id='word_1_266' title='bbox 3380 1081 3480 1142; x_wconf 85' lang='lat' dir='ltr'>est,</span> <span class='ocrx_word' id='word_1_267' title='bbox 3510 1075 3562 1130; x_wconf 91' lang='lat' dir='ltr'>id</span> <span class='ocrx_word' id='word_1_268' title='bbox 3588 1073 3720 1131; x_wconf 84' lang='lat' dir='ltr'>aliter</span> <span class='ocrx_word' id='word_1_269' title='bbox 3741 1076 3823 1133; x_wconf 83' lang='lat' dir='ltr'>ﬁeri</span> 
     </span>
    </p>
   </div>
   <div class='ocr_carea' id='block_1_41' title="bbox 2286 1160 3823 1237">
    <p class='ocr_par' dir='ltr' id='par_1_41' title="bbox 2286 1160 3823 1237">
     <span class='ocr_line' id='line_1_41' title="bbox 2286 1160 3823 1237; baseline 0.004 -24"><span class='ocrx_word' id='word_1_270' title='bbox 2286 1175 2399 1215; x_wconf 89' lang='lat' dir='ltr'>non</span> <span class='ocrx_word' id='word_1_271' title='bbox 2435 1176 2625 1231; x_wconf 87' lang='lat' dir='ltr'>posse,</span> <span class='ocrx_word' id='word_1_272' title='bbox 2655 1160 2789 1230; x_wconf 88' lang='lat' dir='ltr'>nisi,</span> <span class='ocrx_word' id='word_1_273' title='bbox 2822 1162 3013 1219; x_wconf 89' lang='lat' dir='ltr'>allatis</span> <span class='ocrx_word' id='word_1_274' title='bbox 3042 1168 3374 1220; x_wconf 89' lang='lat' dir='ltr'>sanctorum</span> <span class='ocrx_word' id='word_1_275' title='bbox 3403 1162 3770 1237; x_wconf 85' lang='lat' dir='ltr'>Evangeliornm</span> <span class='ocrx_word' id='word_1_276' title='bbox 3784 1165 3823 1220; x_wconf 91' lang='lat' dir='ltr'>in</span> 
     </span>
    </p>
   </div>
   <div class='ocr_carea' id='block_1_42' title="bbox 2287 1248 3825 1317">
    <p class='ocr_par' dir='ltr' id='par_1_42' title="bbox 2287 1248 3825 1317">
     <span class='ocr_line' id='line_1_42' title="bbox 2287 1248 3825 1317; baseline 0.003 -15"><span class='ocrx_word' id='word_1_277' title='bbox 2287 1248 2477 1303; x_wconf 91' lang='lat' dir='ltr'>medio</span> <span class='ocrx_word' id='word_1_278' title='bbox 2509 1248 2696 1317; x_wconf 90' lang='lat' dir='ltr'>libris,</span> <span class='ocrx_word' id='word_1_279' title='bbox 2730 1257 3097 1308; x_wconf 90' lang='lat' dir='ltr'>sacramento</span> <span class='ocrx_word' id='word_1_280' title='bbox 3141 1253 3400 1309; x_wconf 83' lang='lat' dir='ltr'>firmaret</span> <span class='ocrx_word' id='word_1_281' title='bbox 3441 1270 3497 1308; x_wconf 92' lang='lat' dir='ltr'>se</span> <span class='ocrx_word' id='word_1_282' title='bbox 3525 1251 3730 1309; x_wconf 81' lang='lat' dir='ltr'>nescisse</span> <span class='ocrx_word' id='word_1_283' title='bbox 3750 1253 3825 1308; x_wconf 71' lang='lat' dir='ltr'>ha-</span> 
     </span>
    </p>
   </div>
   <div class='ocr_carea' id='block_1_43' title="bbox 2287 1336 3829 1415">
    <p class='ocr_par' dir='ltr' id='par_1_43' title="bbox 2287 1336 3829 1415">
     <span class='ocr_line' id='line_1_43' title="bbox 2287 1336 3829 1415; baseline 0.005 -24"><span class='ocrx_word' id='word_1_284' title='bbox 2287 1336 2442 1392; x_wconf 91' lang='lat' dir='ltr'>resin</span> <span class='ocrx_word' id='word_1_285' title='bbox 2478 1337 2677 1407; x_wconf 90' lang='lat' dir='ltr'>fuisse,</span> <span class='ocrx_word' id='word_1_286' title='bbox 2710 1341 2864 1413; x_wconf 87' lang='lat' dir='ltr'>quod</span> <span class='ocrx_word' id='word_1_287' title='bbox 2896 1341 3035 1397; x_wconf 88' lang='lat' dir='ltr'>talia</span> <span class='ocrx_word' id='word_1_288' title='bbox 3066 1342 3527 1415; x_wconf 84' lang='lat' dir='ltr'>praesumpsisset</span> <span class='ocrx_word' id='word_1_289' title='bbox 3551 1342 3716 1398; x_wconf 82' lang='lat' dir='ltr'>facere.</span> <span class='ocrx_word' id='word_1_290' title='bbox 3739 1342 3829 1407; x_wconf 81' lang='lat' dir='ltr'>Qui-</span> 
     </span>
    </p>
   </div>
   <div class='ocr_carea' id='block_1_44' title="bbox 2285 1426 3823 1504">
    <p class='ocr_par' dir='ltr' id='par_1_44' title="bbox 2285 1426 3823 1504">
     <span class='ocr_line' id='line_1_44' title="bbox 2285 1426 3823 1504; baseline 0.002 -23"><span class='ocrx_word' id='word_1_291' title='bbox 2285 1426 2397 1482; x_wconf 90' lang='lat' dir='ltr'>bus</span> <span class='ocrx_word' id='word_1_292' title='bbox 2430 1428 2704 1484; x_wconf 85' lang='lat' dir='ltr'>omnibus</span> <span class='ocrx_word' id='word_1_293' title='bbox 2754 1447 2878 1502; x_wconf 66' lang='lat' dir='ltr'>quae</span> <span class='ocrx_word' id='word_1_294' title='bbox 2928 1431 2998 1486; x_wconf 91' lang='lat' dir='ltr'>ad</span> <span class='ocrx_word' id='word_1_295' title='bbox 3051 1430 3160 1487; x_wconf 90' lang='lat' dir='ltr'>hoc</span> <span class='ocrx_word' id='word_1_296' title='bbox 3208 1430 3496 1504; x_wconf 88' lang='lat' dir='ltr'>negotium</span> <span class='ocrx_word' id='word_1_297' title='bbox 3548 1431 3823 1503; x_wconf 84' lang='lat' dir='ltr'>pertinebant</span> 
     </span>
    </p>
   </div>
   <div class='ocr_carea' id='block_1_45' title="bbox 2286 1514 3823 1593">
    <p class='ocr_par' dir='ltr' id='par_1_45' title="bbox 2286 1514 3823 1593">
     <span class='ocr_line' id='line_1_45' title="bbox 2286 1514 3823 1593; baseline 0.003 -24"><span class='ocrx_word' id='word_1_298' title='bbox 2286 1514 2549 1588; x_wconf 67' lang='lat' dir='ltr'>eXpletis,</span> <span class='ocrx_word' id='word_1_299' title='bbox 2584 1517 2643 1572; x_wconf 92' lang='lat' dir='ltr'>in</span> <span class='ocrx_word' id='word_1_300' title='bbox 2675 1529 2781 1574; x_wconf 78' lang='lat' dir='ltr'>sna</span> <span class='ocrx_word' id='word_1_301' title='bbox 2812 1519 3113 1575; x_wconf 89' lang='lat' dir='ltr'>redierunt</span> <span class='ocrx_word' id='word_1_302' title='bbox 3142 1520 3316 1575; x_wconf 89' lang='lat' dir='ltr'>ambo</span> <span class='ocrx_word' id='word_1_303' title='bbox 3346 1519 3628 1593; x_wconf 87' lang='lat' dir='ltr'>episcopus</span> <span class='ocrx_word' id='word_1_304' title='bbox 3652 1524 3695 1574; x_wconf 87' lang='lat' dir='ltr'>et</span> <span class='ocrx_word' id='word_1_305' title='bbox 3710 1516 3823 1574; x_wconf 80' lang='lat' dir='ltr'>Adal-</span> 
     </span>
    </p>
   </div>
   <div class='ocr_carea' id='block_1_46' title="bbox 2286 1604 3825 1681">
    <p class='ocr_par' dir='ltr' id='par_1_46' title="bbox 2286 1604 3825 1681">
     <span class='ocr_line' id='line_1_46' title="bbox 2286 1604 3825 1681; baseline 0.001 -22"><span class='ocrx_word' id='word_1_306' title='bbox 2286 1604 2448 1675; x_wconf 92' lang='lat' dir='ltr'>bero,</span> <span class='ocrx_word' id='word_1_307' title='bbox 2472 1605 2571 1661; x_wconf 89' lang='lat' dir='ltr'>tali</span> <span class='ocrx_word' id='word_1_308' title='bbox 2598 1623 2632 1661; x_wconf 95' lang='lat' dir='ltr'>a</span> <span class='ocrx_word' id='word_1_309' title='bbox 2654 1611 2857 1662; x_wconf 90' lang='lat' dir='ltr'>sancta</span> <span class='ocrx_word' id='word_1_310' title='bbox 2877 1609 3099 1681; x_wconf 76' lang='lat' dir='ltr'>synodo</span> <span class='ocrx_word' id='word_1_311' title='bbox 3121 1607 3507 1665; x_wconf 88' lang='lat' dir='ltr'>consolatione</span> <span class='ocrx_word' id='word_1_312' title='bbox 3522 1611 3754 1681; x_wconf 82' lang='lat' dir='ltr'>percepta,</span> <span class='ocrx_word' id='word_1_313' title='bbox 3770 1610 3825 1671; x_wconf 85' lang='lat' dir='ltr'>ut,</span> 
     </span>
    </p>
   </div>
   <div class='ocr_carea' id='block_1_47' title="bbox 2287 1693 3826 1771">
    <p class='ocr_par' dir='ltr' id='par_1_47' title="bbox 2287 1693 3826 1771">
     <span class='ocr_line' id='line_1_47' title="bbox 2287 1693 3826 1771; baseline 0.003 -24"><span class='ocrx_word' id='word_1_314' title='bbox 2287 1693 2560 1767; x_wconf 90' lang='lat' dir='ltr'>episcopo</span> <span class='ocrx_word' id='word_1_315' title='bbox 2592 1695 2906 1752; x_wconf 88' lang='lat' dir='ltr'>decedente</span> <span class='ocrx_word' id='word_1_316' title='bbox 2937 1697 3011 1752; x_wconf 90' lang='lat' dir='ltr'>ab</span> <span class='ocrx_word' id='word_1_317' title='bbox 3041 1696 3151 1753; x_wconf 91' lang='lat' dir='ltr'>hac</span> <span class='ocrx_word' id='word_1_318' title='bbox 3182 1697 3320 1764; x_wconf 89' lang='lat' dir='ltr'>vita,</span> <span class='ocrx_word' id='word_1_319' title='bbox 3344 1695 3532 1753; x_wconf 90' lang='lat' dir='ltr'>nullus</span> <span class='ocrx_word' id='word_1_320' title='bbox 3552 1712 3641 1771; x_wconf 89' lang='lat' dir='ltr'>pro</span> <span class='ocrx_word' id='word_1_321' title='bbox 3663 1712 3713 1753; x_wconf 89' lang='lat' dir='ltr'>eo</span> <span class='ocrx_word' id='word_1_322' title='bbox 3727 1694 3826 1751; x_wconf 78' lang='lat' dir='ltr'>alius</span> 
     </span>
    </p>
   </div>
   <div class='ocr_carea' id='block_1_48' title="bbox 2288 1783 3827 1858">
    <p class='ocr_par' dir='ltr' id='par_1_48' title="bbox 2288 1783 3827 1858">
     <span class='ocr_line' id='line_1_48' title="bbox 2288 1783 3827 1858; baseline 0.001 -21"><span class='ocrx_word' id='word_1_323' title='bbox 2288 1786 2443 1837; x_wconf 87' lang='lat' dir='ltr'>esset</span> <span class='ocrx_word' id='word_1_324' title='bbox 2471 1783 2855 1852; x_wconf 91' lang='lat' dir='ltr'>ordinandus,</span> <span class='ocrx_word' id='word_1_325' title='bbox 2890 1785 3005 1840; x_wconf 89' lang='lat' dir='ltr'>nisi</span> <span class='ocrx_word' id='word_1_326' title='bbox 3055 1785 3182 1858; x_wconf 90' lang='lat' dir='ltr'>ipse</span> <span class='ocrx_word' id='word_1_327' title='bbox 3220 1786 3516 1842; x_wconf 85' lang='lat' dir='ltr'>Adalbero.</span> <span class='ocrx_word' id='word_1_328' title='bbox 3545 1785 3640 1841; x_wconf 85' lang='lat' dir='ltr'>Sed</span> <span class='ocrx_word' id='word_1_329' title='bbox 3665 1799 3749 1839; x_wconf 90' lang='lat' dir='ltr'>non</span> <span class='ocrx_word' id='word_1_330' title='bbox 3768 1784 3827 1838; x_wconf 82' lang='lat' dir='ltr'>est</span> 
     </span>
    </p>
   </div>
   <div class='ocr_carea' id='block_1_49' title="bbox 2288 1870 3826 1947">
    <p class='ocr_par' dir='ltr' id='par_1_49' title="bbox 2288 1870 3826 1947">
     <span class='ocr_line' id='line_1_49' title="bbox 2288 1870 3826 1947; baseline 0.001 -22"><span class='ocrx_word' id='word_1_331' title='bbox 2288 1870 2595 1943; x_wconf 88' lang='lat' dir='ltr'>sapientia,</span> <span class='ocrx_word' id='word_1_332' title='bbox 2623 1890 2734 1929; x_wconf 88' lang='lat' dir='ltr'>non</span> <span class='ocrx_word' id='word_1_333' title='bbox 2759 1877 2849 1929; x_wconf 88' lang='lat' dir='ltr'>est</span> <span class='ocrx_word' id='word_1_334' title='bbox 2869 1873 3202 1947; x_wconf 87' lang='lat' dir='ltr'>prudentia,</span> <span class='ocrx_word' id='word_1_335' title='bbox 3224 1892 3336 1932; x_wconf 90' lang='lat' dir='ltr'>non</span> <span class='ocrx_word' id='word_1_336' title='bbox 3361 1878 3447 1931; x_wconf 90' lang='lat' dir='ltr'>est</span> <span class='ocrx_word' id='word_1_337' title='bbox 3466 1871 3726 1931; x_wconf 86' lang='lat' dir='ltr'>consilium</span> <span class='ocrx_word' id='word_1_338' title='bbox 3740 1887 3826 1927; x_wconf 86' lang='lat' dir='ltr'>con-</span> 
     </span>
    </p>
   </div>
   <div class='ocr_carea' id='block_1_50' title="bbox 2289 1959 3827 2036">
    <p class='ocr_par' dir='ltr' id='par_1_50' title="bbox 2289 1959 3827 2036">
     <span class='ocr_line' id='line_1_50' title="bbox 2289 1959 3827 2036; baseline -0.001 -21"><span class='ocrx_word' id='word_1_339' title='bbox 2289 1961 2378 2015; x_wconf 90' lang='lat' dir='ltr'>tra</span> <span class='ocrx_word' id='word_1_340' title='bbox 2406 1959 2905 2017; x_wconf 82' lang='lat' dir='ltr'>Dominum.Nam</span> <span class='ocrx_word' id='word_1_341' title='bbox 2939 1964 3142 2018; x_wconf 91' lang='lat' dir='ltr'>eodem</span> <span class='ocrx_word' id='word_1_342' title='bbox 3176 1980 3331 2020; x_wconf 85' lang='lat' dir='ltr'>anno</span> <span class='ocrx_word' id='word_1_343' title='bbox 3358 1967 3484 2036; x_wconf 89' lang='lat' dir='ltr'>post</span> <span class='ocrx_word' id='word_1_344' title='bbox 3519 1961 3702 2033; x_wconf 69' lang='lat' dir='ltr'>aliquot</span> <span class='ocrx_word' id='word_1_345' title='bbox 3724 1973 3827 2015; x_wconf 82' lang='lat' dir='ltr'>men-</span> 
     </span>
    </p>
   </div>
   <div class='ocr_carea' id='block_1_51' title="bbox 2288 2048 3825 2126">
    <p class='ocr_par' dir='ltr' id='par_1_51' title="bbox 2288 2048 3825 2126">
     <span class='ocr_line' id='line_1_51' title="bbox 2288 2048 3825 2126; baseline -0.001 -24"><span class='ocrx_word' id='word_1_346' title='bbox 2288 2064 2404 2116; x_wconf 90' lang='lat' dir='ltr'>ses,</span> <span class='ocrx_word' id='word_1_347' title='bbox 2437 2049 2579 2105; x_wconf 90' lang='lat' dir='ltr'>dum</span> <span class='ocrx_word' id='word_1_348' title='bbox 2613 2050 2867 2122; x_wconf 87' lang='lat' dir='ltr'>quadam</span> <span class='ocrx_word' id='word_1_349' title='bbox 2901 2052 2993 2107; x_wconf 89' lang='lat' dir='ltr'>die</span> <span class='ocrx_word' id='word_1_350' title='bbox 3025 2053 3152 2124; x_wconf 87' lang='lat' dir='ltr'>jam</span> <span class='ocrx_word' id='word_1_351' title='bbox 3187 2053 3261 2109; x_wconf 92' lang='lat' dir='ltr'>ad</span> <span class='ocrx_word' id='word_1_352' title='bbox 3290 2068 3573 2126; x_wconf 87' lang='lat' dir='ltr'>vesperam</span> <span class='ocrx_word' id='word_1_353' title='bbox 3601 2048 3825 2106; x_wconf 77' lang='lat' dir='ltr'>inclinante</span> 
     </span>
    </p>
   </div>
   <div class='ocr_carea' id='block_1_52' title="bbox 2288 2137 3826 2210">
    <p class='ocr_par' dir='ltr' id='par_1_52' title="bbox 2288 2137 3826 2210">
     <span class='ocr_line' id='line_1_52' title="bbox 2288 2137 3826 2210; baseline -0.001 -18"><span class='ocrx_word' id='word_1_354' title='bbox 2288 2137 2601 2210; x_wconf 70' lang='lat' dir='ltr'>praedictus</span> <span class='ocrx_word' id='word_1_355' title='bbox 2623 2137 2869 2195; x_wconf 89' lang='lat' dir='ltr'>clericus</span> <span class='ocrx_word' id='word_1_356' title='bbox 2891 2140 2962 2196; x_wconf 90' lang='lat' dir='ltr'>ad</span> <span class='ocrx_word' id='word_1_357' title='bbox 2988 2157 3257 2196; x_wconf 90' lang='lat' dir='ltr'>mensam</span> <span class='ocrx_word' id='word_1_358' title='bbox 3286 2158 3418 2197; x_wconf 90' lang='lat' dir='ltr'>cum</span> <span class='ocrx_word' id='word_1_359' title='bbox 3445 2140 3557 2196; x_wconf 88' lang='lat' dir='ltr'>viro</span> <span class='ocrx_word' id='word_1_360' title='bbox 3579 2138 3659 2198; x_wconf 90' lang='lat' dir='ltr'>Dei</span> <span class='ocrx_word' id='word_1_361' title='bbox 3678 2137 3826 2193; x_wconf 74' lang='lat' dir='ltr'>naviter</span> 
     </span>
    </p>
   </div>
   <div class='ocr_carea' id='block_1_53' title="bbox 2288 2228 3829 2302">
    <p class='ocr_par' dir='ltr' id='par_1_53' title="bbox 2288 2228 3829 2302">
     <span class='ocr_line' id='line_1_53' title="bbox 2288 2228 3829 2302; baseline 0.001 -22"><span class='ocrx_word' id='word_1_362' title='bbox 2288 2229 2445 2282; x_wconf 89' lang='lat' dir='ltr'>secta</span> <span class='ocrx_word' id='word_1_363' title='bbox 2468 2244 2611 2282; x_wconf 87' lang='lat' dir='ltr'>vena</span> <span class='ocrx_word' id='word_1_364' title='bbox 2634 2228 2931 2297; x_wconf 88' lang='lat' dir='ltr'>resideret,</span> <span class='ocrx_word' id='word_1_365' title='bbox 2957 2246 3021 2284; x_wconf 91' lang='lat' dir='ltr'>ac</span> <span class='ocrx_word' id='word_1_366' title='bbox 3044 2230 3373 2302; x_wconf 83' lang='lat' dir='ltr'>quidquam</span> <span class='ocrx_word' id='word_1_367' title='bbox 3396 2228 3645 2285; x_wconf 62' lang='lat' dir='ltr'>molestia</span> <span class='ocrx_word' id='word_1_368' title='bbox 3672 2228 3829 2300; x_wconf 68' lang='lat' dir='ltr'>propter</span> 
     </span>
    </p>
   </div>
   <div class='ocr_carea' id='block_1_54' title="bbox 2287 2314 3828 2385">
    <p class='ocr_par' dir='ltr' id='par_1_54' title="bbox 2287 2314 3828 2385">
     <span class='ocr_line' id='line_1_54' title="bbox 2287 2314 3828 2385; baseline -0.001 -17"><span class='ocrx_word' id='word_1_369' title='bbox 2287 2314 2629 2373; x_wconf 89' lang='lat' dir='ltr'>incisionem</span> <span class='ocrx_word' id='word_1_370' title='bbox 2658 2335 2813 2373; x_wconf 73' lang='lat' dir='ltr'>venae</span> <span class='ocrx_word' id='word_1_371' title='bbox 2845 2319 3179 2385; x_wconf 86' lang='lat' dir='ltr'>sustineret,</span> <span class='ocrx_word' id='word_1_372' title='bbox 3202 2336 3233 2375; x_wconf 91' lang='lat' dir='ltr'>e</span> <span class='ocrx_word' id='word_1_373' title='bbox 3260 2335 3556 2375; x_wconf 90' lang='lat' dir='ltr'>consessus</span> <span class='ocrx_word' id='word_1_374' title='bbox 3576 2315 3727 2372; x_wconf 84' lang='lat' dir='ltr'>medio</span> <span class='ocrx_word' id='word_1_375' title='bbox 3742 2330 3828 2369; x_wconf 88' lang='lat' dir='ltr'>con-</span> 
     </span>
    </p>
   </div>
   <div class='ocr_carea' id='block_1_55' title="bbox 2287 2400 3826 2480">
    <p class='ocr_par' dir='ltr' id='par_1_55' title="bbox 2287 2400 3826 2480">
     <span class='ocr_line' id='line_1_55' title="bbox 2287 2400 3826 2480; baseline -0.001 -23"><span class='ocrx_word' id='word_1_376' title='bbox 2287 2403 2439 2459; x_wconf 90' lang='lat' dir='ltr'>citus</span> <span class='ocrx_word' id='word_1_377' title='bbox 2473 2421 2740 2479; x_wconf 89' lang='lat' dir='ltr'>surgens,</span> <span class='ocrx_word' id='word_1_378' title='bbox 2774 2406 3039 2463; x_wconf 89' lang='lat' dir='ltr'>cubitum</span> <span class='ocrx_word' id='word_1_379' title='bbox 3093 2407 3179 2464; x_wconf 90' lang='lat' dir='ltr'>ire</span> <span class='ocrx_word' id='word_1_380' title='bbox 3227 2406 3492 2480; x_wconf 80' lang='lat' dir='ltr'>perrexit,</span> <span class='ocrx_word' id='word_1_381' title='bbox 3521 2404 3771 2477; x_wconf 86' lang='lat' dir='ltr'>statimque</span> <span class='ocrx_word' id='word_1_382' title='bbox 3790 2400 3826 2455; x_wconf 88' lang='lat' dir='ltr'>in</span> 
     </span>
    </p>
   </div>
   <div class='ocr_carea' id='block_1_56' title="bbox 2285 2489 3825 2568">
    <p class='ocr_par' dir='ltr' id='par_1_56' title="bbox 2285 2489 3825 2568">
     <span class='ocr_line' id='line_1_56' title="bbox 2285 2489 3825 2568; baseline -0.001 -22"><span class='ocrx_word' id='word_1_383' title='bbox 2285 2490 2415 2564; x_wconf 89' lang='lat' dir='ltr'>ipsa</span> <span class='ocrx_word' id='word_1_384' title='bbox 2445 2499 2613 2550; x_wconf 90' lang='lat' dir='ltr'>nocte</span> <span class='ocrx_word' id='word_1_385' title='bbox 2657 2496 2962 2568; x_wconf 73' lang='lat' dir='ltr'>praesentis</span> <span class='ocrx_word' id='word_1_386' title='bbox 3009 2495 3127 2551; x_wconf 88' lang='lat' dir='ltr'>vita</span> <span class='ocrx_word' id='word_1_387' title='bbox 3156 2498 3471 2553; x_wconf 89' lang='lat' dir='ltr'>terminum</span> <span class='ocrx_word' id='word_1_388' title='bbox 3508 2495 3699 2551; x_wconf 87' lang='lat' dir='ltr'>clausit.</span> <span class='ocrx_word' id='word_1_389' title='bbox 3720 2489 3825 2555; x_wconf 86' lang='lat' dir='ltr'>Quod</span> 
     </span>
    </p>
   </div>
   <div class='ocr_carea' id='block_1_57' title="bbox 2286 2576 3826 2659">
    <p class='ocr_par' dir='ltr' id='par_1_57' title="bbox 2286 2576 3826 2659">
     <span class='ocr_line' id='line_1_57' title="bbox 2286 2576 3826 2659; baseline 0.002 -24"><span class='ocrx_word' id='word_1_390' title='bbox 2286 2580 2598 2654; x_wconf 91' lang='lat' dir='ltr'>episcopus</span> <span class='ocrx_word' id='word_1_391' title='bbox 2628 2600 2763 2639; x_wconf 87' lang='lat' dir='ltr'>mox</span> <span class='ocrx_word' id='word_1_392' title='bbox 2793 2600 2895 2656; x_wconf 90' lang='lat' dir='ltr'>per</span> <span class='ocrx_word' id='word_1_393' title='bbox 2924 2584 3203 2657; x_wconf 90' lang='lat' dir='ltr'>spiritum</span> <span class='ocrx_word' id='word_1_394' title='bbox 3238 2600 3594 2659; x_wconf 89' lang='lat' dir='ltr'>cognoscens,</span> <span class='ocrx_word' id='word_1_395' title='bbox 3621 2597 3740 2648; x_wconf 85' lang='lat' dir='ltr'>eum,</span> <span class='ocrx_word' id='word_1_396' title='bbox 3761 2576 3826 2650; x_wconf 79' lang='lat' dir='ltr'>qui</span> 
     </span>
    </p>
   </div>
   <div class='ocr_carea' id='block_1_58' title="bbox 2287 2669 3829 2742">
    <p class='ocr_par' dir='ltr' id='par_1_58' title="bbox 2287 2669 3829 2742">
     <span class='ocr_line' id='line_1_58' title="bbox 2287 2669 3829 2742; baseline 0.001 -19"><span class='ocrx_word' id='word_1_397' title='bbox 2287 2669 2358 2724; x_wconf 90' lang='lat' dir='ltr'>ad</span> <span class='ocrx_word' id='word_1_398' title='bbox 2390 2671 2862 2727; x_wconf 89' lang='lat' dir='ltr'>annuntiandum</span> <span class='ocrx_word' id='word_1_399' title='bbox 2909 2677 3156 2729; x_wconf 87' lang='lat' dir='ltr'>mortem</span> <span class='ocrx_word' id='word_1_400' title='bbox 3209 2674 3323 2729; x_wconf 89' lang='lat' dir='ltr'>sibi</span> <span class='ocrx_word' id='word_1_401' title='bbox 3365 2674 3663 2736; x_wconf 84' lang='lat' dir='ltr'>intraverat,</span> <span class='ocrx_word' id='word_1_402' title='bbox 3688 2681 3829 2742; x_wconf 59' lang='lat' dir='ltr'>prave</span> 
     </span>
    </p>
   </div>
   <div class='ocr_carea' id='block_1_59' title="bbox 2286 2756 3825 2835">
    <p class='ocr_par' dir='ltr' id='par_1_59' title="bbox 2286 2756 3825 2835">
     <span class='ocr_line' id='line_1_59' title="bbox 2286 2756 3825 2835; baseline -0.001 -23"><span class='ocrx_word' id='word_1_403' title='bbox 2286 2758 2499 2814; x_wconf 82' lang='lat' dir='ltr'>niendo</span> <span class='ocrx_word' id='word_1_404' title='bbox 2530 2759 2676 2815; x_wconf 87' lang='lat' dir='ltr'>dixit</span> <span class='ocrx_word' id='word_1_405' title='bbox 2710 2779 2723 2816; x_wconf 90' lang='lat'><strong>:</strong></span> <span class='ocrx_word' id='word_1_406' title='bbox 2755 2762 2905 2831; x_wconf 88' lang='lat' dir='ltr'>Scio,</span> <span class='ocrx_word' id='word_1_407' title='bbox 2946 2762 3101 2835; x_wconf 90' lang='lat' dir='ltr'>quod</span> <span class='ocrx_word' id='word_1_408' title='bbox 3156 2762 3441 2819; x_wconf 86' lang='lat' dir='ltr'>Adalbero</span> <span class='ocrx_word' id='word_1_409' title='bbox 3497 2764 3716 2817; x_wconf 86' lang='lat' dir='ltr'>mortuus</span> <span class='ocrx_word' id='word_1_410' title='bbox 3754 2756 3825 2811; x_wconf 80' lang='lat' dir='ltr'>est.</span> 
     </span>
    </p>
   </div>
   <div class='ocr_carea' id='block_1_60' title="bbox 2286 2846 3826 2925">
    <p class='ocr_par' dir='ltr' id='par_1_60' title="bbox 2286 2846 3826 2925">
     <span class='ocr_line' id='line_1_60' title="bbox 2286 2846 3826 2925; baseline -0.003 -24"><span class='ocrx_word' id='word_1_411' title='bbox 2286 2846 2536 2916; x_wconf 89' lang='lat' dir='ltr'>Festina,</span> <span class='ocrx_word' id='word_1_412' title='bbox 2571 2852 2628 2904; x_wconf 89' lang='lat' dir='ltr'>et</span> <span class='ocrx_word' id='word_1_413' title='bbox 2658 2850 2747 2908; x_wconf 86' lang='lat' dir='ltr'>fac</span> <span class='ocrx_word' id='word_1_414' title='bbox 2775 2850 3110 2907; x_wconf 88' lang='lat' dir='ltr'>vehiculum</span> <span class='ocrx_word' id='word_1_415' title='bbox 3156 2852 3487 2925; x_wconf 69' lang='lat' dir='ltr'>prazparari,</span> <span class='ocrx_word' id='word_1_416' title='bbox 3516 2854 3575 2906; x_wconf 91' lang='lat' dir='ltr'>ut</span> <span class='ocrx_word' id='word_1_417' title='bbox 3597 2858 3826 2921; x_wconf 83' lang='lat' dir='ltr'>possumus</span> 
     </span>
    </p>
   </div>
   <div class='ocr_carea' id='block_1_61' title="bbox 2285 2934 3825 3011">
    <p class='ocr_par' dir='ltr' id='par_1_61' title="bbox 2285 2934 3825 3011">
     <span class='ocr_line' id='line_1_61' title="bbox 2285 2934 3825 3011; baseline -0.003 -22"><span class='ocrx_word' id='word_1_418' title='bbox 2285 2934 2453 2992; x_wconf 90' lang='lat' dir='ltr'>illum</span> <span class='ocrx_word' id='word_1_419' title='bbox 2496 2938 2825 3011; x_wconf 86' lang='lat' dir='ltr'>Augustum</span> <span class='ocrx_word' id='word_1_420' title='bbox 2875 2940 3115 2996; x_wconf 89' lang='lat' dir='ltr'>deferre.</span> <span class='ocrx_word' id='word_1_421' title='bbox 3151 2940 3522 2997; x_wconf 86' lang='lat' dir='ltr'>Morabantur</span> <span class='ocrx_word' id='word_1_422' title='bbox 3548 2942 3704 2994; x_wconf 84' lang='lat' dir='ltr'>autem</span> <span class='ocrx_word' id='word_1_423' title='bbox 3734 2938 3825 2988; x_wconf 84' lang='lat' dir='ltr'>tunc</span> 
     </span>
    </p>
   </div>
   <div class='ocr_carea' id='block_1_62' title="bbox 2284 3024 3825 3104">
    <p class='ocr_par' dir='ltr' id='par_1_62' title="bbox 2284 3024 3825 3104">
     <span class='ocr_line' id='line_1_62' title="bbox 2284 3024 3825 3104; baseline 0.001 -25"><span class='ocrx_word' id='word_1_424' title='bbox 2284 3026 2567 3098; x_wconf 91' lang='lat' dir='ltr'>temporis</span> <span class='ocrx_word' id='word_1_425' title='bbox 2596 3026 2656 3083; x_wconf 91' lang='lat' dir='ltr'>in</span> <span class='ocrx_word' id='word_1_426' title='bbox 2687 3028 2947 3098; x_wconf 91' lang='lat' dir='ltr'>castello,</span> <span class='ocrx_word' id='word_1_427' title='bbox 2981 3030 3133 3102; x_wconf 91' lang='lat' dir='ltr'>quod</span> <span class='ocrx_word' id='word_1_428' title='bbox 3181 3028 3412 3104; x_wconf 90' lang='lat' dir='ltr'>Dilinga</span> <span class='ocrx_word' id='word_1_429' title='bbox 3450 3027 3652 3084; x_wconf 89' lang='lat' dir='ltr'>dicitur.</span> <span class='ocrx_word' id='word_1_430' title='bbox 3674 3024 3825 3095; x_wconf 75' lang='lat' dir='ltr'>Corpus</span> 
     </span>
    </p>
   </div>
   <div class='ocr_carea' id='block_1_63' title="bbox 2284 3114 3824 3192">
    <p class='ocr_par' dir='ltr' id='par_1_63' title="bbox 2284 3114 3824 3192">
     <span class='ocr_line' id='line_1_63' title="bbox 2284 3114 3824 3192; baseline 0.008 -24"><span class='ocrx_word' id='word_1_431' title='bbox 2284 3129 2419 3170; x_wconf 89' lang='lat' dir='ltr'>vero</span> <span class='ocrx_word' id='word_1_432' title='bbox 2477 3117 2606 3188; x_wconf 87' lang='lat' dir='ltr'>ejus</span> <span class='ocrx_word' id='word_1_433' title='bbox 2661 3118 2927 3174; x_wconf 86' lang='lat' dir='ltr'>exanime</span> <span class='ocrx_word' id='word_1_434' title='bbox 2967 3136 3000 3173; x_wconf 91' lang='lat' dir='ltr'>a</span> <span class='ocrx_word' id='word_1_435' title='bbox 3028 3123 3232 3176; x_wconf 73' lang='lat' dir='ltr'>sancto</span> <span class='ocrx_word' id='word_1_436' title='bbox 3289 3114 3824 3192; x_wconf 55' lang='lat' dir='ltr'>pontifice,A0809um</span> 
     </span>
    </p>
   </div>
   <div class='ocr_carea' id='block_1_64' title="bbox 527 3189 3822 3282">
    <p class='ocr_par' dir='ltr' id='par_1_64' title="bbox 527 3189 3822 3282">
     <span class='ocr_line' id='line_1_64' title="bbox 527 3189 3822 3282; baseline -0.005 -15"><span class='ocrx_word' id='word_1_437' title='bbox 527 3189 635 3279; x_wconf 70' lang='lat' dir='ltr'>ret,</span> <span class='ocrx_word' id='word_1_438' title='bbox 669 3189 984 3282; x_wconf 73' lang='lat' dir='ltr'>quemdam</span> <span class='ocrx_word' id='word_1_439' title='bbox 1027 3222 1364 3281; x_wconf 88' lang='lat' dir='ltr'>pauperem,</span> <span class='ocrx_word' id='word_1_440' title='bbox 1399 3203 1633 3260; x_wconf 91' lang='lat' dir='ltr'>nomine</span> <span class='ocrx_word' id='word_1_441' title='bbox 1683 3203 2048 3270; x_wconf 80' lang='lat' dir='ltr'>Rotbertum,</span> <span class='ocrx_word' id='word_1_442' title='bbox 2079 3201 2176 3256; x_wconf 88' lang='lat' dir='ltr'>ob-</span> <span class='ocrx_word' id='word_1_443' title='bbox 2205 3189 2249 3258; x_wconf 83' lang='lat' dir='ltr'><strong><em>C</em></strong></span> <span class='ocrx_word' id='word_1_444' title='bbox 2287 3202 2597 3275; x_wconf 91' lang='lat' dir='ltr'>perlatum,</span> <span class='ocrx_word' id='word_1_445' title='bbox 2630 3204 2689 3261; x_wconf 92' lang='lat' dir='ltr'>in</span> <span class='ocrx_word' id='word_1_446' title='bbox 2721 3206 2967 3263; x_wconf 87' lang='lat' dir='ltr'>ecclesia</span> <span class='ocrx_word' id='word_1_447' title='bbox 2997 3212 3217 3267; x_wconf 66' lang='lat' dir='ltr'>sanctae</span> <span class='ocrx_word' id='word_1_448' title='bbox 3247 3189 3436 3264; x_wconf 65' lang='lat' dir='ltr'>Mariae</span> <span class='ocrx_word' id='word_1_449' title='bbox 3480 3211 3559 3262; x_wconf 91' lang='lat' dir='ltr'>est</span> <span class='ocrx_word' id='word_1_450' title='bbox 3582 3203 3822 3260; x_wconf 82' lang='lat' dir='ltr'>humatum.</span> 
     </span>
    </p>
   </div>
   <div class='ocr_carea' id='block_1_65' title="bbox 525 3291 2173 3369">
    <p class='ocr_par' dir='ltr' id='par_1_65' title="bbox 525 3291 2173 3369">
     <span class='ocr_line' id='line_1_65' title="bbox 525 3291 2173 3369; baseline -0.007 -12"><span class='ocrx_word' id='word_1_451' title='bbox 525 3300 686 3358; x_wconf 89' lang='lat' dir='ltr'>vium</span> <span class='ocrx_word' id='word_1_452' title='bbox 715 3299 943 3366; x_wconf 91' lang='lat' dir='ltr'>habuit,</span> <span class='ocrx_word' id='word_1_453' title='bbox 976 3296 1077 3369; x_wconf 90' lang='lat' dir='ltr'>qui</span> <span class='ocrx_word' id='word_1_454' title='bbox 1126 3294 1345 3351; x_wconf 90' lang='lat' dir='ltr'>ventris</span> <span class='ocrx_word' id='word_1_455' title='bbox 1392 3293 1483 3350; x_wconf 90' lang='lat' dir='ltr'>sui</span> <span class='ocrx_word' id='word_1_456' title='bbox 1530 3292 1811 3349; x_wconf 91' lang='lat' dir='ltr'>interiora</span> <span class='ocrx_word' id='word_1_457' title='bbox 1858 3291 2001 3348; x_wconf 87' lang='lat' dir='ltr'>foris</span> <span class='ocrx_word' id='word_1_458' title='bbox 2042 3306 2173 3364; x_wconf 90' lang='lat' dir='ltr'>pro-</span> 
     </span>
    </p>
   </div>
   <div class='ocr_carea' id='block_1_66' title="bbox 522 3378 2175 3461">
    <p class='ocr_par' dir='ltr' id='par_1_66' title="bbox 522 3378 2175 3461">
     <span class='ocr_line' id='line_1_66' title="bbox 522 3378 2175 3461; baseline -0.007 -16"><span class='ocrx_word' id='word_1_459' title='bbox 522 3389 716 3461; x_wconf 85' lang='lat' dir='ltr'>lapsa,</span> <span class='ocrx_word' id='word_1_460' title='bbox 747 3387 809 3444; x_wconf 90' lang='lat' dir='ltr'>in</span> <span class='ocrx_word' id='word_1_461' title='bbox 842 3387 977 3443; x_wconf 91' lang='lat' dir='ltr'>sinu</span> <span class='ocrx_word' id='word_1_462' title='bbox 1006 3384 1276 3458; x_wconf 86' lang='lat' dir='ltr'>gestavit.</span> <span class='ocrx_word' id='word_1_463' title='bbox 1309 3384 1491 3448; x_wconf 88' lang='lat' dir='ltr'>Quem</span> <span class='ocrx_word' id='word_1_464' title='bbox 1521 3385 1586 3438; x_wconf 89' lang='lat' dir='ltr'>ut</span> <span class='ocrx_word' id='word_1_465' title='bbox 1608 3380 1931 3455; x_wconf 82' lang='lat' dir='ltr'>conspexit,</span> <span class='ocrx_word' id='word_1_466' title='bbox 1950 3378 2175 3436; x_wconf 89' lang='lat' dir='ltr'>miseri-</span> 
     </span>
    </p>
   </div>
   <div class='ocr_carea' id='block_1_67' title="bbox 527 3468 2171 3547">
    <p class='ocr_par' dir='ltr' id='par_1_67' title="bbox 527 3468 2171 3547">
     <span class='ocr_line' id='line_1_67' title="bbox 527 3468 2171 3547; baseline -0.007 -14"><span class='ocrx_word' id='word_1_467' title='bbox 527 3476 727 3534; x_wconf 90' lang='lat' dir='ltr'>cordia</span> <span class='ocrx_word' id='word_1_468' title='bbox 757 3480 975 3547; x_wconf 90' lang='lat' dir='ltr'>motus,</span> <span class='ocrx_word' id='word_1_469' title='bbox 1007 3474 1059 3530; x_wconf 92' lang='lat' dir='ltr'>ei</span> <span class='ocrx_word' id='word_1_470' title='bbox 1088 3471 1394 3529; x_wconf 90' lang='lat' dir='ltr'>denarium</span> <span class='ocrx_word' id='word_1_471' title='bbox 1427 3469 1552 3526; x_wconf 89' lang='lat' dir='ltr'>dari</span> <span class='ocrx_word' id='word_1_472' title='bbox 1587 3470 1790 3542; x_wconf 87' lang='lat' dir='ltr'>jussit,</span> <span class='ocrx_word' id='word_1_473' title='bbox 1826 3470 2026 3526; x_wconf 83' lang='lat' dir='ltr'>dicens</span> <span class='ocrx_word' id='word_1_474' title='bbox 2059 3485 2071 3524; x_wconf 94' lang='lat'>:</span> <span class='ocrx_word' id='word_1_475' title='bbox 2107 3468 2171 3523; x_wconf 93' lang='lat' dir='ltr'>In</span> 
     </span>
    </p>
   </div>
   <div class='ocr_carea' id='block_1_68' title="bbox 526 3558 2173 3633">
    <p class='ocr_par' dir='ltr' id='par_1_68' title="bbox 526 3558 2173 3633">
     <span class='ocr_line' id='line_1_68' title="bbox 526 3558 2173 3633; baseline -0.007 -10"><span class='ocrx_word' id='word_1_476' title='bbox 526 3565 764 3623; x_wconf 87' lang='lat' dir='ltr'>nomine</span> <span class='ocrx_word' id='word_1_477' title='bbox 810 3563 1045 3620; x_wconf 90' lang='lat' dir='ltr'>Domini</span> <span class='ocrx_word' id='word_1_478' title='bbox 1092 3561 1308 3633; x_wconf 90' lang='lat' dir='ltr'>accipe,</span> <span class='ocrx_word' id='word_1_479' title='bbox 1342 3564 1399 3615; x_wconf 88' lang='lat' dir='ltr'>et</span> <span class='ocrx_word' id='word_1_480' title='bbox 1428 3560 1573 3615; x_wconf 87' lang='lat' dir='ltr'>vade</span> <span class='ocrx_word' id='word_1_481' title='bbox 1610 3559 1669 3615; x_wconf 91' lang='lat' dir='ltr'>in</span> <span class='ocrx_word' id='word_1_482' title='bbox 1701 3575 1861 3631; x_wconf 90' lang='lat' dir='ltr'>pace.</span> <span class='ocrx_word' id='word_1_483' title='bbox 1898 3558 2005 3625; x_wconf 91' lang='lat' dir='ltr'>Qui</span> <span class='ocrx_word' id='word_1_484' title='bbox 2038 3574 2173 3614; x_wconf 82' lang='lat' dir='ltr'>mox</span> 
     </span>
    </p>
   </div>
   <div class='ocr_carea' id='block_1_69' title="bbox 521 3646 2171 3727">
    <p class='ocr_par' dir='ltr' id='par_1_69' title="bbox 521 3646 2171 3727">
     <span class='ocr_line' id='line_1_69' title="bbox 521 3646 2171 3727; baseline -0.005 -17"><span class='ocrx_word' id='word_1_485' title='bbox 521 3653 951 3727; x_wconf 75' lang='lat' dir='ltr'>elcemosynam</span> <span class='ocrx_word' id='word_1_486' title='bbox 990 3648 1302 3723; x_wconf 87' lang='lat' dir='ltr'>accipiens,</span> <span class='ocrx_word' id='word_1_487' title='bbox 1338 3647 1589 3721; x_wconf 80' lang='lat' dir='ltr'>perrexit</span> <span class='ocrx_word' id='word_1_488' title='bbox 1635 3664 1701 3703; x_wconf 92' lang='lat' dir='ltr'>ac</span> <span class='ocrx_word' id='word_1_489' title='bbox 1760 3646 2052 3703; x_wconf 91' lang='lat' dir='ltr'>meliorari</span> <span class='ocrx_word' id='word_1_490' title='bbox 2110 3647 2171 3701; x_wconf 89' lang='lat' dir='ltr'>in</span> 
     </span>
    </p>
   </div>
   <div class='ocr_carea' id='block_1_70' title="bbox 517 3734 2169 3814">
    <p class='ocr_par' dir='ltr' id='par_1_70' title="bbox 517 3734 2169 3814">
     <span class='ocr_line' id='line_1_70' title="bbox 517 3734 2169 3814; baseline -0.005 -15"><span class='ocrx_word' id='word_1_491' title='bbox 517 3744 749 3799; x_wconf 90' lang='lat' dir='ltr'>tantum</span> <span class='ocrx_word' id='word_1_492' title='bbox 783 3741 975 3814; x_wconf 60' lang='lat' dir='ltr'>coepit,</span> <span class='ocrx_word' id='word_1_493' title='bbox 1008 3743 1072 3795; x_wconf 89' lang='lat' dir='ltr'>ut</span> <span class='ocrx_word' id='word_1_494' title='bbox 1104 3742 1238 3812; x_wconf 87' lang='lat' dir='ltr'>post</span> <span class='ocrx_word' id='word_1_495' title='bbox 1282 3736 1517 3810; x_wconf 89' lang='lat' dir='ltr'>aliquod</span> <span class='ocrx_word' id='word_1_496' title='bbox 1574 3734 1856 3809; x_wconf 89' lang='lat' dir='ltr'>temporis</span> <span class='ocrx_word' id='word_1_497' title='bbox 1915 3736 2169 3808; x_wconf 90' lang='lat' dir='ltr'>spatium</span> 
     </span>
    </p>
   </div>
   <div class='ocr_carea' id='block_1_71' title="bbox 521 3825 2173 3905">
    <p class='ocr_par' dir='ltr' id='par_1_71' title="bbox 521 3825 2173 3905">
     <span class='ocr_line' id='line_1_71' title="bbox 521 3825 2173 3905; baseline -0.006 -16"><span class='ocrx_word' id='word_1_498' title='bbox 521 3831 792 3905; x_wconf 85' lang='lat' dir='ltr'>sospitati</span> <span class='ocrx_word' id='word_1_499' title='bbox 819 3830 1163 3888; x_wconf 88' lang='lat' dir='ltr'>redderetur</span> <span class='ocrx_word' id='word_1_500' title='bbox 1191 3828 1261 3883; x_wconf 91' lang='lat' dir='ltr'>ad</span> <span class='ocrx_word' id='word_1_501' title='bbox 1292 3827 1606 3900; x_wconf 89' lang='lat' dir='ltr'>integrum.</span> <span class='ocrx_word' id='word_1_502' title='bbox 1642 3826 1797 3881; x_wconf 86' lang='lat' dir='ltr'>Idem</span> <span class='ocrx_word' id='word_1_503' title='bbox 1832 3825 2007 3881; x_wconf 91' lang='lat' dir='ltr'>etiam</span> <span class='ocrx_word' id='word_1_504' title='bbox 2038 3828 2173 3896; x_wconf 90' lang='lat' dir='ltr'>post</span> 
     </span>
    </p>
   </div>
   <div class='ocr_carea' id='block_1_72' title="bbox 522 3912 2171 3989">
    <p class='ocr_par' dir='ltr' id='par_1_72' title="bbox 522 3912 2171 3989">
     <span class='ocr_line' id='line_1_72' title="bbox 522 3912 2171 3989; baseline -0.008 -9"><span class='ocrx_word' id='word_1_505' title='bbox 522 3925 770 3980; x_wconf 89' lang='lat' dir='ltr'>mortem</span> <span class='ocrx_word' id='word_1_506' title='bbox 795 3919 899 3976; x_wconf 92' lang='lat' dir='ltr'>viri</span> <span class='ocrx_word' id='word_1_507' title='bbox 923 3918 1046 3985; x_wconf 88' lang='lat' dir='ltr'>Dei,</span> <span class='ocrx_word' id='word_1_508' title='bbox 1066 3917 1196 3974; x_wconf 90' lang='lat' dir='ltr'>aliis</span> <span class='ocrx_word' id='word_1_509' title='bbox 1218 3917 1430 3974; x_wconf 90' lang='lat' dir='ltr'>iterum</span> <span class='ocrx_word' id='word_1_510' title='bbox 1464 3918 1900 3989; x_wconf 68' lang='lat' dir='ltr'>prmoccupatus</span> <span class='ocrx_word' id='word_1_511' title='bbox 1922 3912 2171 3969; x_wconf 84' lang='lat' dir='ltr'>inﬁrmi-</span> 
     </span>
    </p>
   </div>
   <div class='ocr_carea' id='block_1_73' title="bbox 523 4001 2168 4081">
    <p class='ocr_par' dir='ltr' id='par_1_73' title="bbox 523 4001 2168 4081">
     <span class='ocr_line' id='line_1_73' title="bbox 523 4001 2168 4081; baseline -0.007 -12"><span class='ocrx_word' id='word_1_512' title='bbox 523 4011 767 4079; x_wconf 85' lang='lat' dir='ltr'>tatibus,</span> <span class='ocrx_word' id='word_1_513' title='bbox 794 4010 868 4066; x_wconf 91' lang='lat' dir='ltr'>ad</span> <span class='ocrx_word' id='word_1_514' title='bbox 898 4006 1230 4081; x_wconf 90' lang='lat' dir='ltr'>sepulcrum</span> <span class='ocrx_word' id='word_1_515' title='bbox 1262 4006 1388 4077; x_wconf 87' lang='lat' dir='ltr'>ejus</span> <span class='ocrx_word' id='word_1_516' title='bbox 1418 4007 1677 4074; x_wconf 89' lang='lat' dir='ltr'>veniens,</span> <span class='ocrx_word' id='word_1_517' title='bbox 1703 4004 1898 4060; x_wconf 89' lang='lat' dir='ltr'>sanari</span> <span class='ocrx_word' id='word_1_518' title='bbox 1935 4001 2168 4072; x_wconf 91' lang='lat' dir='ltr'>meruit,</span> 
     </span>
    </p>
   </div>
   <div class='ocr_carea' id='block_1_74' title="bbox 523 4092 2173 4168">
    <p class='ocr_par' dir='ltr' id='par_1_74' title="bbox 523 4092 2173 4168">
     <span class='ocr_line' id='line_1_74' title="bbox 523 4092 2173 4168; baseline -0.007 -9"><span class='ocrx_word' id='word_1_519' title='bbox 523 4100 873 4159; x_wconf 89' lang='lat' dir='ltr'>sicutlector</span> <span class='ocrx_word' id='word_1_520' title='bbox 902 4098 1027 4155; x_wconf 89' lang='lat' dir='ltr'>suis</span> <span class='ocrx_word' id='word_1_521' title='bbox 1055 4096 1198 4154; x_wconf 91' lang='lat' dir='ltr'>locis</span> <span class='ocrx_word' id='word_1_522' title='bbox 1227 4093 1457 4168; x_wconf 90' lang='lat' dir='ltr'>plenius</span> <span class='ocrx_word' id='word_1_523' title='bbox 1487 4094 1771 4167; x_wconf 91' lang='lat' dir='ltr'>scriptum</span> <span class='ocrx_word' id='word_1_524' title='bbox 1802 4092 2059 4149; x_wconf 82' lang='lat' dir='ltr'>invenire</span> <span class='ocrx_word' id='word_1_525' title='bbox 2077 4106 2173 4165; x_wconf 94' lang='lat' dir='ltr'>po-</span> 
     </span>
    </p>
   </div>
   <div class='ocr_carea' id='block_1_75' title="bbox 522 4190 678 4248">
    <p class='ocr_par' dir='ltr' id='par_1_75' title="bbox 522 4190 678 4248">
     <span class='ocr_line' id='line_1_75' title="bbox 522 4190 678 4248; baseline -0.013 0"><span class='ocrx_word' id='word_1_526' title='bbox 522 4190 678 4248; x_wconf 86' lang='lat' dir='ltr'>terit.</span> 
     </span>
    </p>
   </div>
   <div class='ocr_carea' id='block_1_76' title="bbox 593 4269 2170 4349">
    <p class='ocr_par' dir='ltr' id='par_1_76' title="bbox 593 4269 2170 4349">
     <span class='ocr_line' id='line_1_76' title="bbox 593 4269 2170 4349; baseline -0.006 -13"><span class='ocrx_word' id='word_1_527' title='bbox 593 4280 728 4336; x_wconf 80' lang='lat' dir='ltr'>CAP.</span> <span class='ocrx_word' id='word_1_528' title='bbox 759 4274 871 4334; x_wconf 86' lang='lat' dir='ltr'>XX.</span> <span class='ocrx_word' id='word_1_529' title='bbox 904 4308 973 4320; x_wconf 86' lang='lat'>-—-</span> <span class='ocrx_word' id='word_1_530' title='bbox 1002 4274 1186 4349; x_wconf 89' lang='lat' dir='ltr'>Igitur</span> <span class='ocrx_word' id='word_1_531' title='bbox 1216 4275 1455 4330; x_wconf 90' lang='lat' dir='ltr'>sanctus</span> <span class='ocrx_word' id='word_1_532' title='bbox 1486 4272 1607 4340; x_wconf 92' lang='lat' dir='ltr'>Dei,</span> <span class='ocrx_word' id='word_1_533' title='bbox 1631 4269 2170 4328; x_wconf 77' lang='lat' dir='ltr'>ccelesti&#39;desiderio</span> 
     </span>
    </p>
   </div>
   <div class='ocr_carea' id='block_1_77' title="bbox 521 4360 2167 4438">
    <p class='ocr_par' dir='ltr' id='par_1_77' title="bbox 521 4360 2167 4438">
     <span class='ocr_line' id='line_1_77' title="bbox 521 4360 2167 4438; baseline -0.007 -12"><span class='ocrx_word' id='word_1_534' title='bbox 521 4367 776 4435; x_wconf 85' lang='lat' dir='ltr'>afﬂatus,</span> <span class='ocrx_word' id='word_1_535' title='bbox 808 4365 983 4438; x_wconf 75' lang='lat' dir='ltr'>cmpit</span> <span class='ocrx_word' id='word_1_536' title='bbox 1011 4382 1079 4420; x_wconf 88' lang='lat' dir='ltr'>ea</span> <span class='ocrx_word' id='word_1_537' title='bbox 1108 4380 1236 4436; x_wconf 74' lang='lat' dir='ltr'>quae</span> <span class='ocrx_word' id='word_1_538' title='bbox 1267 4367 1407 4420; x_wconf 89' lang='lat' dir='ltr'>sunt</span> <span class='ocrx_word' id='word_1_539' title='bbox 1434 4361 1613 4434; x_wconf 87' lang='lat' dir='ltr'>hujus</span> <span class='ocrx_word' id='word_1_540' title='bbox 1648 4360 1851 4416; x_wconf 91' lang='lat' dir='ltr'>mundi</span> <span class='ocrx_word' id='word_1_541' title='bbox 1884 4360 2167 4426; x_wconf 81' lang='lat' dir='ltr'>fastidire,</span> 
     </span>
    </p>
   </div>
   <div class='ocr_carea' id='block_1_78' title="bbox 517 4442 2165 4523">
    <p class='ocr_par' dir='ltr' id='par_1_78' title="bbox 517 4442 2165 4523">
     <span class='ocr_line' id='line_1_78' title="bbox 517 4442 2165 4523; baseline -0.005 -8"><span class='ocrx_word' id='word_1_542' title='bbox 517 4462 884 4516; x_wconf 83' lang='lat' dir='ltr'>terrenarum</span> <span class='ocrx_word' id='word_1_543' title='bbox 910 4471 1105 4512; x_wconf 89' lang='lat' dir='ltr'>rerum</span> <span class='ocrx_word' id='word_1_544' title='bbox 1127 4442 1292 4509; x_wconf 81' lang='lat' dir='ltr'>lucra</span> <span class='ocrx_word' id='word_1_545' title='bbox 1314 4451 1531 4509; x_wconf 87' lang='lat' dir='ltr'>Christi</span> <span class='ocrx_word' id='word_1_546' title='bbox 1563 4452 1745 4508; x_wconf 89' lang='lat' dir='ltr'>amori</span> <span class='ocrx_word' id='word_1_547' title='bbox 1769 4454 2119 4523; x_wconf 90' lang='lat' dir='ltr'>postponere</span> <span class='ocrx_word' id='word_1_548' title='bbox 2151 4468 2165 4507; x_wconf 91' lang='lat'><strong>:</strong></span> 
     </span>
    </p>
   </div>
   <div class='ocr_carea' id='block_1_79' title="bbox 487 4531 2245 4629">
    <p class='ocr_par' dir='ltr' id='par_1_79' title="bbox 487 4531 2245 4629">
     <span class='ocr_line' id='line_1_79' title="bbox 487 4531 2245 4629; baseline -0.004 -26"><span class='ocrx_word' id='word_1_549' title='bbox 487 4531 595 4613; x_wconf 83' lang='lat' dir='ltr'>et,</span> <span class='ocrx_word' id='word_1_550' title='bbox 651 4544 787 4601; x_wconf 91' lang='lat' dir='ltr'>licet</span> <span class='ocrx_word' id='word_1_551' title='bbox 838 4543 931 4599; x_wconf 91' lang='lat' dir='ltr'>hic</span> <span class='ocrx_word' id='word_1_552' title='bbox 974 4543 1323 4599; x_wconf 88' lang='lat' dir='ltr'>retineretur</span> <span class='ocrx_word' id='word_1_553' title='bbox 1407 4557 1666 4613; x_wconf 87' lang='lat' dir='ltr'>corpore,</span> <span class='ocrx_word' id='word_1_554' title='bbox 1725 4539 1785 4595; x_wconf 91' lang='lat' dir='ltr'>in</span> <span class='ocrx_word' id='word_1_555' title='bbox 1836 4538 2168 4629; x_wconf 63' lang='lat' dir='ltr'>caelestibus</span> <span class='ocrx_word' id='word_1_556' title='bbox 2197 4561 2245 4629; x_wconf 85' lang='lat' dir='ltr'><strong>D</strong></span> 
     </span>
    </p>
   </div>
   <div class='ocr_carea' id='block_1_80' title="bbox 515 4628 2165 4694">
    <p class='ocr_par' dir='ltr' id='par_1_80' title="bbox 515 4628 2165 4694">
     <span class='ocr_line' id='line_1_80' title="bbox 515 4628 2165 4694; baseline -0.005 -1"><span class='ocrx_word' id='word_1_557' title='bbox 515 4639 713 4694; x_wconf 86' lang='lat' dir='ltr'>tamen</span> <span class='ocrx_word' id='word_1_558' title='bbox 747 4631 1199 4691; x_wconf 89' lang='lat' dir='ltr'>conversabatur</span> <span class='ocrx_word' id='word_1_559' title='bbox 1231 4633 1424 4686; x_wconf 91' lang='lat' dir='ltr'>mente</span> <span class='ocrx_word' id='word_1_560' title='bbox 1458 4648 1470 4685; x_wconf 88' lang='lat'>:</span> <span class='ocrx_word' id='word_1_561' title='bbox 1505 4634 1570 4684; x_wconf 89' lang='lat' dir='ltr'>ut</span> <span class='ocrx_word' id='word_1_562' title='bbox 1600 4629 1808 4685; x_wconf 90' lang='lat' dir='ltr'>merito</span> <span class='ocrx_word' id='word_1_563' title='bbox 1838 4628 1897 4684; x_wconf 86' lang='lat' dir='ltr'>in</span> <span class='ocrx_word' id='word_1_564' title='bbox 1930 4628 2165 4685; x_wconf 91' lang='lat' dir='ltr'>illorum</span> 
     </span>
    </p>
   </div>
   <div class='ocr_carea' id='block_1_81' title="bbox 515 4718 2168 4793">
    <p class='ocr_par' dir='ltr' id='par_1_81' title="bbox 515 4718 2168 4793">
     <span class='ocr_line' id='line_1_81' title="bbox 515 4718 2168 4793; baseline -0.005 -10"><span class='ocrx_word' id='word_1_565' title='bbox 515 4730 854 4783; x_wconf 89' lang='lat' dir='ltr'>censeretur</span> <span class='ocrx_word' id='word_1_566' title='bbox 883 4737 1129 4778; x_wconf 89' lang='lat' dir='ltr'>numero</span> <span class='ocrx_word' id='word_1_567' title='bbox 1176 4720 1274 4793; x_wconf 91' lang='lat' dir='ltr'>qui</span> <span class='ocrx_word' id='word_1_568' title='bbox 1325 4718 1514 4775; x_wconf 90' lang='lat' dir='ltr'>dicere</span> <span class='ocrx_word' id='word_1_569' title='bbox 1562 4721 1800 4791; x_wconf 88' lang='lat' dir='ltr'>possent</span> <span class='ocrx_word' id='word_1_570' title='bbox 1848 4735 1982 4773; x_wconf 91' lang='lat' dir='ltr'>cum</span> <span class='ocrx_word' id='word_1_571' title='bbox 2012 4719 2168 4790; x_wconf 86' lang='lat' dir='ltr'>Apo-</span> 
     </span>
    </p>
   </div>
   <div class='ocr_carea' id='block_1_82' title="bbox 514 4807 2165 4890">
    <p class='ocr_par' dir='ltr' id='par_1_82' title="bbox 514 4807 2165 4890">
     <span class='ocr_line' id='line_1_82' title="bbox 514 4807 2165 4890; baseline -0.007 -17"><span class='ocrx_word' id='word_1_572' title='bbox 514 4814 668 4872; x_wconf 91' lang='lat' dir='ltr'>stolo</span> <span class='ocrx_word' id='word_1_573' title='bbox 692 4831 706 4871; x_wconf 86' lang='lat'><strong>:</strong></span> <span class='ocrx_word' id='word_1_574' title='bbox 730 4814 943 4872; x_wconf 87' lang='lat' dir='ltr'>Nostra</span> <span class='ocrx_word' id='word_1_575' title='bbox 973 4809 1333 4890; x_wconf 77' lang='lat' dir='ltr'>conversatio</span> <span class='ocrx_word' id='word_1_576' title='bbox 1357 4809 1413 4863; x_wconf 93' lang='lat' dir='ltr'>in</span> <span class='ocrx_word' id='word_1_577' title='bbox 1447 4807 1607 4863; x_wconf 81' lang='lat' dir='ltr'>coctis</span> <span class='ocrx_word' id='word_1_578' title='bbox 1641 4812 1748 4863; x_wconf 88' lang='lat' dir='ltr'>est.</span> <span class='ocrx_word' id='word_1_579' title='bbox 1783 4807 1943 4863; x_wconf 89' lang='lat' dir='ltr'>Unde</span> <span class='ocrx_word' id='word_1_580' title='bbox 1977 4807 2165 4862; x_wconf 91' lang='lat' dir='ltr'>zelum</span> 
     </span>
    </p>
   </div>
   <div class='ocr_carea' id='block_1_83' title="bbox 515 4894 2169 4973">
    <p class='ocr_par' dir='ltr' id='par_1_83' title="bbox 515 4894 2169 4973">
     <span class='ocr_line' id='line_1_83' title="bbox 515 4894 2169 4973; baseline -0.007 -12"><span class='ocrx_word' id='word_1_581' title='bbox 515 4905 617 4961; x_wconf 90' lang='lat' dir='ltr'>Dei</span> <span class='ocrx_word' id='word_1_582' title='bbox 648 4904 894 4973; x_wconf 87' lang='lat' dir='ltr'>habens,</span> <span class='ocrx_word' id='word_1_583' title='bbox 921 4901 1057 4957; x_wconf 91' lang='lat' dir='ltr'>licet</span> <span class='ocrx_word' id='word_1_584' title='bbox 1093 4917 1210 4956; x_wconf 91' lang='lat' dir='ltr'>non</span> <span class='ocrx_word' id='word_1_585' title='bbox 1258 4898 1583 4955; x_wconf 91' lang='lat' dir='ltr'>secundum</span> <span class='ocrx_word' id='word_1_586' title='bbox 1632 4896 1961 4965; x_wconf 90' lang='lat' dir='ltr'>scientiam,</span> <span class='ocrx_word' id='word_1_587' title='bbox 1994 4894 2169 4968; x_wconf 72' lang='lat' dir='ltr'>cmpit</span> 
     </span>
    </p>
   </div>
   <div class='ocr_carea' id='block_1_84' title="bbox 514 4985 2167 5065">
    <p class='ocr_par' dir='ltr' id='par_1_84' title="bbox 514 4985 2167 5065">
     <span class='ocr_line' id='line_1_84' title="bbox 514 4985 2167 5065; baseline -0.005 -17"><span class='ocrx_word' id='word_1_588' title='bbox 514 4994 669 5065; x_wconf 91' lang='lat' dir='ltr'>apud</span> <span class='ocrx_word' id='word_1_589' title='bbox 697 4999 958 5048; x_wconf 85' lang='lat' dir='ltr'>terrenas</span> <span class='ocrx_word' id='word_1_590' title='bbox 989 4993 1308 5063; x_wconf 89' lang='lat' dir='ltr'>potestates</span> <span class='ocrx_word' id='word_1_591' title='bbox 1328 4987 1469 5043; x_wconf 91' lang='lat' dir='ltr'>totis</span> <span class='ocrx_word' id='word_1_592' title='bbox 1490 4985 1712 5041; x_wconf 89' lang='lat' dir='ltr'>viribus</span> <span class='ocrx_word' id='word_1_593' title='bbox 1734 5002 1925 5059; x_wconf 92' lang='lat' dir='ltr'>agere,</span> <span class='ocrx_word' id='word_1_594' title='bbox 1950 4989 2015 5040; x_wconf 92' lang='lat' dir='ltr'>ut</span> <span class='ocrx_word' id='word_1_595' title='bbox 2036 4985 2167 5058; x_wconf 57' lang='lat' dir='ltr'>qui.</span> 
     </span>
    </p>
   </div>
   <div class='ocr_carea' id='block_1_85' title="bbox 515 5074 2165 5146">
    <p class='ocr_par' dir='ltr' id='par_1_85' title="bbox 515 5074 2165 5146">
     <span class='ocr_line' id='line_1_85' title="bbox 515 5074 2165 5146; baseline -0.003 -12"><span class='ocrx_word' id='word_1_596' title='bbox 515 5078 652 5135; x_wconf 90' lang='lat' dir='ltr'>dam</span> <span class='ocrx_word' id='word_1_597' title='bbox 682 5080 929 5137; x_wconf 92' lang='lat' dir='ltr'>clericus</span> <span class='ocrx_word' id='word_1_598' title='bbox 958 5079 1243 5136; x_wconf 81' lang='lat' dir='ltr'>Adalbero</span> <span class='ocrx_word' id='word_1_599' title='bbox 1294 5076 1549 5142; x_wconf 88' lang='lat' dir='ltr'>nomine,</span> <span class='ocrx_word' id='word_1_600' title='bbox 1584 5093 1703 5131; x_wconf 70' lang='lat' dir='ltr'>sua:</span> <span class='ocrx_word' id='word_1_601' title='bbox 1738 5074 1955 5131; x_wconf 89' lang='lat' dir='ltr'>sororis</span> <span class='ocrx_word' id='word_1_602' title='bbox 1987 5074 2165 5146; x_wconf 78' lang='lat' dir='ltr'>filius,</span> 
     </span>
    </p>
   </div>
   <div class='ocr_carea' id='block_1_86' title="bbox 513 5164 2161 5240">
    <p class='ocr_par' dir='ltr' id='par_1_86' title="bbox 513 5164 2161 5240">
     <span class='ocr_line' id='line_1_86' title="bbox 513 5164 2161 5240; baseline -0.001 -19"><span class='ocrx_word' id='word_1_603' title='bbox 513 5168 693 5223; x_wconf 89' lang='lat' dir='ltr'>totius</span> <span class='ocrx_word' id='word_1_604' title='bbox 741 5168 1108 5240; x_wconf 85' lang='lat' dir='ltr'>episcopatus</span> <span class='ocrx_word' id='word_1_605' title='bbox 1157 5184 1360 5223; x_wconf 90' lang='lat' dir='ltr'>curam</span> <span class='ocrx_word' id='word_1_606' title='bbox 1410 5165 1777 5237; x_wconf 89' lang='lat' dir='ltr'>susciperet:</span> <span class='ocrx_word' id='word_1_607' title='bbox 1810 5164 1935 5236; x_wconf 90' lang='lat' dir='ltr'>ipse</span> <span class='ocrx_word' id='word_1_608' title='bbox 1965 5168 2161 5220; x_wconf 88' lang='lat' dir='ltr'>autem</span> 
     </span>
    </p>
   </div>
   <div class='ocr_carea' id='block_1_87' title="bbox 512 5252 2159 5331">
    <p class='ocr_par' dir='ltr' id='par_1_87' title="bbox 512 5252 2159 5331">
     <span class='ocr_line' id='line_1_87' title="bbox 512 5252 2159 5331; baseline -0.002 -19"><span class='ocrx_word' id='word_1_609' title='bbox 512 5255 625 5312; x_wconf 87' lang='lat' dir='ltr'>sub</span> <span class='ocrx_word' id='word_1_610' title='bbox 653 5257 1005 5312; x_wconf 82' lang='lat' dir='ltr'>monachicae</span> <span class='ocrx_word' id='word_1_611' title='bbox 1036 5256 1339 5331; x_wconf 88' lang='lat' dir='ltr'>religionis</span> <span class='ocrx_word' id='word_1_612' title='bbox 1387 5254 1591 5310; x_wconf 88' lang='lat' dir='ltr'>habitu</span> <span class='ocrx_word' id='word_1_613' title='bbox 1624 5252 1730 5309; x_wconf 92' lang='lat' dir='ltr'>soli</span> <span class='ocrx_word' id='word_1_614' title='bbox 1763 5252 1879 5310; x_wconf 89' lang='lat' dir='ltr'>Deo</span> <span class='ocrx_word' id='word_1_615' title='bbox 1911 5257 2159 5323; x_wconf 89' lang='lat' dir='ltr'>vacaret,</span> 
     </span>
    </p>
   </div>
   <div class='ocr_carea' id='block_1_88' title="bbox 511 5343 2157 5418">
    <p class='ocr_par' dir='ltr' id='par_1_88' title="bbox 511 5343 2157 5418">
     <span class='ocr_line' id='line_1_88' title="bbox 511 5343 2157 5418; baseline -0.002 -17"><span class='ocrx_word' id='word_1_616' title='bbox 511 5344 667 5418; x_wconf 89' lang='lat' dir='ltr'>quod</span> <span class='ocrx_word' id='word_1_617' title='bbox 689 5348 746 5400; x_wconf 91' lang='lat' dir='ltr'>et</span> <span class='ocrx_word' id='word_1_618' title='bbox 775 5344 1125 5417; x_wconf 87' lang='lat' dir='ltr'>impetravit.</span> <span class='ocrx_word' id='word_1_619' title='bbox 1159 5346 1269 5401; x_wconf 90' lang='lat' dir='ltr'>Sed</span> <span class='ocrx_word' id='word_1_620' title='bbox 1305 5344 1399 5401; x_wconf 91' lang='lat' dir='ltr'>ille</span> <span class='ocrx_word' id='word_1_621' title='bbox 1452 5344 1822 5401; x_wconf 91' lang='lat' dir='ltr'>miserandus</span> <span class='ocrx_word' id='word_1_622' title='bbox 1870 5343 2157 5411; x_wconf 88' lang='lat' dir='ltr'>nesciens,</span> 
     </span>
    </p>
   </div>
   <div class='ocr_carea' id='block_1_89' title="bbox 509 5431 2157 5506">
    <p class='ocr_par' dir='ltr' id='par_1_89' title="bbox 509 5431 2157 5506">
     <span class='ocr_line' id='line_1_89' title="bbox 509 5431 2157 5506; baseline -0.002 -16"><span class='ocrx_word' id='word_1_623' title='bbox 509 5438 613 5493; x_wconf 89' lang='lat' dir='ltr'>aut</span> <span class='ocrx_word' id='word_1_624' title='bbox 640 5431 790 5490; x_wconf 90' lang='lat' dir='ltr'>scire</span> <span class='ocrx_word' id='word_1_625' title='bbox 820 5431 1044 5501; x_wconf 91' lang='lat' dir='ltr'>nolens,</span> <span class='ocrx_word' id='word_1_626' title='bbox 1066 5450 1100 5489; x_wconf 90' lang='lat' dir='ltr'>a</span> <span class='ocrx_word' id='word_1_627' title='bbox 1122 5433 1555 5506; x_wconf 87' lang='lat' dir='ltr'>sapientissimo</span> <span class='ocrx_word' id='word_1_628' title='bbox 1578 5432 1888 5495; x_wconf 75' lang='lat' dir='ltr'>Salomone</span> <span class='ocrx_word' id='word_1_629' title='bbox 1905 5432 2157 5488; x_wconf 90' lang='lat' dir='ltr'>dictum:</span> 
     </span>
    </p>
   </div>
   <div class='ocr_carea' id='block_1_90' title="bbox 508 5520 2158 5597">
    <p class='ocr_par' dir='ltr' id='par_1_90' title="bbox 508 5520 2158 5597">
     <span class='ocr_line' id='line_1_90' title="bbox 508 5520 2158 5597; baseline -0.003 -15"><span class='ocrx_word' id='word_1_630' title='bbox 508 5520 827 5583; x_wconf 63' lang='lat' dir='ltr'>Hereditas</span> <span class='ocrx_word' id='word_1_631' title='bbox 858 5521 931 5580; x_wconf 89' lang='lat' dir='ltr'>ad</span> <span class='ocrx_word' id='word_1_632' title='bbox 964 5539 1141 5596; x_wconf 89' lang='lat' dir='ltr'>quam</span> <span class='ocrx_word' id='word_1_633' title='bbox 1174 5522 1233 5577; x_wconf 92' lang='lat' dir='ltr'>in</span> <span class='ocrx_word' id='word_1_634' title='bbox 1267 5523 1552 5597; x_wconf 91' lang='lat' dir='ltr'>principio</span> <span class='ocrx_word' id='word_1_635' title='bbox 1598 5522 1927 5590; x_wconf 84' lang='lat' dir='ltr'>festinatur,</span> <span class='ocrx_word' id='word_1_636' title='bbox 1962 5522 2020 5578; x_wconf 91' lang='lat' dir='ltr'>in</span> <span class='ocrx_word' id='word_1_637' title='bbox 2052 5538 2158 5578; x_wconf 88' lang='lat' dir='ltr'>no—</span> 
     </span>
    </p>
   </div>
   <div class='ocr_carea' id='block_1_91' title="bbox 508 5610 2157 5689">
    <p class='ocr_par' dir='ltr' id='par_1_91' title="bbox 508 5610 2157 5689">
     <span class='ocr_line' id='line_1_91' title="bbox 508 5610 2157 5689; baseline -0.004 -13"><span class='ocrx_word' id='word_1_638' title='bbox 508 5613 752 5676; x_wconf 77' lang='lat' dir='ltr'>vissimo</span> <span class='ocrx_word' id='word_1_639' title='bbox 780 5610 1188 5672; x_wconf 87' lang='lat' dir='ltr'>benedictione</span> <span class='ocrx_word' id='word_1_640' title='bbox 1217 5611 1439 5668; x_wconf 86' lang='lat' dir='ltr'>carebit</span> <span class='ocrx_word' id='word_1_641' title='bbox 1465 5628 1477 5668; x_wconf 89' lang='lat'><strong>:</strong></span> <span class='ocrx_word' id='word_1_642' title='bbox 1513 5611 1727 5669; x_wconf 88' lang='lat' dir='ltr'>milites</span> <span class='ocrx_word' id='word_1_643' title='bbox 1759 5612 2036 5689; x_wconf 84' lang='lat' dir='ltr'>episcopi,</span> <span class='ocrx_word' id='word_1_644' title='bbox 2070 5615 2157 5669; x_wconf 91' lang='lat' dir='ltr'>to-</span> 
     </span>
    </p>
   </div>
   <div class='ocr_carea' id='block_1_92' title="bbox 2284 3284 3824 3369">
    <p class='ocr_par' dir='ltr' id='par_1_92' title="bbox 2284 3284 3824 3369">
     <span class='ocr_line' id='line_1_92' title="bbox 2284 3284 3824 3369; baseline 0.009 -23"><span class='ocrx_word' id='word_1_645' title='bbox 2284 3290 2438 3349; x_wconf 89' lang='lat' dir='ltr'>Inter</span> <span class='ocrx_word' id='word_1_646' title='bbox 2492 3297 2698 3351; x_wconf 74' lang='lat' dir='ltr'>caetera</span> <span class='ocrx_word' id='word_1_647' title='bbox 2755 3294 3171 3354; x_wconf 82' lang='lat' dir='ltr'>misericordiae</span> <span class='ocrx_word' id='word_1_648' title='bbox 3228 3298 3401 3367; x_wconf 90' lang='lat' dir='ltr'>bona,</span> <span class='ocrx_word' id='word_1_649' title='bbox 3432 3312 3548 3369; x_wconf 69' lang='lat' dir='ltr'>qum</span> <span class='ocrx_word' id='word_1_650' title='bbox 3582 3308 3666 3367; x_wconf 71' lang='lat' dir='ltr'>pro</span> <span class='ocrx_word' id='word_1_651' title='bbox 3690 3284 3824 3359; x_wconf 72' lang='grc' dir='ltr'><strong>Γθίῖυίθ</strong></span> 
     </span>
    </p>
   </div>
   <div class='ocr_carea' id='block_1_93' title="bbox 2283 3377 3823 3459">
    <p class='ocr_par' dir='ltr' id='par_1_93' title="bbox 2283 3377 3823 3459">
     <span class='ocr_line' id='line_1_93' title="bbox 2283 3377 3823 3459; baseline -0.004 -24"><span class='ocrx_word' id='word_1_652' title='bbox 2283 3379 2489 3437; x_wconf 70' lang='lat' dir='ltr'>anima:</span> <span class='ocrx_word' id='word_1_653' title='bbox 2522 3383 2613 3438; x_wconf 92' lang='lat' dir='ltr'>sui</span> <span class='ocrx_word' id='word_1_654' title='bbox 2644 3384 2871 3457; x_wconf 89' lang='lat' dir='ltr'>nepotis</span> <span class='ocrx_word' id='word_1_655' title='bbox 2902 3385 3133 3459; x_wconf 84' lang='lat' dir='ltr'>agebat,</span> <span class='ocrx_word' id='word_1_656' title='bbox 3165 3385 3345 3443; x_wconf 89' lang='lat' dir='ltr'>etiam</span> <span class='ocrx_word' id='word_1_657' title='bbox 3386 3383 3663 3449; x_wconf 89' lang='lat' dir='ltr'>abbatiam,</span> <span class='ocrx_word' id='word_1_658' title='bbox 3688 3377 3823 3434; x_wconf 76' lang='lat' dir='ltr'>Uttan-</span> 
     </span>
    </p>
   </div>
   <div class='ocr_carea' id='block_1_94' title="bbox 2281 3464 3925 3551">
    <p class='ocr_par' dir='ltr' id='par_1_94' title="bbox 2281 3464 3925 3551">
     <span class='ocr_line' id='line_1_94' title="bbox 2281 3464 3925 3551; baseline -0.003 -28"><span class='ocrx_word' id='word_1_659' title='bbox 2281 3467 2429 3525; x_wconf 91' lang='lat' dir='ltr'>bura</span> <span class='ocrx_word' id='word_1_660' title='bbox 2458 3472 2694 3543; x_wconf 90' lang='lat' dir='ltr'>dictam,</span> <span class='ocrx_word' id='word_1_661' title='bbox 2715 3490 2892 3547; x_wconf 89' lang='lat' dir='ltr'>quam</span> <span class='ocrx_word' id='word_1_662' title='bbox 2924 3473 3041 3543; x_wconf 90' lang='lat' dir='ltr'>ille,</span> <span class='ocrx_word' id='word_1_663' title='bbox 3065 3475 3212 3531; x_wconf 90' lang='lat' dir='ltr'>dum</span> <span class='ocrx_word' id='word_1_664' title='bbox 3243 3475 3472 3541; x_wconf 90' lang='lat' dir='ltr'>viveret,</span> <span class='ocrx_word' id='word_1_665' title='bbox 3489 3472 3541 3528; x_wconf 90' lang='lat' dir='ltr'>in</span> <span class='ocrx_word' id='word_1_666' title='bbox 3568 3464 3820 3525; x_wconf 82' lang='lat' dir='ltr'>beneﬁcium</span> <span class='ocrx_word' id='word_1_667' title='bbox 3924 3548 3925 3551; x_wconf 9' lang='grc' dir='ltr'><strong>η</strong></span> 
     </span>
    </p>
   </div>
   <div class='ocr_carea' id='block_1_95' title="bbox 2280 3561 3819 3658">
    <p class='ocr_par' dir='ltr' id='par_1_95' title="bbox 2280 3561 3819 3658">
     <span class='ocr_line' id='line_1_95' title="bbox 2280 3561 3819 3658; baseline -0.002 -44"><span class='ocrx_word' id='word_1_668' title='bbox 2280 3561 2533 3658; x_wconf 78' lang='lat' dir='ltr'>tenebat,</span> <span class='ocrx_word' id='word_1_669' title='bbox 2565 3561 2677 3619; x_wconf 90' lang='lat' dir='ltr'>sibi</span> <span class='ocrx_word' id='word_1_670' title='bbox 2707 3564 3034 3635; x_wconf 88' lang='lat' dir='ltr'>acquisivit,</span> <span class='ocrx_word' id='word_1_671' title='bbox 3068 3568 3126 3619; x_wconf 91' lang='lat' dir='ltr'>et</span> <span class='ocrx_word' id='word_1_672' title='bbox 3155 3564 3365 3623; x_wconf 90' lang='lat' dir='ltr'>tandiu</span> <span class='ocrx_word' id='word_1_673' title='bbox 3395 3561 3581 3628; x_wconf 87' lang='lat' dir='ltr'>tenuit,</span> <span class='ocrx_word' id='word_1_674' title='bbox 3602 3562 3819 3632; x_wconf 74' lang='lat' dir='ltr'>quousque</span> 
     </span>
    </p>
   </div>
   <div class='ocr_carea' id='block_1_96' title="bbox 2281 3647 3817 3734">
    <p class='ocr_par' dir='ltr' id='par_1_96' title="bbox 2281 3647 3817 3734">
     <span class='ocr_line' id='line_1_96' title="bbox 2281 3647 3817 3734; baseline 0.005 -33"><span class='ocrx_word' id='word_1_675' title='bbox 2281 3647 2471 3721; x_wconf 90' lang='lat' dir='ltr'>ipsius</span> <span class='ocrx_word' id='word_1_676' title='bbox 2501 3652 2697 3707; x_wconf 90' lang='lat' dir='ltr'>studio</span> <span class='ocrx_word' id='word_1_677' title='bbox 2729 3653 2945 3709; x_wconf 91' lang='lat' dir='ltr'>donata</span> <span class='ocrx_word' id='word_1_678' title='bbox 2973 3657 3062 3709; x_wconf 89' lang='lat' dir='ltr'>est</span> <span class='ocrx_word' id='word_1_679' title='bbox 3091 3653 3381 3711; x_wconf 89' lang='lat' dir='ltr'>libertatis</span> <span class='ocrx_word' id='word_1_680' title='bbox 3411 3647 3682 3726; x_wconf 81' lang='lat' dir='ltr'>privilegio.</span> <span class='ocrx_word' id='word_1_681' title='bbox 3797 3726 3817 3734; x_wconf 25' lang='grc' dir='ltr'><em>Α</em></span> 
     </span>
    </p>
   </div>
   <div class='ocr_carea' id='block_1_97' title="bbox 2352 3732 3819 3821">
    <p class='ocr_par' dir='ltr' id='par_1_97' title="bbox 2352 3732 3819 3821">
     <span class='ocr_line' id='line_1_97' title="bbox 2352 3732 3819 3821; baseline -0.003 -27"><span class='ocrx_word' id='word_1_682' title='bbox 2352 3741 2484 3795; x_wconf 82' lang='lat' dir='ltr'>CAP.</span> <span class='ocrx_word' id='word_1_683' title='bbox 2518 3739 2659 3796; x_wconf 87' lang='lat' dir='ltr'>XXI.</span> <span class='ocrx_word' id='word_1_684' title='bbox 2690 3774 2760 3781; x_wconf 86' lang='lat'><strong><em>—</em></strong></span> <span class='ocrx_word' id='word_1_685' title='bbox 2791 3741 2892 3798; x_wconf 93' lang='lat' dir='ltr'>Die</span> <span class='ocrx_word' id='word_1_686' title='bbox 2921 3742 3181 3814; x_wconf 89' lang='lat' dir='ltr'>quadam</span> <span class='ocrx_word' id='word_1_687' title='bbox 3229 3747 3428 3821; x_wconf 86' lang='lat' dir='ltr'>sancto</span> <span class='ocrx_word' id='word_1_688' title='bbox 3476 3739 3559 3796; x_wconf 80' lang='lat' dir='ltr'>Dei</span> <span class='ocrx_word' id='word_1_689' title='bbox 3584 3740 3670 3793; x_wconf 85' lang='lat' dir='ltr'>iter</span> <span class='ocrx_word' id='word_1_690' title='bbox 3689 3732 3819 3821; x_wconf 56' lang='lat' dir='ltr'>agenti</span> 
     </span>
    </p>
   </div>
   <div class='ocr_carea' id='block_1_98' title="bbox 2240 3814 3817 3903">
    <p class='ocr_par' dir='ltr' id='par_1_98' title="bbox 2240 3814 3817 3903">
     <span class='ocr_line' id='line_1_98' title="bbox 2240 3814 3817 3903; baseline -0.01 -20"><span class='ocrx_word' id='word_1_691' title='bbox 2240 3857 2247 3867; x_wconf 86' lang='lat'><strong><em>-</em></strong></span> <span class='ocrx_word' id='word_1_692' title='bbox 2281 3827 2455 3884; x_wconf 89' lang='lat' dir='ltr'>homo</span> <span class='ocrx_word' id='word_1_693' title='bbox 2488 3828 2726 3902; x_wconf 90' lang='lat' dir='ltr'>quidam</span> <span class='ocrx_word' id='word_1_694' title='bbox 2772 3829 2977 3899; x_wconf 89' lang='lat' dir='ltr'>astitit,</span> <span class='ocrx_word' id='word_1_695' title='bbox 3011 3831 3112 3903; x_wconf 90' lang='lat' dir='ltr'>qui</span> <span class='ocrx_word' id='word_1_696' title='bbox 3174 3818 3422 3888; x_wconf 86' lang='lat' dir='ltr'>Conradi</span> <span class='ocrx_word' id='word_1_697' title='bbox 3467 3814 3817 3885; x_wconf 73' lang='lat' dir='ltr'>Constantiensis</span> 
     </span>
    </p>
   </div>
   <div class='ocr_carea' id='block_1_99' title="bbox 2280 3912 3816 3990">
    <p class='ocr_par' dir='ltr' id='par_1_99' title="bbox 2280 3912 3816 3990">
     <span class='ocr_line' id='line_1_99' title="bbox 2280 3912 3816 3990; baseline -0.005 -18"><span class='ocrx_word' id='word_1_698' title='bbox 2280 3917 2534 3990; x_wconf 89' lang='lat' dir='ltr'>episcopi</span> <span class='ocrx_word' id='word_1_699' title='bbox 2568 3918 2794 3974; x_wconf 90' lang='lat' dir='ltr'>obitum</span> <span class='ocrx_word' id='word_1_700' title='bbox 2838 3919 3238 3977; x_wconf 89' lang='lat' dir='ltr'>certissimum</span> <span class='ocrx_word' id='word_1_701' title='bbox 3289 3918 3567 3976; x_wconf 87' lang='lat' dir='ltr'>indicavit.</span> <span class='ocrx_word' id='word_1_702' title='bbox 3596 3912 3689 3970; x_wconf 83' lang='lat' dir='ltr'>Illis</span> <span class='ocrx_word' id='word_1_703' title='bbox 3710 3920 3816 3965; x_wconf 75' lang='lat' dir='ltr'>vero.</span> 
     </span>
    </p>
   </div>
   <div class='ocr_carea' id='block_1_100' title="bbox 2280 3992 3813 4083">
    <p class='ocr_par' dir='ltr' id='par_1_100' title="bbox 2280 3992 3813 4083">
     <span class='ocr_line' id='line_1_100' title="bbox 2280 3992 3813 4083; baseline -0.016 -4"><span class='ocrx_word' id='word_1_704' title='bbox 2280 4007 2380 4078; x_wconf 73' lang='lat' dir='ltr'>‘lui</span> <span class='ocrx_word' id='word_1_705' title='bbox 2409 4007 2670 4076; x_wconf 89' lang='lat' dir='ltr'>aderant,</span> <span class='ocrx_word' id='word_1_706' title='bbox 2700 4009 3073 4081; x_wconf 89' lang='lat' dir='ltr'>sperantibus</span> <span class='ocrx_word' id='word_1_707' title='bbox 3131 4012 3290 4083; x_wconf 90' lang='lat' dir='ltr'>quod</span> <span class='ocrx_word' id='word_1_708' title='bbox 3334 4010 3535 4065; x_wconf 79' lang='lat' dir='ltr'>statim</span> <span class='ocrx_word' id='word_1_709' title='bbox 3578 4019 3659 4079; x_wconf 89' lang='lat' dir='ltr'>pro</span> <span class='ocrx_word' id='word_1_710' title='bbox 3683 3992 3813 4083; x_wconf 44' lang='lat' dir='ltr'>requie</span> 
     </span>
    </p>
   </div>
   <div class='ocr_carea' id='block_1_101' title="bbox 2279 4078 3814 4170">
    <p class='ocr_par' dir='ltr' id='par_1_101' title="bbox 2279 4078 3814 4170">
     <span class='ocr_line' id='line_1_101' title="bbox 2279 4078 3814 4170; baseline -0.004 -20"><span class='ocrx_word' id='word_1_711' title='bbox 2279 4094 2442 4152; x_wconf 92' lang='lat' dir='ltr'>illius</span> <span class='ocrx_word' id='word_1_712' title='bbox 2465 4095 2638 4153; x_wconf 89' lang='lat' dir='ltr'>solita</span> <span class='ocrx_word' id='word_1_713' title='bbox 2665 4078 3072 4170; x_wconf 77' lang='lat' dir='ltr'>exsequiarum</span> <span class='ocrx_word' id='word_1_714' title='bbox 3097 4078 3297 4156; x_wconf 73' lang='lat' dir='ltr'>officia</span> <span class='ocrx_word' id='word_1_715' title='bbox 3323 4098 3487 4155; x_wconf 87' lang='lat' dir='ltr'>vellet</span> <span class='ocrx_word' id='word_1_716' title='bbox 3511 4078 3814 4152; x_wconf 63' lang='lat' dir='ltr'>celebrareiue</span> 
     </span>
    </p>
   </div>
   <div class='ocr_carea' id='block_1_102' title="bbox 2280 4175 3811 4258">
    <p class='ocr_par' dir='ltr' id='par_1_102' title="bbox 2280 4175 3811 4258">
     <span class='ocr_line' id='line_1_102' title="bbox 2280 4175 3811 4258; baseline 0.003 -17"><span class='ocrx_word' id='word_1_717' title='bbox 2280 4202 2383 4258; x_wconf 91' lang='lat' dir='ltr'>per</span> <span class='ocrx_word' id='word_1_718' title='bbox 2412 4190 2703 4242; x_wconf 89' lang='lat' dir='ltr'>secretum</span> <span class='ocrx_word' id='word_1_719' title='bbox 2735 4186 3032 4257; x_wconf 89' lang='lat' dir='ltr'>nuntium,</span> <span class='ocrx_word' id='word_1_720' title='bbox 3064 4187 3180 4243; x_wconf 88' lang='lat' dir='ltr'>sibi</span> <span class='ocrx_word' id='word_1_721' title='bbox 3212 4189 3415 4244; x_wconf 89' lang='lat' dir='ltr'>adesse</span> <span class='ocrx_word' id='word_1_722' title='bbox 3444 4184 3663 4245; x_wconf 65' lang='lat' dir='ltr'>solitum.</span> <span class='ocrx_word' id='word_1_723' title='bbox 3686 4175 3811 4232; x_wconf 59' lang='grc' dir='ltr'>θείω</span> 
     </span>
    </p>
   </div>
   <div class='ocr_carea' id='block_1_103' title="bbox 2281 4258 3810 4348">
    <p class='ocr_par' dir='ltr' id='par_1_103' title="bbox 2281 4258 3810 4348">
     <span class='ocr_line' id='line_1_103' title="bbox 2281 4258 3810 4348; baseline -0.002 -19"><span class='ocrx_word' id='word_1_724' title='bbox 2281 4275 2436 4347; x_wconf 91' lang='lat' dir='ltr'>quod</span> <span class='ocrx_word' id='word_1_725' title='bbox 2469 4292 2537 4330; x_wconf 86' lang='lat' dir='ltr'>ex</span> <span class='ocrx_word' id='word_1_726' title='bbox 2567 4274 2678 4331; x_wconf 92' lang='lat' dir='ltr'>hoc</span> <span class='ocrx_word' id='word_1_727' title='bbox 2707 4280 2861 4331; x_wconf 89' lang='lat' dir='ltr'>esset</span> <span class='ocrx_word' id='word_1_728' title='bbox 2890 4293 3114 4348; x_wconf 90' lang='lat' dir='ltr'>verum,</span> <span class='ocrx_word' id='word_1_729' title='bbox 3146 4278 3232 4333; x_wconf 92' lang='lat' dir='ltr'>ait</span> <span class='ocrx_word' id='word_1_730' title='bbox 3261 4276 3381 4334; x_wconf 90' lang='lat' dir='ltr'>eis:</span> <span class='ocrx_word' id='word_1_731' title='bbox 3415 4275 3615 4332; x_wconf 80' lang='lat' dir='ltr'>Manete</span> <span class='ocrx_word' id='word_1_732' title='bbox 3652 4258 3810 4322; x_wconf 67' lang='lat' dir='ltr'>inierim</span> 
     </span>
    </p>
   </div>
   <div class='ocr_carea' id='block_1_104' title="bbox 2279 4349 3811 4438">
    <p class='ocr_par' dir='ltr' id='par_1_104' title="bbox 2279 4349 3811 4438">
     <span class='ocr_line' id='line_1_104' title="bbox 2279 4349 3811 4438; baseline -0.005 -21"><span class='ocrx_word' id='word_1_733' title='bbox 2279 4362 2745 4435; x_wconf 75' lang='lat' dir='ltr'>animaequiores,</span> <span class='ocrx_word' id='word_1_734' title='bbox 2763 4382 2931 4421; x_wconf 91' lang='lat' dir='ltr'>mane</span> <span class='ocrx_word' id='word_1_735' title='bbox 2960 4366 3332 4438; x_wconf 80' lang='lat' dir='ltr'>comperistis</span> <span class='ocrx_word' id='word_1_736' title='bbox 3359 4363 3492 4438; x_wconf 90' lang='lat' dir='ltr'>quid</span> <span class='ocrx_word' id='word_1_737' title='bbox 3520 4360 3630 4416; x_wconf 90' lang='lat' dir='ltr'>inde</span> <span class='ocrx_word' id='word_1_738' title='bbox 3654 4349 3811 4438; x_wconf 59' lang='lat' dir='ltr'>credete</span> 
     </span>
    </p>
   </div>
   <div class='ocr_carea' id='block_1_105' title="bbox 2279 4433 3810 4527">
    <p class='ocr_par' dir='ltr' id='par_1_105' title="bbox 2279 4433 3810 4527">
     <span class='ocr_line' id='line_1_105' title="bbox 2279 4433 3810 4527; baseline -0.008 -20"><span class='ocrx_word' id='word_1_739' title='bbox 2279 4433 2559 4507; x_wconf 81' lang='lat' dir='ltr'>debeatis.</span> <span class='ocrx_word' id='word_1_740' title='bbox 2592 4452 2859 4509; x_wconf 89' lang='lat' dir='ltr'>Crastina</span> <span class='ocrx_word' id='word_1_741' title='bbox 2888 4453 2980 4509; x_wconf 91' lang='lat' dir='ltr'>die</span> <span class='ocrx_word' id='word_1_742' title='bbox 3017 4433 3279 4510; x_wconf 74' lang='lat' dir='ltr'>diluculo</span> <span class='ocrx_word' id='word_1_743' title='bbox 3312 4433 3535 4527; x_wconf 78' lang='lat' dir='ltr'>quidam</span> <span class='ocrx_word' id='word_1_744' title='bbox 3561 4433 3810 4527; x_wconf 55' lang='lat' dir='ltr'>constanti}</span> 
     </span>
    </p>
   </div>
   <div class='ocr_carea' id='block_1_106' title="bbox 2278 4518 3812 4617">
    <p class='ocr_par' dir='ltr' id='par_1_106' title="bbox 2278 4518 3812 4617">
     <span class='ocr_line' id='line_1_106' title="bbox 2278 4518 3812 4617; baseline -0.004 -24"><span class='ocrx_word' id='word_1_745' title='bbox 2278 4540 2455 4606; x_wconf 89' lang='lat' dir='ltr'>venit,</span> <span class='ocrx_word' id='word_1_746' title='bbox 2492 4541 2591 4613; x_wconf 90' lang='lat' dir='ltr'>qui</span> <span class='ocrx_word' id='word_1_747' title='bbox 2624 4540 2881 4614; x_wconf 77' lang='lat' dir='ltr'>praedicti</span> <span class='ocrx_word' id='word_1_748' title='bbox 2914 4541 3022 4597; x_wconf 90' lang='lat' dir='ltr'>viri</span> <span class='ocrx_word' id='word_1_749' title='bbox 3056 4518 3399 4616; x_wconf 75' lang='lat' dir='ltr'>sospitatem</span> <span class='ocrx_word' id='word_1_750' title='bbox 3447 4518 3812 4617; x_wconf 46' lang='lat' dir='ltr'>annuntian&#39;ii?i</span> 
     </span>
    </p>
   </div>
   <div class='ocr_carea' id='block_1_107' title="bbox 2277 4614 3809 4704">
    <p class='ocr_par' dir='ltr' id='par_1_107' title="bbox 2277 4614 3809 4704">
     <span class='ocr_line' id='line_1_107' title="bbox 2277 4614 3809 4704; baseline -0.007 -19"><span class='ocrx_word' id='word_1_751' title='bbox 2277 4630 2696 4702; x_wconf 89' lang='lat' dir='ltr'>omnipotentis</span> <span class='ocrx_word' id='word_1_752' title='bbox 2714 4629 2815 4685; x_wconf 92' lang='lat' dir='ltr'>Dei</span> <span class='ocrx_word' id='word_1_753' title='bbox 2849 4629 3127 4702; x_wconf 86' lang='lat' dir='ltr'>famulus,</span> <span class='ocrx_word' id='word_1_754' title='bbox 3142 4614 3281 4688; x_wconf 84' lang='lat' dir='ltr'>licet</span> <span class='ocrx_word' id='word_1_755' title='bbox 3296 4636 3515 4704; x_wconf 90' lang='lat' dir='ltr'>tempus</span> <span class='ocrx_word' id='word_1_756' title='bbox 3540 4614 3809 4681; x_wconf 66' lang='lat' dir='ltr'>resolutioni!</span> 
     </span>
    </p>
   </div>
   <div class='ocr_carea' id='block_1_108' title="bbox 2278 4704 3807 4795">
    <p class='ocr_par' dir='ltr' id='par_1_108' title="bbox 2278 4704 3807 4795">
     <span class='ocr_line' id='line_1_108' title="bbox 2278 4704 3807 4795; baseline -0.007 -20"><span class='ocrx_word' id='word_1_757' title='bbox 2278 4737 2395 4774; x_wconf 74' lang='lat' dir='ltr'>suae</span> <span class='ocrx_word' id='word_1_758' title='bbox 2416 4720 2542 4791; x_wconf 88' lang='lat' dir='ltr'>jam</span> <span class='ocrx_word' id='word_1_759' title='bbox 2573 4718 2793 4774; x_wconf 90' lang='lat' dir='ltr'>instare</span> <span class='ocrx_word' id='word_1_760' title='bbox 2821 4736 2937 4776; x_wconf 91' lang='lat' dir='ltr'>non</span> <span class='ocrx_word' id='word_1_761' title='bbox 2968 4718 3286 4794; x_wconf 89' lang='lat' dir='ltr'>ignoraret,</span> <span class='ocrx_word' id='word_1_762' title='bbox 3318 4723 3502 4775; x_wconf 87' lang='lat' dir='ltr'>tamen</span> <span class='ocrx_word' id='word_1_763' title='bbox 3523 4704 3807 4795; x_wconf 66' lang='lat' dir='ltr'>quandiupf&quot;</span> 
     </span>
    </p>
   </div>
   <div class='ocr_carea' id='block_1_109' title="bbox 2276 4792 3805 4882">
    <p class='ocr_par' dir='ltr' id='par_1_109' title="bbox 2276 4792 3805 4882">
     <span class='ocr_line' id='line_1_109' title="bbox 2276 4792 3805 4882; baseline -0.013 -20"><span class='ocrx_word' id='word_1_764' title='bbox 2276 4807 2409 4875; x_wconf 91' lang='lat' dir='ltr'>tuit,</span> <span class='ocrx_word' id='word_1_765' title='bbox 2439 4800 2707 4863; x_wconf 27' lang='lat' dir='ltr'>vehiculo.</span> <span class='ocrx_word' id='word_1_766' title='bbox 2730 4792 3165 4882; x_wconf 80' lang='lat' dir='ltr'>superpositus,</span> <span class='ocrx_word' id='word_1_767' title='bbox 3200 4807 3380 4864; x_wconf 91' lang='lat' dir='ltr'>divini</span> <span class='ocrx_word' id='word_1_768' title='bbox 3407 4803 3548 4863; x_wconf 89' lang='lat' dir='ltr'>verbi</span> <span class='ocrx_word' id='word_1_769' title='bbox 3586 4792 3805 4854; x_wconf 68' lang='lat' dir='ltr'>seminata</span> 
     </span>
    </p>
   </div>
   <div class='ocr_carea' id='block_1_110' title="bbox 2276 4883 3804 4972">
    <p class='ocr_par' dir='ltr' id='par_1_110' title="bbox 2276 4883 3804 4972">
     <span class='ocr_line' id='line_1_110' title="bbox 2276 4883 3804 4972; baseline -0.006 -19"><span class='ocrx_word' id='word_1_770' title='bbox 2276 4897 2641 4953; x_wconf 90' lang='lat' dir='ltr'>audientium</span> <span class='ocrx_word' id='word_1_771' title='bbox 2702 4898 2878 4953; x_wconf 90' lang='lat' dir='ltr'>corda</span> <span class='ocrx_word' id='word_1_772' title='bbox 2934 4914 3208 4972; x_wconf 86' lang='lat' dir='ltr'>spargere</span> <span class='ocrx_word' id='word_1_773' title='bbox 3265 4915 3379 4953; x_wconf 89' lang='lat' dir='ltr'>non</span> <span class='ocrx_word' id='word_1_774' title='bbox 3434 4888 3655 4951; x_wconf 76' lang='lat' dir='ltr'>cessavit.</span> <span class='ocrx_word' id='word_1_775' title='bbox 3684 4883 3804 4972; x_wconf 60' lang='grc' dir='ltr'>Ουξω</span> 
     </span>
    </p>
   </div>
   <div class='ocr_carea' id='block_1_111' title="bbox 2276 4962 3802 5059">
    <p class='ocr_par' dir='ltr' id='par_1_111' title="bbox 2276 4962 3802 5059">
     <span class='ocr_line' id='line_1_111' title="bbox 2276 4962 3802 5059; baseline -0.007 -18"><span class='ocrx_word' id='word_1_776' title='bbox 2276 4986 2576 5059; x_wconf 88' lang='lat' dir='ltr'>equitandi</span> <span class='ocrx_word' id='word_1_777' title='bbox 2602 5003 2800 5054; x_wconf 89' lang='lat' dir='ltr'>usum,</span> <span class='ocrx_word' id='word_1_778' title='bbox 2834 4962 3009 5042; x_wconf 79' lang='lat' dir='ltr'>etiam</span> <span class='ocrx_word' id='word_1_779' title='bbox 3037 4962 3179 5042; x_wconf 68' lang='lat' dir='ltr'>dum</span> <span class='ocrx_word' id='word_1_780' title='bbox 3207 4985 3397 5043; x_wconf 90' lang='lat' dir='ltr'>adhuc</span> <span class='ocrx_word' id='word_1_781' title='bbox 3427 4994 3585 5039; x_wconf 87' lang='lat' dir='ltr'>sanus</span> <span class='ocrx_word' id='word_1_782' title='bbox 3608 4962 3802 5059; x_wconf 41' lang='lat' dir='ltr'>esset}?</span> 
     </span>
    </p>
   </div>
   <div class='ocr_carea' id='block_1_112' title="bbox 2274 5046 3800 5149">
    <p class='ocr_par' dir='ltr' id='par_1_112' title="bbox 2274 5046 3800 5149">
     <span class='ocr_line' id='line_1_112' title="bbox 2274 5046 3800 5149; baseline -0.009 -19"><span class='ocrx_word' id='word_1_783' title='bbox 2274 5046 2467 5143; x_wconf 74' lang='lat' dir='ltr'>bebat,</span> <span class='ocrx_word' id='word_1_784' title='bbox 2525 5079 2589 5131; x_wconf 90' lang='lat' dir='ltr'>ut</span> <span class='ocrx_word' id='word_1_785' title='bbox 2641 5046 2989 5149; x_wconf 81' lang='lat' dir='ltr'>quocunque</span> <span class='ocrx_word' id='word_1_786' title='bbox 3043 5076 3152 5133; x_wconf 92' lang='lat' dir='ltr'>sibi</span> <span class='ocrx_word' id='word_1_787' title='bbox 3203 5075 3455 5132; x_wconf 89' lang='lat' dir='ltr'>eundum</span> <span class='ocrx_word' id='word_1_788' title='bbox 3504 5046 3800 5126; x_wconf 60' lang='lat' dir='ltr'>fuissetseu‘</span> 
     </span>
    </p>
   </div>
   <div class='ocr_carea' id='block_1_113' title="bbox 2272 5148 3797 5238">
    <p class='ocr_par' dir='ltr' id='par_1_113' title="bbox 2272 5148 3797 5238">
     <span class='ocr_line' id='line_1_113' title="bbox 2272 5148 3797 5238; baseline -0.017 -13"><span class='ocrx_word' id='word_1_789' title='bbox 2272 5182 2448 5237; x_wconf 87' lang='lat' dir='ltr'>super</span> <span class='ocrx_word' id='word_1_790' title='bbox 2470 5165 2817 5238; x_wconf 89' lang='lat' dir='ltr'>quadrigam</span> <span class='ocrx_word' id='word_1_791' title='bbox 2851 5164 3042 5238; x_wconf 86' lang='lat' dir='ltr'>posita</span> <span class='ocrx_word' id='word_1_792' title='bbox 3072 5163 3236 5222; x_wconf 91' lang='lat' dir='ltr'>solus</span> <span class='ocrx_word' id='word_1_793' title='bbox 3286 5162 3516 5231; x_wconf 89' lang='lat' dir='ltr'>sederet,</span> <span class='ocrx_word' id='word_1_794' title='bbox 3544 5148 3705 5211; x_wconf 83' lang='lat' dir='ltr'>comite</span> <span class='ocrx_word' id='word_1_795' title='bbox 3724 5149 3797 5238; x_wconf 48' lang='lat' dir='ltr'>1111i)</span> 
     </span>
    </p>
   </div>
   <div class='ocr_carea' id='block_1_114' title="bbox 2271 5227 3798 5327">
    <p class='ocr_par' dir='ltr' id='par_1_114' title="bbox 2271 5227 3798 5327">
     <span class='ocr_line' id='line_1_114' title="bbox 2271 5227 3798 5327; baseline -0.005 -18"><span class='ocrx_word' id='word_1_796' title='bbox 2271 5227 2506 5310; x_wconf 64' lang='lat' dir='ltr'>tantum</span> <span class='ocrx_word' id='word_1_797' title='bbox 2535 5227 2766 5322; x_wconf 61' lang='lat' dir='ltr'>clerico,</span> <span class='ocrx_word' id='word_1_798' title='bbox 2790 5227 2925 5310; x_wconf 46' lang='lat' dir='ltr'>cu.m</span> <span class='ocrx_word' id='word_1_799' title='bbox 2958 5271 3072 5327; x_wconf 90' lang='lat' dir='ltr'>quo</span> <span class='ocrx_word' id='word_1_800' title='bbox 3096 5252 3317 5326; x_wconf 86' lang='lat' dir='ltr'>absque</span> <span class='ocrx_word' id='word_1_801' title='bbox 3348 5227 3798 5327; x_wconf 57' lang='lat' dir='ltr'>impedimenlof‘ﬁo&#39;</span> 
     </span>
    </p>
   </div>
   <div class='ocr_carea' id='block_1_115' title="bbox 2271 5318 3795 5420">
    <p class='ocr_par' dir='ltr' id='par_1_115' title="bbox 2271 5318 3795 5420">
     <span class='ocr_line' id='line_1_115' title="bbox 2271 5318 3795 5420; baseline -0.015 -23"><span class='ocrx_word' id='word_1_802' title='bbox 2271 5360 2423 5411; x_wconf 91' lang='lat' dir='ltr'>rum,</span> <span class='ocrx_word' id='word_1_803' title='bbox 2451 5346 2647 5416; x_wconf 89' lang='lat' dir='ltr'>posset</span> <span class='ocrx_word' id='word_1_804' title='bbox 2697 5342 2939 5399; x_wconf 86' lang='lat' dir='ltr'>liberius</span> <span class='ocrx_word' id='word_1_805' title='bbox 2986 5360 3187 5399; x_wconf 91' lang='lat' dir='ltr'>vacare</span> <span class='ocrx_word' id='word_1_806' title='bbox 3233 5329 3589 5397; x_wconf 84' lang='lat' dir='ltr'>decantationi</span> <span class='ocrx_word' id='word_1_807' title='bbox 3624 5318 3795 5420; x_wconf 48' lang='lat' dir='ltr'>psaltftl&#39;</span> 
     </span>
    </p>
   </div>
   <div class='ocr_carea' id='block_1_116' title="bbox 2270 5405 3798 5506">
    <p class='ocr_par' dir='ltr' id='par_1_116' title="bbox 2270 5405 3798 5506">
     <span class='ocr_line' id='line_1_116' title="bbox 2270 5405 3798 5506; baseline 0 -19"><span class='ocrx_word' id='word_1_808' title='bbox 2270 5405 2422 5487; x_wconf 51' lang='lat' dir='ltr'>rum:</span> <span class='ocrx_word' id='word_1_809' title='bbox 2452 5405 2791 5489; x_wconf 63' lang='lat' dir='ltr'>i‘estinabat</span> <span class='ocrx_word' id='word_1_810' title='bbox 2819 5436 3017 5489; x_wconf 89' lang='lat' dir='ltr'>autem</span> <span class='ocrx_word' id='word_1_811' title='bbox 3042 5430 3389 5506; x_wconf 82' lang='lat' dir='ltr'>quantocius</span> <span class='ocrx_word' id='word_1_812' title='bbox 3412 5422 3642 5496; x_wconf 70' lang='grc' dir='ltr'>Αυευείίε</span> <span class='ocrx_word' id='word_1_813' title='bbox 3665 5405 3798 5506; x_wconf 29' lang='lat' dir='ltr'>diu?</span> 
     </span>
    </p>
   </div>
   <div class='ocr_carea' id='block_1_117' title="bbox 2268 5501 3790 5597">
    <p class='ocr_par' dir='ltr' id='par_1_117' title="bbox 2268 5501 3790 5597">
     <span class='ocr_line' id='line_1_117' title="bbox 2268 5501 3790 5597; baseline -0.016 -18"><span class='ocrx_word' id='word_1_814' title='bbox 2268 5521 2344 5578; x_wconf 88' lang='lat' dir='ltr'>tis</span> <span class='ocrx_word' id='word_1_815' title='bbox 2376 5521 2589 5578; x_wconf 88' lang='lat' dir='ltr'>moenia</span> <span class='ocrx_word' id='word_1_816' title='bbox 2619 5521 2947 5597; x_wconf 89' lang='lat' dir='ltr'>ingredi,ut</span> <span class='ocrx_word' id='word_1_817' title='bbox 2976 5501 3085 5591; x_wconf 62' lang='lat' dir='ltr'>ibi,</span> <span class='ocrx_word' id='word_1_818' title='bbox 3097 5521 3251 5578; x_wconf 87' lang='lat' dir='ltr'>sicut</span> <span class='ocrx_word' id='word_1_819' title='bbox 3278 5520 3457 5575; x_wconf 91' lang='lat' dir='ltr'>bonus</span> <span class='ocrx_word' id='word_1_820' title='bbox 3478 5501 3790 5597; x_wconf 47' lang='lat' dir='ltr'>mercenamjft</span> 
     </span>
    </p>
   </div>
   <div class='ocr_carea' id='block_1_118' title="bbox 2270 5592 3790 5688">
    <p class='ocr_par' dir='ltr' id='par_1_118' title="bbox 2270 5592 3790 5688">
     <span class='ocr_line' id='line_1_118' title="bbox 2270 5592 3790 5688; baseline 0.003 -22"><span class='ocrx_word' id='word_1_821' title='bbox 2270 5592 2712 5688; x_wconf 51' lang='lat' dir='ltr'>praestolaretur</span> <span class='ocrx_word' id='word_1_822' title='bbox 2738 5611 2913 5669; x_wconf 83' lang='lat' dir='ltr'>finem</span> <span class='ocrx_word' id='word_1_823' title='bbox 2946 5609 3416 5687; x_wconf 21' lang='lat' dir='ltr'>operislsui.‘0uo</span> <span class='ocrx_word' id='word_1_824' title='bbox 3443 5615 3554 5681; x_wconf 76' lang='lat' dir='ltr'>cum</span> <span class='ocrx_word' id='word_1_825' title='bbox 3580 5592 3790 5670; x_wconf 51' lang='lat' dir='ltr'>Panem&quot;</span> 
     </span>
    </p>
   </div>
   <div class='ocr_carea' id='block_1_119' title="bbox 3915 3014 3937 4060">
    <p class='ocr_par' dir='ltr' id='par_1_119' title="bbox 3915 3014 3935 4040">
     <span class='ocr_line' id='line_1_119' title="bbox 3934 3014 3935 3067; baseline 0 0"><span class='ocrx_word' id='word_1_826' title='bbox 3934 3014 3935 3067; x_wconf 62' lang='grc' dir='ltr'>ι</span> 
     </span>
     <span class='ocr_line' id='line_1_120' title="bbox 3932 3130 3933 3175; baseline 0 0"><span class='ocrx_word' id='word_1_827' title='bbox 3932 3130 3933 3175; x_wconf 67' lang='lat' dir='ltr'>i</span> 
     </span>
     <span class='ocr_line' id='line_1_121' title="bbox 3924 3554 3925 3607; baseline 0 0"><span class='ocrx_word' id='word_1_828' title='bbox 3924 3554 3925 3607; x_wconf 62' lang='grc' dir='ltr'>ι</span> 
     </span>
     <span class='ocr_line' id='line_1_122' title="bbox 3921 3668 3923 3715; baseline 0 0"><span class='ocrx_word' id='word_1_829' title='bbox 3921 3668 3923 3715; x_wconf 69' lang='lat' dir='ltr'>i</span> 
     </span>
     <span class='ocr_line' id='line_1_123' title="bbox 3919 3750 3921 3823; baseline 0 0"><span class='ocrx_word' id='word_1_830' title='bbox 3919 3750 3921 3823; x_wconf 67' lang='grc'><strong><em>4</em></strong></span> 
     </span>
     <span class='ocr_line' id='line_1_124' title="bbox 3917 3840 3919 3931; baseline 0 0"><span class='ocrx_word' id='word_1_831' title='bbox 3917 3840 3919 3931; x_wconf 67' lang='lat' dir='ltr'>i</span> 
     </span>
     <span class='ocr_line' id='line_1_125' title="bbox 3915 3936 3917 4040; baseline 0 0"><span class='ocrx_word' id='word_1_832' title='bbox 3915 3936 3917 4040; x_wconf 47' lang='grc' dir='ltr'><strong><em>ί</em></strong></span> 
     </span>
    </p>
   </div>
  </div>
