4026 6184
185 299 337 387 {soi

1512 306 1695 372 VITA
1742 306 1806 369 S.
1853 301 2247 370 UDALRICI.

3421 294 3586 369 “09
3616 358 3621 363 .

185 434 559 511 set,quandiu
589 434 740 499 vires
760 436 1311 511 sufﬁciebant,inter
1332 440 1669 516 quotidiana
1695 440 1833 499 mis—
1858 441 1916 513 Α
1941 438 2065 499 viro
2097 436 2488 509 sanctissimo,
2511 438 2668 515 quod
2690 438 2787 497 ille
2810 438 2881 497 de
2897 436 3230 497 Paschasio.
3251 437 3398 496 Nam
3417 437 3587 499 Petro

183 546 383 591 sarum
425 527 733 602 solemnia,
755 528 1071 588 salutarem
1112 531 1365 588 hostiam
1394 531 1641 589 Domino
1671 534 1826 589 exte-

182 618 304 675 rius
336 617 700 689 immolabat,
733 635 799 675 ac
840 620 1101 693 seipsum
1149 606 1411 677 interius,
1439 620 1734 677 victimam
1768 621 1826 675 in

183 724 280 767 ara
309 706 503 763 cordis
535 708 845 764 mactabat.
863 709 946 764 Ad
979 725 1243 767 mensam
1274 725 1409 765 eum
1440 709 1571 765 aliis
1593 710 1822 776 sedens,

180 794 295 871 illis
325 795 818 853 manducantibus
850 800 907 853 et
933 797 1429 870 bibentibus,ipse
1449 799 1594 854 bene
1625 816 1823 856 mane-

181 885 279 943 bat
300 885 565 957 jejunus.
598 886 735 942 Erat
786 884 837 941 ei
890 887 1056 944 cibus
1096 891 1199 943 aut
1241 887 1429 943 dulcis
1462 886 1824 959 psalmorum

181 974 458 1041 suavitas,
483 978 583 1029 aut
615 992 915 1032 sacrarum
948 974 1261 1032 lectionum
1295 976 1613 1032 assiduitas
1634 994 1653 1031 :
1676 975 1827 1031 inter

181 1079 330 1135 quos
362 1062 617 1119 maxime
646 1062 1045 1121 delectabatur
1075 1065 1297 1133 audire,
1324 1082 1393 1121 ex
1421 1069 1627 1137 quarto
1675 1063 1824 1120 libro

177 1150 556 1225 Dialogorum
588 1152 773 1208 sancti
797 1151 1079 1225 Gregorii,
1099 1153 1350 1226 qualiter
1375 1153 1543 1209 multi
1571 1170 1602 1210 e
1632 1170 1827 1226 corpo-

177 1238 343 1296 ribus
388 1240 660 1313 exempti,
693 1239 752 1295 in
801 1240 1013 1313 spiritu
1064 1241 1462 1316 rapiebantur,
1490 1259 1555 1297 ac
1610 1242 1824 1297 iterum

176 1328 634 1386 revertebantur.
671 1328 826 1385 Inter
868 1329 990 1386 haec
1019 1331 1292 1403 praecepit
1338 1348 1578 1387 suarum
1629 1347 1824 1386 rerum

178 1417 676 1493 procuratoribus,
694 1423 759 1475 ut
776 1418 834 1473 in
853 1419 1126 1475 omnibus
1140 1414 1378 1475 omnino
1395 1417 1634 1486 locis,ad
1649 1436 1825 1475 suum

168 1507 274 1580 jus
306 1506 535 1580 proprie
564 1507 1013 1578 pertinentibus,
1029 1525 1387 1581 quaecunque
1419 1508 1677 1564 invenire
1696 1525 1825 1581 pos—

177 1600 332 1663 sent,
366 1594 426 1650 in
458 1599 576 1651 tres
609 1598 904 1669 portiones
934 1596 1381 1669 partirentur,et
1411 1614 1588 1653 unam
1619 1614 1688 1653 ex
1709 1597 1824 1664 his,

176 1685 310 1759 ipso
339 1682 532 1740 adhuc
559 1683 806 1753 vivente,
822 1684 1173 1758 presbyteris
1196 1689 1253 1742 et
1272 1686 1630 1759 pauperibus
1655 1685 1827 1759 largi-

1938 546 2114 603 super
2144 530 2252 589 hoe
2285 530 2669 604 quaestionem
2703 529 2980 598 moventi,
3013 545 3117 584 cur
3158 528 3228 596 is,
3256 526 3363 602 qui
3411 529 3585 584 tanta)

1934 619 2265 677 sanctitatis
2302 620 2795 693 exstiterat,quod
2828 619 2956 690 ejus
2989 617 3182 674 feretri
3222 617 3401 674 vestis
3439 614 3589 673 tanti

1935 708 2143 780 potuit,
2177 712 2234 764 et
2264 708 2559 782 malignus
2590 708 2834 782 spiritus
2865 708 2937 764 ab
2970 708 3208 763 obsesso
3238 705 3477 763 homine
3500 706 3588 761 fu-

1933 797 2079 870 gari,
2113 800 2245 870 post
2275 803 2523 854 mortem
2556 799 2628 852 ad
2661 797 2951 870 poenalem
2982 796 3178 865 locum
3228 795 3441 850 ductus
3486 793 3583 860 sit,

1934 885 2014 942 ita
2042 887 2344 958 respondit
2368 904 2379 941 :
2407 887 2523 943 Hac
2556 887 2614 941 in
2649 904 2707 942 re
2735 903 2948 956 magna
2978 886 3150 942 debet
3169 882 3587 955 omnipotentis

1933 973 2033 1029 Dei
2065 974 2447 1046 dispensatio,
2473 980 2530 1031 et
2558 992 2736 1047 quam
2769 975 2845 1031 sit
2874 972 3199 1047 multiplex,
3215 972 3473 1044 agnosci,
3488 988 3585 1028 cu-

1924 1063 2028 1134 jus
2041 1064 2265 1134 judicio
2287 1070 2483 1120 aetum
2515 1069 2694 1131 est,ut
2722 1063 2877 1119 idem
2900 1063 2989 1119 vir
3010 1061 3357 1120 Paschasius
3378 1064 3435 1119 et
3458 1061 3595 1134 ipse.

1932 1149 2093 1207 intus
2124 1150 2422 1225 aliquanto
2444 1158 2702 1226 tempore
2723 1152 3184 1226 reciperet,quod
3206 1152 3586 1223 peecas.set,et

1931 1242 2129 1296 tamen
2161 1246 2295 1297 ante
2324 1242 2619 1301 humanos.
2638 1243 2838 1299 oculos
2867 1242 3019 1298 mira
3047 1257 3149 1315 per
3169 1256 3383 1315 corpus
3406 1255 3581 1296 suum

1934 1333 2066 1401 post
2097 1333 2344 1386 mortem
2372 1331 2711 1405 faceret,qui
2741 1336 2873 1388 ante
2918 1334 3169 1387 mortem
3215 1329 3301 1386 eis
3347 1344 3582 1403 quoque

1935 1419 2423 1491 cognoscentibus
2475 1419 2571 1492 pia
2619 1438 2795 1493 opera
2827 1419 3099 1477 fecisset:
3134 1421 3198 1475 ut
3228 1434 3335 1474 nee
3362 1417 3445 1485 hi,
3480 1416 3582 1490 qui

1934 1508 2062 1579 ejus
2093 1507 2249 1563 bona
2271 1508 2560 1575 viderant,
2594 1509 2665 1565 de
2690 1508 3193 1581 eleemosynarum
3223 1506 3385 1565 illius
3436 1506 3586 1564 aesti-

1935 1594 2191 1651 matione
2208 1595 2762 1669 fallerentur,neque
2785 1596 2895 1669 ipsi
2917 1596 3043 1653 sine
3058 1595 3276 1653 ultione
3294 1594 3590 1651 laxaretur

1935 1682 2127 1756 culpa,
2155 1700 2329 1755 quam
2365 1701 2469 1741 nec
2513 1684 2638 1758 ipse
2685 1686 2919 1760 culpam
2970 1684 3236 1753 credidit,
3271 1688 3329 1740 et
3370 1682 3586 1739 idcirco

175 1777 403 1873 rentur.
429 1773 559 1872 Ipse
586 1776 790 1881 autpm
816 1773 1069 1881 quadam
1101 1773 1193 1873 die
1239 1791 1302 1830 se
1351 1775 1424 1829 ad
1474 1775 1826 1831 audiendam
1858 1813 1906 1881 Β
1934 1770 2087 1828 hanc
2117 1772 2350 1881 ﬂetibus
2379 1790 2491 1881 pen
2523 1774 2817 1881 exstinxit.
2850 1774 2943 1830 Sic
2991 1774 3292 1847 quondam
3341 1771 3588 1872 duxuille

178 1861 428 1923 missam
478 1861 538 1918 in
588 1859 892 1918 ecclesiam
943 1862 1152 1918 deferri
1191 1863 1392 1935 jussit.
1436 1865 1559 1930 Qua
1608 1863 1827 1932 audita,

174 1966 368 2006 unum
395 1954 584 2022 tapete
610 1966 806 2005 coram
838 1954 1041 2007 saneta
1070 1967 1241 2007 cruce
1268 1952 1448 2007 sterni
1487 1951 1641 2018 fecit,
1673 1968 1830 2009 sese-

176 2055 296 2112 que
350 2055 530 2112 super
573 2038 683 2095 hoe
729 2039 790 2096 in
832 2039 1153 2099 orationem
1185 2040 1366 2111 dedit,
1399 2044 1456 2096 et
1498 2040 1667 2112 quasi
1700 2044 1833 2114 post

173 2126 483 2197 dimidiam
540 2127 746 2184 horam
800 2144 1071 2201 surgens,
1108 2129 1397 2201 quidquid
1453 2128 1831 2201 supellectilis

171 2216 395 2274 habere
429 2216 638 2290 potuit,
653 2233 848 2273 coram
878 2234 941 2273 se
972 2217 1280 2290 importari
1312 2219 1604 2290 praecepit,
1624 2223 1832 2290 praeter

172 2310 520 2380 paraturam
566 2306 744 2362 unius
787 2306 999 2361 domus
1030 2322 1097 2362 ac
1146 2323 1508 2378 mensarum,
1540 2312 1596 2363 et
1644 2324 1831 2363 unum

173 2394 560 2470 opertorium,
594 2412 720 2467 qua:
753 2393 993 2468 reliquit
1021 2395 1092 2451 ad
1127 2395 1217 2450 sui
1251 2396 1609 2452 successoris
1653 2396 1831 2452 servi-

173 2484 354 2539 tium.
370 2482 585 2539 Caatera
612 2500 745 2539 cum
768 2482 1175 2556 perspexisset,
1200 2483 1635 2557 ingemiscendo
1649 2484 1793 2540 dixit
1817 2503 1829 2540 :

174 2572 302 2629 Ab!
335 2571 476 2644 quid
507 2571 651 2627 mihi
684 2571 806 2629 haec
838 2571 1073 2627 omnia?
1104 2572 1360 2628 Fuerunt
1387 2576 1615 2628 tantum
1648 2590 1833 2647 pauca

175 2659 507 2728 camisalia,
541 2663 598 2715 et
628 2664 851 2733 septem
876 2659 961 2715 vel
995 2663 1123 2716 octo
1155 2660 1455 2729 mensalis,
1490 2662 1605 2717 duo
1654 2661 1832 2718 sarci-

174 2748 280 2820 lia,
312 2753 369 2804 et
415 2748 488 2805 de
540 2753 780 2821 argento
825 2750 1026 2805 decem
1059 2749 1231 2806 solidi
1267 2768 1279 2805 :
1315 2767 1464 2822 quos
1494 2752 1695 2806 statim
1734 2768 1836 2824 per

176 2854 399 2894 manus
422 2836 715 2910 praepositi
747 2838 1020 2912 praecepit
1040 2838 1191 2894 inter
1216 2856 1501 2912 pauperes
1526 2839 1834 2907 dividi,eaa-

172 2930 308 2984 tera
331 2942 465 2982 vero
496 2924 721 2985 clericis
751 2926 997 2999 erogari,
1025 2927 1226 2999 sicque
1253 2927 1563 3000 vigilanter
1611 2928 1837 2983 studuit

175 3032 237 3074 se
274 3015 351 3073 ad
380 3015 490 3072 hoc
521 3033 866 3091 praeparare,
888 3019 953 3071 ut
983 3015 1240 3089 pulsanti
1284 3004 1590 3074 confestim
1641 3020 1838 3090 posset

179 3120 436 3179 aperire.

1936 1877 2188 1933 magnus
2220 1861 2550 1919 Israeliticae
2582 1862 2770 1937 plebis
2802 1864 3050 1937 Moyses,
3079 1879 3214 1921 eum
3262 1878 3400 1934 quo,
3433 1860 3589 1918 sicut

1934 1950 2237 2023 Scriptura
2249 1951 2797 2025 refert,loquehatur
2813 1951 3253 2008 Dominusfacie
3264 1951 3334 2008 ad
3354 1950 3582 2007 faciem.

1936 2038 2089 2094 sicut
2119 2038 2377 2113 loquitur
2396 2040 2571 2097 homo
2593 2042 2666 2098 ad
2688 2041 2945 2097 amicum
2977 2043 3238 2109 suum,et
3261 2041 3453 2096 Aaron
3475 2038 3588 2093 fra-

1936 2132 2025 2183 ter
2049 2129 2177 2200 ejus
2207 2129 2501 2198 sacerdos,
2533 2136 2769 2203 propter
2797 2129 3030 2203 culpam
3070 2127 3519 2199 incredulitatis,
3551 2144 3586 2183 a

1937 2216 2183 2273 Domino
2232 2218 2434 2274 audire
2491 2221 2868 2275 meruerunt:
2902 2217 3048 2285 Quia
3095 2234 3212 2272 non
3252 2213 3584 2273 credidistis

1939 2305 2105 2372 mihi,
2136 2309 2200 2361 ut
2231 2306 2673 2362 sanetiﬁcaretis
2703 2323 2796 2362 me
2828 2322 3024 2361 coram
3056 2304 3194 2361 ﬁliis
3237 2301 3437 2369 Israel,
3466 2319 3585 2358 non

1932 2393 2323 2451 introdueetis
2344 2394 2452 2451 hos
2482 2394 2729 2468 populos
2760 2395 2817 2449 in
2852 2399 3064 2451 terram
3088 2410 3265 2467 quam
3289 2392 3439 2448 dabo
3461 2390 3545 2449 eis
3571 2408 3584 2447 :

1940 2487 2005 2537 ut
2024 2482 2376 2540 infirmiores
2400 2484 2639 2557 quidam
2662 2484 3026 2557 perpendant
3049 2500 3166 2556 qua
3186 2499 3359 2555 pcena
3378 2481 3438 2535 in
3461 2478 3592 2537 ulti-

1942 2589 2036 2628 mo
2068 2572 2335 2629 examine
2367 2572 2671 2629 districtus
2701 2573 2889 2629 Judex
2905 2573 3156 2642 graviter
3182 2571 3594 2644 delinquentes

1940 2659 2269 2732 feriat,eum
2296 2661 2471 2718 etiam
2495 2662 2579 2717 sic
2600 2680 2698 2718 eos
2729 2662 3152 2735 corrigat,quos
3182 2661 3242 2717 in
3275 2658 3595 2715 electorum

1942 2766 2255 2807 numerum
2307 2756 2441 2807 ante
2488 2751 2702 2807 saecula
2760 2748 3206 2824 praedestinavit.
3242 2748 3352 2807 Sed
3400 2747 3471 2802 de
3500 2745 3594 2801 his

1942 2839 2260 2907 hactenus;
2295 2857 2451 2895 nunc
2480 2840 2551 2894 ad
2586 2839 2928 2894 intermissa
2958 2839 3285 2895 redeamus.

2014 2930 2144 2981 CAP.
2178 2928 2371 2983 XXIII.
2392 2959 2459 2968 —
2480 2927 2695 2982 Aderat
2732 2944 2987 2999 namque
3025 2926 3130 2982 toti
3159 2925 3285 2983 orbi
3314 2940 3593 2981 veneran-

1944 3015 2056 3073 dus
2086 3015 2511 3081 dies,videlieet
2540 3014 2916 3087 praeeursoris
2949 3015 3162 3072 Christi
3193 3012 3515 3081 natalitius,
3539 3015 3598 3069 et

1941 3103 2031 3158 vir
2052 3104 2175 3170 Dei,
2198 3104 2357 3177 gravi
2380 3104 2741 3160 inﬁrmitatis
2760 3120 3077 3179 Oppressus
3096 3102 3398 3177 languore,
3423 3100 3594 3175 quasi

245 3186 1194 3259 CAP.XXII.—Taliameditando,
1210 3192 1520 3266 aliquoties
1541 3193 1611 3250 ad
1635 3210 1834 3265 super-
1863 3179 1906 3245 C
1946 3193 2017 3248 de
2042 3209 2246 3249 somno
2273 3192 2575 3266 evigilans,
2601 3193 2775 3264 coepit
2806 3191 3137 3248 astantibus
3187 3191 3378 3247 dicere
3414 3189 3595 3245 vestis

176 3298 255 3337 na
292 3280 634 3355 rapiebatur
654 3282 713 3337 in
737 3282 970 3355 spiritu,
985 3298 1050 3339 ac
1067 3283 1333 3355 quaedam
1351 3282 1498 3338 vidit
1519 3285 1575 3338 et
1595 3282 1834 3351 audivit,

178 3388 318 3443 quae
350 3370 527 3427 etiam
550 3388 620 3426 ex
640 3376 804 3444 parte
830 3370 944 3427 sibi
964 3371 1376 3428 assistentibus
1398 3372 1673 3430 narravit.
1689 3372 1835 3427 Nam

179 3459 514 3515 Wernhero
533 3458 912 3515 Fuldensium
936 3459 1133 3516 abbati
1164 3476 1227 3516 se
1248 3459 1503 3515 visitanti
1531 3458 1840 3515 annuntia-

173 3547 361 3615 vit,ut
392 3548 440 3603 si
467 3547 583 3603 duo
616 3547 673 3603 in
707 3547 983 3604 electione
1004 3548 1134 3619 ejus
1154 3548 1374 3605 caeteris
1397 3549 1835 3616 coneordarent,

175 3635 297 3693 sibi
328 3636 389 3690 in
419 3636 762 3709 episcopatu
792 3652 1177 3693 successurus
1203 3641 1379 3707 esset,
1406 3637 1548 3693 Item
1582 3636 1697 3693 alia
1718 3638 1839 3693 vice

176 3724 353 3798 quasi
385 3724 460 3781 de
486 3724 646 3797 gravi
695 3742 903 3781 somno
943 3725 1250 3795 excitatus,
1284 3725 1366 3781 ait
1407 3742 1601 3781 coram
1650 3724 1837 3781 omni-

177 3813 295 3869 bus
328 3829 341 3868 :
371 3811 522 3868 Heu!
559 3812 706 3869 heu!
741 3814 896 3884 quod
926 3811 1094 3869 illum
1117 3813 1540 3877 Adalberonem
1567 3817 1838 3888 nepotem

176 3916 383 3957 meum
417 3917 681 3973 unquam
705 3900 822 3957 vidi
858 3919 870 3957 :
906 3903 1047 3974 quia
1074 3919 1177 3975 pro
1209 3918 1297 3971 eo,
1320 3903 1474 3976 quod
1506 3903 1557 3958 ei
1594 3919 1836 3959 consen-

175 3989 404 4047 tiebam
435 3989 763 4046 secundum
795 4007 970 4045 suum
1002 3990 1598 4058 desiderium,nolunt
1614 4008 1707 4047 me
1738 3991 1843 4047 im-

177 4077 462 4150 punitum
512 4076 573 4132 in
623 4093 798 4133 suum
850 4078 1107 4151 recipere
1152 4079 1533 4135 consortium.
1567 4079 1839 4152 Legimus

177 4165 325 4222 huic
354 4165 779 4232 simile,saneto
801 4167 1075 4241 Gregorio
1106 4167 1165 4223 in
1190 4166 1337 4224 libro
1363 4168 1734 4243 Dialogorum
1758 4185 1843 4224 re-

181 4255 432 4322 ferente,
466 4256 621 4326 quod
656 4254 897 4327 quidam
920 4256 1291 4326 Paschasius,
1325 4256 1653 4330 apostolicae
1686 4257 1842 4314 sedis

180 4344 349 4400 mira:
381 4343 715 4400 sanctitatis
747 4344 1050 4414 diaconus,
1074 4346 1244 4418 cujus
1275 4351 1408 4418 post
1437 4349 1684 4402 mortem
1717 4347 1840 4402 dal-

177 4432 403 4489 matica
425 4432 634 4489 feretro
655 4434 782 4506 ejus
803 4434 1194 4507 superposita,
1208 4435 1632 4491 daemoniacum
1653 4436 1845 4509 tetigit

176 4523 506 4611 et-sanat‘us
538 4524 628 4574 est
662 4537 675 4611 ξ
708 4518 1051 4611 loco‘penali
1083 4522 1398 4611 deputatus
1443 4527 1534 4611 est
1581 4524 1652 4578 ob
1696 4523 1841 4579 nihil
1873 4548 1921 4611 D

176 4607 345 4664 aliud
380 4607 492 4663 nisi
526 4609 680 4680 quod
710 4608 768 4663 in
817 4608 919 4665 illa
958 4609 1312 4679 conditione,
1339 4627 1467 4683 quae
1497 4610 1651 4667 inter
1677 4616 1840 4685 Sym-

179 4695 467 4752 machum
502 4713 713 4769 papam
739 4701 798 4752 et
820 4697 1199 4754 Laurentium
1221 4698 1373 4755 facta
1390 4700 1577 4765 est,ad
1611 4700 1842 4771 pontiﬁ-

178 4789 357 4840 catus
386 4783 653 4841 ordinem
695 4786 1076 4846 Laurentium
1107 4786 1299 4863 elegit,
1324 4791 1381 4845 et
1411 4788 1678 4845 omnium
1709 4792 1844 4861 post

183 4872 577 4929 unanimitate
590 4875 987 4946 superatus,in
1008 4892 1117 4932 sua
1128 4879 1322 4932 tamen
1341 4876 1632 4932 sententia
1657 4893 1845 4948 usque

178 4961 358 5034 juxta
382 4960 536 5016 diem
567 4962 657 5016 sui
681 4962 870 5018 exitus
896 4964 1172 5036 perstitit,
1195 4963 1363 5019 illum
1393 4965 1646 5019 amando
1669 4969 1845 5036 atque

187 5049 572 5122 praeferendo,
604 5067 778 5122 quem
796 5051 1202 5126 episcoporum
1215 5053 1441 5125 judicio
1473 5052 1847 5126 praeessesibi

188 5137 443 5195 ecclesia
461 5138 751 5195 refutavit.
784 5140 907 5204 Qua
934 5142 995 5197 in
1037 5159 1116 5210 re,
1151 5141 1287 5214 quia
1307 5141 1520 5197 similis
1551 5158 1696 5214 pene
1727 5142 1851 5198 fue-

188 5231 287 5282 rat
346 5226 655 5282 amborum
706 5228 880 5301 culpa
909 5230 1071 5302 (nam
1124 5230 1275 5286 sicut
1316 5230 1413 5286 ille
1442 5231 1847 5299 Laurentium,

187 5316 369 5372 etiam
404 5316 753 5389 Symmacho
784 5319 1049 5375 ordinato
1073 5336 1087 5374 :
1111 5319 1195 5375 ita
1223 5324 1279 5374 et
1309 5319 1439 5385 iste,
1472 5337 1534 5376 se
1566 5320 1759 5376 adhuc
1782 5321 1848 5376 in

187 5419 366 5460 carne
395 5408 688 5472 manente,
722 5405 855 5463 licet
881 5407 1135 5480 simplici
1167 5408 1335 5463 oculo
1367 5408 1565 5466 minus
1616 5413 1847 5466 rectum

190 5492 688 5565 intuendo,voluit
709 5501 910 5553 contra
929 5501 1151 5553 statuta
1170 5498 1406 5555 Patrum
1423 5498 1845 5555 Adalberonem

193 5581 328 5638 ﬁeri
362 5581 871 5656 episeopum),hoe
891 5585 1047 5642 idem
1080 5585 1295 5642 sentire
1326 5587 1623 5659 possimus
1646 5588 1715 5645 de
1737 5587 1848 5645 hoe

1946 3282 2058 3337 bus
2090 3298 2183 3336 me
2212 3281 2457 3349 induite,
2492 3286 2548 3337 et
2579 3281 2974 3338 calceamenta
3002 3281 3250 3355 pedibus
3280 3277 3428 3337 meis
3456 3295 3598 3352 prae.-

1945 3371 2092 3426 bete.
2127 3370 2233 3434 Qui
2265 3370 2399 3427 licet
2425 3370 2595 3427 illum
2626 3388 2730 3443 per
2753 3387 3057 3427 excessum
3090 3369 3306 3427 mentis
3328 3370 3601 3442 putarent

1946 3459 2089 3515 talia
2122 3460 2655 3532 prmeipere,tamen
2690 3461 3044 3516 studuerunt
3072 3457 3325 3515 obedire.
3352 3462 3600 3528 Insuper

1946 3549 2121 3604 etiam
2156 3548 2593 3620 pontiﬁcalibus
2612 3548 2852 3603 indutus
2870 3547 3391 3615 ornamentis,cum
3415 3544 3600 3621 omni.

1949 3640 2014 3692 ut
2044 3652 2170 3692 mos
2192 3640 2300 3704 est,
2335 3635 2679 3693 clericorum
2712 3637 2904 3693 ofﬁcio
2928 3640 3131 3693 contra
3149 3650 3316 3709 spem
3336 3634 3602 3691 omnium

1948 3725 2233 3797 processit
2284 3725 2343 3780 in
2397 3724 2721 3798 publicum,
2754 3730 2811 3781 et
2859 3725 2945 3783 sic
3001 3726 3072 3782 ad
3121 3724 3426 3783 ecclesiam
3449 3720 3604 3779 beati

1947 3813 2193 3870 Joannis
2222 3813 2515 3886 Baptistae,
2550 3831 2727 3886 quam
2785 3814 2910 3887 ipse
2956 3812 3299 3881 construxit,
3339 3811 3602 3880 veniens,

1947 3902 2155 3958 tandiu
2191 3903 2315 3959 sine
2346 3902 2675 3974 aliquorum
2708 3902 3136 3958 sustentatione
3166 3900 3475 3957 hominum
3508 3900 3604 3959 in-

1949 3992 2135 4047 victus
2167 3990 2439 4064 perstitit,
2456 3991 2637 4046 donec
2670 3990 2782 4055 bis,
2799 3990 2948 4046 sicut
2967 4007 3035 4046 ea
3055 3990 3150 4046 die
3170 3992 3459 4045 statutum
3487 3991 3597 4056 est,

1950 4097 2118 4136 sacra
2163 4078 2481 4135 missarum
2536 4077 2824 4134 solemnia
2873 4076 3200 4134 celebravit.
3239 4076 3461 4143 Quibus
3490 4075 3601 4133 rite

1949 4166 2192 4241 expletis
2220 4167 2504 4233 consedit,
2537 4171 2711 4239 atque
2744 4183 2941 4222 coram
2991 4165 3325 4223 astantibus
3373 4162 3602 4220 clericis

1950 4256 2097 4312 dixit
2128 4273 2141 4312 :
2177 4255 2365 4326 Hujus
2394 4255 2847 4312 celebrationem
2879 4254 3055 4311 ofﬁcii
3087 4271 3203 4309 non
3232 4269 3497 4310 mearum
3519 4251 3599 4307 vi—

1951 4344 2104 4400 rium
2157 4344 2564 4417 possibilitate,
2625 4344 2726 4399 sed
2767 4359 2836 4399 ex
2888 4343 3191 4399 divinitate
3248 4336 3597 4415 praesumpsi

1950 4432 2165 4491 Christi
2197 4437 2369 4505 atque
2391 4432 2681 4504 jussionc.
2713 4433 2860 4489 Nam
2881 4431 3055 4491 hodie
3084 4448 3220 4489 cum
3240 4429 3598 4502 duleieqnie-

1951 4539 2172 4579 seerem
2204 4540 2430 4590 somno,
2465 4522 2776 4578 astiterunt
2805 4538 3002 4578 coram
3035 4518 3247 4577 lectulo
3278 4536 3407 4576 meo
3429 4519 3598 4591 juve-

1952 4629 2057 4669 nes
2088 4612 2204 4668 duo
2235 4615 2472 4683 aspectu
2505 4609 2767 4676 formosi,
2787 4625 3038 4681 quorum
3069 4626 3225 4666 unus
3250 4608 3396 4665 dixit
3414 4607 3558 4663 mihi
3584 4624 3597 4662 :

1950 4700 2138 4764 Quare
2168 4716 2283 4754 non
2315 4699 2550 4771 surgis?
2581 4698 2759 4753 debes
2789 4698 2945 4754 enim
2976 4697 3149 4753 hodie
3199 4698 3271 4753 ad
3320 4697 3601 4753 Sanctum

1948 4789 2236 4845 Joannem
2282 4787 2530 4855 missam
2585 4785 2896 4845 celebrare.
2938 4785 3042 4844 Gui
3073 4785 3220 4845 alter
3250 4783 3553 4857 respondit
3586 4798 3601 4838 :

1954 4877 2252 4943 Quomodo
2285 4880 2476 4948 potest
2500 4875 2609 4931 hoe
2639 4874 2802 4930 ﬁeri?
2824 4875 2963 4947 quia
3000 4891 3103 4946 pro
3133 4871 3607 4945 impossibilitate

1952 4962 2166 5019 virium
2197 4965 2390 5020 adhuc
2412 4963 2671 5019 Primam
2703 4980 2818 5018 non
2849 4962 3135 5035 explevit?
3162 4962 3323 5017 Tunc
3352 4959 3471 5026 ille,
3505 4959 3607 5032 qui

1954 5053 2120 5126 prius
2154 5071 2167 5109 :
2201 5054 2408 5126 Surge,
2428 5052 2528 5121 ait,
2544 5057 2600 5108 et
2616 5052 2941 5108 secundum
2966 5067 3162 5106 meum
3190 5065 3524 5107 sermonem
3542 5047 3608 5103 in

1960 5142 2201 5214 praefata
2250 5140 2496 5198 ecclesia
2546 5140 2811 5195 divinum
2865 5138 3211 5212 mysterium
3242 5137 3458 5195 festina
3493 5136 3611 5193 im-

1960 5231 2163 5303 plere:
2199 5230 2337 5302 quia
2384 5231 2592 5301 printer
2648 5232 2703 5283 te
2749 5226 2947 5282 nullus
2994 5226 3075 5282 ibi
3128 5226 3389 5283 cantabit
3415 5224 3608 5282 hodie.

1960 5319 2061 5375 His
2086 5319 2280 5386 dictis,
2316 5318 2388 5373 ad
2421 5314 2759 5372 cubiculum
2792 5314 2982 5384 rediit,
3000 5318 3174 5387 atque
3204 5313 3613 5371 imminentem

1956 5408 2277 5465 vocationis
2307 5424 2425 5462 sua:
2447 5404 2603 5461 diem
2629 5403 2797 5459 latus
2841 5403 3211 5477 exspectavit,
3245 5408 3421 5477 atque
3469 5401 3615 5458 illud

1959 5496 2281 5554 Psalmistaa
2302 5495 2517 5568 saepius
2540 5493 2807 5551 iterando
2834 5492 3065 5551 dicebat
3091 5510 3104 5548 :
3128 5493 3371 5558 Quando
3387 5490 3618 5548 veniam

1951 5591 2011 5646 et
2039 5586 2330 5662 apparebo
2362 5590 2496 5643 ante
2516 5582 2724 5640 faelem
2757 5581 2854 5639 Dei
2888 5582 3042 5640 mei?
3080 5582 3325 5641 Interim
3356 5581 3498 5638 dum
3546 5579 3617 5635 ab
