4026 6184
327 402 331 410 _
428 285 590 377 1203"

1505 316 1896 380 BERNONIS
1939 291 2274 378 ABBATIS'
2314 313 2755 378 AUGIENSIS.

3675 275 3805 375 mi

427 463 516 516 eo,
541 447 642 522 qui
671 464 865 504 coram
897 465 960 505 se
990 446 1223 506 lectoris
1264 449 1619 524 fungebatur
1665 450 1856 507 ofﬁcio
1895 449 2074 506 inter-
2106 449 2160 520 Α
2189 449 2414 515 datum,
2444 452 2606 505 tanta
2631 449 2702 505 de
2731 466 2798 506 eo
2829 447 3087 506 manavit
3115 446 3451 505 suavissimi
3482 445 3682 503 odoris
3718 447 3806 502 frs-

428 541 666 612 rogatus
697 537 924 609 fuisset,
955 542 1230 594 utrumne
1261 557 1376 612 prae
1419 540 1781 607 inﬁrmitate,
1823 557 1940 613 qua
1970 541 2072 596 de-

427 625 744 692 tinebatur,
777 643 838 682 se
867 627 938 682 de
966 626 1074 682 hoc
1105 627 1317 684 saeculo
1359 628 1748 701 migraturum
1789 633 2070 702 speraret,

429 713 729 787 respondit
760 731 774 770 :
803 714 1138 772 Certissima
1168 716 1462 788 scio,quia
1493 718 1649 774 brevi
1675 717 1746 773 de
1775 717 1890 773 hocr
1913 721 2072 772 tran-

431 803 654 873 siturus
672 819 806 859 sum
837 804 1080 860 mundo.
1099 804 1202 861 Cui
1220 821 1355 860 eum
1387 822 1636 861 moerens
1657 805 2072 876 diceret,quem

429 891 840 965 episcoporum
867 891 1044 948 vellet
1075 893 1146 948 ad
1191 909 1404 966 corpus
1452 911 1626 950 suum
1674 893 2074 966 sepeliendum

427 997 656 1049 vocare,
682 981 936 1037 maxime
966 998 1101 1036 cum
1136 981 1334 1038 nullus
1381 982 1954 1054 comprovincialium
1987 999 2078 1037 re-

432 1069 748 1126 mansisset
777 1069 1134 1136 antistitum,
1167 1071 1266 1142 qui
1315 1087 1430 1126 non
1475 1075 1629 1128 esset
1683 1071 1962 1126 invitatus
2005 1071 2076 1125 ad

427 1157 624 1232 regale
654 1157 730 1228 ,in
779 1159 1023 1214 Francia
1069 1159 1451 1230 colloquium,
1481 1161 1564 1215 ait
1593 1178 1605 1216 :
1637 1160 1833 1216 Nostis
1862 1163 2078 1216 terram

431 1250 597 1303 terrae
627 1247 1058 1304 commendare.
1075 1252 1190 1304 Vos
1210 1251 1602 1314 tantum,cum
1625 1253 1858 1321 tempus
1883 1247 2076 1315 fuerit,

433 1336 588 1408 quod
617 1339 878 1391 vestrum
908 1339 1014 1403 est,
1031 1336 1234 1392 facite:
1261 1335 1363 1392 Dei
1385 1340 1472 1392 est
1504 1337 1615 1392 mei
1643 1337 1901 1410 corporis
1920 1353 2078 1392 com-

373 1441 380 1446 δ
433 1425 837 1481 mendatorem
867 1424 1190 1497 providere.

503 1530 639 1586 CAP.
671 1530 861 1586 XXIV.
890 1563 956 1572 —-—
987 1529 1196 1587 Paucis
1223 1549 1357 1588 vero
1389 1533 1596 1588 diebus
1619 1531 2000 1604 interpositis,
2021 1532 2079 1588 in

430 1617 631 1692 vigilia
687 1618 1106 1691 apostolorum,
1133 1637 1260 1693 quae
1315 1621 1414 1677 illo
1465 1639 1615 1677 anno
1658 1622 1849 1677 evenit
1873 1626 2085 1694 quarta

433 1707 599 1775 feria,
631 1707 957 1764 certissime
1010 1710 1282 1782 sperabat
1327 1727 1388 1766 se
1433 1711 1820 1784 migraturum
1871 1712 1943 1766 de
1973 1710 2082 1764 hac

433 1795 569 1851 vita.
595 1798 757 1862 Quod
788 1795 918 1852 licet
953 1797 1301 1854 nominatim
1333 1817 1449 1855 non
1491 1799 1859 1872 exprimeret,
1892 1797 2081 1854 verbis
2112 1834 2159 1898 B

2181 538 2428 612 grantia,
2463 544 2530 594 ut
2559 543 2904 594 cunctorum
2963 539 3042 593 ibi
3093 536 3414 594 astantium
3460 536 3809 609 perfunderet

2183 643 2352 682 nares
2377 631 2434 682 et
2463 630 2716 699 pectora.
2750 629 2933 699 Cujus
2964 627 3159 684 odoris
3190 627 3452 682 suavitas
3487 624 3700 680 tandiu
3721 640 3814 696 per-

2183 715 2423 786 mansit,
2455 732 2764 788 quousque
2795 721 2982 771 totum
3023 732 3090 771 ac
3137 713 3403 770 vestibus
3445 713 3744 776 indutum,
3768 711 3812 768 in

2183 803 2488 860 ecclesiam
2537 803 2650 859 fuit
2693 804 3084 876 deportatum.
3120 803 3257 859 Post
3281 802 3405 858 haec
3437 805 3642 857 autem
3673 801 3816 856 adve-

2185 892 2380 948 niente
2407 892 2780 966 Wolfgango,
2805 891 3250 948 Ratisbonensis
3281 889 3535 946 civitatis
3567 890 3815 962 episcOpo

2184 982 2532 1050 venerando,
2567 981 2754 1038 sancti
2803 981 2911 1036 viri
2957 997 3170 1052 corpus
3216 979 3277 1035 in
3317 979 3568 1035 ecclesia
3619 979 3817 1034 Sancta

2186 1069 2334 1124 Afrm
2367 1070 2638 1144 martyris
2667 1087 2802 1126 cum
2842 1085 3057 1142 magna
3103 1066 3291 1142 gloria
3337 1071 3426 1124 est
3476 1067 3816 1122 humatum:

2189 1159 2288 1214 ubi
2319 1159 2464 1231 ipse,
2483 1159 2624 1214 dum
2657 1158 2851 1214 adhuc
2879 1157 3114 1224 viveret,
3131 1157 3242 1214 sibi
3270 1155 3610 1229 sepulcrum
3634 1172 3822 1228 prmpa-

2189 1248 2302 1303 rari
2337 1247 2488 1304 fecit.
2519 1249 2582 1302 In
2614 1263 2728 1318 quo
2763 1245 2889 1302 loco
2920 1244 3108 1301 multa
3136 1261 3240 1318 per
3269 1246 3397 1317 ejus
3445 1243 3662 1300 merita
3703 1244 3822 1299 ﬁunt

2189 1336 2426 1392 assidue
2458 1333 2957 1402 miracula,multa
2978 1334 3229 1389 infirmis
3259 1336 3620 1406 praestantur
3637 1332 3823 1389 beneﬁ-

2189 1425 2298 1494 cia,
2326 1425 2580 1481 donante
2609 1423 2823 1480 Christi
2853 1423 3041 1496 gratia
3073 1441 3086 1479 :
3121 1422 3229 1489 Qui
3259 1439 3397 1478 cum
3426 1423 3602 1478 Patre
3631 1427 3694 1478 et
3722 1421 3824 1493 Spi-

2189 1515 2306 1569 ritu
2338 1517 2541 1570 sancto
2569 1512 2712 1568 vivit
2740 1516 2799 1568 et
2825 1515 3029 1584 regnat
3059 1529 3162 1585 per
3191 1511 3422 1567 inﬁnita
3471 1509 3696 1566 saecula
3743 1527 3822 1565 ss-

2189 1603 2478 1659 culorum.
2512 1605 2715 1658 Amen.

2261 1693 2389 1747 Haec
2409 1693 2492 1746 tui
2525 1707 2766 1748 examen
2792 1689 2997 1762 judicii
3030 1693 3390 1763 exspectant,
3409 1693 3476 1745 ut
3503 1694 3562 1744 te
3595 1689 3824 1761 benigno

2183 1782 2383 1854 judice
2429 1779 2662 1835 valeant
2710 1783 2838 1834 rata
2875 1779 3216 1834 consistere.
3239 1777 3407 1850 Opto,
3431 1778 3604 1833 Pater
3633 1777 3826 1832 beatis~

433 1888 628 1941 tamen
661 1885 1015 1957 quibusdam
1045 1888 1294 1959 aperuit,
1311 1905 1376 1944 ac
1399 1865 1582 1960 signis
1602 1888 1970 1944 evidentibus
1991 1888 2082 1944 de-
2112 1865 2159 1898 υ
2190 1871 2358 1960 δίαιθ’
2391 1874 2456 1923 ut
2484 1869 2545 1923 in
2576 1867 2803 1923 ChPiStO
2829 1865 3042 1934 valeas:
3077 1867 3310 1939 meique
3341 1883 3571 1922 memor
3613 1881 3826 1939 semper

433 1971 696 2029 claravit.
711 1973 863 2029 Sane
892 1973 1078 2047 signis
1109 1977 1386 2032 omnibus
1408 1978 1479 2031 ad
1501 1977 1814 2050 Vesperam
1838 1977 2085 2032 circum-

433 2078 667 2136 quaque
688 2063 1191 2138 sonantibus,ipse
1209 2065 1518 2122 balneatus
1541 2071 1598 2122 et
1619 2066 1802 2122 sacris
1824 2065 2084 2122 vestibus

434 2151 504 2206 ad
537 2150 648 2207 hoc
679 2169 823 2208 usus
852 2154 1073 2224 paratis
1097 2153 1362 2224 indutus,
1388 2155 1554 2211 humi
1586 2173 1648 2212 se
1681 2155 2084 2228 prostravit,ac

434 2244 486 2296 si
505 2239 652 2296 hora
675 2241 877 2296 eadem
901 2241 1242 2298 moriturus.
1261 2243 1450 2299 Finita
1475 2261 1609 2316 ergo
1633 2244 1830 2316 synaxi
1857 2259 2084 2316 vesper-

433 2327 578 2397 tina,
613 2343 750 2384 cum
799 2327 1052 2384 aliorum
1111 2330 1402 2402 adjutorio
1451 2349 1513 2386 se
1560 2331 1788 2400 levavit,
1821 2337 1878 2388 et
1916 2332 2084 2404 quasi

435 2417 1096 2489 quodammodqmente
1123 2423 1552 2488 consternatus,
1587 2420 1730 2475 dixit
1762 2439 1774 2476 :
1809 2421 1852 2477 Ο
1884 2425 2084 2478 sancte

436 2505 621 2574 Petre,
655 2521 812 2562 nunc
842 2523 958 2560 non
988 2505 1195 2572 fecisti,
1225 2506 1377 2562 sicut
1405 2525 1510 2580 ego
1548 2507 1850 2564 mstimavi.
1885 2509 1928 2565 Ο
1951 2511 2085 2565 bea-

435 2597 566 2649 tum
587 2593 778 2649 virum
792 2593 952 2649 omni
967 2593 1138 2650 laude
1157 2595 1828 2668 prosequendum,cujus
1841 2598 2085 2670 spiritus

437 2681 674 2756 quidam
707 2685 833 2738 erat
863 2687 1192 2756 promptus,
1224 2682 1360 2740 licet
1402 2700 1535 2746 caro
1574 2685 1811 2740 inﬁrma
1843 2701 1856 2740 :
1887 2685 1978 2740 cui
2009 2686 2082 2741 vi-

434 2787 566 2826 vere
596 2769 863 2828 Christus
888 2771 1016 2840 fuit,
1040 2775 1098 2827 et
1125 2773 1273 2828 mori
1303 2771 1553 2829 lucrum.
1578 2773 1740 2828 Unde
1783 2777 2085 2846 tantopere

438 2875 726 2931 corporeae
781 2859 1226 2917 inhabitationis
1285 2860 1498 2917 molem
1569 2861 1728 2916 velut
1796 2878 2085 2918 carcerem

438 2949 754 3020 quemdam
783 2948 1128 3016 abhorrens,
1148 2950 1421 3022 cupiebat
1445 2949 1683 3006 dissolvi
1715 2955 1772 3006 et
1798 2967 1927 3008 esse
1950 2967 2084 3007 cum

436 3035 685 3093 Christo.
744 3037 962 3094 Iterum
1021 3038 1230 3112 spiritu
1289 3044 1602 3110 recreatus,
1627 3057 1729 3112 per
1777 3041 2086 3096 continuos

437 3124 700 3198 quinque
729 3126 852 3182 dies
902 3127 1122 3183 mansit
1166 3127 1419 3200 quietus,
1453 3134 1656 3200 petens
1693 3129 1764 3184 ab
1809 3129 2084 3186 omnibus

2191 1959 2422 2016 existat.

2194 2046 2477 2122 (Quaedam
2549 2043 2716 2102 editio
2756 2045 2916 2122 fita:
2961 2061 2996 2098 a
3049 2047 3299 2122 Ifempne
3342 2045 3578 2122 scriptae
3625 2057 3828 2122 sequens

2261 2126 2423 2190 caput
2451 2119 2718 2172 inscrtum
2747 2115 3082 2190 Itab¢_t,_quod
3109 2117 3211 2170 etsi
3237 2130 3410 2187 neque
3437 2115 3643 2190 Satius
3659 2115 3826 2180 edidit,

2263 2187 2614 2246 ct'Bernonis
2644 2203 2758 2243 esse
2784 2187 2934 2242 mihi
2959 2203 3069 2242 non
3099 2193 3334 2256 constat,
3367 2187 3639 2257 quoniam
3667 2194 3828 2241 tam

2263 2261 2334 2316 ad
2359 2261 2648 2315 historiam
2686 2259 2943 2330 pertinet,
2974 2266 3038 2313 ct
3072 2259 3309 2330 speciem
3355 2259 3628 2330 imaginis
3669 2257 3830 2313 sancti

2269 2332 2512 2390 Udalrici
2538 2328 2795 2402 explicat,
2825 2330 3038 2400 placuit
3065 2329 3162 2384 hoc
3191 2329 3304 2385 loco
3332 2328 3619 2400 adjicere,)

2264 2419 2526 2484 Quodam
2557 2422 2752 2474 autem
2787 2422 3219 2492 tempore,cum
3245 2417 3401 2473 idem
3433 2423 3680 2474 sanctus
3703 2433 3826 2490 pon-

2194 2509 2329 2564 tifex
2361 2525 2426 2564 cu
2438 2525 2494 2562 m
2527 2506 2709 2562 felicis
2726 2505 3142 2563 recordationis
3160 2505 3421 2562 antistite
3439 2505 3827 2562 Constantian-

2194 2598 2244 2653 si
2275 2598 2443 2652 beato
2475 2597 2760 2663 Conrado,
2791 2595 2886 2652 die
2933 2595 3092 2652 Jovis
3140 2595 3296 2668 apud
3340 2599 3611 2651 sanctam
3647 2594 3825 2650 Afram

2194 2692 2526 2742 cmnaturus
2574 2685 2936 2756 consederat,
2961 2683 3134 2740 ambo
3183 2684 3256 2739 de
3303 2684 3640 2740 coelestibus
3669 2683 3826 2739 rebus

2194 2772 2538 2850 continuum
2585 2771 2868 2832 habentes
2916 2787 3274 2841 sermonem,
3304 2771 3704 2845 corruptibilis
3734 2772 3827 2826 im-

2195 2878 2484 2918 memores
2517 2861 2652 2928 cibi,
2686 2861 2897 2932 spiritu
2929 2861 3145 2930 refecti,
3178 2878 3367 2934 usque
3390 2861 3451 2916 in
3502 2865 3826 2933 sequentem

2195 2956 2416 3008 sextam
2450 2949 2652 3006 feriam
2684 2950 2882 3006 divina
2911 2949 3167 3006 habuere
3197 2948 3448 3022 eloquia,
3465 2966 3581 3006 non
3612 2946 3828 3022 apposi-

2192 3043 2284 3096 tas
2313 3041 2681 3095 attendentes
2707 3055 2930 3094 carnes.
2965 3039 3127 3095 Unde
3155 3038 3404 3112 contigit
3431 3037 3706 3110 Bajoariaa
3727 3037 3828 3092 du-

2195 3145 2329 3184 cum
2357 3126 2624 3200 bajulum
2655 3127 2971 3200 quemdam
3001 3131 3272 3184 sanctum
3312 3128 3588 3184 accedere
3631 3125 3821 3182 virum.

435 3195 949 3289 indulgentiam,et
974 3195 1435 3272 benedictionem
1455 3195 1939 3284 tribuens,donec
1959 3217 2084 3273 ﬁni-
2116 3195 2158 3262 C
2196 3216 2299 3272 Cui
2332 3195 2600 3272 absoluto
2621 3195 2724 3287 pro
2756 3233 2870 3290 quo
2901 3221 3138 3272 venerat
3167 3215 3420 3289 negotio,
3443 3215 3678 3272 abeunti
3708 3231 3822 3270 car-

433 3303 494 3356 ta
517 3301 736 3373 quintae
757 3301 871 3356 diei
897 3300 1132 3368 feria,ac
1153 3317 1392 3374 vespere
1419 3302 1834 3370 luccscente,in
1859 3309 2078 3360 sextam

433 3387 692 3456 Sabbati,
727 3405 936 3445 aurora
959 3390 1085 3460 jam
1116 3388 1230 3444 diei
1273 3389 1646 3446 latitudinem
1669 3395 1838 3449 terra:
1859 3391 2076 3448 illumi-

433 3480 628 3545 nante,
663 3476 891 3532 clericis
939 3479 1284 3534 canentibus
1341 3485 1400 3534 et
1433 3480 1726 3547 ﬂentibus,
1759 3481 1818 3536 in
1869 3498 2080 3538 manus

431 3563 665 3619 Domini
697 3565 972 3636 spiritum
1001 3583 1176 3622 suum
1215 3569 1654 3636 commendans,
1689 3586 1840 3626 anno
1889 3571 2076 3627 incar-

365 3672 374 3676 '
432 3651 688 3708 nationis
720 3653 946 3708 Domini
978 3653 1160 3709 nostri
1190 3655 1329 3710 Jesu
1369 3655 1583 3711 Christi
1630 3659 2076 3730 nongentesimo

431 3739 863 3814 septuagesimo
894 3741 1084 3808 tertio,
1117 3743 1302 3800 aetatis
1337 3761 1455 3800 sua:
1482 3745 1835 3818 octogesimo
1882 3748 2074 3817 tertio,

428 3829 815 3886 ordinationis
844 3845 978 3886 vero
1010 3831 1520 3906 quinquagesimo,
1543 3833 1699 3890 velut
1727 3834 1786 3890 in
1828 3835 2072 3906 jubilco,

425 3917 536 3974 hoc
587 3921 696 3986 est,
742 3917 924 3991 plenae
973 3918 1336 3978 remissionis
1384 3939 1560 3986 anno,
1588 3939 1760 3979 verus
1803 3923 2074 3980 Hebraeus

425 4007 640 4064 transit
657 4007 728 4064 de
757 4007 937 4079 hujus
968 4008 1173 4065 mundi
1206 4011 1446 4084 Egypto
1486 4011 1652 4080 liber,
1685 4011 1745 4067 in
1789 4017 2072 4068 aeternum

423 4094 684 4152 victurus
713 4113 848 4153 cum
879 4097 1124 4154 Domiuo
1151 4099 1550 4156 suo.Transiit
1579 4105 1777 4156 autem
1799 4118 1856 4157 1v
1875 4101 2070 4158 Nonas

422 4183 862 4258 Julii,tempore
894 4185 1125 4242 Ottouis
1149 4188 1391 4263 secundi
1413 4189 1782 4260 imperatoris
1799 4189 2066 4264 Augusti.

421 4273 602 4346 Cujus
617 4289 829 4348 corpus
859 4290 994 4332 cum
1019 4291 1090 4332 ex
1109 4291 1268 4333 more
1289 4277 1360 4332 ad
1383 4275 1697 4334 lavandum
1718 4283 1872 4337 esset
1893 4280 2070 4336 denu-

2192 3306 2284 3362 nis
2314 3307 2570 3363 frustum
2601 3307 2781 3374 dedit,
2801 3323 2917 3363 non
2965 3307 3272 3363 advertens
3307 3310 3479 3363 sexta:
3523 3307 3817 3362 observan-

2186 3397 2331 3452 tiam
2392 3396 2566 3452 feriae.
2600 3395 2708 3459 Qui
2771 3396 3023 3452 nuncius
3071 3395 3378 3451 dominum
3425 3395 3652 3450 rediens
3704 3409 3822 3466 pro-

2186 3485 2405 3556 prium,
2428 3483 2630 3540 volens
2657 3483 2882 3540 malitia
2909 3481 3249 3540 stimulatus
3279 3488 3514 3538 sanctos
3541 3482 3816 3538 diti'amare

2186 3572 2512 3646 episcopos,
2547 3573 2717 3646 quasi
2759 3579 2920 3628 sexta
2971 3573 3044 3628 ab
3087 3573 3354 3628 carnium
3385 3589 3491 3628 esu
3545 3571 3678 3627 feria
3714 3585 3812 3624 non

2185 3661 2628 3730 abstinuissent,
2665 3661 2724 3717 in
2757 3660 3161 3718 testimonium
3193 3659 3350 3715 illico
3379 3660 3575 3716 carnis
3613 3663 3809 3732 partem

2185 3767 2220 3804 a
2267 3754 2468 3806 saneto
2519 3751 2641 3806 viro
2694 3753 2991 3822 acceptam
3047 3748 3309 3822 protulit,
3357 3751 3416 3804 et
3468 3763 3618 3815 ecce,
3665 3745 3796 3800 dictu

2183 3837 2471 3905 mirabile,
2502 3837 2726 3910 species
2757 3837 2951 3893 carnis
2979 3835 3040 3892 in
3071 3836 3249 3910 piscis
3276 3836 3533 3909 speciem
3565 3839 3648 3891 est
3684 3849 3798 3889 con-

2179 3943 2367 3996 versa,
2417 3927 2711 3984 temerarii
2787 3943 3040 4000 arguens
3122 3924 3308 3997 bajuli
3388 3923 3795 3985 detractionem,

2179 4019 2236 4070 et
2303 4019 2642 4071 sanctorum
2699 4015 3013 4072 ostendens
3077 4013 3504 4070 innocentiam.
3566 4015 3682 4079 Qua
3739 4010 3796 4064 de

2179 4121 2358 4160 causa
2411 4103 2649 4176 gloriosi
2704 4103 2915 4177 efﬁgiei
2975 4103 3266 4178 pontiﬁcis
3336 4102 3518 4176 piscis
3574 4103 3631 4158 in
3682 4115 3794 4174 per-

2178 4188 2420 4264 petuum
2451 4192 2632 4265 hujus
2681 4191 2949 4249 miraculi
2997 4191 3344 4249 memoriam
3392 4188 3682 4264 compingi
3718 4201 3791 4242 so-

2185 4281 2286 4337 let.

1558 4602 2148 4706 .BEBNONIS
2225 4603 2670 4694 VERSUS

778 4773 965 4837 Libro
995 4773 1522 4840 Sacramenton
1567 4778 1870 4842 Saxonico
1899 4781 2012 4860 qui
2034 4779 2288 4842 habetur
2322 4781 2385 4842 in
2417 4779 2768 4843 bibliotheca
2797 4779 3165 4855 Boheriana,
3188 4778 3457 4862 pra/ixi,

1514 4931 1782 5000 (MahilL.
1816 4931 2020 4988 Annal.
2050 4932 2252 4989 Bcned.
2286 4931 2391 4989 lib.
2424 4949 2512 5002 LV,
2543 4949 2602 4989 n.
2633 4934 2754 5002 27.)

982 5187 1204 5260 Suscipe
1232 5187 1599 5260 conscriptum
1621 5204 1768 5261 pura
1795 5205 1958 5261 quem
1985 5198 2164 5246 mnta
2193 5190 2441 5248 libellum

991 5285 1193 5341 Ultima
1218 5301 1497 5342 servorum
1525 5287 1672 5342 Bern
1695 5288 1804 5359 fert
1829 5304 2062 5360 persona
2091 5291 2334 5361 tuorum,

986 5383 1115 5450 Qui,
1149 5383 1274 5440 licet
1301 5383 1584 5455 indignus,
1618 5383 1726 5441 tibi
1751 5385 1894 5456 ﬁdus
1921 5402 2134 5458 semper
2159 5387 2443 5458 alumnus,

985 5477 1252 5550 obsequio
1275 5497 1504 5552 pronus,
1537 5483 1720 5540 devoto
1747 5485 1905 5540 corde
1935 5484 2226 5554 benignus,

981 5575 1122 5630 Dum
1150 5577 1293 5649 viget
1321 5583 1480 5652 atque
1510 5581 1671 5652 valet,
1705 5597 1840 5641 sano
1859 5581 1991 5638 dum
2017 5597 2238 5655 corpore
2265 5583 2420 5638 vivit.
