4052 6158
1357 311 1748 374 BERNONIS
1791 310 2127 374 ABBATIS
2170 310 2587 374 AUGIENSIS
2631 311 3005 374 CABMINA.

873 443 1242 518 Postraptus
1272 444 1409 518 Hele

942 515 1093 572 Mille
1109 515 1277 572 'rates
1308 517 1400 590 ple

874 588 1200 658 Exuperare
1229 606 1294 644 ra

940 659 1166 714 Faedere
1192 661 1351 716 nuda

869 729 1060 786 Graeco
1089 731 1261 787 ducto

938 801 1046 857 Pro
1079 807 1342 858 consorte
1374 807 1432 859 to

868 873 1151 945 Pergama
1178 875 1275 929 dia
1306 892 1368 930 se

937 945 1245 1016 Impetitur
1276 963 1388 1000 mea

866 1015 1204 1071 Nutu’Juno

937 1088 1268 1142 Destruitur
1297 1089 1368 1143 do

867 1158 1042 1232 Plena
1071 1158 1236 1214 malae
1267 1177 1370 1232 pro

939 1229 1291 1302 Deleturque
1322 1232 1395 1286 do

871 1302 1034 1357 Tune
1058 1302 1198 1357 dant
1228 1307 1439 1359 cuneta
1468 1316 1541 1355 ne

939 1373 1264 1429 Obﬁrmant
1292 1375 1415 1430 Grae

867 1444 1013 1500 Hinc
1045 1447 1250 1501 ardent
1273 1463 1318 1500 aa

941 1516 1048 1571 Per
1075 1517 1266 1572 varias
1297 1534 1374 1572 cae

869 1586 1183 1643 Mulctatur
1212 1605 1291 1644 cae

939 1658 1127 1740 Seque
1155 1677 1260 1740 suo
1293 1660 1362 1715 fre

873 1729 1138 1813 Fce‘mi‘n‘a‘
1163 1731 1341 1813 digna
1372 1747 1468 1786 me

940 1801 1185 1857 Reddita
1205 1801 1354 1858 vieto

870 1872 1032 1945 Saeva
1062 1873 1203 1945 quid
1235 1891 1338 1930 eva

937 1944 1050 2000 Cur
1079 1944 1177 2001 rea
1205 1949 1268 2002 tu
1298 1945 1388 2000 cla

864 2019 1046 2072 Passa
1075 2018 1247 2073 modo
1281 2015 1408 2072 Pari

936 2088 1005 2143 Et
1035 2089 1257 2145 factura
1279 2089 1317 2142 ﬁ

866 2158 1088 2216 Rumor
1117 2161 1187 2216 de
1215 2164 1344 2216 vete

941 2229 1080 2302 Cras
1112 2234 1383 2302 poterunt
1415 2232 1487 2288 ﬂe

869 2300 1131 2356 meina
1157 2302 1310 2357 victa
1341 2319 1433 2357 me

943 2371 1058 2445 Nec
1089 2372 1214 2427 ﬁeri
1245 2389 1349 2445 spe

873 2441 1114 2499 Expleta
1142 2461 1218 2499 csa

988 2517 1245 2570 ractatur
1275 2516 1346 2570 fda

870 2584 934 2640 In
965 2584 1109 2641 faeie
1139 2590 1218 2643 Do

921 2656 1326 2739 Subsequitur
1354 2657 1408 2714 lo

866 2727 1023 2782 Vivit
1053 2732 1113 2784 at
1142 2727 1264 2784 invi

937 2802 1004 2854 Et
1035 2799 1306 2872 planctus
1341 2801 1484 2858 meri

866 2870 1020 2945 Jupo
1035 2870 1192 2942 _quid
1225 2877 1314 2928 est
1333 2874 1491 2945 quod
1506 2890 1540 2930 a

939 2941 1048 2998 Tot
1069 2941 1150 2998 ne
1179 2941 1367 3017 putas'
1383 2944 1480 3017 pla

864 3014 1014 3070 Erue
1046 3014 1232 3070 reocci

866 3101 1108 3231 ΝιῧῖΞέ
1117 3103 1426 3231 Ἔϐἕῐξιϐἕθρθ

942 3227 1064 3284 Imo
1099 3227 1386 3302 perseque

866 3300 1048 3355 Nemo
1080 3300 1314 3357 rebellat

947 3371 1218 3428 Belloaue
1246 3377 1404 3428 secta

873 3442 955 3498 Ne
987 3459 1078 3498 me
1106 3442 1259 3500 Juno
1291 3444 1344 3500 fe

945 3514 1058 3570 Eae
1087 3515 1248 3570 obitu
1278 3515 1396 3571 cele

871 3585 1068 3641 Usaue
1099 3588 1272 3641 modo
1298 3586 1371 3641 ﬂe

947 3604 951 3637 ι
997 3603 1068 3641 ue
1099 3602 1272 3641 moue
1298 3602 1371 3641 ne

947 3602 1109 3730 QIqu
1141 3661 1409 3730 superest
1437 3675 1484 3713 aa

874 3727 1130 3784 Perstitit
1159 3727 1246 3784 ira
1275 3729 1320 3784 D

943 3799 1120 3856 Miror
1151 3801 1304 3872 quod
1337 3800 1416 3856 sit

873 3870 1055 3926 Nemo
1087 3870 1200 3926 mei
1234 3873 1412 3927 memi

939 3942 1168 3999 Mecum
1201 3944 1389 4000 fmdus
1420 3944 1436 3997 i

870 4013 1140 4070 Coneutit
1170 4031 1305 4070 ossa
1337 4032 1430 4070 me

940 4086 1089 4140 Dum
1123 4091 1358 4141 renovat
1389 4087 1460 4141 fle

869 4157 1019 4212 Urbs
1050 4161 1203 4212 retro
1234 4157 1388 4212 subli

944 4227 1070 4282 Una
1101 4228 1167 4281 ﬁt
1193 4243 1262 4282 ex
1291 4227 1437 4282 mini

869 4299 1020 4354 Urbs
1049 4299 1284 4353 fortuna

937 4369 1041 4424 Vel
1072 4375 1312 4441 possent
1343 4371 1401 4426 fa

871 4440 1270 4511 Regna’beata
1299 4459 1366 4498 sa

941 4511 1112 4568 Dives
1143 4511 1365 4570 honora

871 4581 1072 4654 Regna
1095 4583 1265 4640 beata
1285 4602 1351 4640 sa

940 4655 1138 4728 Praedo
1168 4655 1407 4728 volupta

866 4725 1018 4782 Urbs
1046 4724 1396 4784 celebris—du

935 4799 1080 4854 Ecce
1111 4797 1302 4854 solum
1336 4817 1416 4854 nu

867 4870 1044 4943 Troja
1074 4869 1320 4943 antiqua
1347 4888 1417 4943 pe

939 4941 1193 5012 Jamjam
1229 4941 1422 4997 bubus
1454 4959 1485 4997 e

863 5012 1012 5085 Urbs
1042 5014 1196 5085 bona
1219 5013 1390 5085 plena
1419 5015 1492 5069 bo

935 5084 1230 5141 Praedicta
1247 5088 1410 5155 patro

871 5153 1047 5225 Plena
1079 5159 1208 5225 pote
1217 5153 1315 5210 nta

937 5224 1299 5281 Felieissima

867 5294 926 5351 Si
956 5297 1297 5352 commenda

936 5366 1152 5438 Cultus
1169 5385 1342 5438 supre

864 5438 1072 5491 Potum
1106 5437 1234 5492 vine

935 5508 1153 5562 Merces
1186 5526 1356 5565 mone

864 5578 1036 5634 Curia
1067 5595 1233 5649 perso

930 5651 1107 5707 Terra
1136 5651 1261 5707 suis
1284 5651 1356 5707 do

857 5723 1006 5781 Urbs
1037 5725 1203 5794 vetus
1235 5727 1291 5780 et
1315 5724 1421 5794 cla,

925 5798 1074 5856 Tom
1092 5793 1243 5854 bona
1265 5800 1384 5854 tam
1407 5793 1498 5854 cla

1598 498 1684 536 na:

1596 627 1692 678 tus

1597 767 1644 820 ri

1597 927 1701 964 CUS

1597 1053 1689 1106 nis

1593 1191 1667 1250 lis

1597 1336 1646 1392 ci

1597 1480 1700 1534 des

1596 1622 1667 1677 de

1597 1765 1646 1820 ri

1597 1911 1688 1964 dis

1599 2053 1732 2108 dem

1593 2192 1646 2252 rl

1598 2355 1661 2392 ΓΟ

1597 2482 1666 2535 de

1600 2639 1732 2677 rum

1599 2909 1688 2979 gis

1599 3051 1702 3106 des

1602 3193 1683 3249 ris

1604 3340 1698 3391 tur

2239 449 2492 519 Currunt
2522 446 2756 519 Larissa
2775 447 2930 519 Myce

2313 518 2584 575 Fortibus
2615 518 2848 590 absque
2868 535 2927 574 se

2234 589 2615 646 Viduatorem
2647 589 2824 645 vidua

2307 662 2571 716 Foederat
2600 678 2737 716 ense
2769 660 2824 716 la

2237 733 2511 788 Prohibet
2539 733 2704 788 dolor
2733 750 2860 788 esse
2890 731 3031 788 timo

2307 804 2510 861 Vivere
2541 803 2659 860 sive
2690 821 2786 859 mo

2240 875 2391 932 Finit
2423 876 2672 930 tentoria
2703 877 2824 932 Grec

2357 952 2378 1001 t
2410 947 2726 1002 fabricatur
2753 964 2784 1002 e

2240 1018 2304 1072 Et
2334 1017 2538 1090 iniqua
2568 1018 2770 1090 fraude
2799 1018 2935 1073 Sino

2314 1088 2457 1146 Urbs
2488 1090 2660 1144 modo
2692 1088 2862 1160 plena
2891 1091 2963 1145 bo

2241 1160 2395 1216 Parit
2425 1161 2651 1217 hostem
2683 1161 2953 1216 machina
2985 1177 3080 1217 mo

2309 1233 2455 1287 Tam
2488 1231 2774 1304 populosa
2804 1249 2876 1304 po

2239 1303 2580 1375 Praedaque
2597 1303 2870 1376 cupidine
2899 1321 2974 1359 σω

2310 1374 2548 1457 Pectora
2577 1374 2792 1457 clausa
2805 1392 2904 1457 pre

2237 1445 2383 1501 Hine
2414 1447 2723 1502 detruncat
2754 1445 2952 1502 Diome

2311 1517 2575 1584 Brachia,
2610 1535 2799 1584 crura,
2833 1534 2903 1588 pe

2238 1591 2438 1644 Praado
2469 1589 2631 1645 Paris
2667 1606 2702 1644 a
2723 1589 2923 1645 Diome

2310 1661 2523 1716 Reddit
2553 1661 2795 1716 alumna
2815 1661 2888 1715 Le

2237 1733 2495 1805 Remeat
2508 1733 2580 1788 ab
2608 1748 2805 1805 amore
2836 1731 2957 1805 prio

2310 1804 2652 1876 Delitiisque
2680 1804 2780 1859 the

2237 1876 2364 1931 Non
2396 1877 2613 1931 tradita
2641 1878 2847 1931 caetera
2877 1880 2967 1929 tra

2308 1947 2435 2002 Non
2469 1948 2638 2003 modo
2670 1947 2835 2002 clade
2865 1963 2930 2000 ca

2241 2018 2348 2074 Per
2377 2018 2534 2074 idem
2565 2018 2757 2074 modo.
2788 2018 3010 2072 Thesea
3034 2016 3122 2089 pri

2311 2090 2392 2145 Ne
2422 2091 2623 2145 redeas
2653 2090 2711 2144 in
2744 2089 2761 2143 i

2239 2161 2434 2218 Faciet
2461 2165 2706 2217 ventura
2736 2160 2877 2215 time

2310 2233 2530 2304 Turpia
2559 2232 2711 2288 sicut
2741 2232 2814 2288 he

2238 2304 2402 2369 Quod
2434 2302 2728 2359 inhaesitat
2757 2302 2916 2359 ebria
2938 2319 3003 2358 ve

2309 2376 2425 2430 Nec
2455 2375 2587 2446 ﬁdej
2597 2392 2768 2431 ussor
2797 2392 2828 2430 e

2239 2447 2428 2517 Super
2459 2447 2696 2502 additur
2725 2446 2958 2501 Hecuba
2986 2462 3101 2517 prae

2353 2517 2548 2591 cgitur
2575 2517 2657 2591 ire
2686 2535 2758 2590 pe

2235 2589 2473 2646 Crinem
2503 2589 2724 2645 laniata
2753 2589 2892 2645 deco

2310 2661 2418 2717 Per
2446 2660 2730 2716 theatrale
2761 2661 2816 2715 fe

2239 2733 2386 2816 Quia
2414 2731 2552 2816 vivit
2580 2748 2838 2816 paupere
2867 2732 2916 2788 vi

2307 2803 2672 2859 Vociferatur
2691 2803 2710 2858 i

2239 2875 2378 2932 Post
2407 2880 2578 2931 tanta:
2611 2875 2819 2931 funera
2843 2880 2963 2932 stra

2309 2947 2535 3002 Addere
2566 2963 2746 3018 posse
2773 2964 2869 3001 ma

2240 3018 2356 3072 Hos
2387 3034 2536 3088 quos
2567 3017 2780 3073 Occidit
2809 3017 2933 3073 Atri

2311 3089 2468 3153 Quos
2501 3089 2718 3144 obiisse
2748 3089 2803 3142 vi

2240 3160 2355 3214 Nec
2387 3161 2470 3215 sic
2501 3159 2605 3214 ulli
2640 3159 2850 3216 misere

2313 3231 2792 3303 Relliquiaseine

2239 3302 2352 3358 Sed
2385 3301 2536 3357 Juno
2566 3301 2842 3373 belligera

2313 3373 2610 3447 sanguine
2637 3389 2840 3447 mucro
2864 3390 2929 3428 sa

2242 3444 2524 3500 Ferien'de
2559 3449 2719 3516 potes
2745 3444 2957 3500 misere

2312 3515 2536 3588 Corpus
2559 3513 2720 3570 anile
2749 3522 2804 3571 te

2241 3586 2825 3643 Casus'incommoda
2853 3586 2917 3643 lae

2313 3659 2548 3730 Corripe
2571 3659 2686 3713 ﬁne
2716 3659 2819 3730 bre

2243 3735 2388 3784 Dare
2420 3729 2626 3785 caetera
2656 3729 2874 3785 nernici

2313 3799 2527 3857 Mentio
2558 3799 2721 3856 nulla
2751 3818 2808 3856 m

2241 3872 2482 3928 Gladius
2514 3873 2612 3944 qui
2641 3876 2845 3926 caetera
2877 3873 2910 3926 li

2314 3944 2403 3999 Me
2434 3959 2739 4015 superesse
2771 3944 2820 4004 si

2239 4014 2328 4087 Fit
2357 4014 2600 4086 spiritus
2634 4014 2885 4087 irrequie

2311 4086 2512 4142 Denuo
2543 4101 2754 4141 caussa
2773 4086 2877 4141 me

2237 4156 2307 4212 Et
2337 4158 2644 4229 abundans
2679 4157 2854 4229 rebus
2885 4156 2976 4229 opi

2307 4228 2646 4284 Annihilata
2673 4227 2734 4282 ni

2237 4300 2295 4356 Si
2331 4305 2528 4373 posset
2554 4300 2786 4356 vincere
2815 4298 2874 4354 fa

2307 4371 2554 4444 Segnius
2584 4386 2806 4444 essera

2237 4440 2616 4515 Urbs'primae
2642 4440 2884 4515 nobilita

2308 4513 2596 4570 Dantibus
2627 4514 2850 4584 absque
2881 4513 2955 4568 da

2236 4591 2428 4641 Donec
2458 4601 2708 4642 nocuere
2739 4585 2846 4639 bea

2311 4658 2376 4712 Et
2403 4657 2554 4712 male
2585 4661 2848 4727 raptare

2236 4730 2387 4785 Dum
2420 4725 2695 4784 terminat
2723 4725 2852 4782 alea
2880 4725 2942 4781 lu

2307 4800 2517 4856 Paetus
2548 4799 2659 4854 erit
2691 4815 2835 4870 pecu

2235 4871 2360 4926 Non
2387 4873 2513 4942 jam
2545 4868 2895 4942 mihi—Treja
2921 4868 3050 4924 vide

2305 4941 2546 5004 Pascua,
2578 4941 2766 4996 lustra
2795 4942 2847 4995 fe

2235 5013 2418 5080 Foris,
2451 5014 2631 5079 intus,
2657 5013 2800 5078 cive,
2835 5011 2959 5067 colo

2303 5086 2589 5140 Przsditus
2618 5083 2717 5139 ille
2745 5083 2878 5138 thro

2233 5156 2515 5213 Celeberri
2525 5173 2621 5209 ma
2652 5154 2830 5227 digna
2859 5152 2977 5210 rela

2304 5228 2590 5299 I’rincipe,
2620 5225 2762 5295 cive,
2798 5231 2888 5281 sta

2231 5299 2392 5363 Quod
2420 5295 2832 5355 commendare
2862 5295 2982 5352 sole

2304 5372 2444 5437 ltus,
2475 5387 2628 5437 ager.
2665 5369 2840 5431 unda,
2870 5384 2941 5423 ne

2231 5442 2468 5497 Pastum
2502 5439 2678 5496 dabat
2709 5456 2842 5494 arca
2875 5439 2940 5493 lae

2305 5513 2733 5583 Navigiumque
2772 5511 2858 5566 fre

2229 5584 2378 5640 Urbs
2409 5581 2653 5649 civibus;
2686 5599 2824 5637 arva
2853 5581 2974 5637 colo

2303 5656 2517 5711 Horrea
2543 5655 2715 5726 plena
2742 5654 2815 5726 bo

2231 5728 2391 5784 Bona
2418 5725 2584 5782 valde
2613 5731 2734 5781 tam
2763 5725 2918 5783 bona
2948 5743 3012 5783 ra

2299 5799 2390 5855 Fit
2419 5796 2675 5856 necualis
2705 5797 2784 5854 ha

3354 499 3434 537 na:

3352 630 3444 680 tus

3358 769 3404 823 ri

3356 927 3457 966 0113

3359 1053 3449 1108 nis

3356 1194 3431 1250 lis

3360 1336 3411 1392 ci

3363 1479 3462 1536 des

3361 1623 3430 1677 de

3365 1764 3412 1820 ri

3364 1907 3454 1964 dis

3367 2051 3497 2108 dem

3366 2192 3413 2248 ri

3367 2353 3428 2392 PO

3365 2481 3449 2536 dae

3366 2640 3494 2680 rum

3368 2769 3429 2822 ta

3368 2908 3499 2982 gis?

3369 3051 3512 3107 des?

3370 3193 3450 3250 ris

3368 3341 3464 3392 tur

3367 3480 3413 3535 ri

3370 3625 3422 3679 vi

3370 3767 3420 3823 ei

3371 3908 3430 3963 ni

3368 4054 3462 4105 tus

3369 4192 3479 4247 mis

3365 4478 3441 4533 tis

3362 4619 3442 4676 tis

3362 4763 3500 4818 dum

3361 4905 3444 4961 ris

3362 5064 3433 5103 DD

3360 5193 3423 5246 tu

3355 5347 3483 5388 mus

3351 5613 3440 5672 nis

3347 5771 3411 5816 τι

3672 315 3792 379 ΩΟΒ
