4026 6184
227 284 384 390 i209
930 327 1273 392 APPEND.
1318 328 1420 389 AD
1466 327 1922 390 BERNONEM.
1955 361 2036 374 --
2063 327 2424 392 ANNALES
2469 311 2938 392 A-UGIENSES.
3484 329 3640 393 me

619 461 790 519 Dives
805 463 887 518 ab
919 463 1040 518 anti
1353 515 1459 520 ,,,,
1990 466 2138 516 Dum
2169 461 2287 517 fato
2319 462 2502 518 fertur
2527 459 2612 520 ini

690 514 1201 616 Debéiitiﬁfmodi
1347 515 1464 570 quo
1990 514 2423 616 irit—xiiii}—
2437 514 2612 616 alii“
3104 514 3221 572 Ψλο

623 605 846 662 Caussa
875 606 958 661 rei
991 611 1052 661 ta
1347 640 1420 662 ιε,
1990 605 2257 660 Meretrix
2288 605 2397 659 fuit
2425 605 2599 660 exitia

695 640 958 687 “1930-.151
995 640 1052 661 ια.
1990 640 2187 660 λιιῠιυυι
2204 640 2257 687 [rt
2288 640 2397 659 Luxu
2425 640 2599 660 ῡΛιιια.

695 677 955 733 meina
979 678 1098 733 fata
2063 677 2320 731 Fcemina
2351 677 2486 732 faeta
2512 694 2608 732 ma

3106 640 3180 696 lis

303 801 595 858 Patienter
623 817 819 875 carere
851 818 1035 856 aevum
1069 801 1176 856 hoc
1226 800 1649 875 elegantiarum
1699 801 2060 875 ditissimum
2082 804 2474 875 monumento
2497 800 2606 875 hoc
2649 800 3002 875 barbarioris
3034 802 3293 875 potuisse
3327 818 3439 856 non
3459 819 3639 875 nego.

232 873 392 944 idem
414 877 610 928 tamen
632 877 690 927 et
711 872 1003 928 afﬁrmare
1021 890 1134 927 non
1168 871 1348 944 nolim
1383 872 1664 927 interesse
1683 872 1811 944 ejus
1835 871 1947 944 qui,
1968 873 2278 944 perfectam
2311 872 2696 944 eruditionem
2724 873 2974 939 affectat,
3000 871 3262 928 omnium
3296 871 3643 929 saeculorum

230 943 457 1023 litteras
478 961 603 1023 μοι)
636 945 922 1023 ignorare.
959 943 1406 1023 Prfetereajieet
1437 960 1724 1023 sermone,
1754 942 2178 1023 phrasiistylo,
2204 944 2540 1023 bar-barum,
2572 943 2869 1023 solaecum,
2902 943 3352 1023 affectatumque
3384 944 3492 999 hoc
3521 961 3643 1023 car-

235 1032 369 1096 men
389 1014 690 1096 _vid‘eatur,
722 1014 1087 1096 tamenquid
1119 1015 1341 1096 egerint
1371 1018 1496 1069 tum
1528 1014 1808 1096 temporis
1839 1014 2108 1096 homines
2135 1031 2269 1070 cum
2291 1014 2924 1096 ﬁelicitatem‘nostram
2949 1016 3209 1096 aspirare
3233 1014 3349 1096 non
3380 1020 3642 1096 possent,

233 1086 442 1142 exinde
472 1086 777 1142 discimus.
812 1085 1106 1144 Scriptum
1141 1085 1274 1141 vero
1309 1086 1416 1140 hoc
1449 1085 1682 1141 carnem
1715 1090 1804 1140 est
1853 1090 1988 1141 ante
2018 1103 2239 1141 annum
2291 1086 2522 1140 Domini
2559 1088 2714 1142 1200.
2763 1087 2910 1143 Nam
2970 1085 3242 1144 Nicolaus
3271 1085 3647 1144 Rievallensis

231 1162 402 1230 poeta
428 1174 546 1213 aevo
575 1155 674 1212 illo
707 1174 821 1213 non
855 1155 1047 1213 malus
1079 1158 1296 1212 diserte
1326 1157 1506 1227 hujus
1538 1156 1773 1212 distichi
1807 1157 2049 1212 secundi
2071 1161 2248 1229 caput
2278 1157 2478 1229 ponit:

891 1244 980 1294 Est
1008 1245 1153 1294 Paris
1183 1244 1383 1308 absque
1407 1245 1523 1307 pari
1552 1245 1742 1303 forma,
1775 1243 1871 1292 ﬂos
1898 1245 2088 1293 unicus
2117 1245 2281 1294 orbis.

307 1325 446 1405 Ejus
477 1340 686 1405 versus
709 1323 977 1405 producit
1005 1322 1448 1378 eruditissimus
1477 1340 1581 1377 Vir.
1609 1324 1663 1377 J.
1691 1321 1998 1405 .Picard-iu‘s
2030 1323 2102 1377 ad
2132 1321 2491 1405 Qu‘lielmum
2525 1322 3007 1405 Neubrigensem,
3163 1341 3202 1379 ιι
3232 1323 3312 1379 De
3344 1323 3648 1405 rebus_An:

234 1392 422 1468 glicis,
458 1411 583 1466 cap.
615 1392 966 1468 27.'lnventi
996 1411 1129 1450 vero
1160 1410 1346 1466 genus
1375 1411 1586 1449 novum
1619 1398 1730 1459 est,
1751 1410 1864 1468 nec
1898 1392 2012 1449 tale
2045 1395 2183 1468 quid
2219 1394 2504 1468 hactenus
2533 1392 2824 1468 prod‘iisise
2868 1395 2927 1468 in
2961 1395 3260 1468 publicum
3303 1399 3462 1466 puto.
3497 1395 3647 1468 Illud

236 1465 422 1546 unum
445 1465 836 1546 era‘t‘di‘gnius
855 1465 1283 1546 argumentum
1316 1483 1431 1537 quo
1464 1465 1938 1546 suppressionem
1973 1465 2179 1546 mereri
2213 1465 2393 1520 videri
2430 1465 2923 1546 poteratimitatio
2947 1465 3470 1546 maleieriatorum
3493 1466 3652 1546 inge-

237 1537 494 1609 niorum.
524 1539 594 1592 At
625 1537 745 1602 illo,
767 1537 1096 1609 siineptire
1127 1542 1577 1609 proposuerunt,
1611 1537 1722 1592 sibi
1756 1537 2043 1609 ineptiant
2065 1553 2207 1593 sane
2238 1553 2346 1592 suo
2381 1537 2680 1609 periculo;
2716 1537 3052 1594 nossazvire
3109 1539 3170 1594 in
3211 1538 3473 1594 nondum
3503 1537 3651 1595 bene

236 1614 442 1665 natum
473 1608 654 1664 fetum
687 1606 1004 1664 noluimus.
1040 1606 1314 1664 Mendum
1345 1614 1435 1664 est
1462 1608 1580 1664 illis
1610 1607 1822 1664 verbis.

891 1698 966 1746 Ne
995 1709 1080 1745 me
1097 1697 1233 1760 juno
1263 1696 1362 1746 feri
1394 1696 1634 1746 feriendo
1665 1701 1816 1760 potes
1849 1696 2108 1745 misereri.

238 1777 576 1850 Legendum
609 1780 698 1832 est
721 1780 812 1834 Me
838 1793 946 1843 me,
979 1777 1133 1856 quod
1168 1793 1422 1849 sequens
1451 1775 1767 1832 distichum
1801 1775 2110 1832 manifesto
2143 1777 2328 1833 docet.
2359 1778 2424 1834 Et
2450 1781 2539 1834 est
2567 1776 2825 1834 allusum
2853 1775 3001 1833 illud
3034 1777 3478 1837 Maronianum:

897 1867 999 1925 Me,
1035 1880 1136 1925 me,
1173 1867 1362 1916 adsum
1394 1866 1485 1930 qui
1516 1864 1634 1925 feci,
1665 1866 1721 1915 in
1750 1879 1834 1914 me
1865 1866 2156 1916 convertite
2175 1865 2395 1916 ferrum.

230 1945 362 2002 Alia
392 1947 687 2002 monenda
709 1951 910 2013 erant;
947 1946 1048 2002 sed
1081 1945 1266 2001 otium
1299 1944 1511 2001 melius
1546 1945 1725 2001 locari
1757 1947 1989 2018 poterit.

621 2267 1440 2397 APPENDIX
1524 2269 1729 2396 AD
1827 2263 2364 2398 OPERA
2455 2183 3278 2400 BERNONlS

1046 2526 1790 2633 ANNALES
1935 2525 2856 2634 ACGl-ENSES

1305 2739 1493 2810 (Apud
1524 2739 1683 2806 Perz,
1711 2738 1951 2794 Monum.
1996 2738 2171 2794 Germ.
2199 2739 2349 2807 hist.,
2383 2738 2426 2805 Ι,
2457 2738 2574 2810 67.)

1623 2974 1878 3045 PARS
1951 2974 2268 3044 PRIMA

458 3129 676 3192 Paucis
703 3133 956 3214 exceptis
986 3151 1060 3193 cx
1091 3131 1419 3193 Annalibus
1453 3130 1936 3193 Murbacensibus
1965 3149 2283 3212 eorumque
2307 3129 2754 3191 continuatione
2785 3131 3079 3210 Augiensi
3100 3128 3427 3211 desumpta.

309 3264 436 3318 709.
471 3263 710 3335 Hiemps
741 3265 944 3320 durus.
979 3266 1047 3320 Et
1078 3265 1427 3321 Gotal‘redus
1456 3265 1575 3320 dux
1623 3265 1890 3321 moritur.
1926 3267 1980 3333 Α
2079 3265 2204 3319 781.
2240 3268 2383 3319 Item
2436 3261 2686 3319 Karolus
2727 3262 2972 3319 Romam
3029 3262 3201 3319 venit.
3253 3264 3326 3319 Et
3383 3262 3662 3337 Pippinus

311 3353 438 3406 710.
472 3351 754 3424 Pippinus
785 3353 1196 3408 Alamanniam
1228 3353 1575 3425 ingreditur.
2016 3354 2442 3425 baptizabatur,

311 3442 442 3497 725.
477 3441 779 3498 Sarraceni
809 3442 1085 3513 primitus
1108 3442 1538 3515 ingrediuntur.
2075 3445 2202 3497 782.
2238 3441 2509 3514 Hiltigart
2540 3441 2742 3514 regina
2771 3439 2932 3496 obiit.

309 3529 438 3585 736.
475 3529 738 3586 Lantl‘rid
772 3530 1042 3585 moritur.
1261 3518 1267 3526 ’
2076 3533 2202 3587 785.
2239 3531 2484 3586 Karolus
2552 3531 2798 3587 Romam
2853 3530 3123 3603 perrexit.
3156 3531 3369 3586 Cruces
3400 3530 3461 3586 in
3481 3531 3663 3588 vesti-

307 3619 436 3675 731.
471 3619 681 3675 Obitus
715 3620 874 3675 Bedae
905 3620 1253 3692 presbyteri.
2009 3620 2120 3676 bus
2154 3624 2574 3692 apparuerunt.

314 3708 442 3763 734.
471 3705 717 3764 Karolus
746 3707 1002 3764 Fresiam
1032 3713 1244 3764 vastat.
2077 3711 2205 3765 786.
2240 3708 2489 3766 Karolus
2519 3725 2622 3782 per
2646 3708 3054 3766 Alamanniam
3113 3707 3373 3782 pervenit
3415 3709 3665 3766 adﬁnes

309 3797 438 3853 735.
471 3795 726 3853 Karolus
749 3796 1126 3854 Wasconiam
1160 3797 1395 3854 invasit.
2009 3797 2266 3853 Balarim.

313 3886 442 3941 741.
475 3883 724 3942 Karolus
753 3886 1024 3942 moritur.
2079 3888 2207 3942 787.
2238 3887 2465 3943 Tassilo
2497 3888 2634 3942 dux.
2681 3928 2693 3940 .
2741 3930 2753 3942 .
2800 3928 2811 3941 .

313 3974 440 4029 745.
479 3972 910 4030 Karlomannus
938 3973 1347 4030 Alamanniam
1379 3973 1725 4047 ingreditur.
2080 3977 2206 4032 791.
2242 3976 2486 4033 Karolus
2519 3992 2616 4031 rex
2643 3976 2948 4030 Hunorum
2981 3990 3229 4049 regnum
3259 3979 3467 4032 vastat.

313 4064 442 4120 747.
470 4062 901 4119 Karlomannus
935 4063 1179 4118 Romam
1211 4062 1420 4135 pergit,
2080 4065 2206 4120 799.
2243 4064 2438 4120 Gerolt
2467 4063 2769 4119 occiditur.

315 4153 442 4208 751.
477 4151 738 4208 Lantfrid
771 4152 1042 4208 moritur.
2081 4155 2206 4208 809.
2243 4154 2412 4225 Egino
2440 4154 2790 4208 conslituitur
2816 4170 2875 4207 rx
2906 4155 3032 4208 Kat.
3068 4151 3418 4224 Septembris.

315 4240 442 4297 752.
477 4239 759 4312 Pippinus
788 4239 848 4296 in
880 4256 1076 4312 regem
1106 4239 1386 4296 elevatur.
2082 4243 2206 4297 811.
2243 4242 2452 4298 Werdo
2485 4259 2548 4296 ιιι
2577 4242 2710 4297 Kal.
2744 4242 2950 4313 Aprilis
2981 4242 3117 4312 (63).

314 4329 444 4384 753.
461 4327 805 4400 Stephanus
835 4346 986 4401 papa
1014 4329 1072 4384 in
1109 4329 1410 4385 Franciam
1438 4329 1614 4384 venit.
2082 4331 2208 4386 312.
2251 4330 2412 4386 Wilto
2443 4347 2501 4385 IV
2526 4331 2648 4385 Kal.
2683 4331 2913 4402 Aprilis.

317 4417 444 4474 754.
478 4417 728 4474 Sanctus
761 4417 1096 4474 Bonifacius
1147 4418 1576 4492 martyrizatur.
1609 4419 1678 4473 Et
1709 4418 1901 4491 Pippi-
2083 4419 2208 4474 814.
2241 4420 2445 4474 Annus
2478 4418 2704 4490 primus
2736 4417 3065 4474 Hludowici
3096 4416 3486 4490 imperatoris.

240 4522 362 4564 nus
384 4504 613 4564 Italiam
642 4505 900 4563 intravit.
2083 4509 2208 4562 816.
2243 4507 2633 4563 Berenhartus
2663 4523 2784 4562 rex.

314 4597 446 4652 758.
479 4595 763 4668 Pippinus
788 4613 888 4652 rex
916 4596 976 4651 in
1008 4595 1320 4653 Saxoniam
1353 4595 1704 4670 ingreditur.
2083 4598 2208 4663 823,
2244 4598 2385 4653 Visio
2424 4597 2665 4652 Wcttini.

479 4684 764 4784 Eippinus
796 4685 856 4740 in
881 4685 1212 4784 Wasconia.
1962 4719 2050 4784 BA
2083 4684 2207 4739 829.
2239 4687 2492 4784 Pretiosa
2541 4701 2783 4784 corpora
2832 4683 3020 4739 sancti
3070 4683 3364 4784 Valentini
3407 4684 3670 4784 εει-σατιςεί

317 4773 446 4827 768.
478 4772 763 4845 Pippinus
787 4790 886 4829 rex
914 4774 1079 4830 obiit.
1962 4770 2224 4831 "Sencsii
2251 4775 2310 4828 in
2339 4773 2585 4846 Augiam
2617 4773 2861 4828 insulam
2888 4777 3172 4828 venerunt
3198 4789 3236 4827 v
3269 4771 3403 4828 Idus
3433 4770 3660 4842 Aprilis.

318 4862 450 4918 770.
491 4861 915 4920 Karlomannus
949 4881 1048 4919 rex
1077 4863 1243 4919 obiit.
2084 4863 2209 4918 836.
2243 4862 2413 4917 Hatto
2443 4862 2754 4935 episcopus
2787 4861 2950 4918 obiit.

318 4950 450 5006 771.
485 4950 734 5007 Karolus
765 4969 864 5008 rex
896 4952 951 5008 in
979 4952 1314 5010 Saxoniam.
2084 4953 2207 5006 838.
2239 4952 2420 5006 Puato
2449 4950 2735 5006 diaconus
2779 4949 2977 5022 palatii
3033 4949 3238 5021 lapsus
3294 4951 3384 5004 est
3432 4947 3503 5003 in
3557 4947 3666 5003 Ju—

321 5039 450 5095 773.
473 5038 661 5112 Capta
688 5045 779 5097 est
827 5041 994 5097 Italia
1042 5059 1076 5097 a
1120 5041 1376 5111 Francis,
1409 5045 1465 5098 et
1511 5042 1759 5099 Karolus
1793 5044 1904 5100 Ro-
2013 5040 2261 5096 daismo.
2312 5038 2609 5095 Erlebadus
2676 5040 2853 5106 cessit,
2895 5045 2948 5093 et
3016 5037 3285 5108 Wala/rid
3345 5037 3664 5092 constitutus

248 5142 413 5183 mam
447 5129 728 5200 pervenit.
2013 5137 2114 5185 est.

319 5211 456 5271 777.
484 5217 733 5274 Karolus
755 5218 1048 5292 Ispaniam
1079 5219 1421 5293 ingreditur.
2083 5219 2207 5275 840.
2240 5216 2490 5290 Eclipsis
2522 5215 2665 5272 solis
2712 5233 2773 5270 ιιι
2823 5215 2970 5270 Non.
3028 5214 3163 5282 Mai,
3198 5213 3348 5269 inter
3405 5217 3668 5270 octavam

320 5307 449 5361 779.
484 5306 626 5362 Item
657 5308 900 5364 Karolus
931 5310 990 5364 in
1043 5310 1314 5390 Saxonia.
1350 5311 1416 5365 Et
1472 5310 1658 5367 fames
1688 5327 1904 5384 magna
2013 5312 2071 5364 et
2102 5323 2317 5362 nonam
2351 5306 2579 5373 horam,
2614 5305 2672 5360 in
2731 5303 2932 5376 vigilia
2989 5303 3352 5361 ascensionis
3412 5300 3664 5359 Domini.
3749 5338 3768 5342 --

251 5393 699 5467 mortalitasque
729 5394 788 5450 in
822 5397 1082 5452 Francia.
2012 5395 2398 5454 Hludowicus
2430 5394 2595 5450 obiit.

320 5483 447 5537 780.
480 5485 728 5540 Saxonia
756 5489 927 5556 capta
958 5489 1069 5540 est.
2083 5485 2209 5541 842.
2242 5482 2458 5540 Divisio
2489 5483 2672 5556 regni.

323 5598 438 5670 (63)
464 5599 708 5670 [Werdo]
742 5599 922 5656 abbas
953 5600 1012 5656 S.
1045 5597 1213 5656 Galli.
