4052 6158
454 242 607 305 1211
1161 238 1494 308 ᾹΡΡΕΝΠ.
1538 244 1641 307 ΔΙ)
1681 243 2091 309 BERNONEIl

2238 280 2255 291 -
2281 247 2646 311 ANNALES
2691 248 3148 312 AUGIENSES.
3320 310 3334 326 ,
3658 256 3773 318 1212

522 378 648 434 843.
679 375 887 434 Iudith
917 374 1079 433 obiit.

522 468 647 525 856.
679 464 1009 540 Hildigarht
1038 464 1200 522 obiit.

2124 380 2180 447 Α

2350 381 2478 436 858.
2513 372 2851 438 Fulcwmus
2882 380 3063 439 abbas
3093 380 3258 448 obiit,
3291 389 3343 439 et
3369 382 3662 441 Watdarius
3683 401 3781 443 me

2205 469 2380 525 cessit.

1590 676 1803 746 PARH‘
1856 674 2276 763 SECUNDA,
2332 677 2714 751 GENUINA

514 880 644 936 860.
680 879 1038 953 Meginratus
1067 878 1354 934 heremita
1382 878 1795 951 martyrizatus
1824 882 1932 933 est.

514 971 645 1025 864.
677 967 975 1024 Waldheri
1003 968 1185 1024 abbas
1210 968 1403 1024 desiit.
1436 969 1621 1023 Hecco
1646 969 1929 1024 successit
1958 969 2093 1041 (64).

516 1061 645 1115 868.
676 1057 814 1113 Visa
845 1062 933 1112 est
962 1061 1187 1113 cometa
1218 1055 1718 1113 manifestissime.

2285 880 2411 937 915.
2445 880 2685 954 Ungarii
2717 883 2898 937 totam
2952 880 3361 939 Alemanniam
3392 882 3521 957 igne
3567 887 3617 940 et
3637 885 3785 958 gladio

2203 974 2597 1037 vastaverunt,

2274 1060 2399 1114 917.
2435 1059 2649 1132 Ungari
2684 1078 2786 1133 per
2819 1060 3225 1118 Alemanniam
3268 1062 3328 1117 in
3358 1060 3620 1118 Alsatiam
3645 1068 3691 1119 et
3714 1082 3787 1120 us-

515 1148 643 1204 869.
676 1149 834 1203 Ictus
866 1145 1127 1202 fulminis
1180 1145 1305 1201 Kal.
1359 1144 1499 1201 Julii
1533 1144 1683 1200 inter
1719 1144 2008 1201 decimam
2041 1150 2096 1201 et
2206 1164 2320 1220 que
2350 1148 2422 1204 ad
2455 1148 2603 1205 ﬁnes
2648 1149 2901 1205 Lotharii
2957 1151 3116 1225 regni
3170 1155 3475 1207 venerunt.
3519 1151 3789 1226 Ercbanger

448 1237 820 1294 undecimam
853 1235 1057 1292 horam
1080 1235 1216 1290 diei.

516 1326 642 1380 871.
676 1326 826 1379 Hcco
859 1326 1040 1378 abbas
1073 1322 1237 1389 obiit,
1269 1326 1325 1379 et
1356 1321 1600 1377 Ruadho
1633 1323 1647 1356 ¹
1682 1322 1984 1378 successit.

517 1415 644 1470 873.
683 1416 836 1468 lctus
868 1410 1134 1467 fulminis
1164 1410 1547 1467 Wormatiam
1569 1410 1912 1466 combussit.

2204 1241 2261 1293 et
2285 1237 2580 1293 Peratolht
2610 1238 2874 1295 decollati
2908 1244 3066 1295 sunt.

2273 1326 2400 1381 919.
2434 1327 2504 1381 Et
2532 1326 2918 1385 Chuonradus
2948 1344 3047 1384 rex
3077 1328 3221 1384 obiit
3250 1329 3293 1383 ⁸.

2273 1416 2400 1470 923.
2428 1415 2903 1472 Preciosissimus
2934 1417 3251 1473 thesaurus
3273 1416 3573 1491 sanguinis
3588 1418 3786 1485 Domini,

518 1504 643 1557 875.
678 1501 1033 1557 Ludowicus
1083 1504 1272 1555 Caesar
1330 1499 1505 1554 Italiae
1564 1498 1728 1566 obiit,
1760 1502 1816 1554 et
1845 1499 2094 1555 Karolus
2204 1503 2264 1558 in
2291 1504 2541 1577 Augiam
2574 1506 2595 1539 ⁷
2626 1505 2783 1560 venit
2810 1506 2844 1560 6
2872 1506 3009 1561 Idus
3040 1506 3407 1561 Novembris.

447 1609 547 1648 rex
576 1589 773 1648 Galliae
805 1590 1052 1645 Romam
1083 1588 1362 1661 pervenit.

2272 1593 2399 1648 926.
2435 1592 2652 1666 Ungari
2682 1596 2861 1649 totam
2892 1594 3216 1663 Franciam,
3246 1593 3545 1663 Alsatiam,
3574 1594 3787 1664 Galliam,

518 1681 692 1735 876.’
748 1677 1101 1734 Ludowicus
1142 1677 1299 1733 ﬁlius
1364 1676 1665 1731 Ludowici
1725 1676 2094 1749 imperatoris
2203 1685 2378 1753 atque
2409 1680 2813 1738 Alemanniam
2846 1683 2977 1756 igne
3007 1687 3064 1739 et
3112 1683 3312 1757 gladio
3362 1687 3716 1744 vastaverunt.
3740 1687 3789 1741 Et

447 1769 614 1824 obiit.
649 1769 716 1823 Et
744 1765 963 1823 bellum
995 1766 1144 1821 inter
1174 1765 1558 1821 Ludowicum
1591 1769 1647 1821 et
1674 1763 1951 1820 Karolum
1981 1764 2092 1819 im-
2123 1789 2171 1853 B
2203 1770 2586 1844 Burghardus
2617 1771 2736 1831 dux
2764 1772 3050 1827 occiditur
3075 1773 3116 1827 ⁸,

445 1861 795 1930 peratorem.

513 1947 640 2000 878.
672 1943 920 2016 Eclipsis
950 1941 1091 1998 solis
1120 1960 1178 1998 IV
1206 1942 1330 1998 Kal.
1364 1942 1726 1998 Novembris.

2271 1861 2397 1915 927.
2431 1860 2671 1932 Hiemps
2702 1874 2915 1933 magna
2938 1860 3115 1917 nimis
3146 1861 3284 1933 (66).

2270 1949 2395 2004 931.
2429 1948 2737 2005 Heinricus
2766 1966 2865 2004 rex
2911 1965 3074 2022 reges
3116 1949 3535 2006 Abodritorum
3577 1955 3627 2005 et
3653 1950 3791 2005 Nord-

513 2035 640 2090 879.
672 2034 695 2068 ⁸
723 2032 971 2088 Karolus
1001 2030 1159 2086 ﬁlius
1190 2030 1493 2087 Ludowici
1537 2031 1690 2103 regis
1733 2032 2091 2087 Francorum
2202 2053 2554 2093 mannorum
2578 2037 2758 2093 efﬁcit
2785 2036 3165 2110 Christianos,
3198 2043 3259 2095 et
3304 2038 3590 2112 profectus
3615 2039 3665 2094 in
3691 2038 3789 2094 Gal-

442 2127 500 2180 et
529 2125 706 2180 frater
734 2118 1141 2179 Caroloiixanni
1171 2125 1229 2176 et
1249 2120 1547 2177 Ludowici
1580 2119 1803 2176 Italiam
1831 2120 2091 2193 primum
2200 2126 2362 2181 liam.

442 2212 703 2269 intravit.

507 2217 529 2267 t
639 2216 655 2266 i
689 2254 703 2269 .

465 2230 640 2357 Πέέίῖ
660 2216 1141 2356 tKarolomannus
1171 2315 1269 2353 rex
1298 2296 1576 2353 Bawaria:
1605 2297 1768 2353 obiit.

512 2392 640 2445 881.
674 2388 923 2444 Karolus
956 2388 1151 2443 Romae
1179 2387 1370 2442 Caesar
1392 2384 1661 2441 efficitur.

514 2480 639 2534 887.
674 2475 917 2533 Karolus
958 2477 1277 2549 imperator
1322 2490 1500 2548 regno
1560 2474 1837 2546 privatur.
1886 2474 1955 2530 Et
1982 2475 2089 2530 Ar-

446 2567 647 2625 nulfus
676 2565 834 2622 ﬁlius
864 2564 1277 2621 Karolomanni
1304 2563 1362 2619 in
1394 2579 1589 2637 regem
1620 2561 1898 2620 elevatur.

512 2658 637 2713 888.
669 2657 692 2691 ²
721 2653 974 2710 Karolus
1007 2654 1326 2726 imperator
1355 2652 1518 2709 obiit.

509 2746 635 2802 891.
668 2742 982 2802 Sunderolt
1012 2741 1488 2815 archiepiscopus
1518 2759 1552 2798 a
1579 2742 1972 2798 Nerdmannis
2003 2758 2093 2799 oc-

446 2834 686 2892 ciditur.

2270 2217 2396 2272 932.
2434 2215 2646 2290 Ungari
2676 2233 2780 2289 per
2824 2216 3134 2274 orientales
3194 2219 3453 2274 Francos
3490 2221 3543 2273 et
3568 2216 3791 2274 Aleman-

2200 2304 2362 2361 niam
2393 2305 2597 2360 multis
2627 2303 2957 2362 civitatibus
2989 2305 3121 2379 igne
3146 2310 3209 2362 et
3235 2305 3432 2380 gladio
3462 2306 3789 2378 consumptis,

2193 2394 2363 2465 juxta
2390 2393 2779 2450 Wormatiam
2810 2393 3009 2468 Rheno
3056 2395 3330 2465 transito,
3360 2413 3543 2470 usque
3584 2396 3648 2451 ad
3670 2411 3791 2451 mare

2200 2498 2486 2538 oceanum
2515 2498 2762 2556 regnum
2793 2481 2986 2538 Galliae
3017 2484 3488 2553 devastaverunt,
3518 2488 3573 2540 et
3596 2500 3684 2556 per
3707 2484 3792 2539 Ita-

2198 2569 2339 2625 liam
2371 2571 2690 2626 redierunt.

2268 2659 2393 2715 934,
2428 2658 2644 2732 Ungari
2674 2661 2748 2716 ab
2764 2660 3015 2716 exercitu
3038 2661 3199 2734 regia
3221 2661 3476 2719 Heinrici
3494 2661 3650 2718 occisi
3669 2665 3791 2727 sunt,

2199 2753 2259 2805 et
2278 2747 2448 2805 multi
2479 2748 2886 2821 comprehensi
2917 2753 3075 2810 sunt.

2267 2838 2394 2901 936.
2430 2836 2734 2895 Heinricus
2765 2855 2863 2895 rex
2910 2838 3072 2907 obiit,
3104 2844 3164 2895 et
3224 2840 3361 2897 Otto
3417 2840 3567 2897 ﬁlius
3620 2839 3726 2911 ejus
3748 2838 3793 2893 in

512 2924 638 2980 896.
669 2921 945 2979 Arnolqu
973 2921 1167 2977 Romae
1197 2924 1386 2976 Caesar
1412 2920 1683 2976 efﬁcitur.
1725 2921 1795 2976 Et
1819 2919 1879 2975 in
1906 2920 2093 2994 Augia
2199 2942 2446 3000 regnum
2476 2926 2870 2985 constituitur.
2907 2926 3280 2985 Frithuricus
3307 2928 3418 3002 (67)
3467 2927 3795 3001 archiepisco-

443 3012 682 3071 miseria
711 3011 885 3068 famis
916 3016 974 3067 et
1023 3009 1399 3067 mortalitatis
1457 3009 1768 3066 Christiani
1823 3009 2092 3066 homines
2199 3032 2311 3089 pus
2332 3015 2659 3072 ordinatus.

441 3102 682 3160 alterius
711 3116 947 3158 carnem
979 3100 1379 3156 comederunt.
2131 3158 2162 3164 η
2271 3106 2397 3161 937.
2432 3105 2851 3162 Monasterium
2882 3106 3068 3163 sancti
3097 3106 3385 3164 Bonifacii
3411 3112 3467 3163 et
3494 3104 3663 3163 sancti
3683 3101 3797 3161 Galli

667 3208 706 3247 ιι
735 3191 872 3247 Idus
901 3188 1063 3246 Junii
1095 3188 1247 3244 ictus
1278 3187 1549 3244 fulminis
1578 3191 1710 3243 ante
1740 3204 2034 3246 auroram.
2120 3158 2165 3225 C
2204 3158 3797 3267 ignecensu—month:—ductio—libs"rexetiarnolfusvdux

512 3281 638 3337 899.
671 3278 891 3352 Ungari
923 3277 1151 3337 Italiam
1192 3276 1442 3350 ingressi
1482 3277 1667 3333 multa
1717 3278 1916 3347 (mata)
1944 3278 2090 3335 fece-
2202 3283 2492 3340 obierunt.

442 3373 601 3426 runt.
632 3368 704 3424 Et
726 3366 1000 3422 Arnolfus
1031 3366 1351 3438 imperator
1389 3366 1657 3421 moritur.
1718 3367 1788 3422 Et
1819 3367 2092 3425 Ludowi-
2271 3373 2398 3428 938.
2432 3372 2563 3428 Otto
2593 3388 2690 3429 rex
2717 3371 2778 3427 in
2810 3373 3110 3430 Bawarios
3137 3374 3286 3439 ibat,
3320 3374 3548 3447 illisque
3580 3371 3796 3429 resisten-

443 3476 548 3515 cus
579 3456 738 3512 ﬁlius
764 3456 893 3527 ejus
922 3455 984 3509 in
1011 3469 1204 3525 regem
1229 3453 1504 3508 elevatur.
2203 3460 2364 3516 tibus
2394 3460 2585 3516 rediit.
2622 3461 2823 3517 Frater
2850 3462 2979 3533 ejus
3032 3461 3347 3519 Heinricus
3403 3460 3795 3535 comprehensus

512 3546 638 3599 900.
671 3542 983 3598 Zuntibold
1014 3558 1113 3596 rex
1143 3541 1299 3595 ﬁlius
1332 3540 1543 3597 Arnolﬁ
1577 3542 1867 3598 occiditur
1896 3545 1938 3598 ³.
2203 3553 2294 3605 est
2325 3549 2398 3603 ab
2427 3548 2783 3604 Eberhardo.
2817 3548 2919 3604 Illo
2961 3565 3094 3606 vero
3142 3549 3413 3618 liberato,
3460 3547 3793 3606 Eberhardum

513 3632 642 3689 905.
675 3629 900 3686 Bellum
932 3630 1084 3684 inter
1130 3629 1543 3685 Chnonradum
1604 3634 1662 3686 et
1717 3631 2094 3688 Adalbertum
2203 3636 2261 3691 in
2294 3635 2567 3693 exsilium
2594 3637 2778 3703 misit,
2811 3654 2877 3694 ac
2908 3638 3120 3694 iterum
3153 3639 3464 3696 Bawarios
3492 3638 3679 3695 invasit
3694 3649 3791 3690 cum

449 3723 726 3791 Francos,
762 3720 821 3775 in
853 3735 969 3791 Quo
1003 3718 1213 3774 cecidit
1241 3716 1648 3775 Chnonradus.
2205 3725 2809 3798 exercitu,omnesque
2839 3724 2951 3782 sibi
2984 3726 3398 3799 subdidit,nisi
3419 3731 3634 3785 tantum
3655 3737 3793 3780 unum

514 3812 642 3867 907.
673 3804 922 3866 Baioarii
951 3812 1010 3865 et
1037 3808 1060 3842 ⁴
1087 3807 1162 3863 ab
1194 3807 1527 3881 Ungaribus
1556 3808 2007 3866 interﬁciuntur.
2205 3814 2424 3870 Arnolﬁ
2456 3813 2666 3869 tilium.
2696 3813 2932 3871 Interim
2976 3832 3193 3889 magna
3241 3834 3382 3890 pars
3434 3818 3747 3890 Ungarorum
3770 3826 3795 3864 τι

516 3901 642 3956 908.
677 3899 937 3973 Ungares
966 3897 1279 3954 Saxoniam
1313 3900 1372 3953 et
1399 3896 1740 3971 Turingiam
1771 3903 2023 3955 vastant.
2205 3903 2537 3963 Saxonibus
2565 3902 2756 3959 occisa
2775 3907 2883 3960 est.

517 3989 643 4045 909.
676 3988 936 4063 Ungares
962 3986 1371 4043 Alemanniam
1394 3987 1646 4060 ingressi
1679 3991 1835 4042 sunt.
2274 3990 2402 4047 939.
2436 3990 2567 4047 Otto
2600 4008 2701 4047 rex
2729 3990 2853 4047 ibat
2882 3991 2942 4048 in
2985 3992 3374 4069 Lotheringos
3424 4011 3598 4068 usque
3637 3989 3695 4047 ad
3717 3988 3792 4044 Ga-

519 4080 643 4135 910.
676 4076 881 4135 Franci
909 4076 983 4132 ab
1011 4075 1344 4149 Ungaribus
1402 4078 1504 4131 aut
1559 4074 1735 4131 occisi
1784 4079 1885 4131 aut
1914 4076 2097 4151 fugati
2207 4080 2581 4153 primontem.
2618 4080 2844 4137 Interea
2875 4081 3234 4140 Ludowicus
3288 4102 3388 4140 rex
3426 4082 3609 4141 Galliae
3634 4074 3795 4136 invasit

450 4173 610 4226 sunt.
2206 4168 2506 4225 Alsatiam.
2540 4169 2706 4225 Tunc
2736 4184 2835 4225 rex
2879 4169 3009 4225 Otto
3051 4176 3349 4229 revertens
3391 4172 3541 4229 venit
3562 4170 3625 4227 ad
3650 4164 3794 4223 Prisc-

518 4257 646 4313 911.
678 4253 1066 4313 Cbnonradus
1096 4252 1156 4308 in
1181 4269 1375 4326 regem
1405 4251 1681 4308 elevatur.
2209 4273 2361 4323 cam,
2392 4260 2450 4312 et
2473 4256 2705 4312 obsedit
2735 4273 2865 4313 eam
2892 4275 2905 4325 ;
2933 4261 2990 4314 et
3015 4259 3379 4318 Ludowicus
3403 4258 3664 4317 discessit.
3685 4254 3795 4310 Inte-

518 4347 651 4403 913.
691 4345 823 4418 Hug
851 4342 1148 4400 abbatiam
1173 4342 1285 4414 (65)
1316 4342 1617 4399 successit.
1668 4341 1848 4416 Ungri
1906 4347 2099 4416 partes
2208 4346 2320 4406 rim
2349 4362 2484 4402 vero
2514 4344 2797 4401 Eberhart
2843 4347 2961 4403 dux
3007 4347 3243 4404 occisus
3274 4353 3383 4418 est,
3417 4353 3472 4405 et
3511 4344 3793 4404 Gisilbertus

451 4432 809 4493 Alemannim
836 4435 1227 4499 vastaverunt,
1257 4434 1314 4487 et
1335 4432 1509 4504 juxta
1540 4430 1600 4486 in
1656 4430 1898 4487 ﬂuvium
1932 4449 1966 4487 a
1997 4432 2099 4488 Ba-
2208 4435 2327 4490 dux
2355 4434 2414 4489 in
2447 4433 2649 4489 Rheno
2680 4434 3024 4495 sdbmersus
3067 4441 3344 4494 mortuus
3390 4441 3495 4495 est.
3526 4437 3701 4492 Postea
3722 4441 3793 4485 rex

451 4523 660 4581 wariis
689 4525 746 4578 et
773 4519 1134 4577 Allemannis
1163 4519 1337 4576 occisi
1367 4521 1389 4555 ³
1420 4523 1578 4576 sunt.
1612 4519 1852 4593 Hiemps
1890 4537 2106 4595 magna
2134 4525 2181 4591 D
2211 4523 2335 4580 ibat
2362 4540 2498 4579 cum
2514 4524 2770 4580 exercitu
2795 4523 2858 4579 in
2879 4524 3359 4599 Lutheringos,et
3374 4542 3566 4584 omnes
3582 4539 3674 4579 suo
3689 4516 3792 4574 sub-

453 4610 655 4670 nimis.
2202 4610 2435 4685 jugavit
2468 4611 2737 4684 imperio,
2770 4616 2977 4685 preter
3006 4613 3290 4673 Metensis
3320 4617 3342 4651 ³
3368 4602 3794 4688 episcopum.Nec

1818 4725 2062 4783 VARle
2102 4727 2509 4784 LECTIONES.

523 4828 542 4862 ¹
577 4822 802 4882 ruadho
830 4823 1026 4880 Batus.
1147 4823 1169 4857 ²
1197 4823 1261 4880 hi
1285 4823 1508 4879 numeri
1535 4823 1730 4880 desunt
1777 4824 1848 4878 ιη’
1887 4825 2110 4880 Batuzii
2153 4824 2408 4882 editione.
2524 4825 2546 4860 ³
2573 4825 2721 4952 αἵιά
2767 4827 3062 4882 Baluzium
3109 4829 3274 4886 initio
3312 4830 3449 4886 anni
3473 4824 3570 4882 899
3592 4820 3792 4879 collocata

523 4906 601 4952 nt.
632 4896 727 4952 sed
753 4904 913 4952 certe.
948 4894 1089 4952 quod
1111 4902 1162 4952 et
1189 4895 1415 4951 annales
1441 4894 1779 4951 Colonienses
1808 4896 1964 4952 infra
1992 4896 2187 4952 edendi
2212 4898 2492 4952 evincunt.
2522 4900 2583 4951 ut
2646 4899 2697 4952 ie
2727 4896 2938 4952 factum
2964 4903 3045 4952 est
3069 4900 3474 4952 enmiittuenda
3499 4902 3653 4952 erant.
3711 4890 3731 4923 ‘
3749 4888 3792 4940 οὶ

454 4906 601 4965 sunt,
632 4896 728 4970 sed
753 4904 913 4962 certe,
948 4894 1162 4970 quodet
1189 4895 1422 4970 annales
1441 4894 1779 4970 Colonienses
1808 4896 1964 4970 infra
1992 4896 2187 4970 edendi
2212 4898 2492 4970 evincunt,
2522 4900 2583 4951 ut
2606 4888 2697 4970 hic
2722 4896 2938 4970 factum
2964 4903 3045 4954 est
3069 4900 3474 4961 consiittuenda
3499 4902 3653 4970 erant:
3711 4890 3731 4923 ‘
3749 4888 3792 4940 οι

455 4970 642 5042 plures
658 4968 760 5042 [tie
786 4966 1248 5042 voces’excidzsse
1301 4966 1526 5042 indicat.
1575 4968 1647 5038 cf.
1706 4967 1971 5042 Reginam.
2023 4969 2237 5042 contin.
2285 5038 2294 5042 _
2346 4967 2663 5042 Fsuccensi
2689 4966 2827 5042 sunt
2877 4970 3068 5025 Batus.
3140 4971 3344 5042 γδνΙιεεε
3392 4969 3654 5042 palum.
3679 4969 3789 5038 ωυιρ

460 5036 568 5094 917
599 5039 869 5109 adjungit,
930 5054 1027 5095 nos
1085 5039 1379 5107 Reginonis
1405 5110 1410 5112 Α
1438 5044 1577 5092 cont.
1604 5036 1965 5112 sequimur.
2022 5039 2043 5072 ⁷
2073 5038 2135 5094 in
2192 5038 2461 5112 atgtigiam
2502 5039 2707 5112 Batus.
2773 5040 2794 5075 ⁸
2823 5048 2959 5112 post
3031 5041 3323 5099 occiditur
3350 5060 3384 5099 α
3451 5036 3658 5098 Baluzio
3685 5036 3787 5087 κη·

465 5113 691 5184 cuntur,
723 5124 846 5180 qua?
873 5112 1206 5184 auctoritate
1261 5110 1659 5184 continuatam
1696 5110 1991 5178 Regina-nis
2028 5126 2173 5166 anno
2236 5110 2349 5184 932
2384 5110 2745 5184 adscribenda
2798 5110 3174 5184 judicavimus
3194 5133 3217 5180 ;
3275 5114 3456 5171 eadem
3505 5112 3786 5167 Hennam“

464 5180 778 5238 Contractus
807 5195 954 5236 anno
982 5181 1090 5238 937
1122 5183 1305 5251 refert.
1383 5181 1405 5216 ⁹
1444 5181 1557 5252 tege
1587 5184 1908 5241 metens‘em
1939 5186 2041 5236 aut
2070 5181 2353 5238 metensis
2383 5181 2564 5238 urbis.

2044 5296 2279 5354 NOTJE.

535 5384 645 5454 (6v)
674 5381 970 5459 [thderi._
1007 5423 1019 5436 .
1066 5422 1079 5437 .
1108 5385 1293 5459 Hecco]
1344 5385 1584 5442 abbates
1640 5383 1838 5458 Augim
1871 5384 2109 5455 divitis;
2294 5385 2404 5459 (66)
2437 5386 2499 5459 In
2533 5385 2849 5459 Reginonis
2878 5387 3094 5444 contin.
3127 5406 3280 5448 anno
3309 5390 3428 5445 928.

535 5385 645 5454 (δὴ)
674 5385 961 5452 [Watderi.
1007 5423 1019 5436 .
1066 5422 1079 5437 .
1108 5385 1293 5455 Heceo]
1344 5385 1584 5442 abbates
1640 5385 1838 5458 Augiae
1871 5385 2109 5455 divitis;
2294 5387 2385 5457 (66
2437 5386 2499 5442 In
2533 5385 2849 5459 Reginonis
2878 5387 3065 5444 contin

463 5455 625 5531 Hegio
638 5451 732 5531 vel
768 5453 928 5531 Heito
956 5451 1292 5526 legendum.
1458 5470 1461 5475 '
2291 5385 2406 5530 (67%
2439 5457 2880 5531 Mogontiensis.
3058 5460 3065 5467 '

537 5523 653 5600 (65)
675 5523 1053 5598 Augienseni.
