4052 6158
221 240 390 301 1217

1556 227 1738 289 VITA
1783 227 1929 290 (ἷοΝ
1944 229 2124 291 RADI
2172 231 2446 294 SALlCl.

3562 237 3714 300 {218

221 374 528 428 (icateurs
563 363 638 419 de
673 375 793 418 son
821 360 1097 430 temps.A
1129 356 1184 412 la
1215 357 1293 412 fin
1325 363 1414 412 est
1443 359 1640 429 ajoute
1683 377 1760 414 un
1802 361 1946 432 petit
1975 365 2024 427 Α
2057 363 2325 436 strophes
2356 365 2618 420 chacune
2665 363 2737 420 de
2791 365 2888 420 dix
2937 367 3115 437 petits
3162 381 3292 422 vers
3333 368 3534 424 rimés.
3570 370 3716 425 Mais

223 465 450 534 poéme
484 453 833 526 élégiaque,
865 447 969 519 qui
1024 448 1111 500 fut
1161 448 1427 534 présenté
1479 450 1511 500 ὸ
1563 445 1619 500 la
1669 446 1820 502 table
1871 449 1948 502 du

225 532 435 606 meme
470 542 704 616 prince.
743 537 789 593 ll
825 534 997 592 roule
1030 551 1134 589 sur
1162 532 1214 588 le
1248 537 1502 606 mystere
1533 535 1603 589 de
1631 534 1862 600 Noél,et
1878 553 1950 592 ne

228 636 512 695 contient
538 627 859 686 d’ailleurs
895 638 1128 678 aucune
1159 622 1366 676 beauté
1396 622 1690 694 poétique.

303 721 601 781 Canisius
635 721 731 774 est
764 715 818 770 le
851 711 1110 785 premier
1141 710 1238 781 qui
1265 710 1342 764 ait
1372 711 1481 764 tiré
1513 711 1584 765 de
1616 710 1952 768 l’obscurité

233 833 331 873 ces
365 813 534 868 deux
567 808 772 881 pieces
805 803 881 857 de
914 801 972 856 la
1003 815 1174 854 muse
1217 799 1286 852 de
1329 797 1576 870 Vippon.
1615 799 1768 855 Elles
1818 807 1952 856 sont

235 905 484 980 placées
515 915 592 953 au
623 892 850 951 second
885 888 1122 944 volume
1154 888 1223 941 de
1252 903 1345 940 ses
1371 889 1648 942 Lectiones
1679 890 1948 960 antiquaa.

235 975 376 1048 δ’οὺ
415 987 568 1044 elles
601 987 709 1039 ont
741 981 835 1036 été
864 977 1269 1048 transportées
1301 993 1372 1030 au
1406 991 1494 1030 111°
1525 975 1758 1032 volume
1790 977 1862 1032 de
1896 978 1954 1033 la

236 1075 522 1137 nouvelle
551 1071 782 1128 édition
813 1067 894 1122 du
931 1067 1123 1120 meme
1154 1062 1368 1118 recueil
1404 1081 1508 1136 par
1547 1064 1624 1119 M.
1663 1069 1950 1139 Basnage,

239 1167 343 1243 qui
377 1184 417 1239 γ
445 1180 483 1219 a
521 1160 628 1216 fait
662 1152 1677 1243 quelquesrlégeresobscrvations.

311 1259 378 1311 3°
408 1255 458 1308 A
508 1256 571 1307 la
620 1250 701 1303 fin
756 1245 830 1300 de
884 1241 1176 1298 l'llistoire
1209 1240 1277 1295 de
1309 1239 1662 1312 l’empereur
1699 1241 1950 1311 Conrad,

237 1346 511 1403 l’auteur
542 1357 578 1394 a
609 1336 812 1408 ajouté
836 1350 916 1388 un
945 1330 1122 1384 chant
1142 1327 1388 1400 lugubre
1411 1345 1510 1383 sur
1534 1329 1588 1383 la
1617 1335 1774 1384 mort
1795 1332 1865 1387 de
1889 1349 1953 1388 ce

239 1436 480 1510 prince.
516 1428 606 1485 En
641 1423 884 1498 parlant
917 1421 988 1474 de
1020 1417 1168 1474 celui
1201 1418 1302 1510 qui
1318 1417 1530 1510 _l’ava_lt
1563 1416 1690 1483 fait,
1718 1417 1764 1510 ‘il
1799 1437 1869 1510 ne
1900 1418 1954 1510 le

242 1505 505 1595 designe
535 1533 651 1590 que
681 1530 793 1586 par
824 1525 924 1564 ces
954 1513 1169 1595 termes
1200 1505 1421 1595 quidam
1451 1507 1514 1559 de
1543 1508 1771 1595 nostris.
1806 1508 1954 1564 Mais

241 1613 282 1670 il
319 1592 482 1666 n'est
519 1608 690 1662 autre
721 1615 841 1672 que
873 1597 1105 1667 Vippon
1136 1592 1462 1657 lui-méme,
1499 1593 1596 1664 qui
1633 1610 1696 1648 se
1729 1599 1850 1650 sert
1883 1597 1954 1652 de

244 1701 305 1758 la
333 1700 542 1756 meme
574 1687 924 1764 expression
960 1701 1107 1756 pour
1139 1681 1412 1754 designor
1438 1681 1693 1736 l’auteur
1723 1684 1801 1738 du
1843 1685 1950 1740 Τό-

246 1788 536 1860 tralogue
591 1799 666 1838 ou
725 1773 1128 1851 panégyrique
1163 1771 1238 1825 du
1272 1771 1354 1826 roi
1386 1770 1583 1860 Henri.
1623 1769 1667 1860 Il
1708 1789 1778 1826 en
1824 1790 1956 1846 rap-

248 1858 497 1955 porte'a
529 1875 682 1927 cette
713 1863 988 1923 occasion
1027 1861 1174 1916 deux
1207 1877 1353 1926 vers,
1389 1858 1489 1930 qui
1536 1875 1598 1912 se
1645 1859 1822 1916 lisent
1871 1880 1951 1917 un

251 1949 373 2044 pen
406 1953 1035 2044 diﬁ'éremmentdans
1066 1949 1117 2044 1e
1148 1965 1318 2044 corps
1351 1949 1429 2044 du
1462 1952 1700 2020 poéme;
1737 1967 1801 2006 ce
1851 1952 1950 2044 qni

254 2037 430 2134 porte
459 2057 493 2110 ὲ,
518 2053 698 2124 juger
729 2043 872 2118 qu’il
931 2041 982 2095 le
1008 2037 1311 2134 _retoucha
1341 2038 1488 2134 dans
1537 2053 1653 2134 une
1697 2041 1954 2134 secanda

253 2124 491 2204 edition
526 2137 626 2213 qui
663 2134 843 2192 suivit
877 2147 982 2187 son
1008 2127 1256 2182 Histoire
1280 2126 1347 2182 de
1371 2124 1590 2181 Conrad
1616 2124 1670 2180 le
1693 2128 1951 2199 Salique.

253 2237 503 2308 Vippon
538 2229 820 2304 présenta
842 2238 908 2276 ce
931 2218 1107 2274 chant
1130 2214 1375 2308 lugubre
1401 2231 1472 2269 au
1495 2213 1576 2268 roi
1605 2214 1784 2308 llenri
1815 2217 1956 2308 lorsf

261 2303 418 2399 qu‘il
465 2303 610 2376 était
659 2334 693 2371 a
749 2311 1098 2368 Constance.
1167 2305 1244 2359 La
1301 2304 1458 2377 piece
1508 2303 1770 2360 conticnt
1817 2307 1964 2362 neuf

264 2465 1146 2498 _________________________.__.

2057 448 2341 515 l'éditeur,
2377 469 2449 507 en
2498 452 2555 508 la
2603 454 2817 510 t'aisant
2864 455 3188 526 imprimcr,
3212 455 3370 525 joint
3410 457 3562 512 deux
3587 473 3716 512 vers

2057 539 2354 595 ensemble
2386 541 2533 596 dans
2566 541 2622 597 la
2653 546 2842 598 meme
2873 543 3052 614 ligne,
3083 544 3153 596 de
3185 547 3339 598 sorte
3379 545 3550 616 qu’au
3587 562 3717 618 pre-

2059 627 2206 682 mier
2235 645 2383 700 coup
2425 629 2574 686 d'oail
2610 649 2682 686 on
2727 631 2812 687 les
2845 632 3142 704 prendrait
3191 649 3338 703 pour
3387 634 3458 688 de
3500 635 3718 706 grands

2056 732 2207 781 vers,
2235 722 2291 771 et
2314 717 2400 772 les
2434 719 2704 790 strophas
2735 738 2880 791 pour
2904 721 3032 776 na’en
3061 721 3326 776 contenir
3355 739 3468 793 que
3490 723 3644 794 cinq.

2131 805 2184 857 4⁸
2217 805 2292 860 Μ.
2330 806 2652 874 Fabricius,
2689 813 2816 863 tout
2847 811 2879 862 ἐι
2908 807 2964 863 la
2989 809 3064 863 {in
3100 809 3177 863 du
3213 823 3297 866 ιιιο
3325 809 3502 866 livvre
3537 811 3607 866 de
3654 827 3722 866 sa

2060 891 2469 964 Bibliotheque
2502 893 2682 951 latine
2713 897 2790 950 du
2825 913 3032 970 moyen
3063 903 3187 969 age,
3221 915 3254 952 a
3284 898 3482 970 publié
3513 917 3591 955 un
3632 917 3719 954 re-

2060 979 2207 1034 cueil
2240 981 2310 1036 de
2342 984 2660 1038 Proverbes
2709 1000 2830 1055 que
2873 985 2926 1040 le
2978 990 3168 1058 prétre
3211 987 3437 1059 Vippon
3487 989 3658 1044 dédia
3689 993 3724 1044 ὲ

2060 1067 2256 1134 Henri,
2291 1070 2386 1124 ﬁls
2413 1071 2484 1126 de
2515 1071 2863 1144 l’empereur
2905 1076 3154 1141 Conrad,
3184 1092 3410 1132 comme
3458 1082 3622 1149 porte
3667 1078 3723 1134 le

2060 1156 2210 1211 titre.
2247 1163 2320 1213 Ce
2370 1165 2505 1213 sont
2553 1161 2623 1215 de
2674 1167 2903 1217 courtes
2954 1168 3263 1220 sentences
3314 1165 3585 1234 choisies,
3620 1168 3722 1239 qui

2061 1246 2300 1301 tendent
2333 1251 2364 1302 a
2397 1248 2615 1304 former
2642 1250 2724 1305 les
2755 1250 2979 1307 bonnes
3012 1258 3326 1322 mmurs,et
3348 1253 3726 1326 quel’auteur

2061 1349 2094 1388 a
2123 1334 2447 1406 exprimées
2487 1354 2556 1392 en
2611 1344 2742 1393 cent
2793 1339 3111 1411 cinquante
3156 1345 3390 1414 especes
3423 1344 3492 1399 de
3550 1345 3725 1417 petits

2062 1422 2350 1494 distiques
2401 1425 2598 1491 rimés,
2635 1427 2784 1482 mais
2831 1445 2972 1482 sans
3023 1445 3252 1486 aucune
3298 1447 3530 1488 mesnre
3591 1434 3722 1489 uni-

2062 1511 2264 1566 forme.
2301 1513 2408 1568 Les
2432 1512 2762 1587 vingt-cinq
2795 1516 3059 1572 derniers
3102 1517 3331 1574 roulent
3378 1534 3484 1591 par
3520 1525 3726 1579 autaut

2062 1599 2443 1655 d'antitheses
2475 1619 2577 1656 sur
2604 1601 2684 1658 les
2713 1604 2867 1659 vices
2899 1609 2955 1658 et
2984 1603 3071 1660 les
3102 1611 3322 1674 vertus,
3353 1608 3496 1664 dont
3536 1609 3589 1664 le
3631 1626 3725 1666 ca-

2062 1693 2281 1743 ractere
2313 1690 2384 1744 de
2416 1689 2676 1746 chacune
2704 1696 2792 1746 est
2813 1708 2978 1748 assez
3004 1694 3138 1749 bien
3164 1697 3728 1768 représenté.L’écrit

2067 1780 2155 1830 est
2183 1777 2500 1848 i-ngénieux
2529 1783 2585 1834 et
2616 1780 2729 1835 fort
2763 1781 3080 1837 instructit‘.

2133 1866 2190 1918 5‘
2220 1865 2380 1920 Nous
2410 1883 2740 1939 apprenons
2776 1869 2848 1923 de
2894 1869 3131 1942 Vippon
3184 1874 3373 1930 meme
3403 1875 3541 1948 qu'il
3573 1876 3725 1932 avait

2063 1970 2268 2009 encore
2298 1959 2574 2028 composé
2606 1974 2683 2012 un
2709 1962 2876 2012 autre
2902 1963 3108 2030 poéme
3140 1961 3211 2016 de
3240 1967 3525 2021 cent'vers
3547 1981 3650 2020 sur
3671 1964 3727 2021 la

2065 2041 2302 2114 rigueur
2349 2047 2605 2100 extreme
2635 2046 2711 2100 du
2745 2045 2892 2101 froid
2928 2047 3068 2118 qu'il
3104 2050 3169 2104 ﬁt
3200 2067 3270 2106 en
3303 2053 3460 2119 1033,
3493 2054 3726 2126 lorsque

2065 2131 2352 2199 Conrad,a
2384 2134 2481 2204 qui
2509 2134 2542 2187 il
2570 2133 2617 2189 le
2643 2135 3085 2205 présenta,ét:_1it
3116 2143 3331 2212 occupé
3357 2145 3386 2196 ὲ
3409 2145 3726 2214 reconqué-

2066 2219 2164 2285 rir,
2199 2236 2269 2273 en
2303 2219 2668 2294 Bourgogne,
2705 2220 2788 2276 les
2839 2223 3033 2293 places
3087 2228 3229 2283 dont
3279 2229 3488 2300 Eudes,
3539 2235 3727 2286 comta

2067 2308 2137 2363 de
2167 2307 2563 2383 Champagne,
2599 2309 2788 2366 s'était
2818 2315 3156 2384 emparé.Ce
3189 2322 3390 2390 poéme
3413 2323 3502 2375 est
3521 2319 3724 2392 perdu.

1151 2463 3717 2492 mw

816 2641 1302 2799 Vl'l‘A
1434 2636 2438 2798 CHUNHADI
2584 2637 3280 2804 SALICI,

1809 2914 2215 2962 IMPERATORIS

1198 3070 1630 3161 Aac/ore
1708 3061 2225 3201 mppone
2268 3063 2845 3204 presbytero

885 3282 1071 3355 (Apud
1108 3282 1444 3348 Pistorium,
1479 3283 1678 3338 Rerum
1709 3284 2160 3341 Germanicarum
2188 3289 2294 3342 vet.
2325 3285 2548 3358 Script,
2581 3288 2721 3340 tom.
2758 3284 2798 3351 Ι,
2834 3301 2966 3359 pag.
3002 3286 3152 3359 421.)

1803 3435 2230 3448 .-—————-—

1444 3561 1988 3652 WIPPONIS
2047 3564 2584 3654 EPISTOLA

783 3717 802 3730 '
882 3744 985 3803 AD
1034 3742 1297 3802 REGEM
1346 3741 1784 3816 HENRICUM,
1830 3743 2234 3805 CHUNRADI
2282 3743 2821 3805 IMPERATORIS
2871 3743 3146 3806 FILIUM

358 3906 808 3972 Gloriosissimo
841 3902 1175 3974 imperatori
1210 3901 1460 3957 llevaico
1488 3903 1658 3957 tertio
1709 3903 1829 3975 regi
1885 3903 1955 3957 ad
1988 3904 2031 3970 C
2069 3903 2263 3958 bentis
2301 3901 2400 3957 sed
2433 3900 3033 3972 narrantis,quoniam
3067 3918 3201 3956 cum
3235 3902 3553 3976 plurimum
3583 3909 3727 3961 temo

285 4019 502 4081 pacem
539 4002 595 4053 et
621 3993 842 4081 bellum
873 3990 1100 4058 idoneo,
1134 3989 1339 4081 Wlppo
1372 3989 1472 4081 Dei
1505 3990 1692 4081 gratia
1713 3989 1958 4081 presby-

286 4077 398 4168 ξεν,
435 4101 648 4145 servus
679 4079 966 4154 regalium
999 4079 1502 4149 servorum,bujus
1524 4077 1681 4134 orbis
1718 4078 1959 4134 Domino

289 4173 760 4240 dominantium.

358 4269 564 4325 Vitam
597 4261 887 4318 illustrem
921 4264 976 4315 et
1008 4255 1224 4330 inclyta
1252 4261 1415 4330 gesta
1447 4257 1740 4313 Chunradi
1775 4259 1960 4332 impe-

286 4355 516 4419 ratoris
546 4351 731 4426 patris
763 4349 869 4414 tui,
903 4347 1138 4403 domine
1182 4347 1516 4418 imperator,
1550 4347 1802 4403 scribere
1852 4363 1960 4418 op-

286 4452 620 4525 portunum
651 4437 998 4504 existimavi,
1026 4453 1096 4491 ne
1126 4434 1364 4490 lucerna
1395 4435 1568 4492 lateat
1600 4437 1708 4492 sub
1741 4435 1958 4501 modio,

287 4523 366 4597 ne
399 4533 547 4593 solis
579 4528 780 4587 radius
815 4527 890 4582 sit
923 4527 979 4580 in
1012 4523 1234 4592 nubilo,
1269 4542 1340 4580 ne
1370 4525 1556 4579 virtus
1601 4524 1960 4582 memorialis

286 4624 630 4686 obducatur
657 4615 963 4674 oblivionis
992 4612 1463 4684 rubigine.Gesta
1484 4613 1637 4670 enim
1665 4614 1823 4671 illius
1845 4613 1960 4669 nisi

287 4711 583 4794 praeclara
611 4712 666 4764 et
694 4705 859 4761 valde
909 4703 1104 4759 lucida
1152 4703 1564 4794 praecederent,
1612 4719 1644 4758 a
1694 4702 1962 4794 sequenti

290 4791 487 4865 nimio
519 4797 828 4872 splendore
858 4797 1094 4848 tuarum
1141 4791 1424 4846 virtutum
1475 4791 1812 4850 viderentur
1859 4791 1960 4847 ali-

294 4896 599 4970 quatenus
657 4881 978 4942 obscurari.
1020 4879 1162 4936 Mihi
1213 4883 1405 4935 autem
1464 4882 1696 4939 servulo
1754 4887 1853 4938 tuo
1912 4881 1962 4935 is

296 4969 544 5042 animus
595 4977 701 5046 est,
748 4974 798 5030 si
847 4972 1001 5028 Deus
1032 4974 1332 5036 annueret,
1368 4969 1680 5044 utriusque
1711 4976 1844 5028 acta
1874 4986 1961 5026 re-

299 5074 477 5135 ferre,
508 5083 634 5140 quas
667 5061 1006 5120 acciderunt
1049 5075 1144 5114 me
1195 5059 1527 5130 superstite,
1564 5059 1646 5116 ita
1676 5062 1828 5116 inter
1858 5075 1964 5114 nos

297 5155 742 5232 distinguendo,
777 5155 840 5207 ut
886 5150 945 5205 in
996 5147 1243 5204 alterum
1294 5164 1475 5220 remp.
1510 5153 1713 5221 utpote
1746 5150 1964 5204 Roma-

295 5257 449 5308 'num
463 5243 775 5318 imperium
794 5235 1674 5305 salubriterincidisse,alterum
1693 5237 1962 5294 eamdem

302 5332 733 5396 rationabiliter
777 5328 1073 5386 sanavisse
1123 5324 1400 5381 veraciter
1450 5325 1667 5382 dicam.
1702 5325 1866 5393 Quod
1910 5325 1960 5380 si

297 5405 446 5485 hinc
473 5423 605 5499 plus
632 5417 722 5477 vel
752 5417 970 5485 minus,
1000 5415 1086 5472 vel
1114 5413 1281 5470 aliter
1319 5429 1496 5486 quam
1546 5431 1608 5471 se
1657 5414 1962 5488 integritas

304 5531 505 5576 rerum
538 5512 727 5578 habet,
763 5508 954 5565 scribo
979 5504 1066 5562 vel
1099 5503 1435 5569 dixero,non
1468 5501 1578 5559 erit
1609 5503 1782 5579 culpa
1812 5503 1961 5560 scri-

2070 4007 2182 4064 pus
2214 3991 2525 4057 inﬁrmavi,
2560 4007 2675 4045 non
2719 3989 2880 4061 potui
2929 3989 2988 4044 in
3039 3990 3262 4062 capella
3307 3993 3555 4049 senioris
3610 3993 3726 4050 mei

2069 4079 2366 4138 Cbunradi
2400 4079 2732 4150 frequenter
2755 4077 3066 4134 adesse.De
3098 4077 3190 4132 bis
3220 4082 3415 4135 autem
3447 4096 3574 4152 qua
3600 4081 3728 4154 ipse

2068 4171 2186 4226 vidi
2237 4173 2294 4224 et
2341 4169 2410 4222 ab
2459 4167 2590 4223 aliis
2621 4166 2836 4238 accepi,
2867 4168 3121 4221 fructum
3175 4184 3208 4221 a
3253 4167 3417 4224 vobis
3457 4167 3727 4242 colligere

2070 4257 2402 4316 volentibus
2426 4256 2572 4329 style
2595 4255 2854 4311 veritatis
2887 4255 3124 4311 innixus
3155 4257 3570 4329 propalabo.Et
3589 4275 3730 4330 quo-

2071 4350 2231 4404 niam
2261 4350 2400 4402 sunt
2425 4346 2690 4417 quaedam
2723 4361 2850 4416 quae
2878 4343 3107 4399 vivente
3147 4348 3308 4416 patre
3355 4345 3732 4402 laudabiliter

2072 4433 2476 4510 egisti,eadem
2511 4435 2662 4488 inter
2691 4437 2820 4488 acta
2851 4432 3034 4505 patris
3062 4434 3331 4506 ponenda
3361 4450 3728 4491 consueram.

2074 4530 2210 4593 Qua?
2240 4540 2371 4580 vero
2402 4527 2534 4595 post
2561 4523 2788 4578 obitum
2817 4522 2977 4578 illius
3008 4521 3268 4594 gloriose
3290 4523 3509 4579 feceras
3535 4540 3640 4596 per
3669 4537 3733 4580 se

2074 4612 2402 4670 ordinanda
2461 4610 2703 4667 decrevi.
2752 4611 2811 4667 Si
2869 4627 3004 4666 vero
3061 4610 3243 4684 aliqui
3301 4611 3731 4668 calumniantes

2074 4702 2359 4775 objiciunt
2393 4700 2537 4755 mihi
2567 4700 2677 4756 hoc
2707 4715 2853 4772 opus
2879 4716 3374 4773 supervacaneum
3419 4715 3568 4764 esse,
3595 4713 3731 4755 cum

2073 4799 2129 4848 et
2162 4791 2257 4848 alii
2290 4791 2360 4845 de
2385 4790 2585 4845 eadem
2619 4805 2680 4844 re
2709 4789 3073 4861 scripserint,
3108 4787 3240 4842 licet
3268 4787 3402 4843 inde
3445 4804 3561 4842 non
3588 4788 3731 4843 dum

2073 4879 2297 4952 aliquid
2332 4878 2618 4950 scriptum
2647 4876 3321 4948 vidissem,respondebo
3347 4893 3360 4930 :
3392 4876 3454 4930 In
3476 4891 3573 4932 ore
3595 4877 3733 4932 duo-

2074 4985 2205 5025 rum
2238 4966 2478 5023 testium
2528 4966 2708 5021 stabit
2755 4982 2928 5021 omne
2983 4963 3424 5032 testimonium;
3453 4969 3510 5019 et
3555 4964 3733 5021 verba

2073 5057 2290 5114 Christi
2321 5056 2380 5111 in
2408 5053 2857 5127 Evangelio,non
2888 5069 2991 5124 per
3019 5068 3204 5107 unum
3237 5053 3450 5120 solum,
3485 5053 3586 5108 sed
3629 5069 3734 5125 per

2075 5150 2329 5218 quatuor
2375 5149 2554 5216 testes
2600 5143 2840 5199 idoneos
2882 5142 2943 5196 in
2989 5140 3247 5197 Ecclesia
3289 5140 3540 5197 dilatari.
3575 5142 3730 5208 Tibi,

2075 5251 2306 5292 summe
2355 5235 2691 5306 imperator,
2727 5231 2835 5286 hoc
2887 5245 3035 5302 opus
3078 5230 3346 5296 devoveo,
3399 5231 3507 5286 tibi
3567 5235 3733 5304 gesta

2075 5324 2257 5398 patris
2287 5325 2660 5394 repraesento,
2696 5328 2758 5375 ut
2790 5319 3019 5391 quoties
3050 5319 3175 5391 ipse
3224 5335 3317 5376 res
3369 5319 3730 5376 clarissimas

2073 5429 2244 5486 agere
2274 5409 2600 5477 meditaris,
2633 5409 2797 5482 prius
2848 5411 3121 5481 paternas
3171 5408 3419 5466 virtutes
3465 5406 3626 5464 velut
3669 5407 3728 5461 in

2073 5501 2328 5578 speculo,
2363 5499 2724 5574 imagineris,
2758 5503 2814 5556 et
2843 5497 2985 5554 illud
3009 5496 3076 5555 in
3106 5502 3165 5556 te
3193 5497 3395 5558 ﬂoreat
3423 5495 3730 5556 abundan-
