4052 6158
441 235 602 307 1219

1696 230 2042 312 WIPONIS
2085 229 2604 292 PRESBYTER].

3643 237 3768 298 {220

437 367 558 422 tius
591 365 744 438 quod
792 363 1148 420 haereditasti
1193 379 1228 419 a
1270 363 1482 435 patriis
1529 363 1846 430 radicibus,
1882 363 1983 436 qui
2030 367 2094 418 ut
2128 368 2176 430 Α
2205 367 2374 418 tuum
2406 360 2747 418 diuturnius
2775 360 3048 418 omnibus
3095 361 3230 431 illis,
3263 363 3476 421 favente
3501 363 3602 421 Deo
3625 369 3770 424 omni-

440 462 682 511 cunctos
713 459 1108 510 antecessores
1138 455 1274 507 tuos
1307 451 1364 506 in
1397 452 1752 525 quibusdam
1785 451 1998 508 divinis
2043 455 2102 508 et
2210 455 2466 525 potente,
2501 449 2778 508 merearis
2803 449 3080 508 obtinere.
3112 451 3274 508 Vale.

438 542 758 602 mundanis
789 543 965 598 rebus
992 541 1398 614 superasti,ita
1429 557 1678 615 regnum
1707 546 1766 598 et
1782 540 2099 616 imperium

1635 850 2218 964 INCIPIT
2309 851 2666 960 VITA

1061 1063 1458 1122 PROLOGUS.

499 1155 712 1212 Rerum
733 1153 1057 1211 labentium
1075 1153 1378 1227 fugitivam
1399 1155 2084 1212 memoriamlitterarum

425 1243 674 1308 vinculis
721 1247 1084 1306 connectere.
1130 1246 1187 1298 et
1239 1243 1561 1314 praesertim
1610 1242 1922 1300 Christiani
1970 1245 2088 1300 im-

426 1333 572 1407 perii
603 1332 808 1388 laudes
840 1331 1010 1386 inerti
1043 1329 1276 1386 silentio
1302 1348 1417 1387 non
1452 1333 1863 1400 transire,cum
1896 1338 1954 1390 et
1995 1333 2087 1390 his

428 1423 530 1494 qui
579 1421 690 1478 hoc
736 1420 796 1476 in
848 1419 955 1475 hac
1002 1419 1121 1474 vita
1167 1421 1314 1476 bene
1377 1420 1894 1490 administrabant,
1950 1422 2088 1478 inde

429 1511 699 1582 quaedam
723 1509 1132 1581 perpetuitatis
1155 1509 1430 1580 perduret
1449 1507 1787 1582 gloria,tum
1813 1510 2084 1583 posteris,

427 1599 476 1668 si
503 1597 762 1654 aemulari
797 1601 1065 1670 parentes
1111 1596 1309 1664 velint,
1343 1597 1490 1653 bene
1535 1598 1764 1654 vivendi
1815 1599 2087 1670 apposita

425 1688 505 1744 sit
535 1687 740 1754 forma,
774 1689 978 1758 aptum
1020 1689 1078 1741 et
1124 1685 1475 1742 conveniens
1526 1703 1654 1742 esse
1695 1687 1916 1759 putavi,
1947 1687 2086 1759 quia

427 1775 568 1833 utile
611 1773 940 1847 exemplum
996 1774 1285 1830 imitantis
1340 1775 1605 1830 animum
1664 1775 2080 1848 promptiorem

423 1869 599 1938 atque
637 1862 956 1920 ﬁrmiorem
1005 1862 1065 1919 in
1108 1864 1284 1919 rebus
1332 1863 1575 1936 agendis
1623 1863 1862 1920 reddere
1912 1862 2080 1920 solet.

423 1957 566 2012 Item
596 1955 664 2010 fit
693 1953 1040 2026 plerumque
1087 1956 1151 2008 ut
1201 1953 1272 2008 de
1330 1951 1504 2008 laude
1563 1953 1857 2024 majorum
1915 1952 2083 2010 facile

421 2048 700 2100 noscatur
729 2041 1080 2098 verecundia
1110 2059 1123 2096 :
1159 2046 1217 2097 et
1248 2041 1512 2098 confusio
1535 2041 1979 2114 posterorum,si
2009 2041 2082 2098 de

419 2133 515 2190 his
544 2132 752 2188 saltem
787 2148 900 2186 non
929 2129 1305 2203 aequaverint,
1338 2147 1472 2185 cum
1503 2135 1669 2202 gesta
1693 2131 2081 2198 eorum,fama

421 2223 687 2287 docente,
746 2219 1135 2274 laudaverint.
1193 2218 1265 2273 Ut
1310 2219 1466 2273 enim
1527 2218 1712 2272 virtus
1773 2217 2081 2291 plerosque

420 2309 692 2381 vulgares
759 2306 1049 2372 nobilitat,
1115 2306 1198 2362 sic
1246 2305 1522 2362 nobilitas
1580 2307 1708 2362 sine
1763 2307 2080 2363 virtutibus

421 2397 640 2454 multos
706 2393 932 2450 nobiles
997 2395 1331 2466 degenerat.
1367 2394 1645 2450 Praeterea
1701 2395 1932 2450 videtur
1963 2412 2080 2452 non

419 2485 593 2544 licere
623 2486 695 2541 de
717 2482 978 2538 victoriis
1009 2481 1432 2538 catholicorum
1481 2482 1816 2555 principum
1867 2488 2079 2550 tacere,

419 2579 478 2632 et
501 2579 878 2648 tyrannorum
914 2570 1238 2626 inﬁdelium
1272 2569 1606 2643 triumphos
1637 2570 1815 2643 largis
1839 2571 2082 2629 vocibus

419 2663 716 2738 publicare
748 2677 760 2716 :
795 2660 938 2716 satis
963 2658 1360 2715 inconsultum
1385 2664 1474 2716 est
1495 2660 1818 2732 superbum
1839 2660 2082 2734 Tarqui-

418 2754 606 2819 nium,
637 2748 900 2806 Tullium
929 2751 986 2804 et
1013 2750 1505 2821 Ancum,patrem
1535 2749 1796 2814 tEneam,
1831 2750 2079 2804 ferocem

419 2840 725 2906 Rutulum,
773 2843 832 2894 et
879 2837 1217 2908 hujusmodi
1270 2837 1566 2910 quoslibet
1611 2843 1670 2894 et
1722 2837 1976 2894 scribere
2025 2843 2082 2894 et

417 2911 638 3004 legere;
666 2932 898 2984 nostros
929 2930 1122 2983 autem
1155 2925 1390 2982 Carolos
1432 2930 1606 2999 atque
1655 2930 1772 2984 tres
1815 2927 2076 2996 Ottones,

417 3018 830 3092 imperatorem
887 3017 1202 3072 Henricum
1269 3017 1616 3083 secundum,
1659 3017 2077 3072 Chuonradum

418 3109 824 3181 imperatorem
861 3109 1081 3178 patrem
1114 3105 1524 3178 gloriosissimi
1550 3105 1704 3177 regis
1721 3105 1949 3161 Henrici
1975 3106 2074 3173 ΙΙΙ,

2114 1821 2163 1886 Β

2195 1065 2599 1122 indubitanter
2647 1065 2991 1121 docuerunt.
3035 1065 3307 1124 Animam
3351 1080 3478 1121 vero
3519 1063 3778 1124 humanam

2195 1153 2592 1210 immortalem
2619 1154 2830 1222 esse,id
2853 1171 2920 1210 ex
2936 1153 3140 1210 multis
3159 1153 3484 1220 rationibus
3503 1152 3778 1226 probarunt,

2194 1248 2325 1299 tum
2357 1243 2513 1313 inde,
2549 1243 2706 1314 quod
2737 1243 2879 1298 dum
2905 1243 3196 1315 corporeis
3230 1242 3474 1300 nexibus
3499 1241 3710 1311 inclusa,
3732 1259 3781 1300 ea

2193 1331 2466 1388 libertate
2495 1331 2700 1402 utitur,
2735 1334 2799 1386 ut
2829 1332 3002 1387 modo
3033 1332 3291 1388 sidereos
3343 1348 3612 1399 recessus,
3651 1332 3780 1388 modo

2195 1423 2492 1488 terrestre,
2525 1420 2821 1476 interdum
2854 1419 3080 1476 marina
3119 1420 3338 1486 abdita,
3371 1437 3493 1492 quae
3539 1435 3780 1492 nunquam

2193 1507 2576 1582 corporaliter
2605 1508 2853 1576 videbat,
2886 1509 3067 1564 vivaci
3116 1515 3281 1564 motu
3310 1507 3654 1581 cogitationis
3685 1525 3781 1580 par-

2193 1602 2424 1665 currat;
2459 1597 2775 1670 aliquando
2812 1596 3114 1670 vigilante;
3167 1596 3462 1651 interdum
3509 1594 3778 1668 quiescente

2191 1684 2717 1759 corpore,plurima
2748 1685 2945 1742 futura
2973 1703 3100 1753 suo,
3135 1702 3250 1740 non
3283 1684 3468 1740 alieno
3497 1686 3631 1752 visu,
3658 1684 3778 1740 colli-

2194 1778 2314 1847 gat,
2347 1791 2530 1848 eaque
2562 1774 2846 1830 memoria
2885 1773 3130 1829 retineat
3180 1790 3194 1828 :
3249 1771 3526 1828 nebuloso
3553 1771 3781 1828 velamine

2193 1863 2388 1919 carnis
2423 1867 2614 1932 exuta,
2647 1863 2835 1919 multo
2863 1861 3104 1920 liberius
3133 1863 3342 1918 eadem
3392 1861 3664 1918 vivacitate
3687 1879 3784 1933 pero

2191 1951 2444 2020 fruatur,
2479 1952 2656 2024 idque
2685 1952 2938 2016 credere,
2967 1950 3106 2022 quin
3152 1950 3353 2023 potius
3401 1950 3541 2006 scire
3583 1949 3783 2005 maxime

2193 2041 2328 2096 usui
2361 2039 2874 2112 foreprincipibus
2903 2039 3115 2105 aiebat,
3146 2038 3250 2110 qui
3281 2055 3432 2110 saepe
3461 2054 3556 2110 per
3582 2036 3782 2094 insolen-

2190 2129 2340 2184 tiam
2371 2133 2786 2201 torpescentes,
2821 2127 3118 2201 sequentis
3146 2127 3281 2182 vita:
3313 2127 3605 2182 commoda
3630 2126 3782 2182 minus

2191 2217 2523 2272 attendunt.
2556 2216 2944 2280 Quamobrem
2985 2215 3308 2272 victoribus
3355 2219 3570 2271 statuas
3611 2219 3660 2270 et
3693 2229 3785 2268 mo-

2193 2310 2475 2362 numenta
2493 2322 2671 2378 quam
2695 2303 3062 2378 amplissima
3083 2304 3350 2360 fecerunt
3365 2303 3784 2375 antiqui,eorum-

2191 2413 2304 2467 que
2336 2401 2465 2451 acta
2494 2395 2734 2451 inscribi
2757 2395 2965 2451 debere
2985 2396 3434 2460 censuerant,ut
3462 2391 3570 2449 illis
3590 2389 3783 2448 mortuis

2191 2483 2380 2540 honor
2405 2483 2759 2553 exstaret,ad
2790 2487 3130 2556 perpetuam
3162 2481 3510 2538 memoriam
3537 2479 3785 2552 posterita-

2189 2570 2547 2644 tis,quorum
2574 2571 2804 2627 animas
2833 2571 3021 2627 vivere
3050 2570 3371 2626 credebant
3391 2569 3450 2625 in
3477 2573 3780 2642 perpetuum.

2191 2659 2347 2715 Licet
2375 2659 2490 2732 ipsi
2519 2659 2782 2726 humana
2811 2663 3042 2716 tantum
3071 2658 3368 2730 sapientia
3410 2656 3782 2729 investigarent.

2190 2747 2690 2805 immortalitatem
2713 2747 2943 2814 animae,
2970 2764 3096 2820 quae
3120 2745 3244 2802 illis
3269 2746 3515 2803 necdum
3546 2761 3576 2800 a
3601 2743 3780 2800 Christo

2189 2840 2290 2892 aut
2319 2837 2610 2910 promissa
2658 2836 2747 2892 vel
2796 2842 3032 2893 ostensa
3079 2835 3275 2892 fuerat
3309 2853 3321 2890 :
3357 2835 3490 2891 hinc
3519 2839 3690 2890 tamen
3712 2831 3784 2886 ad-

2189 2925 2370 2990 ducti,
2403 2930 2460 2982 et
2479 2925 2776 2997 justitiam
2809 2924 2923 2998 ipsi
2953 2924 3312 2991 colebant,et
3341 2923 3486 2979 hanc
3515 2920 3783 2978 rectoribus

2186 3015 2410 3086 patriae,
2445 3014 2679 3086 scriptis
2728 3013 2854 3070 suis
2901 3013 3217 3086 diligenter
3265 3011 3637 3070 inculcabant.
3678 3010 3785 3064 Acta

2184 3119 2319 3158 vero
2359 3101 2714 3176 Reipublicae
2746 3102 2894 3158 mori
2935 3101 3111 3158 simul
3163 3117 3304 3157 cum
3351 3101 3476 3173 ejus
3522 3096 3785 3154 rectoribus

421 3203 482 3254 et
510 3196 784 3254 eumdem
817 3194 1130 3250 Henricum
1164 3209 1361 3266 regem
1391 3193 1450 3248 in
1474 3193 1700 3248 Christo
1717 3193 2083 3267 triumphan-
2113 3189 2156 3256 C
2193 3191 2456 3247 arbitrati
2507 3197 2668 3255 sunt,
2718 3191 2831 3248 nisi
2889 3191 3046 3263 quod
3103 3191 3322 3247 accidit
3375 3191 3650 3245 notaretur
3686 3202 3697 3240 ε
3743 3189 3786 3240 et

417 3291 558 3354 tem,
593 3283 833 3341 omnino
879 3281 1195 3354 negligere.
1243 3281 1580 3338 Verendum
1632 3286 1721 3337 est
1780 3282 2079 3339 modernis

417 3371 802 3448 scriptoribus
833 3369 969 3426 vitio
1001 3371 1258 3442 torporis
1307 3370 1462 3442 apud
1513 3368 1695 3426 Deum
1757 3370 2075 3428 vilescere:

417 3480 554 3520 cum
586 3460 882 3534 primitiva
927 3458 1243 3514 auctoritas
1289 3459 1500 3514 veteris
1544 3459 1904 3514 Testamenti
1949 3476 2078 3531 qua

418 3550 701 3608 historias
721 3553 959 3602 Patrum
983 3547 1282 3602 fructifero
1306 3545 1506 3602 labore
1527 3545 1836 3618 diligenter
1859 3552 2077 3616 exarat,

418 3652 702 3696 novarum
727 3651 923 3690 rerum
949 3633 1174 3706 frugem
1197 3633 1255 3689 in
1275 3634 1568 3690 memoria:
1592 3634 1825 3690 cellario
1843 3636 2078 3692 recondi

420 3727 630 3784 debere
673 3723 1005 3797 prmﬁguret
1050 3726 1107 3778 et
1152 3723 1375 3778 doceat.
1424 3722 1519 3779 Sic
1566 3723 1884 3790 Abraham,
1931 3724 2076 3780 Loth

421 3812 757 3872 fratruelem
780 3829 954 3868 suum
974 3812 1031 3866 in
1055 3811 1204 3868 bello
1225 3811 1502 3869 liberasse
1521 3829 2076 3881 commemoramus,

421 3903 685 3972 sic,filios
712 3900 884 3958 Israel
917 3901 1117 3957 hostes
1150 3900 1412 3958 diversos
1443 3918 1756 3974 superasse
1789 3901 2076 3974 comperi-

421 4009 576 4050 mus.
609 3991 702 4047 Sic
733 3989 911 4046 David
961 3989 1118 4064 regis
1169 3989 1384 4063 praelia,
1429 3989 1760 4046 Salomonis
1810 3989 2076 4056 consilia,

418 4081 706 4138 Gedeonis
747 4079 1000 4152 ingenia,
1049 4079 1516 4135 Machabzeorum
1566 4095 1796 4151 pugnas
1844 4083 2080 4152 propter

421 4170 775 4244 scriptorum
825 4167 1054 4240 copiam
1103 4184 1219 4239 prae
1268 4165 1456 4222 oculis
1504 4166 1812 4223 habemus.
1843 4167 2077 4223 Veteres

419 4259 578 4314 enim
609 4255 941 4330 philosophi
967 4257 1194 4311 diverso
1208 4256 1382 4310 modo
1403 4253 1752 4328 Reipublicae
1774 4255 2079 4312 consulue-

418 4351 572 4403 rant.
624 4345 972 4402 Reterebant
1025 4343 1371 4416 plerumque
1436 4343 1670 4400 somnia
1730 4343 2074 4416 probabilia,

420 4435 638 4508 quibus
661 4433 890 4490 animos
919 4432 1256 4488 auditorum
1312 4433 1658 4488 inducerent
1707 4432 1764 4486 in
1816 4433 1874 4487 id
1919 4433 2073 4504 quod

417 4523 718 4621 affirmare
749 4521 1160 4621 instituerunt:
1185 4521 1487 4620 Interdum
1509 4521 1594 4621 ‘ad
1625 4521 1780 4575 idem
1813 4520 2072 4621 officium
2107 4555 2154 4621 Β

419 4609 720 4668 fabulosus
751 4609 1116 4664 narrationes
1148 4607 1414 4665 honestis
1446 4608 1622 4665 rebus
1649 4614 1704 4664 et
1735 4609 2077 4667 nominibus

416 4698 660 4766 velatas,
693 4713 828 4753 cum
860 4696 1205 4762 huiusmodi
1237 4697 1518 4770 figmenta
1564 4696 1646 4752 nil
1689 4695 2076 4770 philosophiae

419 4786 1267 4859 refragentur,adinvenerunt;
1301 4802 1451 4858 saepe
1481 4785 1698 4857 apertis
1729 4785 2076 4858 disputatio-

419 4877 594 4932 nibus
617 4875 861 4932 rationis
875 4875 1049 4932 tidem
1063 4874 1356 4930 faciebant
1382 4873 1732 4946 Reipublicae
1754 4875 2078 4932 rectoribus

419 4962 646 5020 animos
676 4963 970 5020 humanos
999 4967 1250 5020 aeternos
1281 4979 1408 5020 esse
1441 4980 1455 5019 :
1489 4965 1638 5029 et,ut
1666 4963 1840 5019 refert
1861 4964 2079 5020 Macro-

419 5051 574 5120 bius,
607 5053 904 5109 Socratem
943 5051 1159 5108 dixisse
1191 5051 1463 5120 animam
1515 5055 1647 5124 post
1688 5051 1917 5108 animas
1959 5069 2076 5108 non

416 5141 641 5214 perire;
673 5145 848 5214 atque
870 5157 1076 5198 omnes
1097 5157 1245 5214 pene
1267 5139 1602 5213 philosophi
1628 5139 1874 5196 humani
1897 5141 2077 5197 studii

418 5230 676 5289 fructum
705 5245 821 5285 non
853 5246 988 5286 cum
1013 5231 1133 5285 vita
1161 5229 1350 5302 ipsius
1382 5227 1816 5295 terminari,$ed
1850 5245 2074 5296 omnes,

420 5317 522 5391 qui
552 5316 804 5389 patriam
843 5316 1196 5388 adjuverint,
1245 5322 1303 5374 et
1347 5317 1536 5392 legem
1583 5319 2075 5388 conservaverint,

419 5404 779 5479 sempiterno
809 5421 926 5461 aevo
961 5404 1204 5462 feliciter
1230 5407 1472 5478 perfrui,
1497 5406 1744 5479 justitiae
1769 5423 1902 5463 vero
1933 5424 2074 5464 con-

420 5493 813 5575 temptorihus
825 5493 975 5566 justi
999 5493 1284 5554 Creatoris
1295 5496 1520 5569 judicio
1550 5513 1782 5572 pcenam
1795 5497 2075 5556 reservari

2185 3283 2423 3353 propter
2451 3279 2738 3336 desidiam
2761 3278 2972 3335 silendi
3005 3278 3328 3336 maximam
3350 3277 3644 3352 perniciem
3671 3271 3780 3336 ﬁeri,

2187 3369 2236 3425 si
2267 3386 2336 3424 ex
2367 3367 2600 3441 scriptis
2631 3367 3074 3424 remanentibus
3103 3384 3223 3424 non
3247 3372 3470 3441 pateret
3486 3365 3621 3423 illud
3639 3377 3782 3420 unum

2187 3457 2582 3529 quodcunque
2611 3456 2777 3528 sequi
2827 3456 3168 3512 defunctum
3221 3457 3318 3512 cui
3367 3457 3525 3512 vivus
3570 3448 3784 3510 abhibuit

2187 3545 2597 3602 studium.Nos
2620 3551 2815 3600 autem
2838 3561 2873 3600 a
2895 3545 3113 3616 quibus
3143 3560 3344 3602 sermo
3371 3541 3614 3601 veritatis
3632 3538 3784 3597 elima-

2187 3635 2346 3691 navit
2377 3639 2666 3706 torporem
2698 3633 3355 3701 taciturnitatis,dicens
3391 3651 3404 3689 :
3435 3631 3584 3697 Quod
3603 3629 3652 3684 in
3677 3640 3783 3682 aure

2185 3723 2350 3779 vobis
2383 3723 2440 3778 in
2473 3721 2730 3779 tenebris
2759 3720 2933 3778 dicite
2964 3721 3023 3778 in
3056 3720 3306 3789 lumine,
3339 3727 3397 3779 et
3425 3719 3571 3795 quod
3605 3718 3653 3773 in
3679 3728 3782 3770 aure

2187 3809 2422 3880 auditis,
2495 3811 2801 3882 praedicata
2857 3827 3035 3882 super
3090 3814 3269 3879 tecta,
3329 3827 3435 3866 cur
3483 3805 3781 3882 principibus

2187 3899 2532 3957 Christianis
2551 3903 2608 3954 et
2625 3898 2984 3972 Evangelicaa
3017 3897 3151 3954 fidei
3175 3899 3564 3956 assertoribus
3583 3892 3782 3950 sustine-
3852 3930 3859 3936 .

2188 4006 2320 4044 mus
2352 3987 2572 4060 negari,
2605 3987 2758 4060 quod
2810 3987 2934 4043 suis
2985 3986 3137 4043 ultro
3185 3987 3438 4044 offerant
3481 3981 3702 4058 pagani?
3737 3977 3781 4032 Si

2187 4077 2344 4133 enim
2373 4075 2555 4132 nostri
2596 4073 2866 4130 catholici
2921 4091 3086 4148 reges
3131 4092 3282 4130 vera:
3335 4075 3466 4131 fidei
3511 4071 3780 4128 defensores

2187 4165 2374 4239 legem
2393 4181 2458 4220 ac
2479 4179 2681 4236 pacem
2699 4163 3125 4235 Christi,quam
3157 4164 3332 4220 nobis
3349 4180 3449 4236 per
3467 4156 3780 4239 Evangelium

2187 4238 2362 4310 suum
2395 4251 2653 4318 tradidit,
2685 4251 2812 4308 sine
2836 4251 3092 4324 periculo
3126 4253 3367 4321 erroris,
3389 4238 3780 4324 gubernant,qui

2185 4359 2388 4400 eorum
2417 4340 2720 4397 benefacta
2765 4340 3000 4412 scriptis
3032 4341 3156 4396 suis
3189 4339 3647 4400 manifestabunt,
3673 4326 3778 4404 quid

2185 4432 2342 4488 aliud
2358 4447 2536 4504 quam
2548 4427 2929 4502 Evangelium
2951 4428 3167 4484 Christi
3189 4429 3582 4502 preedicabunt
3594 4423 3781 4488 ?Quam-

2183 4521 2271 4576 vis
2293 4521 2527 4576 animus
2547 4518 2855 4574 scribentis
2873 4516 3100 4574 vacillet
3121 4519 3364 4590 aggredi
3385 4517 3584 4574 arduas
3603 4529 3678 4568 res
3693 4522 3782 4563 ma-

2185 4613 2318 4666 turo
2349 4605 2825 4675 consilio,morali
2837 4607 3120 4680 gravitate
3140 4621 3492 4679 summaque
3512 4594 3779 4660 constantia

2186 4702 2474 4771 peractas,
2505 4699 2562 4753 et
2605 4695 2654 4751 si
2701 4695 2898 4768 inepto
2945 4693 3107 4764 luxu,
3139 4694 3226 4751 vel
3279 4697 3413 4752 ficta
3457 4687 3671 4750 audacia
3703 4685 3778 4740 aut

2187 4787 2508 4858 cupiditate
2554 4784 2848 4857 ﬂagitiosa
2896 4783 3062 4850 ﬂant,
3093 4799 3186 4840 res
3239 4784 3304 4840 in
3352 4783 3554 4856 quibus
3599 4771 3777 4834 cunctis

2187 4877 2533 4948 scriptorem
2563 4877 2790 4944 oportet
2819 4872 3056 4940 versari,
3091 4877 3147 4928 ot
3177 4873 3236 4928 in
3269 4873 3416 4930 actis
3443 4873 3776 4937 eorum,qu09

2186 4968 2370 5031 notat,
2400 4961 2696 5036 vulganda
2723 4964 2862 5018 sunt
2891 4964 3011 5016 tam
3033 4965 3198 5034 gesta
3220 4979 3398 5034 quam
3424 4949 3775 5024 omissa,proul

2187 5053 2436 5109 facultas
2464 5049 2685 5124 ingenii
2716 5048 3035 5118 dederit,ex
3063 5067 3181 5122 qua
3203 5067 3265 5106 re
3299 5049 3432 5108 boni
3460 5047 3527 5104 ad
3557 5042 3773 5100 virtutem

2185 5141 2526 5198 incitaverat
2555 5138 2778 5212 religio,
2811 5141 2868 5194 et
2895 5139 3272 5196 commendat
3303 5137 3558 5202 intentio,
3582 5135 3634 5188 et
3670 5139 3772 5212 pra-

2187 5231 2338 5287 derit
2385 5228 2603 5304 patriae,
2653 5210 2710 5284 et
2757 5227 3084 5284 benedictio
3151 5228 3427 5284 conducit
3481 5210 3767 5298 posteritati.

2187 5321 2350 5385 Quod
2382 5317 2637 5392 praeterit
2657 5316 2717 5372 in
2739 5320 3012 5390 promptu
3035 5316 3436 5390 est,quidquid
3464 5316 3636 5370 autem
3653 5304 3770 5359 futu-

2187 5426 2319 5466 rum
2351 5411 2458 5474 est,
2493 5423 2608 5463 non
2657 5409 2747 5461 est
2796 5405 2854 5460 in
2905 5405 3281 5478 prmnotione.
3312 5409 3433 5472 Qua
3466 5401 3532 5458 de
3557 5412 3609 5454 re
3633 5396 3768 5485 8W}?

2187 5515 2290 5574 spe
2317 5497 2606 5555 adductus
2633 5493 2754 5552 haec
2777 5493 3028 5554 scribere
3055 5493 3208 5552 volui
3235 5495 3308 5554 ad
3339 5497 3670 5552 communem
3686 5479 3769 5535 ιιιὶε
