4026 6184
241 341 397 403 1225

1506 342 1694 403 Vl'l‘A
1742 340 2087 400 CONRADI
2131 340 2396 404 SALICI.

3497 342 3654 437 1326

239 472 693 546 debat,quorum
718 470 969 529 alterum
993 474 1172 548 regali
1202 473 1436 548 fastigio
1462 473 1677 530 locaret
1702 471 1896 544 Neque
1910 464 1980 538 Ἀ
2010 488 2329 548 cognovero
2359 478 2415 529 te
2444 474 2671 541 velle,te
2701 474 3119 532 desiderarein
3150 472 3454 531 dominum
3483 479 3541 530 et
3562 491 3656 539 ,re-

237 560 396 616 enim
429 560 721 617 aastimare
752 562 1034 617 debemus
1064 562 1151 618 vel
1186 563 1510 620 nobilitate.
1542 560 1630 617 vel
1680 559 1898 616 divitiis

214 650 604 722 propinquos
659 653 893 707 nostros
950 653 1324 720 antecedere;
1358 656 1460 708 aut
1508 648 1732 722 aliquid
1790 665 1897 704 nos

240 738 635 811 promeruisse
665 742 828 794 tanta
857 741 1224 797 veneratione
1257 741 1525 814 dignum,
1551 737 1894 806 verbis,ma-

236 826 413 883 nibus
443 842 558 883 non
592 830 816 898 oportet
850 827 1399 901 extollere.Majorcs
1428 827 1615 884 nostri
1647 825 1894 900 gloriam

236 929 407 969 suam
436 913 605 969 factis
631 930 806 986 quam
838 915 1011 971 dictis
1060 917 1306 988 prodere
1349 915 1699 983 maluerunt,
1732 930 1893 970 com-

237 1000 402 1057 muni
441 1001 559 1057 vita
608 1006 910 1059 contentos
959 1020 1086 1060 esse
1132 1004 1359 1060 decebit
1408 1003 1700 1077 quoslibet
1742 1003 1895 1058 inter

235 1090 811 1163 aequales.Qui-dquid
843 1092 1121 1161 autem,id
1149 1093 1419 1165 est,quod
1444 1094 1515 1148 ad
1547 1091 1768 1164 aliquid
1796 1091 1893 1148 ha-

237 1178 473 1235 biliores
505 1178 751 1251 reliquis
780 1184 1077 1252 putamur,
1110 1180 1247 1235 inde
1289 1185 1483 1254 grates
1513 1185 1747 1237 auctore
1775 1181 1891 1237 Deo

236 1267 770 1324 reddamus.Nobis
799 1285 935 1341 ergo
966 1268 1341 1341 cogitandum
1370 1274 1459 1325 est
1489 1287 1559 1326 ne
1580 1270 1677 1342 qui
1702 1269 1893 1325 aliena

233 1356 620 1413 consensione
650 1356 811 1429 digni
853 1361 1016 1412 tanto
1067 1357 1289 1415 honore
1337 1358 1609 1413 mstimati
1660 1375 1888 1423 sumus,

229 1445 466 1518 proprio
497 1452 553 1500 et
574 1445 857 1501 familiari
885 1446 1131 1502 dissidio
1179 1447 1404 1521 indigni
1453 1447 1562 1502 hac
1593 1447 1781 1520 gratia
1806 1447 1888 1500 vi-

229 1534 497 1590 deamur.
529 1533 785 1589 Stultum
807 1539 897 1590 est
917 1535 1072 1590 enim
1107 1534 1297 1590 aliena
1327 1540 1612 1608 potestate
1645 1553 1747 1608 pro
1783 1551 1891 1590 sua

228 1622 480 1678 nimium
512 1622 767 1678 abuti.In
799 1625 959 1679 omni
990 1622 1272 1681 electione
1306 1625 1525 1681 nemini
1553 1622 1690 1679 licet
1712 1625 1783 1679 de
1805 1642 1867 1679 se

225 1713 356 1784 ipso
378 1711 666 1784 judicare,
699 1710 835 1768 licet
866 1717 1062 1768 autem
1094 1713 1164 1768 de
1197 1712 1331 1768 alio.
1876 1698 1881 1707 ’

300 1801 462 1866 Quod
495 1800 546 1857 si
576 1798 749 1857 alicui
780 1802 849 1857 de
881 1818 943 1857 se
972 1801 1188 1869 liceret,
1223 1806 1367 1874 quot
1415 1800 1671 1874 regulos,
1698 1819 1769 1858 ne
1802 1819 1887 1858 re-

214 1906 328 1962 ges
387 1889 599 1957 dicam,
649 1889 1003 1947 videremus.
1052 1889 1221 1957 Vota,
1275 1890 1494 1957 studia,
1559 1907 1886 1948 consensus

222 1979 606 2046 Francorum,
642 1979 1153 2052 Lotharingorum,
1176 1980 1493 2047 Saxonum,
1516 1980 1881 2050 Noricorum,

219 2067 685 2123 Alemannorum
719 2069 819 2140 qui
850 2069 1136 2142 Optimam
1170 2068 1530 2125 voluntatem
1560 2069 1885 2142 habebant,

212 2156 301 2212 ad
328 2172 435 2212 nos
467 2156 862 2225 conferebant,
891 2162 1172 2230 tanquam
1206 2158 1279 2213 ad
1310 2158 1488 2213 unius
1521 2157 1886 2231 stirpispro-

225 2244 524 2319 paginem,
552 2243 734 2301 veluti
767 2246 839 2301 ad
869 2262 1049 2302 unam
1074 2247 1338 2313 domum,
1367 2246 1518 2303 sicut
1539 2247 1609 2302 ad
1632 2247 1883 2305 indisso-

222 2334 474 2390 lubilem
494 2331 1132 2406 familiaritatem,quos
1150 2352 1217 2391 ex
1235 2340 1353 2390 tam
1374 2335 1576 2391 multis
1596 2352 1885 2392 connexos

225 2422 468 2478 dissolvi
503 2439 683 2495 posse
702 2423 1028 2480 inimicitiis
1061 2440 1232 2479 nemo
1284 2424 1699 2497 suspicabitur.
1735 2424 1885 2479 Con-

225 2512 473 2567 cordare
523 2512 705 2579 decet,
738 2516 1027 2585 quotquot
1073 2516 1278 2568 natura
1336 2511 1552 2586 ligavit,
1588 2530 1714 2584 quae
1772 2513 1911 2587 sibi”

224 2606 541 2673 cognatam
582 2602 783 2675 jungit
830 2601 1171 2657 amicitiam.
1206 2602 1367 2667 Quod
1418 2602 1465 2658 si
1508 2601 1659 2658 ultro
1690 2586 1911 2657 oblata~

224 2690 307 2745 ab
332 2688 462 2746 aliis
492 2688 689 2762 aliqua
718 2706 778 2745 re
809 2690 1163 2762 impediente
1204 2690 1523 2762 rejicimus,
1557 2690 1665 2745 hoc
1696 2694 1804 2753 est,
1834 2690 1883 2745 si

222 2779 479 2835 invicem
529 2778 1211 2850 discordamus,certum
1269 2783 1360 2835 est
1419 2780 1574 2851 quod
1631 2778 1884 2851 populus

219 2876 369 2925 tunc
399 2868 536 2924 velit
565 2885 672 2924 nos
702 2869 986 2935 deserere,
1019 2885 1086 2923 ac
1134 2867 1367 2924 tertium
1417 2867 1742 2940 quemlibet
1772 2867 1880 2923 sibi

220 2974 513 3030 quaerere,
540 2961 597 3013 et
627 2973 734 3012 nos
765 2974 878 3013 non
915 2961 1141 3012 tantum
1169 2973 1400 3012 summo
1446 2955 1665 3012 honore
1694 2955 1882 3028 priva-

220 3047 555 3104 bimursed
589 3047 744 3119 quod
771 3046 1047 3102 omnibus
1078 3045 1246 3102 bonis
1271 3049 1455 3102 morte
1476 3045 1883 3102 detestabilius

220 3140 342 3205 est,
375 3136 677 3192 infamiam
710 3136 950 3208 ignavia:
973 3134 1335 3202 incidemus;
1360 3133 1528 3207 quasi
1555 3138 1612 3190 et
1634 3135 1781 3191 tanti
1804 3150 1884 3189 re-

2006 578 2159 635 gem,
2195 560 2355 617 nullo
2388 563 2540 618 malo
2572 563 2804 637 ingenio
2848 563 3003 619 hanc
3052 562 3510 619 benevolentiam
3538 581 3570 618 a
3598 567 3656 619 te

2006 651 2455 724 rcvocabo,quin
2476 651 2670 725 potius
2686 657 2743 709 te
2759 651 2971 727 eligam
2990 656 3150 707 tanto
3167 649 3394 707 avidius
3409 651 3653 721 caeteris,

2007 744 2225 811 quanto
2257 756 2349 795 me
2382 742 2629 814 sperabo
2679 741 2784 796 tibi
2827 741 3141 815 gratiorem
3192 739 3330 796 illis.
3362 740 3418 795 Si
3457 745 3654 796 autem

2007 827 2162 883 Deus
2195 829 2264 883 ad
2323 845 2415 884 me
2463 829 2801 903 respexerit,
2833 829 3090 886 debitam
3134 829 3316 885 vicem
3361 828 3572 884 mihia
3601 833 3659 885 te

2005 916 2242 988 rependi
2275 934 2389 972 non
2420 918 2735 973 dubito.Ad
2766 919 2889 974 haec
2920 918 3116 974 minor
3132 917 3335 975 Chuno
3357 916 3658 988 respondit

1984 1008 2188 1060 totam
2221 1005 2369 1061 hanc
2400 1006 2753 1062 sententiam
2795 1007 2907 1063 sibi
2958 1009 3256 1079 acceptam
3306 1007 3445 1074 fore,
3478 1021 3656 1079 seque

2002 1091 2085 1147 illi
2120 1093 2291 1148 sicuti
2324 1099 2571 1168 cognato
2604 1094 2970 1163 charissimo,
3004 1096 3054 1151 si
3092 1111 3229 1151 eum
3281 1111 3373 1150 res
3420 1111 3657 1151 summa

2000 1187 2490 1249 vocaret,omnem
2525 1184 2743 1258 regiam
2776 1183 3115 1240 fidelitatem
3140 1184 3431 1240 facturum
3455 1184 3654 1239 certis-

2002 1269 2149 1327 sime
2182 1271 2630 1344 promisit.1nter
2658 1272 2779 1328 haec
2807 1272 2983 1329 verba
3011 1273 3199 1345 major
3225 1271 3429 1329 Chuno
3468 1270 3651 1344 pluri-

2001 1359 2112 1415 hus
2128 1360 2466 1417 videntibus
2498 1361 2805 1434 paululum
2824 1378 2885 1417 se
2901 1360 3539 1435 acclinans,cognatum
3558 1378 3653 1417 os-

2000 1447 2231 1504 culatus
2261 1454 2381 1516 est;
2411 1466 2526 1521 quo
2559 1449 2759 1505 osculo
2790 1450 3048 1522 primum
3080 1450 3510 1523 deprehensum
3542 1454 3650 1518 est,

2000 1540 2316 1609 utrumque
2347 1537 2582 1594 illorum
2615 1538 2780 1594 alteri
2813 1539 3199 1612 acquievisse.
3223 1539 3368 1595 Hinc
3414 1543 3650 1611 sumpto

1990 1625 2213 1696 judicio
2273 1628 2611 1694 concordiae,
2659 1628 2973 1695 consedere
3029 1626 3652 1701 principes:.populus

1996 1715 2516 1786 frequentissimus
2548 1717 2819 1773 adstabat
2853 1736 2865 1773 :

2139 1804 2301 1861 Tunc
2332 1805 2488 1877 quod
2521 1806 2772 1879 quisque
2802 1805 2903 1862 diu
2924 1806 3181 1863 velatum
3204 1805 3377 1864 corde
3398 1806 3648 1879 tegebat,

2048 1886 2053 1887 ί
2140 1893 2309 1949 Ferre
2336 1895 2530 1966 palam
2560 1893 2786 1950 licitum
2818 1895 3111 1968 gaudebat
3140 1898 3375 1968 tempus
3423 1894 3648 1951 adesse.

2066 1982 2555 2056 Archiepiscopus
2570 1984 3090 2057 Moguntiensis,cu
3093 1984 3195 2057 jus
3213 1982 3503 2041 sententia
3517 1987 3651 2040 ante

1997 2071 2140 2127 alios
2172 2071 2511 2144 accipienda
2540 2071 2914 2146 fuit,rogatus
2945 2091 2979 2128 a
3009 2072 3228 2146 populo
3259 2070 3399 2145 quid
3432 2071 3544 2128 sibi
3565 2069 3649 2126 vi-

1996 2161 2251 2228 deretur,
2284 2160 2608 2217 abundanti
2667 2162 2860 2230 corde,
2907 2160 3078 2217 hilari
3122 2178 3263 2218 voce
3309 2160 3573 2217 laudavit
3594 2163 3652 2217 et

1995 2250 2169 2324 elegit
2197 2249 2439 2321 majoris
2470 2249 2657 2305 artatis
2682 2249 3023 2306 Chunonem
3050 2267 3223 2306 suum
3249 2249 3311 2305 in
3342 2249 3648 2306 dominum

1994 2343 2051 2395 et
2080 2354 2297 2410 regem,
2345 2342 2520 2411 atque
2571 2342 2856 2395 rectorem
2906 2342 2963 2394 et
3010 2337 3375 2395 defensorem
3426 2337 3646 2411 patriar.

1994 2427 2153 2482 Hanc
2185 2426 2533 2482 sententiam
2566 2427 2754 2482 caeteri
2787 2425 3204 2500 archiepiscopi
3234 2430 3293 2483 et
3320 2426 3529 2498 reliqui
3561 2442 3651 2482 sa-

1995 2532 2226 2571 crorum
2274 2504 2548 2571 ordinum
2608 2516 2713 2570 viri
2771 2514 3177 2573 indubitanter
3232 2515 3647 2589 sequebantur.

1992 2602 2199 2658 Junior
2219 2602 2423 2660 Chuno
2448 2603 2757 2675 paululum
2783 2621 2917 2659 eum
2942 2603 3317 2677 Lotharingis
3338 2603 3645 2676 placitans,

1995 2692 2194 2747 statim
2229 2709 2493 2748 reversus
2524 2692 2781 2748 maxime
2808 2692 2999 2748 favore
3031 2692 3197 2747 illum
3238 2692 3308 2746 ad
3341 2691 3649 2746 dominum

1992 2786 2049 2837 et
2071 2796 2265 2853 regem
2297 2780 2502 2852 elegit;
2529 2797 2700 2853 quem
2726 2798 2824 2835 rex
2847 2798 3027 2836 manu
3049 2779 3494 2852 apprehendens
3517 2779 3649 2835 fecit

1993 2869 2163 2925 illum
2191 2873 2503 2925 consedere
2534 2869 2666 2925 sibi.
2702 2871 2866 2925 Tunc
2892 2868 3108 2941 singuli
3159 2868 3231 2924 de
3280 2867 3531 2940 singulis
3559 2884 3647 2924 re-

1992 2957 2124 3029 gnis
2155 2958 2359 3013 eadem
2389 2957 2563 3014 verba
2593 2957 2894 3014 electionis
2920 2957 3244 3030 saepissime
3265 2957 3643 3030 repetebant:

1975 3049 2075 3109 lit'
2089 3046 2309 3103 clamor
2337 3045 2557 3119 populi,
2589 3063 2793 3102 omnes
2824 3047 3183 3102 unanimiter
3220 3046 3280 3101 in
3314 3046 3473 3118 regis
3498 3045 3646 3101 elec-

1995 3135 2152 3192 tione
2191 3135 2556 3209 principibus
2605 3136 3079 3203 consentiebant;
3112 3152 3315 3191 omnes
3362 3134 3645 3206 majorem

219 3198 473 3299 giminis
503 3198 777 3280 virtutem
808 3241 924 3280 non
956 3241 1273 3296 possumus
1312 3198 1621 3291 sustinere,
1657 3228 1714 3279 et
1739 3222 1884 3279 alter
1914 3198 1956 3265 (ἶ
1997 3198 2339 3281 Οιιυηδῐιειη
2363 3198 2973 3289 desiderabant,inillo
2995 3198 3421 3295 persistebant;
3448 3198 3643 3295 ipsum

221 3314 498 3383 alterius,
526 3314 681 3386 quod
706 3302 858 3379 inter
886 3312 1355 3385 consanguineos
1406 3329 1687 3386 magnum
1721 3314 1884 3368 nelas

221 3420 362 3460 esse
404 3408 566 3476 puto,
600 3403 831 3459 credere
880 3401 1057 3459 nollet
1106 3400 1333 3459 honori.
1368 3402 1660 3459 Maximus
1708 3402 1886 3475 igitur

222 3493 684 3559 honor,summa
712 3496 970 3563 potestas
1000 3490 1154 3547 circa
1178 3508 1283 3546 nos
1311 3490 1502 3546 adhuc
1533 3491 1884 3559 versabitur,

221 3587 287 3639 et
316 3581 400 3637 ita
422 3581 493 3636 ad
526 3596 632 3635 nos
664 3580 943 3652 pervenit,
978 3584 1043 3634 ut
1072 3579 1121 3635 si
1155 3578 1424 3647 velimus,
1447 3578 1505 3633 in
1540 3578 1719 3635 altero
1750 3596 1887 3635 nos-

222 3677 392 3727 trum
420 3668 1052 3736 remaneretQuocirca
1084 3667 1227 3723 mihi
1255 3669 1484 3723 videtur
1513 3668 1561 3724 si
1594 3668 1653 3724 in
1678 3685 1794 3725 uno
1816 3668 1887 3724 de

222 3758 406 3816 nobis
428 3758 522 3815 hic
544 3759 730 3815 honor
749 3758 1114 3814 coadunatus
1138 3757 1574 3826 remanserit,ut
1595 3758 1740 3813 alter
1763 3758 1887 3829 eju-

222 3851 399 3907 sdem
428 3847 671 3904 honoris
700 3846 1143 3921 participatione
1169 3845 1415 3903 ulterius
1454 3846 1889 3920 quodammodo

222 3955 352 3995 non
385 3941 578 3993 careat
611 3937 802 3992 :sicut
824 3937 982 3992 enim
1015 3937 1072 3992 in
1106 3953 1352 4009 regnum
1385 3939 1888 4009 parentes,quam-

222 4029 323 4084 vis
355 4027 549 4083 cuncti
574 4041 738 4098 reges
760 4042 876 4081 non
901 4025 1038 4095 sint,
1054 4025 1295 4081 honoris
1319 4027 1585 4097 quaedam
1613 4023 1891 4079 derivatio

176 4115 694 4181 “transfunditur,
730 4116 813 4170 sic
845 4118 901 4168 et
931 4114 990 4169 bi
1018 4114 1119 4186 qui
1150 4113 1464 4186 conscripti
1498 4118 1554 4168 et
1586 4112 1891 4185 praenomi-

226 4207 358 4263 nati
392 4206 463 4261 ad
495 4208 843 4277 potestatem
892 4203 1129 4271 fuerint,
1160 4203 1296 4260 licet
1339 4204 1408 4259 ad
1438 4202 1589 4258 hanc
1621 4218 1734 4257 non
1762 4217 1891 4273 per-

158 4306 173 4315 ‘
224 4295 494 4364 veniant,
522 4299 720 4349 tamen
752 4293 971 4349 honore
1004 4293 1259 4365 quodam
1312 4292 1446 4348 inde
1493 4295 1630 4347 nota
1659 4289 1893 4363 penitus

227 4398 355 4441 non
390 4382 705 4450 carebunt;
738 4399 852 4438 non
885 4382 955 4438 ad
1000 4398 1167 4438 suam
1217 4380 1565 4454 dignitatem
1614 4377 1895 4434 immeriti

229 4489 356 4539 non
383 4470 1067 4545 exigerenturPraeterea
1099 4471 1147 4526 si
1174 4486 1377 4543 regum
1404 4468 1632 4540 cognati
1662 4471 1896 4541 propter

1994 3314 2221 3370 cunctis
2261 3314 2703 3369 dominantibus
2749 3312 2895 3368 nihil
2941 3311 3265 3368 haesitando
3316 3328 3644 3385 praeposue-

1996 3403 2550 3475 runt,eumdemque
2568 3401 2743 3475 regali
2761 3400 3032 3474 potentia:
3053 3400 3471 3475 dignissimum
3487 3401 3650 3472 judi-

1995 3493 2207 3548 cabant
2232 3509 2243 3547 :
2268 3496 2324 3548 et
2345 3495 2408 3547 ut
2429 3490 2591 3547 nulla
2611 3508 2775 3547 mora
2796 3491 3248 3548 consecrationis
3268 3489 3427 3546 illius
3458 3491 3641 3560 fieret,

1997 3580 2738 3654 postulabant,supradicta
2762 3580 3099 3653 imperatrix
3130 3579 3531 3653 Chunegunda
3552 3596 3647 3636 re-

1996 3670 2151 3744 galia
2180 3670 2435 3743 insignia
2466 3687 2592 3742 quae
2619 3669 2730 3726 sibi
2755 3669 3079 3748 imperator.
3098 3669 3382 3725 Henricus
3404 3669 3650 3743 relique-

1999 3763 2089 3817 rat
2109 3763 2407 3832 gratanter
2429 3758 2564 3831 [non
2591 3761 2847 3833 gravate]
2872 3757 3166 3824 obtulit,et
3186 3759 3258 3813 ad
3282 3748 3648 3833 regnandum

2000 3852 2290 3921 quantum
2322 3847 2503 3919 hujus
2536 3864 2707 3903 sexus
2739 3847 3101 3902 auctoritatis
3131 3850 3241 3911 est,
3264 3847 3431 3903 illum
3464 3866 3652 3905 corro-

2001 3938 2242 3993 boravit.
2294 3937 2477 3992 Credo
2526 3935 2765 4007 quidem
2820 3934 2955 3989 huic
3013 3934 3281 3990 electioni
3327 3935 3652 3992 caelestium

1999 4025 2279 4080 virtutum
2317 4026 2567 4081 favorem
2603 4040 2716 4078 non
2751 4024 2974 4091 deesse,
3008 4039 3145 4079 cum
3167 4023 3318 4078 inter
3337 4024 3654 4097 singularis

2002 4114 2273 4186 potentia:
2303 4114 2455 4168 viros
2486 4117 2573 4167 tot
2604 4113 2807 4179 duces,
2840 4116 2896 4168 et
2921 4111 3292 4167 marchiones
3322 4112 3543 4184 absque
3574 4113 3656 4167 in-

2000 4202 2174 4270 vidia,
2205 4203 2332 4259 sine
2362 4200 2758 4275 controversia
2784 4200 2834 4284 is
2864 4199 3198 4272 eligeretur,
3233 4200 3332 4272 qui
3380 4200 3515 4255 licet
3552 4216 3652 4273 ge-

2002 4307 2138 4347 nere
2170 4294 2228 4347 et
2252 4290 2463 4346 virtute
2493 4295 2669 4362 atque
2698 4291 2759 4345 in
2783 4288 3035 4361 propriis
3056 4288 3228 4344 bonis
3250 4288 3482 4345 nemine
3502 4291 3657 4344 esset

2002 4379 2261 4443 inferior,
2315 4384 2509 4435 tamen
2559 4381 2631 4435 de
2680 4377 3001 4451 republica,
3036 4379 3103 4433 ad
3158 4377 3654 4451 comparationem

2002 4469 2211 4526 talium
2226 4470 2484 4525 virorum
2504 4485 2711 4541 parum
2734 4466 2996 4523 beneficii
3025 4471 3085 4522 et.
3102 4466 3407 4539 potestatis
3428 4465 3652 4523 habuit.

228 4578 407 4636 reges
438 4560 818 4628 honorantur,
853 4576 1103 4632 cumque
1153 4576 1358 4615 omnes
1407 4575 1545 4631 erga
1596 4575 1702 4612 nos
1748 4555 1894 4612 tales
1926 4567 1970 4631 D
2002 4560 2351 4631 Quanquam
2385 4557 2859 4630 archiepiscopus
2889 4554 3273 4624 Coloniensis,
3307 4559 3364 4611 et
3392 4555 3509 4611 dux
3538 4555 3657 4612 Fri-

192 4672 199 4677 τ
228 4667 367 4708 esse
391 4647 806 4721 velint,quales
836 4648 1078 4703 invicem
1113 4650 1503 4703 consentanea
1542 4649 1736 4700 mente
1770 4645 1891 4700 fue-

226 4743 447 4805 rimus,
480 4742 537 4795 et
566 4754 632 4794 eo
664 4738 838 4794 modo
871 4739 1177 4811 provectus
1208 4736 1453 4792 alterius
1474 4752 1543 4790 ex
1564 4734 1745 4810 altero
1764 4751 1887 4806 pen-

228 4832 410 4897 deat;
444 4828 542 4901 qui
575 4826 861 4883 feliciores
893 4826 1064 4881 nobis
1094 4841 1222 4881 esse
1254 4823 1604 4898 poterunt,si
1636 4822 1785 4879 alter
1806 4839 1894 4878 re-

230 4916 488 4992 gnabit?
519 4913 665 4971 alter
692 4914 979 4988 regnanti,
1013 4913 1307 4987 publicam
1340 4929 1485 4979 rem,
1518 4928 1621 4984 per
1650 4913 1894 4967 benevo-

206 5006 485 5062 lentiam
517 5020 688 5061 suam
722 4994 889 5076 quasi
923 5001 1264 5076 praestabit?
1288 5004 1476 5068 Quare
1497 4999 1651 5056 cauti
1684 4998 1892 5067 simus;

233 5093 503 5151 alienum
522 5091 1167 5166 propinquo,incertum
1185 5095 1341 5147 certo
1358 5107 1474 5147 non
1495 5088 1892 5164 praaferamus;

204 5201 314 5239 'ne
344 5172 630 5259 hodierna
653 5181 785 5239 ’dies
815 5181 930 5236 huc
960 5195 1146 5253 usque
1177 5196 1282 5253 pro
1330 5178 1435 5234 tali
1485 5176 1727 5235 arbitrio
1754 5175 1897 5235 satis

233 5271 373 5327 leta
403 5273 460 5326 et
481 5269 767 5341 jucunda,
798 5268 954 5341 longi
989 5267 1270 5342 temporis
1300 5265 1685 5325 infortunium
1730 5260 1897 5319 nobis

202 5359 434 5433 pariat
462 5375 475 5413 :
506 5357 589 5415 sic
637 5361 975 5431 conceptam
1028 5357 1176 5413 tanti
1229 5354 1427 5429 p0puli
1476 5352 1897 5427 benignitatem

232 5446 581 5504 male‘i‘nter
609 5462 716 5502 nos
742 5445 1151 5502 tractabimus.
1184 5443 1348 5510 Quod
1401 5459 1475 5498 ne
1525 5443 1626 5498 fiat
1673 5458 1741 5497 ex
1772 5456 1901 5497 mea

208 5539 430 5612 'parte,
462 5533 729 5592 omnium
751 5539 1141 5608 cognatorum
1185 5544 1449 5589 meOrum
1500 5529 1897 5599 dilectissime,

236 5624 388 5702 quid
417 5624 488 5682 de
517 5627 575 5682 te
605 5621 876 5692 sentiam,
910 5623 1101 5681 dicere
1126 5612 1276 5682 volo.
1310 5618 1371 5680 Si
1402 5619 1669 5679 animum
1699 5616 1899 5696 pepuli

567 5750 835 5816 Pax-non.
884 5748 1119 5818 CXLII.

2003 4647 2234 4704 dericus
2284 4664 2416 4703 cum
2470 4645 2599 4702 aliis
2648 4645 3004 4718 quibusdam
3064 4643 3436 4717 Lutheringis
3479 4661 3659 4700 causa

1995 4737 2253 4809 junioris
2284 4736 2605 4804 Chunonis,
2640 4740 2705 4791 ut
2732 4735 2891 4791 fama
2936 4733 3066 4800 fuit,
3092 4733 3211 4790 imo
3256 4733 3423 4791 hoste
3473 4733 3655 4806 pacis,

2005 4825 2238 4884 diabolo
2270 4824 2605 4898 instigante,
2623 4824 2899 4898 impacati
2930 4823 3326 4891 discederent;
3345 4820 3446 4894 qui
3462 4825 3659 4879 tamen

2004 4914 2117 4970 cito
2150 4914 2388 4979 reversi,
2422 4915 2492 4969 ad
2552 4914 2799 4986 gratiam
2854 4913 3030 4985 regis,
3064 4915 3300 4984 propter
3356 4928 3455 4967 eos
3512 4926 3660 4983 quos

2003 5003 2341 5058 communis
2375 5002 2631 5058 conditio
2664 5000 2872 5057 mortis
2902 4998 3348 5073 praeoccupavit,
3373 4997 3660 5071 quidquid

2005 5091 2133 5163 ipse
2184 5093 2557 5164 praiceperat,
2590 5093 2894 5164 gratanter
2944 5088 3219 5161 accipere,
3268 5091 3326 5143 et
3371 5086 3664 5160 archiepi-

2006 5195 2220 5252 scopus
2253 5178 2603 5253 Peligrinus,
2638 5178 2807 5252 quasi
2848 5195 2951 5251 pro
3000 5177 3405 5233 emendatione
3451 5175 3665 5253 prioris
3765 5226 3774 5235 .

2006 5266 2575 5341 culpae,impetrabat
2604 5285 2637 5324 a
2665 5284 2797 5340 rege
2829 5271 2895 5322 ut
2923 5266 3034 5322 sibi
3059 5265 3259 5322 liceret
3308 5265 3367 5320 in
3406 5265 3665 5325 Ecclesia

2007 5355 2339 5413 Coloniensi
2375 5357 2635 5430 reginam
2669 5372 3029 5412 consecrare.
3064 5359 3141 5410 De
3172 5359 3289 5427 qua
3319 5353 3379 5409 in
3410 5369 3664 5427 sequen-

2007 5443 2168 5499 tibus
2197 5444 2483 5513 dicturus,
2516 5462 2673 5500 nunc
2717 5445 2789 5501 ad
2842 5461 3036 5518 regem
3086 5449 3358 5501 revertar.
3388 5443 3536 5501 Vere
3565 5441 3665 5499 Dei

2008 5535 2157 5588 nutu
2188 5531 2410 5590 electus
2442 5533 2524 5589 esi
2556 5532 2616 5588 in
2649 5550 2765 5606 quo
2798 5533 2923 5607 ipse
2959 5533 3212 5607 providit
3254 5531 3661 5590 testimonium

2010 5620 2165 5697 quod
2198 5625 2402 5697 postea
2432 5638 2533 5681 rex
2563 5623 2786 5698 accepit
2816 5623 2887 5681 ab
2932 5623 3288 5683 hominibus.
3321 5623 3459 5680 Erat
3505 5618 3664 5681 enim

3266 5746 3346 5832 32
