4052 6158
509 364 667 426 1227

1746 363 2055 426 WIPPON
2065 363 2132 425 IS
2175 363 2695 426 PRESBYTERI.

3711 371 3821 435 l228

513 498 603 554 vir
634 513 855 571 magnae
886 494 1255 564 humilitatis,
1287 496 1566 570 providus
1606 496 1868 565 consilio,
1901 515 2072 552 verax
2101 498 2158 552 in
2191 499 2243 565 Α
2274 496 2770 569 gloriosissimum
2805 499 2861 554 in
2891 499 3066 554 Israel
3100 499 3231 556 fecit
3267 517 3278 556 :
3312 500 3507 556 beatus
3551 503 3635 573 qui
3677 505 3822 562 suffert

515 587 990 655 dictis,strenuus
1018 584 1079 641 in
1107 585 1614 653 factis,minimum
1647 588 2158 654 avarus,omnium

509 693 712 750 regum
744 675 803 730 in
835 675 1027 731 dando
1058 674 1542 742 liberalissimus;
1577 677 1647 731 de
1679 677 1848 748 cujus
1899 676 2160 732 moribus

506 764 884 838 postmodum
908 763 1140 837 plenius
1167 764 1538 841 dixere._Illud
1557 770 1786 820 tantum
1806 766 2046 836 [tamen]
2068 765 2162 820 hic

509 854 821 909 dicendum
853 858 964 922 est,
994 871 1119 927 quae
1153 871 1527 926 nequaquam
1560 856 1748 927 potuit
1777 871 2077 910 remanere
2101 858 2163 909 ut

506 942 608 998 ille
637 960 751 998 non
783 943 946 998 fieret
977 942 1246 1015 princeps
1271 949 1328 999 et
1358 944 1671 1011 maximus,
1708 961 1839 999 cum
1872 944 2162 998 maxima-

510 1049 645 1087 rum
673 1031 1156 1105 virtutumvigor
1179 1033 1534 1088 inerat.Cum
1560 1032 1714 1088 enim
1747 1032 2030 1104 scriptum
2064 1031 2158 1099 sit,

510 1119 758 1192 gloriam
792 1119 1062 1192 praecedit
1090 1119 1629 1187 humilitas,merito
1661 1122 1958 1194 praecessit
1983 1121 2162 1191 hujus

513 1209 718 1264 mundi
751 1208 1059 1282 gloriosos,
1092 1209 1186 1264 cui
1232 1209 1432 1281 regina
1481 1210 1761 1264 virtutum
1811 1209 2158 1265 adhzerebat.

512 1297 701 1370 Igitur
745 1315 859 1354 non
892 1301 1016 1353 erat
1046 1299 1133 1352 fas
1182 1297 1358 1353 alicui
1409 1299 1466 1352 in
1498 1302 1651 1354 terra
1681 1298 1954 1367 militare,
1988 1316 2161 1371 quem

517 1387 673 1443 Deus
705 1387 1075 1460 omnipotens
1100 1386 1532 1460 praedestinavit
1554 1388 1826 1444 omnibus
1855 1388 2159 1460 imperare.

942 1495 1013 1532 DE
1052 1493 1511 1532 CONSECRATIONE
1550 1493 1713 1532 REGIS
1722 1519 1733 1532 .

585 1567 824 1622 Peracta
853 1565 1130 1622 electione
1161 1581 1355 1638 regem
1381 1566 1545 1637 sequi
1580 1566 1962 1638 Moguntiam,
1988 1570 2052 1622 ut
2081 1566 2160 1621 ibi

515 1653 977 1711 sacratissimam
1009 1655 1347 1709 unctionem
1380 1654 1686 1727 acciperet,
1716 1672 1850 1713 cum
1900 1655 2164 1711 claritate

515 1743 773 1799 maxima
805 1760 1007 1799 omnes
1038 1744 1446 1816 properabant.
1479 1745 1643 1799 lbant
1671 1744 2013 1816 gaudentes,
2048 1743 2164 1799 cle-

514 1832 618 1888 rici
648 1832 996 1905 psallebant,
1027 1831 1157 1888 laici
1190 1833 1492 1899 canebant,
1527 1833 1759 1905 utrique
1789 1851 1895 1888 suo
1941 1835 2113 1889 modo
2145 1851 2159 1888 :

513 1925 707 1978 tantas
737 1921 940 1978 laudes
972 1922 1155 1978 Deum
1204 1921 1493 1990 accepisse
1537 1923 1606 1977 ad
1659 1922 2015 1991 hominibas,
2048 1941 2166 1978 una

514 2011 609 2066 die
640 2010 699 2066 in
731 2010 856 2067 loco
888 2011 1148 2067 nendum
1179 2011 1629 2082 comperiebam.
1662 2011 1716 2065 Si
1763 2011 2003 2067 Carolus
2036 2029 2164 2068 ma-

513 2116 667 2173 gnus
697 2117 830 2157 cum
863 2104 1088 2172 sceptro
1117 2099 1281 2155 vivus
1310 2101 1681 2166 adesset,nen
1706 2099 1950 2155 alacrior
1980 2118 2163 2173 popu-

513 2189 609 2243 lus
643 2189 869 2255 fuisset,
903 2205 1007 2244 nec
1056 2188 1190 2260 plus
1238 2188 1490 2260 gaudere
1537 2187 1752 2244 valeret
1781 2189 1850 2243 de
1881 2189 2026 2244 tanti
2059 2191 2162 2245 viri

516 2277 730 2346 reditu,
759 2294 936 2348 quam
981 2277 1051 2332 de
1099 2276 1274 2332 istius
1324 2277 1477 2348 regis
1522 2277 1710 2347 primo
1759 2294 2014 2333 accessu.
2049 2279 2164 2334 Rex

516 2365 779 2438 pervenit
809 2365 1173 2437 Moguntiam
1208 2381 1220 2418 :
1256 2363 1336 2418 ibi
1370 2365 1588 2420 honore
1633 2366 1826 2420 debite
1877 2371 2164 2439 receptus,

514 2453 1006 2510 consecrationem
1032 2470 1200 2509 suam
1228 2453 1501 2508 omnibus
1529 2454 1972 2510 desiderabilem
1994 2457 2161 2512 deve-

515 2546 611 2599 tus
661 2542 1123 2615 praestolabatur.
1159 2542 1238 2597 Ad
1271 2558 1442 2614 quem
1485 2542 1946 2598 benedicendum
1980 2544 2037 2598 in
2072 2546 2162 2601 die

512 2629 844 2687 Nativitatis
875 2634 1087 2687 sanctae
1116 2631 1329 2702 Mariae,
1363 2649 1494 2686 rum
1542 2631 2014 2706 archiepiscopus
2045 2635 2161 2690 Me-

511 2720 842 2794 guntiensis
873 2724 930 2775 et
960 2719 1152 2776 omnis
1184 2720 1374 2776 clerus
1408 2719 1746 2776 selemniter
1778 2738 1838 2776 se
1871 2739 2162 2794 praepara-

513 2813 661 2877 rent,
694 2808 847 2864 inter
895 2827 1060 2865 sacra
1102 2809 1294 2865 officia
1324 2809 1493 2880 regiae
1528 2809 1820 2865 unctionis
1847 2811 2160 2883 archiepis-

513 2915 694 2970 copus
726 2898 836 2953 hoc
867 2899 938 2953 ad
982 2913 1175 2972 regem
1227 2915 1372 2954 usus
1419 2902 1506 2953 est
1555 2915 1860 2954 sermone:
1895 2923 1921 2950 «
1959 2899 2163 2956 Omnis

514 2992 772 3061 potestas
805 2987 1088 3043 ﬂuitantis
1119 2987 1313 3042 sceculi
1365 2988 1433 3043 de
1479 3005 1596 3043 uno
1647 2988 1802 3044 fonte
1849 2989 2163 3062 purissime

515 3076 828 3132 derivatur.
857 3076 1013 3132 Solet
1040 3079 1232 3131 autem
1267 3077 1543 3143 accidere,
1575 3081 1638 3131 ut
1677 3093 1809 3132 cum
1861 3078 2056 3150 plures
2085 3078 2159 3134 ri-

514 3163 634 3219 vuli
663 3165 734 3219 de
780 3163 981 3219 eodem
1033 3163 1319 3235 principio
1370 3165 1705 3236 procedant,
1741 3166 1854 3220 alio
1905 3171 2161 3238 tempore

517 3253 636 3309 sint
665 3253 906 3321 turbidi,
941 3252 1053 3308 alio
1083 3252 1279 3320 lucidi,
1315 3253 1468 3307 fonte
1517 3253 1750 3326 capitali
1800 3254 1859 3309 in
1913 3255 2162 3327 puritate

516 3360 624 3398 sua
657 3345 1064 3414 permanente;
1099 3340 1301 3396 eodem
1347 3341 1520 3395 modo
1574 3346 1859 3413 quantum
1905 3343 2164 3398 humana

516 3433 770 3488 conditio
802 3435 1118 3487 creatorem
1152 3435 1208 3486 et
1235 3437 1558 3486 creaturam
1603 3432 1753 3486 inter
1801 3449 1862 3487 se
1903 3433 2163 3489 conferre

515 3521 709 3587 audet,
739 3521 808 3576 de
840 3525 951 3576 Deo
985 3535 1116 3593 rege
1166 3519 1480 3574 immortali
1531 3524 1586 3574 et
1634 3522 1878 3576 terrenis
1926 3523 2161 3596 regibus

513 3609 800 3681 conjicere
831 3607 1409 3680 volemus.Scriptum
1443 3612 1531 3663 est
1562 3609 1717 3664 enim
1745 3628 1757 3664 :
1783 3610 1985 3666 Omnis
2008 3616 2162 3684 pote-

513 3701 634 3753 stas
667 3715 699 3753 a
730 3698 846 3753 Deo
877 3702 984 3752 est.
1018 3697 1071 3752 Is
1094 3695 1465 3768 omnipotens
1496 3713 1592 3752 rex
1623 3699 2035 3769 regum,tetius
2062 3701 2162 3756 ho-

513 3786 673 3842 noris
718 3790 920 3843 auctor
962 3791 1018 3842 et
1065 3785 1442 3858 principium,
1476 3788 1709 3858 quando
1761 3788 1819 3841 in
1865 3788 2159 3862 principes

511 3880 675 3932 terrae
707 3876 954 3948 alicujus
987 3875 1290 3948 dignitatis
1320 3875 1567 3947 gratiam
1600 3876 2158 3950 transfundit,quano

513 3969 638 4021 tum
683 3967 754 4022 ad
803 3970 1074 4022 naturam
1125 3963 1392 4036 principii
1446 3982 1592 4036 pura
1640 3970 1696 4020 et
1741 3967 1980 4022 munda.
2015 3971 2153 4023 Cum

511 4060 705 4112 autem
735 4056 1061 4128 perveniret
1093 4054 1162 4108 ad
1194 4070 1292 4109 eos
1325 4054 1427 4124 qui
1455 4054 1601 4109 hanc
1627 4055 1970 4126 dignitatem
2007 4057 2156 4111 indi-

509 4162 621 4218 gne
670 4147 1086 4210 tractaverunt,
1121 4147 1178 4197 et
1225 4159 1351 4197 eam
1401 4159 1534 4198 cum
1587 4143 1879 4215 superbia,
1914 4144 2154 4212 invidia,

504 4234 767 4302 libidine,
803 4232 1063 4296 avaritia,
1097 4229 1203 4297 ira,
1237 4231 1625 4303 impatientia,
1657 4232 1998 4289 crudelitate
2029 4234 2156 4307 pel-

503 4323 857 4393 luerint,sibi
888 4326 945 4379 et
974 4319 1249 4378 omnibus
1279 4321 1699 4391 sul.»jectis,nisi
1732 4323 2063 4392 pcenitende
2095 4341 2154 4380 se

504 4413 899 4488 purgaverint,
934 4408 1329 4483 periculosum
1357 4413 1558 4482 putum
1592 4409 1922 4481 iniquitatis
1953 4414 2153 4485 propi-

505 4503 746 4558 nabunt.
773 4500 906 4564 Oret
931 4504 989 4554 et
1017 4497 1335 4554 intercedat
1365 4500 1436 4556 ad
1470 4498 1780 4554 Dominum
1815 4499 2007 4554 omnis
2055 4501 2155 4557 Ec-

2268 587 2673 652 tentationem,
2708 587 2980 659 quoniam
3016 589 3109 644 hic
3141 591 3353 662 accipit
3380 592 3757 646 corenam.l\'on
3775 594 3825 648 si-

2271 691 2343 729 ne
2372 691 2550 730 causa
2581 681 2636 731 te
2669 681 2816 731 Deus
2849 679 3132 747 exercuit;
3169 679 3423 734 fructum
3471 686 3754 751 sequentem
3784 682 3823 737 in

2269 767 2324 817 te
2365 763 2750 833 dulciﬂcavit;
2787 765 3048 837 permisit
3094 766 3481 823 antecesseris
3523 769 3599 822 tui
3643 769 3827 841 impera-

2269 851 2412 906 toris
2439 852 2670 907 Henrici
2701 855 2949 924 gratiam
3003 856 3264 926 perdere,
3291 860 3350 911 et
3393 857 3634 911 eamdem
3674 858 3826 914 iterum

2270 939 2557 1010 recipere;
2595 945 2658 995 ut
2687 941 2837 996 scias
2868 943 3038 998 modo
3078 943 3170 1000 his
3219 944 3502 1011 misereri,
3533 946 3621 1016 qui
3649 947 3831 1017 perdunt

2271 1029 2518 1100 gratiam
2553 1034 2714 1085 tuam
2752 1047 2762 1085 :
2796 1048 3006 1102 passus
3037 1049 3098 1087 es
3147 1033 3418 1103 injurias,
3452 1039 3515 1088 ut
3559 1052 3688 1090 nunc
3724 1037 3831 1092 scias

2273 1116 2538 1172 misereri
2572 1119 3300 1192 sustinentibusinjurias:
3329 1122 3833 1193 pietasdivinavoluit

2271 1210 2326 1261 te
2357 1223 2483 1262 esse
2516 1206 2644 1262 sine
2673 1207 3070 1280 disciplina,ut
3100 1215 3233 1281 post
3264 1209 3495 1265 cceleste
3516 1212 3832 1283 magisterium

2272 1294 2671 1350 Christianum
2704 1313 2937 1368 caperes
2967 1298 3398 1370 imperium.Ad
3419 1316 3684 1355 summam
3703 1299 3836 1373 digni-

2273 1386 2449 1438 tatem
2505 1385 2836 1456 pervenisti,
2868 1385 3120 1442 vicarius
3173 1404 3236 1442 es
3290 1387 3523 1443 Christi.
3570 1388 3720 1444 Nemo
3759 1390 3834 1444 nisi

2274 1471 2433 1527 illius
2466 1472 2725 1530 imitator
2753 1491 2922 1531 verus
2969 1480 3059 1530 est
3094 1476 3464 1545 dominator;
3495 1481 3708 1550 oportet,
3732 1476 3834 1532 utin

2274 1561 2382 1616 hoc
2413 1561 2560 1618 solio
2593 1562 2754 1636 regni
2784 1563 3001 1636 cogites
3031 1564 3101 1620 de
3149 1565 3375 1621 honore
3422 1567 3662 1638 perenni.
3689 1567 3840 1638 Magna

2275 1649 2521 1706 felicitas
2553 1652 2720 1707 estin
2755 1653 2972 1708 mundo
3006 1670 3270 1726 regnare,
3308 1655 3566 1709 maxima
3607 1660 3778 1722 autem,
3799 1654 3837 1708 in

2275 1737 2436 1794 ccelis
2463 1739 2848 1812 triumphare.
2880 1745 3020 1796 Cum
3071 1760 3204 1798 vero
3255 1743 3417 1799 Deus
3447 1761 3479 1799 a
3507 1748 3559 1798 te
3605 1743 3752 1799 multa
3787 1761 3842 1798 re-

2274 1829 2487 1900 quirat,
2522 1829 2629 1884 hoc
2681 1830 3052 1902 potissimum
3099 1831 3424 1900 desiderat,
3456 1837 3518 1887 ut
3560 1833 3712 1888 facias
3736 1832 3842 1904 judi-

2275 1917 2430 1972 cium
2463 1923 2516 1972 et
2537 1917 2828 1986 justitiam
2857 1935 2921 1973 ac
2953 1936 3153 1991 pacem
3187 1921 3550 1994 patriae,qum
3581 1938 3768 1994 semper
3790 1939 3843 1976 re-

2275 2005 2446 2078 spicit
2473 2006 2545 2061 ad
2576 2011 2630 2061 te
2665 2023 2678 2060 :
2707 2012 2771 2062 ut
2795 2007 2876 2062 sis
2908 2008 3176 2064 defensor
3205 2008 3595 2066 Ecclesiarum
3615 2016 3664 2066 et
3679 2009 3842 2065 clerico-

2275 2100 2662 2161 cerum,tuter
2692 2097 2996 2152 viduarum
3030 2103 3088 2153 et
3117 2097 3524 2170 orphanorum
3549 2118 3561 2156 :
3584 2117 3700 2156 cum
3721 2099 3840 2155 hiset

2273 2183 2406 2239 aliis
2439 2185 2607 2240 bonis
2633 2185 2962 2240 ﬂrmabitur
2990 2186 3238 2242 thronus
3273 2192 3420 2243 tuus
3449 2188 3538 2244 hic
3567 2193 3618 2245 et
3638 2189 3686 2243 in
3707 2205 3843 2260 perpe-

2275 2279 2462 2328 tuum.
2498 2274 2566 2328 Et
2597 2290 2769 2340 nunc,
2804 2264 3035 2331 domine
3067 2293 3185 2342 rex,
3220 2277 3422 2333 omnis
3444 2283 3635 2333 sancta
3661 2275 3846 2332 Ecclesia

2274 2361 2578 2417 nobiscum
2615 2368 2779 2435 rogat
2810 2363 3056 2435 gratiam
3087 2368 3252 2419 tuam
3284 2383 3393 2437 pro
3417 2367 3510 2421 his
3535 2367 3624 2439 qui
3647 2371 3845 2421 contrate

2274 2451 2559 2506 hactenus
2591 2451 2980 2524 deliquerunt,
3011 2457 3069 2506 et
3099 2453 3430 2510 offensione
3459 2454 3645 2527 aliqua
3665 2452 3845 2528 gratiam

2272 2545 2433 2596 tuam
2469 2540 2868 2612 perdiderunt.
2903 2542 2981 2596 Ex
3009 2542 3229 2613 quibus
3257 2547 3353 2598 est
3385 2561 3555 2609 unus,
3584 2545 3696 2600 Otto
3723 2541 3849 2597 nomi-

2273 2629 2460 2697 ne,vir
2490 2629 2703 2684 nobilis
2736 2629 2833 2701 qui
2863 2635 2916 2686 te
2947 2630 3297 2700 eﬂ‘endebat,
3335 2650 3440 2704 pro
3475 2631 3570 2688 ille
3597 2638 3648 2688 et
3674 2631 3849 2702 reliquis

2272 2719 2548 2773 omnibus
2574 2717 2941 2773 clementiam
2973 2723 3135 2773 tuam
3165 2726 3506 2788 oramus,ut
3527 2721 3634 2776 illis
3653 2719 3848 2775 dimittas

2271 2824 2375 2879 pro
2407 2806 2690 2862 charitate
2726 2807 2848 2871 Dei,
2882 2807 2981 2879 qui
3010 2813 3064 2863 te
3103 2807 3281 2864 hodie
3332 2810 3393 2864 in
3441 2809 3622 2866 virum
3664 2808 3847 2863 alterum

2273 2896 2603 2965 mutavit,et
2634 2896 2896 2951 numinis
2927 2896 3016 2951 sui
3048 2898 3401 2970 particiqem
3436 2899 3597 2965 feeit;
3628 2904 3850 2970 quatenus

2271 2983 2396 3057 ipse
2424 2985 2527 3040 tibi
2559 2985 2825 3040 eamdem
2861 2986 3036 3040 vicem
3071 3003 3174 3058 pro
3206 2987 3502 3044 universis
3548 2986 3744 3043 delictis
3767 2985 3848 3038 tuis

2271 3074 2544 3146 dignetur
2573 3075 2942 3146 rependere.»
2965 3075 3026 3129 In
3049 3074 3158 3130 hoc
3180 3092 3457 3134 sermone
3480 3094 3575 3132 rex
3602 3075 3849 3132 miseriam»

2270 3162 2368 3218 dia
2398 3167 2615 3228 motus,
2649 3163 2936 3235 ingemuit
2979 3168 3034 3218 et
3076 3163 3232 3219 ultra
3281 3183 3466 3237 quam
3515 3166 3655 3220 credi
3700 3162 3847 3236 possit,

2193 3238 2234 3304 C
2274 3252 2549 3307 efﬂuebat
2576 3251 2632 3306 in
2662 3251 3367 3324 lacrymis.Deinde,sicut
3397 3254 3640 3328 episcopi
3659 3255 3849 3309 ctduces

2273 3358 2407 3396 cum
2458 3341 2727 3396 universe
2779 3341 2990 3413 populo
3040 3341 3413 3414 ﬂagitabant,
3447 3344 3699 3399 omnibus
3737 3339 3847 3411 quod

2272 3431 2550 3486 adversus
2582 3429 2749 3484 illum
2781 3429 3167 3501 deliquerant,
3199 3430 3455 3489 dimisit.
3473 3433 3584 3488 Hoc
3613 3430 3850 3500 omnispo-

2273 3518 2448 3590 pulus
2478 3522 2775 3591 gratanter
2803 3518 3176 3590 suscipiebat.
3203 3520 3428 3578 Omnes
3475 3522 3748 3576 manifesta
3770 3516 3848 3588 pie.-

2271 3612 2386 3662 tate
2418 3607 2572 3680 regis
2602 3624 2715 3679 prae
2748 3608 2960 3680 gaudio
2993 3607 3302 3680 plorabant
3339 3629 3351 3665 :

2341 3697 2583 3752 Ferreus
2613 3702 2767 3752 esset
2796 3696 2993 3764 homo,
3025 3698 3122 3769 qui
3156 3697 3441 3771 plangere
3473 3717 3581 3755 non
3613 3697 3844 3770 potuisset,

2341 3785 2500 3850 Quod
2533 3788 2726 3839 tantas
2757 3783 2962 3857 culpas
2994 3785 3213 3857 ignovit
3242 3791 3415 3843 tanta
3447 3793 3701 3861 potestas.

2269 3875 2335 3928 Et
2367 3890 2704 3946 quanquam
2761 3874 3055 3929 vindicare
3113 3881 3312 3946 posset
3375 3894 3513 3932 suas
3570 3875 3786 3948 injurias,
3807 3871 3839 3924 si

2270 3980 2571 4035 nunquam
2604 3979 2700 4018 rex
2732 3963 2915 4030 fieret,
2938 3968 3132 4018 tamen
3156 3981 3258 4036 pro
3281 3965 3452 4021 nulla
3481 3971 3638 4022 tanta
3658 3967 3842 4037 potesm~

2266 4052 2340 4106 tis
2372 4052 2586 4108 ﬂducia
2616 4052 2684 4106 ad
2720 4051 3122 4108 ulciscendum
3154 4053 3382 4125 aliquid
3405 4053 3842 4112 reservabat.Pera-

2266 4141 2376 4196 ctis
2407 4141 2817 4196 decentissime
2843 4141 3054 4196 divinis
3085 4142 3385 4214 ofﬂciis,et
3418 4144 3585 4216 regali
3616 4154 3840 4197 consecra-

2264 4230 2442 4295 tione,
2475 4246 2571 4284 rex
2602 4230 2902 4301 processit,
2935 4233 2990 4283 et
3013 4229 3162 4285 sicut
3192 4231 3262 4286 de
3317 4231 3459 4288 Saul
3505 4249 3627 4304 rege
3667 4229 3836 4300 legitur.

2264 4318 2433 4389 quasi
2467 4318 2537 4373 ab
2571 4317 2816 4374 humero
2843 4335 3077 4374 sursum
3113 4320 3347 4377 cunctis
3379 4321 3550 4377 altior
3577 4310 3839 4383 ibat,etvel-

2265 4407 2346 4460 uti
2382 4406 2438 4460 in
2470 4407 2785 4478 quamdam
2820 4407 3222 4462 habitudinem
3271 4414 3449 4466 antea
3495 4427 3601 4464 non
3628 4408 3775 4462 visam
3799 4401 3838 4455 in

2264 4493 2361 4549 illo
2393 4495 2865 4562 transformatus,
2897 4511 3031 4550 cum
3063 4512 3225 4551 sacro
3257 4499 3561 4564 comitatu,
3585 4493 3733 4550 alacri
3750 4487 3838 4544 Vill-

2196 1870 2241 1934 Β

503 4590 678 4647 clesia
710 4595 1070 4655 sanctorum,
1108 4593 1173 4644 ut
1197 4589 1474 4665 dignitas,
1508 4605 1634 4660 quae
1666 4586 1838 4644 hodie
1868 4606 2015 4660 pura
2045 4590 2156 4647 De-
2185 4611 2232 4675 Β
2265 4586 2349 4650 tu,
2382 4582 2630 4639 honesto
2663 4585 2894 4675 incessu
2943 4585 3015 4639 ad
3061 4583 3403 4641 cubiculum
3453 4585 3632 4675 rediit.
3660 4580 3769 4638 lude
3786 4576 3835 4675 {Id

500 4681 661 4737 mine
691 4684 747 4736 et
779 4680 896 4753 regi
936 4682 1135 4735 nostro
1185 4679 1448 4734 Conrado
1499 4677 1767 4750 praesenti
1797 4695 1831 4733 a
1859 4678 1974 4733 Deo
2007 4697 2150 4751 prae-

499 4775 708 4839 statur,
743 4769 1015 4826 inviolata
1048 4772 1336 4840 quantum
1368 4767 1628 4823 hominis
1663 4770 1750 4821 est
1779 4768 1852 4821 ab
1882 4783 1946 4823 eo
1968 4785 2148 4825 serve-

498 4867 610 4916 tur.
643 4861 857 4916 Tecum
889 4864 946 4914 et
975 4863 1212 4931 propter
1238 4861 1293 4913 te
1320 4857 1490 4913 nobis
1532 4861 1620 4911 est
1671 4873 1882 4923 sermo,
1915 4857 2148 4912 domine

499 4967 629 5018 rex;
663 4950 947 5005 Dominus
969 4947 1068 5020 qui
1105 4951 1158 5003 te
1188 4947 1362 5020 elegit
1392 4950 1457 5001 ut
1481 4961 1641 5002 esses
1692 4961 1790 5000 rex
1839 4961 2015 5018 super
2047 4963 2146 5018 pe-

499 5039 700 5110 puluni
734 5055 930 5106 suum,
967 5039 1094 5109 ipae
1125 5041 1178 5091 te
1210 5035 1372 5108 prius
1402 5033 1585 5091 voluit
1612 5035 1877 5106 probare,
1903 5037 1959 5090 et
1988 5040 2148 5107 post-

499 5127 736 5181 modum
771 5143 1012 5199 regnare
1039 5143 1051 5182 :
1077 5125 1328 5198 ﬂagellat
1360 5125 1514 5179 enim
1549 5140 1782 5179 omnem
1811 5139 1983 5195 quem
2008 5124 2148 5180 reci-

497 5213 618 5286 pit:
644 5214 994 5287 dignabatur
1025 5204 1311 5287 corripere
1343 5230 1518 5286 quem
1544 5212 1803 5267 voluerat
1851 5213 2140 5285 recipere;

493 5300 716 5375 placuit
744 5295 794 5358 ei
825 5302 1156 5369 humiliare,
1191 5320 1360 5374 quem
1394 5301 1696 5374 proposuit
1745 5300 2015 5356 exaltare.
2049 5302 2143 5357 Sic

489 5391 650 5448 Deus
679 5389 971 5446 Abraham
999 5407 1230 5445 servum
1264 5409 1436 5447 suum
1471 5390 1733 5458 tentavit,
1768 5394 1824 5444 et
1852 5393 2139 5445 tentatum

485 5479 866 5555 gleriﬂcavit;
902 5479 984 5534 sic
1016 5478 1192 5533 David
1242 5479 1529 5534 famulum
1574 5494 1748 5534 suum
1799 5478 1937 5534 Saul
1988 5479 2142 5552 regis

488 5572 660 5636 iram,
693 5566 1177 5644 persecutionem,
1207 5568 1456 5639 injurias
1506 5572 1564 5623 et
1607 5566 1851 5622 latibula
1899 5567 2138 5638 deserti,

483 5661 710 5750 fugam,
737 5657 1007 5750 exsilium
1041 5657 1162 5736 pati
1196 5657 1913 5734 permisit,quemlpestea
1943 5671 2137 5732 regem

2263 4687 2528 4727 mensam
2558 4671 2736 4746 regali
2770 4677 3049 4745 apparatu
3083 4679 3370 4745 receptus,
3405 4691 3530 4731 eam
3561 4673 3694 4728 diem
3713 4665 3836 4740 regia!

2261 4761 2471 4832 speciei
2506 4761 2859 4833 primitivam
2893 4762 3322 4818 ofﬁciosissime
3354 4761 3710 4835 consumpsit.

2465 4867 2535 4905 DE
2574 4868 2960 4907 DISPOSITIONE
3000 4868 3225 4908 CURIALI
3266 4870 3332 4907 ET
3364 4871 3434 4908 DE
3475 4868 3680 4907 REGINA.

2329 4938 2410 4994 De
2435 4938 2711 4995 fidelitate
2742 4941 2892 4995 facta
2917 4941 3035 5013 regi
3064 4941 3262 4996 minus
3283 4941 3664 4998 necessarium
3691 4934 3831 4991 dicere

2257 5027 2714 5100 puto,frequenti
2733 5046 2843 5084 usu
2865 5031 3190 5102 teste,qued
3214 5047 3420 5086 omnes
3441 5024 3828 5103 episGOpi,duoes

2258 5119 2315 5170 et
2346 5115 2552 5188 reliqui
2587 5117 3120 5189 principes,milites
3150 5118 3343 5191 primi,
3379 5118 3590 5174 milites
3616 5106 3825 5188 gregaﬁi,

2255 5204 2396 5275 quin
2428 5205 2665 5278 ingenui
2699 5207 2977 5274 emnes,si
3010 5206 3258 5278 alicujus
3291 5205 3564 5262 momenti
3593 5194 3825 5267 sint,regi-

2253 5293 2366 5348 bus
2399 5295 2570 5350 {idem
2605 5294 2991 5350 faeiant.Hiuc
3023 5300 3216 5351 tamen
3240 5295 3523 5351 sincerius
3539 5298 3590 5347 et
3608 5284 3824 5346 libentius

2244 5381 2502 5452 jurande
2534 5401 2737 5440 omnes
2763 5384 3240 5456 subjiciebantur,
3267 5383 3530 5440 similiter
3557 5381 3607 5435 in
3636 5371 3823 5446 disposi-

2251 5471 2408 5528 tione
2438 5473 2662 5538 curiali,
2687 5489 2861 5545 quem
2893 5490 2990 5529 rex
3021 5475 3299 5546 majorem
3331 5473 3535 5529 demus
3579 5464 3819 5524 statueret.

2254 5579 2402 5634 quos
2431 5560 2920 5618 cubiculariorum
2953 5563 3282 5636 magistros,
3316 5579 3459 5634 quos
3489 5559 3754 5614 inferteres
3779 5548 3817 5599 et

2247 5651 2577 5726 pincernas,
2612 5656 2668 5709 et
2699 5651 2951 5730 reliquos
2979 5652 3284 5711 ofﬁciarios
3313 5642 3704 5718 ordinaret,din
3731 5649 3818 5696 ιιοη
