4052 6158
72 428 233 497 1229

71 571 161 620 est
179 562 686 637 supersedendum
706 576 842 616 cum
860 560 1005 618 illud
1026 552 1477 620 breviterdicere
1499 564 1743 637 possim,

69 654 234 726 quod
265 652 485 708 nullius
525 651 921 708 antecessoris
952 652 1045 708 sui
1089 653 1415 709 ministeria
1461 652 1659 725 aptius
1689 660 1747 710 et

65 742 557 798 honorificentius
586 741 827 813 provisa
876 741 1124 797 memini
1153 742 1239 798 vel
1280 741 1414 815 legi.
1438 743 1522 798 Ad
1565 759 1744 815 quam

62 849 195 886 rem
216 830 535 905 plurimum
550 829 735 885 voluit
750 829 1063 902 ingenium
1081 831 1472 905 Angustensis
1484 830 1741 904 episcopi

61 921 365 975 Brunonis
384 925 441 975 et
468 919 776 974 Wernheri
798 920 1251 991 Argentinensis
1273 920 1531 993 episcopi
1556 920 1744 975 consi-

59 1010 240 1066 lium.
269 1010 362 1066 Sic
394 1009 566 1064 etiam
592 1009 955 1064 VVerniharii
986 1009 1408 1082 militis,quem
1443 1027 1541 1065 rex
1571 1009 1744 1084 longe

60 1102 206 1154 ante
253 1101 484 1153 cautum
524 1096 807 1162 consiliis,
842 1099 1134 1154 audacem
1184 1098 1375 1166 bellis,
1406 1099 1744 1172 frequenter

61 1204 276 1243 secum
305 1185 723 1259 experiebatur,
748 1188 1042 1258 superbos
1074 1204 1281 1244 omnes
1324 1187 1539 1244 dilecta
1587 1189 1741 1263 regis

60 1277 287 1347 conjux
306 1273 491 1330 Gisela
523 1273 834 1348 prudentia
864 1279 925 1330 et
957 1275 1204 1332 consilio
1227 1277 1434 1350 viguit,
1460 1277 1552 1332 cui
1574 1282 1742 1349 pater

59 1370 196 1421 erat
218 1364 563 1421 Herimanus
585 1364 703 1418 dux
726 1362 1120 1432 Alemanniae;
1149 1371 1335 1421 mater
1355 1367 1486 1437 ejus
1512 1366 1741 1422 Kerbir-

55 1472 159 1527 ga,
184 1454 309 1509 ﬁlia
331 1452 572 1509 Couradi
604 1451 757 1524 regis
787 1452 857 1507 de
892 1452 1241 1527 Burgundia
1272 1454 1404 1523 fuit,
1428 1455 1603 1526 cujus
1636 1472 1755 1527 par

54 1547 265 1600 rentes
295 1543 364 1598 de
393 1540 575 1599 Caroli
624 1539 817 1613 Magni
850 1541 1038 1614 stirpe
1087 1548 1535 1615 processerant;
1579 1545 1737 1600 unde

53 1632 309 1706 quidam
328 1632 396 1687 de
413 1629 626 1686 nostris
647 1628 705 1685 in
727 1628 1131 1711 libello,quem
1149 1631 1529 1705 Tetralogum
1552 1633 1738 1688 nomi-

52 1722 249 1791 navit,
264 1724 321 1779 et
342 1724 538 1793 postea
558 1719 677 1793 regi
703 1718 949 1776 Henrico
972 1721 1167 1788 tertio,
1184 1738 1321 1777 cum
1345 1721 1606 1778 natalem
1629 1722 1737 1778 Do-

54 1811 207 1868 mini
239 1810 301 1867 in
334 1809 647 1887 Argentina
687 1808 919 1865 civitate
965 1809 1288 1867 celebraret
1333 1812 1732 1884 praesentavit,

54 1904 217 1958 inter
247 1900 416 1971 alios,
439 1901 586 1957 duos
618 1916 820 1956 versus
851 1898 1035 1955 edidit
1063 1899 1175 1956 hoc
1208 1901 1386 1957 modo
1420 1919 1433 1955 :

184 2007 563 2071 Ouandogpost
591 2006 855 2058 decimam
884 2010 1201 2071 numeratur
1230 2007 1374 2071 linea
1402 2012 1596 2071 quarta

185 2073 263 2121 De
291 2069 479 2121 Carolo
509 2071 701 2135 Magno
731 2069 974 2133 procedit
1002 2069 1176 2119 Gisela
1200 2069 1444 2132 prudens
1478 2086 1489 2119 :

124 2173 274 2225 Cum
308 2172 485 2224 tantae
518 2166 843 2224 nobilitatis
871 2171 1024 2229 esset
1055 2171 1113 2223 et
1143 2168 1342 2222 formae
1384 2168 1730 2225 decentissi-

50 2278 185 2327 maa,
202 2257 464 2315 minimis
481 2255 830 2313 extollentite
849 2256 1043 2323 fuit,in
1060 2257 1160 2313 Dei
1180 2258 1417 2313 servitio
1431 2259 1731 2326 timorata,

49 2351 110 2405 in
138 2347 513 2405 orationibus
534 2351 592 2402 et
617 2345 1005 2418 eleemosynis
1026 2346 1289 2414 assidua,
1312 2353 1370 2403 et
1401 2346 1509 2403 hoc
1542 2351 1607 2402 ut
1639 2364 1731 2417 se—

48 2436 273 2494 cretius
299 2434 510 2509 potuit,
530 2435 839 2491 attendens
856 2433 999 2491 illud
1019 2435 1456 2511 Evangelicum,
1472 2453 1543 2492 ne
1556 2435 1733 2505 justi-

46 2529 198 2583 tiam
234 2541 408 2582 suam
442 2525 656 2580 faceret
685 2540 883 2593 coram
914 2523 1278 2582 hominibus.
1298 2525 1439 2583 Erat
1468 2524 1624 2581 enim
1659 2523 1729 2579 li-

48 2616 273 2673 beralis
305 2613 550 2687 ingenii,
583 2612 837 2668 illustris
869 2612 1137 2676 solertiae,
1163 2612 1340 2668 avida
1368 2612 1586 2687 glorias,
1613 2630 1728 2668 non

46 2706 286 2773 laudis;
322 2703 569 2777 pudoris
598 2718 830 2770 amans,
854 2700 1087 2757 feminei
1111 2701 1332 2758 laboris
1365 2703 1613 2774 patiens.
1641 2701 1728 2756 in-

47 2810 295 2850 cassum
322 2792 570 2848 minime
601 2791 863 2864 profusa,
888 2790 948 2845 in
981 2789 1155 2845 rebus
1186 2789 1454 2847 honestis
1484 2796 1540 2847 et
1573 2789 1732 2847 utili-

47 2886 165 2940 bus
187 2881 430 2939 abunde
451 2880 637 2954 larga,
653 2879 813 2935 dives
838 2877 898 2933 in
916 2877 1167 2950 praediis,
1188 2895 1457 2936 summos
1478 2880 1734 2936 honores

50 2974 203 3028 bene
225 2974 483 3027 tractare
505 2968 712 3042 perita.
739 2968 869 3023 Haec
891 2967 1285 3039 quorumdam
1305 2968 1617 3024 hominum
1641 2967 1730 3022 in-

48 3061 208 3117 vidia
229 3077 365 3132 quae
391 3075 544 3131 smpe
576 3058 650 3113 ab
682 3056 1057 3113 inferioribus
1080 3056 1331 3129 fumigat
1361 3058 1433 3112 ad
1464 3055 1731 3129 superio-

46 3169 161 3219 res,
182 3166 294 3225 per
325 3147 555 3220 aliquot
585 3146 711 3202 dies
744 3162 779 3202 a
808 3145 1246 3202 consecratione
1276 3146 1729 3217 impediebatur.

52 3240 349 3296 Caterum
383 3237 432 3293 si
465 3236 612 3291 illud
644 3235 845 3291 odium
865 3235 1025 3304 juste
1051 3251 1123 3289 an
1151 3234 1371 3306 injuste
1402 3233 1728 3307 pertulerit,

53 3330 253 3385 adhuc
284 3328 349 3383 in
373 3325 682 3398 questione
709 3303 1010 3379 moratur:
1035 3303 1231 3377 tamen
1252 3303 1437 3377 virilis
1469 3323 1730 3396 probitas
1760 3303 1803 3370 C

57 3420 115 3473 in
148 3417 382 3474 femina
411 3414 567 3480 vicit,
592 3419 650 3469 et
680 3430 748 3468 ex
792 3427 1081 3468 consensu
1115 3416 1171 3467 et
1201 3411 1480 3485 petitione
1510 3412 1732 3484 princi-

53 3524 202 3579 pum
239 3507 609 3569 conseerata,
642 3500 974 3557 necessaria
1001 3516 1197 3556 comes
1228 3516 1423 3573 regem
1456 3501 1736 3572 sequeba-

56 3601 176 3651 tur.
211 3594 352 3650 Hmc
397 3593 471 3648 de
518 3592 723 3665 regina
775 3589 1009 3656 interim
1070 3589 1346 3655 breviavi,
1378 3589 1735 3645 intermissis

55 3682 373 3756 regalibus
402 3680 607 3754 gestis,
639 3695 796 3735 nunc
830 3678 900 3733 ad
934 3678 1137 3734 eadem
1166 3683 1437 3734 revertar.

353 3786 425 3825 DE
455 3785 657 3825 PRIMIS
687 3784 879 3823 GESTIS
910 3783 1242 3822 CHUONRADI
1275 3783 1459 3823 REGIS.

129 3861 217 3917 Ad
256 3862 430 3933 gesta
458 3856 658 3930 inclyti
709 3855 865 3929 regis
897 3855 1232 3911 Chuonradi
1265 3855 1412 3928 style
1458 3855 1734 3922 revoluto,

55 3951 346 4023 quaedam
380 3950 521 4002 sunt
540 3946 806 4011 dicenda,
829 3962 956 4017 qua:
987 3944 1046 3999 in
1074 3944 1203 4015 ipsa
1232 3944 1326 3999 die
1356 3943 1739 3999 consecratio-

56 4041 152 4096 nis
175 4055 306 4096 suaa
331 4038 577 4104 fecerat;
602 4051 732 4107 qua:
753 4033 887 4089 licet
919 4048 1096 4104 parva
1115 4032 1443 4099 videantur,
1463 4031 1738 4105 mysterio

60 4134 274 4184 tamen
339 4125 595 4199 Quodam
658 4121 967 4196 magnifice
1029 4120 1265 4194 pollent.
1296 4121 1405 4177 Sed
1461 4119 1737 4193 quoniam

58 4216 324 4273 historia
355 4212 595 4287 publica
625 4212 924 4276 scribitur,
946 4228 1073 4283 quas
1106 4211 1371 4266 animum
1406 4208 1637 4265 lectoris
1666 4209 1737 4265 ad

60 4307 399 4363 novitatem
425 4319 645 4370 rerum,
664 4318 841 4374 quam
867 4301 938 4356 ad
974 4300 1193 4373 ﬁguras
1214 4299 1522 4355 verborum
1554 4303 1738 4354 atten-

59 4397 299 4451 tionem
332 4392 492 4459 facit,
528 4390 720 4464 magis
757 4390 990 4447 videtur
1020 4405 1360 4461 congruere,
1383 4387 1573 4460 ipsam
1618 4404 1740 4443 rem

60 4486 371 4557 integram
397 4479 874 4555 persequi,quam
893 4477 1157 4551 mysticis
1180 4476 1502 4532 rationibus
1519 4476 1742 4548 aliquid

58 4571 416 4646 promiscue
460 4568 866 4626 commentari.
901 4572 965 4623 In
998 4567 1127 4639 ipsa
1171 4565 1539 4638 processione
1590 4566 1743 4638 regis

58 4669 192 4718 tres
220 4662 513 4716 venerunt
534 4662 668 4715 ante
694 4656 1033 4724 illum,cum
1057 4653 1308 4727 singulis
1329 4653 1743 4726 querimoniis;

58 4768 237 4808 unus
272 4752 399 4804 erat
427 4747 671 4804 colonus
690 4744 957 4803 Ecclesia:
990 4742 1437 4817 Moguntiensis,
1461 4742 1606 4798 alter
1636 4760 1742 4815 pu-

58 4841 262 4914 pillus
285 4837 416 4907 fuit,
432 4841 489 4892 et
508 4837 773 4910 quaedam
797 4834 991 4890 vidua.
1013 4833 1162 4889 Dum
1190 4849 1286 4888 rex
1313 4848 1513 4887 eorum
1537 4847 1746 4889 causas

61 4928 290 4984 audire
321 4924 611 4998 ccepisset,
641 4923 880 4995 quidam
914 4921 985 4976 de
1017 4919 1383 4993 principibus
1428 4917 1551 4974 suis
1582 4936 1745 4975 aver-

60 5016 287 5072 tebant
306 5030 443 5068 eum
463 5013 748 5081 dicentes,
768 5027 840 5068 ne
865 5007 1318 5066 consecrationis
1341 5023 1463 5062 suae
1486 5005 1744 5078 aliquam

61 5118 318 5161 moram
360 5101 592 5169 faceret,
626 5104 683 5158 et
728 5104 963 5157 matura
1010 5097 1206 5153 divina
1248 5095 1439 5152 ofﬁcia
1485 5095 1742 5165 audiret;

64 5189 412 5265 respiciens
460 5191 533 5247 ad
583 5189 909 5263 episcopos,
934 5191 1000 5243 ut
1028 5185 1282 5244 vicarius
1325 5184 1537 5242 Christi
1583 5185 1746 5241 Chri-

66 5279 456 5338 stianissime
487 5278 913 5353 respondebat:
938 5275 996 5331 Si
1022 5291 1219 5331 meum
1242 5277 1332 5330 est
1359 5272 1630 5347 regimini
1660 5273 1747 5329 in-

68 5371 301 5427 sistere
331 5372 390 5424 et
418 5369 475 5424 id
502 5367 609 5424 viri
640 5364 965 5423 constantis
997 5368 1085 5420 est
1115 5378 1487 5435 nequaquam
1521 5362 1752 5421 differre

66 5457 248 5534 quod
284 5462 415 5530 apte
464 5457 588 5514 fieri
632 5455 813 5523 valet;
848 5453 1062 5510 rectius
1108 5452 1252 5507 mihi
1285 5450 1514 5506 videtur
1562 5452 1751 5509 facere

69 5547 249 5623 quod
295 5546 499 5616 debeo,
524 5561 703 5618 quam
753 5542 895 5616 quid
946 5540 1277 5597 faciendum
1322 5538 1400 5594 sit
1448 5539 1649 5596 audire
1679 5543 1751 5597 ab

66 5639 225 5696 alio.
262 5635 501 5691 Memini
529 5651 632 5690 vos
664 5649 815 5706 saepe
863 5631 1079 5687 dixisse
1111 5646 1223 5685 non
1256 5628 1552 5684 auditcrcs
1582 5628 1747 5702 legis,

64 5727 194 5791 sed
216 5722 811 5800 factoresjustificari.
836 5721 894 5777 Si
917 5723 1114 5781 autem
1135 5718 1209 5778 ad
1227 5717 1746 5799 consecrationem,

1317 432 1539 495 ‘VITA
1583 414 1921 495 CONRADI
1967 433 2260 497 SALICI.

3383 441 3535 505 1230

1774 565 1831 633 Α
1859 570 1925 621 ut
1954 565 2174 633 dicitis,
2206 564 2623 623 festinandum
2672 573 2782 637 est,
2810 573 2973 627 tanto
3018 572 3249 628 cautius
3279 572 3337 628 in
3370 589 3541 647 opere

1856 655 1953 711 Dei
1977 672 2231 728 gressus
2264 671 2428 711 meos
2450 657 2721 714 convenit
2743 658 2885 714 mihi
2910 660 3143 715 firmare
3168 677 3180 716 :
3207 667 3427 732 quanto
3448 677 3542 717 me

1857 745 2053 801 arduae
2077 743 2370 818 dignitati
2393 738 2681 817 cognosco
2714 748 3131 821 propinquare.
3160 749 3292 805 Hauc
3314 750 3536 816 dicens,

1856 835 1914 889 in
1939 835 2138 890 eadem
2164 832 2437 889 statione
2458 839 2740 905 moratus,
2761 838 2860 892 ubi
2882 837 3142 910 primum
3165 840 3539 895 occurrerant

1853 923 1940 978 illi
1970 921 2342 988 calamitosi,
2365 923 2642 994 passibus
2683 925 2945 984 immotis
2972 926 3162 999 legem
3201 926 3535 1000 prafeeerat

1853 1011 1993 1067 illis.
2027 1012 2172 1067 Hinc
2233 1010 2549 1082 paululum
2603 1015 2945 1085 procedens,
2976 1014 3135 1071 venit
3177 1020 3313 1073 ante
3362 1013 3532 1072 illum

1855 1099 2347 1175 quidam,dicens
2370 1116 2431 1157 se
2452 1100 2760 1172 expulsum
2783 1120 2913 1161 esse
2933 1103 3124 1177 patria
3144 1106 3386 1161 omnino
3408 1100 3536 1158 sine

1852 1190 2046 1262 culpa.
2080 1190 2280 1254 Quem
2314 1204 2414 1243 rex
2443 1204 2547 1260 per
2588 1188 2897 1248 brachium
2924 1190 3399 1262 apprehendens,
3430 1178 3559 1242 su?

1851 1297 1955 1353 per
1983 1295 2186 1335 omnes
2224 1277 2684 1334 circumstantes
2715 1280 2953 1335 attraxit
2987 1296 3176 1353 usque
3207 1282 3284 1337 ad
3318 1277 3539 1339 solium

1851 1386 2049 1437 suum,
2068 1368 2281 1439 ibique
2304 1382 2543 1421 causam
2565 1367 2766 1424 miseri
2784 1368 3017 1425 cuidam
3038 1369 3382 1444 principum
3406 1382 3546 1423 suo-

1850 1476 1980 1513 rum
2000 1457 2323 1530 diligenter
2339 1456 2794 1512 commendavit.
2814 1456 2971 1513 Felix
2987 1457 3221 1515 initium
3242 1456 3552 1534 regnandi

1849 1549 2110 1603 cernitur
2138 1562 2295 1611 esse,
2317 1542 2417 1599 ubi
2453 1543 2585 1616 plus
2628 1545 2947 1602 festinatur
2976 1547 3050 1602 ad
3082 1547 3439 1606 faciendam
3471 1547 3557 1608 le-

1847 1653 2002 1709 gem,
2036 1637 2195 1708 quod
2229 1634 2304 1689 ad
2352 1633 2825 1691 benedicendum
2858 1651 3076 1710 regem.
3109 1638 3566 1709 Abundantius

1847 1729 1972 1781 erat
1997 1725 2054 1779 in
2084 1739 2219 1795 rege
2242 1720 2510 1777 studium
2542 1723 2948 1802 miserationis
2965 1742 3144 1798 quam
3167 1715 3567 1800 desiderium

1847 1809 2363 1869 consecrationis:
2409 1827 2512 1882 per
2560 1812 2845 1870 semitam
2894 1815 3139 1885 justitiae
3197 1816 3540 1889 incedebat

1764 1936 1813 2001 Β
1849 1902 2084 1975 quando
2117 1899 2373 2001 ‘regium
2409 1877 2713 1956 honorem
2764 1877 3016 1974 petebat.
3060 1905 3309 1963 Poterat
3351 1877 3561 1978 dies;

1845 2007 1979 2047 cum
2004 1988 2359 2045 Psalmista:
2400 1994 2496 2044 Pes
2522 2006 2683 2045 meus
2710 1993 2864 2047 stetit
2895 1995 2954 2048 in
2983 1995 3075 2049 via
3103 2000 3278 2051 recta.
3305 1996 3547 2064 Firma.

1842 2080 1927 2134 vit
1956 2096 2020 2134 se
2047 2095 2153 2150 per
2181 2076 2383 2150 gratiis
2432 2077 2655 2134 bonum
2705 2080 3059 2153 priusquam
3105 2088 3537 2151 conscenderet

1836 2166 2183 2241 judicialem
2233 2166 2535 2222 thronum.
2571 2167 2845 2225 Timebat
2897 2171 3253 2245 praecipitari
3303 2176 3352 2230 si
3410 2196 3527 2235 non

1840 2261 1997 2313 esset
2025 2271 2218 2327 equus
2250 2256 2311 2310 in
2343 2255 2657 2314 altitudine
2696 2257 2900 2330 regali.
2935 2259 3092 2317 Satis
3143 2265 3268 2318 erat
3314 2261 3525 2321 lauda-

1841 2345 1959 2402 bile
1989 2344 2143 2400 inter
2190 2361 2340 2400 nova
2375 2345 2611 2418 gaudia,
2643 2343 2799 2400 inter
2828 2346 3112 2406 deliciosa
3141 2349 3295 2424 regis
3340 2352 3518 2409 mini-

1842 2433 2040 2502 steria,
2072 2436 2160 2487 tot
2204 2450 2531 2507 pauperum
2591 2432 2881 2491 clamores
2941 2437 3169 2512 audire,
3200 2443 3259 2495 et
3310 2455 3515 2497 eorum

1842 2538 2053 2580 causas
2092 2521 2287 2578 ﬁnire.

1912 2610 2111 2667 Noluit
2141 2611 2462 2686 negligere,
2485 2613 2641 2685 quod
2678 2612 2794 2670 cito
2838 2614 3030 2685 potuit
3058 2602 3286 2691 regere;
3315 2619 3514 2674 renuit

1832 2699 2135 2774 justitiam
2189 2700 2460 2766 dilatare,
2519 2701 2799 2772 quoniam
2856 2701 3002 2757 illud
3063 2710 3188 2760 erat
3243 2722 3506 2778 regnare.

1840 2788 2078 2845 Distulit
2100 2805 2272 2844 suam
2307 2788 2774 2845 benedictionem
2808 2794 3045 2863 propter
3069 2793 3299 2866 regium
3329 2793 3509 2851 hono-

1840 2895 1985 2944 rem,
2019 2876 2312 2949 scriptum
2360 2882 2448 2935 est
2476 2876 2631 2933 enim
2666 2893 2680 2932 :
2710 2901 2738 2928 «
2773 2878 2969 2935 Honor
3014 2880 3171 2953 regis
3211 2881 3505 2953 judicium

1842 2966 2054 3040 diligit.
2077 2988 2104 3015 υ

1986 3055 2049 3112 ln
2081 3056 2315 3113 cunctis
2347 3054 2637 3113 rebusmil
2669 3056 2755 3113 sic
2786 3058 3064 3130 prodesse
3088 3059 3321 3128 valebit,

2054 3144 2220 3217 Sicut
2242 3145 2533 3216 judicium
2565 3145 2720 3218 regis
2750 3146 2820 3202 ad
2853 3146 3133 3203 ofﬁcium.
3411 3133 3414 3137 ’

1913 3235 1998 3290 lla
2018 3251 2114 3289 rex
2136 3232 2196 3288 in
2221 3233 2439 3291 talibus
2462 3233 2680 3301 causis,
2703 3251 2806 3307 pro
2828 3235 3044 3308 quibus
3067 3236 3319 3292 maxime
3341 3236 3500 3310 regia

1844 3323 2162 3380 auctoritas
2201 3322 2559 3397 interpellari
2608 3322 2780 3393 solet,
2809 3323 2918 3381 hoc
2948 3329 3038 3381 est
3068 3342 3171 3398 pro
3214 3325 3496 3383 Ecclesia-

1845 3430 1996 3481 rum,
2021 3411 2356 3481 viduarum,
2381 3413 2781 3485 orphanorum
2803 3413 3160 3483 defensione,
3180 3414 3252 3470 ad
3275 3412 3500 3486 reliqua

1846 3501 2132 3575 regimina
2162 3499 2275 3556 sibi
2307 3518 2375 3557 ea
2404 3503 2499 3559 die
2528 3501 2679 3558 viam
2712 3504 3079 3575 praeparavit.

2220 3607 2291 3644 DE
2322 3608 2551 3647 ITINERE
2579 3608 2745 3648 REGIS
2775 3609 2887 3648 PER
2916 3608 3122 3649 REGNA.

1916 3677 2126 3735 Omnia
2154 3679 2310 3751 regis
2359 3679 2587 3748 itinera,
2613 3684 2672 3736 et
2700 3680 2760 3738 in
2792 3681 3010 3753 quibus
3059 3679 3204 3738 locis
3234 3697 3503 3738 summas

1846 3767 2188 3824 festivitates
2207 3766 2433 3823 Natalis
2469 3767 2696 3824 Domini
2728 3773 2785 3824 et
2814 3770 3049 3826 Paschzs
3079 3770 3385 3825 annuatim
3407 3785 3504 3825 ce-

1847 3856 2116 3923 lebraret,
2150 3873 2263 3911 non
2316 3856 2495 3911 nimis
2545 3857 2946 3913 necessarium
2988 3874 3227 3914 narrare
3281 3858 3501 3929 putavi,

1847 3950 2085 4017 excepto
2110 3944 2266 4015 quod
2295 3944 2351 3998 id
2383 3943 2698 3998 dicendum
2724 3949 2814 4000 est
2839 3945 3025 4001 sicubi
3056 3946 3265 4011 fuerat,
3281 3944 3330 3999 si
3362 3944 3503 4017 quid

1848 4034 2078 4106 insigne
2109 4038 2166 4088 et
2194 4030 2419 4087 clarum
2464 4031 2778 4089 acciderat.
2805 4034 2862 4088 Si
2889 4034 3045 4089 enim
3077 4032 3276 4088 omnia
3305 4033 3506 4087 obser-

1848 4139 1982 4178 vare
2013 4120 2237 4190 vellem,
2266 4124 2398 4176 ante
2440 4136 2532 4175 me
2572 4120 2909 4178 desererent
2928 4121 3080 4177 vires
3118 4136 3287 4193 qaam
3320 4124 3502 4176 mate-

1849 4211 1984 4266 ries.
2011 4210 2093 4264 Ad
2120 4213 2286 4281 gesta
2317 4207 2480 4264 illius
2511 4207 2844 4266 clarissima
2874 4214 3093 4283 quanto
3113 4209 3276 4266 ocius
3306 4213 3505 4281 potero

1846 4301 2100 4371 veniam,
2126 4299 2185 4353 in
2213 4297 2429 4370 quibus
2454 4302 2685 4353 tantum
2709 4298 2907 4371 gloriae
2937 4299 3173 4365 eminet,
3200 4301 3265 4355 ut
3289 4299 3361 4353 de
3392 4297 3501 4353 mi-

1852 4390 2093 4447 noribus
2124 4387 2293 4445 silere
2324 4387 2545 4443 nemini
2577 4386 2675 4443 fiat
2698 4387 3018 4460 ingratum.
3045 4386 3298 4444 Collecto
3324 4385 3507 4461 regali

1851 4479 2153 4544 comitatu,
2180 4493 2277 4532 rex
2298 4476 2644 4532 Chonradus
2672 4458 2929 4549 primum
2955 4494 3059 4550 per
3085 4476 3382 4550 regionem
3397 4458 3507 4531 'Ri-
3567 4458 3578 4472 ’

1852 4568 2217 4632 buariorum,
2240 4581 2427 4638 usque
2453 4565 2525 4620 ad
2558 4565 2748 4620 locum
2782 4566 2882 4637 qui
2913 4565 3129 4622 dicitur
3149 4556 3506 4639 Aquisgrani

1776 4675 1822 4738 D
1855 4652 2140 4731 palatium
2174 4653 2455 4727 pervenit,
2482 4652 2582 4709 ubi
2612 4653 2885 4725 publicus
2915 4654 3164 4710 thronus
3194 4651 3408 4726 regalis
3435 4652 3507 4708 ab

1854 4745 2112 4818 antiquis
2136 4744 2393 4816 regibus,
2410 4746 2465 4797 et
2487 4741 2735 4797 aCarolo
2757 4743 3044 4815 praecipue
3060 4741 3306 4807 locatus,
3325 4740 3530 4814 totius.

1854 4836 2015 4908 regni
2047 4831 2422 4889 archisolium
2452 4830 2721 4886 habetur.
2748 4833 2871 4897 Quo
2902 4832 3111 4887 sedens
3141 4827 3504 4885 excellentis-

1855 4925 2001 4980 sime
2033 4918 2453 4993 rempublicam
2483 4918 2792 4986 ordinavit,
2816 4918 3014 4990 ibique
3032 4916 3265 4989 publice
3294 4914 3506 4989 placito

1854 5017 1911 5069 et
1940 5009 2194 5086 generali
2228 5006 2473 5064 concilio
2516 5005 2735 5074 habito,
2770 5005 2966 5061 divina
2995 5010 3052 5061 et
3085 5005 3347 5061 humana
3368 5005 3510 5077 jura

1855 5100 2074 5157 utiliter
2103 5096 2491 5155 distribuebat
2515 5111 2529 5152 :
2562 5095 2719 5151 fama
2748 5095 2877 5166 ejus
2904 5094 3058 5150 vires
3088 5094 3159 5149 de
3189 5092 3508 5150 virtutibus

1856 5188 2111 5263 sumpsit
2142 5205 2156 5242 :
2190 5186 2364 5241 hodie
2410 5201 2586 5257 quam
2615 5183 2739 5239 heri
2770 5200 2875 5256 pro
2908 5190 3102 5239 tenore
3150 5183 3311 5255 pacis
3354 5199 3506 5255 prae-

1860 5278 2129 5345 stantior,
2191 5292 2295 5348 pro
2359 5272 2767 5329 benevolentiae
2842 5272 3032 5344 gratia
3099 5269 3350 5339 charior,
3404 5288 3507 5344 pro

1859 5366 2038 5441 regali
2070 5365 2353 5421 comitatu
2397 5362 2736 5417 honoratior
2790 5359 3027 5431 habitus
3073 5365 3164 5417 est
3210 5360 3508 5416 omnibus.

1860 5460 2206 5528 Quanquam
2238 5452 2393 5508 enim
2439 5449 2665 5505 litteras
2704 5449 3017 5523 ignoraret,
3048 5453 3243 5506 tamen
3277 5465 3513 5506 omnem

1860 5534 2106 5611 clerum,
2140 5559 2273 5599 cum
2306 5537 2635 5596 amabiliter
2674 5543 2731 5594 et
2772 5538 3093 5595 liberaliter
3137 5538 3353 5613 palam,
3387 5542 3515 5597 tum

1861 5631 2225 5690 convenienti
2257 5627 2567 5700 disciplina
2597 5632 2816 5685 secreto
2867 5628 3184 5701 prudenter
3229 5625 3508 5683 instituit.

1862 5724 2116 5785 Militum
2145 5736 2278 5779 vero
2309 5717 2538 5799 animos
2572 5717 2632 5780 in
2662 5717 2770 5780 hoc
2791 5717 3047 5777 multum
3079 5716 3338 5802 attraxit,
3355 5711 3515 5799 quod
