  <div class='ocr_page' id='page_1' title='image "/cluster/home/n/w/nwhite01/storage/ocr_20150623/142/hvd.32044054760020/621.png"; bbox 0 0 4026 6184; ppageno 0'>
   <div class='ocr_carea' id='block_1_1' title="bbox 603 427 755 490">
    <p class='ocr_par' dir='ltr' id='par_1_1' title="bbox 603 427 755 490">
     <span class='ocr_line' id='line_1_1' title="bbox 603 427 755 490; baseline -0.026 0"><span class='ocrx_word' id='word_1_1' title='bbox 603 427 755 490; x_wconf 62' lang='grc'>4231</span> 
     </span>
    </p>
   </div>
   <div class='ocr_carea' id='block_1_2' title="bbox 1829 417 2783 488">
    <p class='ocr_par' dir='ltr' id='par_1_2' title="bbox 1829 417 2783 488">
     <span class='ocr_line' id='line_1_2' title="bbox 1829 417 2783 488; baseline -0.003 -6"><span class='ocrx_word' id='word_1_2' title='bbox 1829 421 2218 486; x_wconf 78' lang='lat' dir='ltr'>WIPPONIS</span> <span class='ocrx_word' id='word_1_3' title='bbox 2239 417 2783 488; x_wconf 71' lang='lat' dir='ltr'>PRESBYTER].</span> 
     </span>
    </p>
   </div>
   <div class='ocr_carea' id='block_1_3' title="bbox 3768 427 3876 490">
    <p class='ocr_par' dir='ltr' id='par_1_3' title="bbox 3768 427 3876 490">
     <span class='ocr_line' id='line_1_3' title="bbox 3768 427 3876 490; baseline 0.037 -4"><span class='ocrx_word' id='word_1_4' title='bbox 3768 427 3876 490; x_wconf 63' lang='lat' dir='ltr'>léﬂi</span> 
     </span>
    </p>
   </div>
   <div class='ocr_carea' id='block_1_4' title="bbox 603 551 3879 630">
    <p class='ocr_par' dir='ltr' id='par_1_4' title="bbox 603 551 3879 630">
     <span class='ocr_line' id='line_1_4' title="bbox 603 551 3879 630; baseline 0 -14"><span class='ocrx_word' id='word_1_5' title='bbox 603 560 847 630; x_wconf 82' lang='lat' dir='ltr'>antiqua</span> <span class='ocrx_word' id='word_1_6' title='bbox 875 556 1156 614; x_wconf 76' lang='lat' dir='ltr'>beneﬁcia</span> <span class='ocrx_word' id='word_1_7' title='bbox 1178 560 1486 629; x_wconf 88' lang='lat' dir='ltr'>parentum</span> <span class='ocrx_word' id='word_1_8' title='bbox 1519 555 1739 612; x_wconf 88' lang='lat' dir='ltr'>nemini</span> <span class='ocrx_word' id='word_1_9' title='bbox 1768 559 2133 628; x_wconf 77' lang='lat' dir='ltr'>posterorum</span> <span class='ocrx_word' id='word_1_10' title='bbox 2159 570 2255 608; x_wconf 89' lang='lat' dir='ltr'>au-</span> <span class='ocrx_word' id='word_1_11' title='bbox 2283 551 2339 622; x_wconf 74' lang='grc' dir='ltr'><strong>Α</strong></span> <span class='ocrx_word' id='word_1_12' title='bbox 2370 551 2595 606; x_wconf 90' lang='lat' dir='ltr'>nullum</span> <span class='ocrx_word' id='word_1_13' title='bbox 2631 568 2822 624; x_wconf 81' lang='lat' dir='ltr'>regem</span> <span class='ocrx_word' id='word_1_14' title='bbox 2855 551 3224 621; x_wconf 85' lang='lat' dir='ltr'>haberemus,</span> <span class='ocrx_word' id='word_1_15' title='bbox 3248 553 3400 627; x_wconf 88' lang='lat' dir='ltr'>regis</span> <span class='ocrx_word' id='word_1_16' title='bbox 3428 554 3590 609; x_wconf 79' lang='lat' dir='ltr'><strong>nostri</strong></span> <span class='ocrx_word' id='word_1_17' title='bbox 3609 555 3797 614; x_wconf 84' lang='lat' dir='ltr'>domum</span> <span class='ocrx_word' id='word_1_18' title='bbox 3817 561 3879 616; x_wconf 82' lang='lat' dir='ltr'>de-</span> 
     </span>
    </p>
   </div>
   <div class='ocr_carea' id='block_1_5' title="bbox 603 643 2253 716">
    <p class='ocr_par' dir='ltr' id='par_1_5' title="bbox 603 643 2253 716">
     <span class='ocr_line' id='line_1_5' title="bbox 603 643 2253 716; baseline -0.005 -11"><span class='ocrx_word' id='word_1_19' title='bbox 603 648 740 705; x_wconf 87' lang='lat' dir='ltr'>ferri</span> <span class='ocrx_word' id='word_1_20' title='bbox 772 646 1076 703; x_wconf 76' lang='lat' dir='ltr'>sustinuit.</span> <span class='ocrx_word' id='word_1_21' title='bbox 1102 648 1386 702; x_wconf 66' lang='lat' dir='ltr'>Praeterea</span> <span class='ocrx_word' id='word_1_22' title='bbox 1434 647 1490 701; x_wconf 93' lang='lat' dir='ltr'>in</span> <span class='ocrx_word' id='word_1_23' title='bbox 1541 644 1800 700; x_wconf 89' lang='lat' dir='ltr'>donariis</span> <span class='ocrx_word' id='word_1_24' title='bbox 1830 643 2253 716; x_wconf 90' lang='lat' dir='ltr'>frequentibus,</span> 
     </span>
    </p>
   </div>
   <div class='ocr_carea' id='block_1_6' title="bbox 605 732 2256 810">
    <p class='ocr_par' dir='ltr' id='par_1_6' title="bbox 605 732 2256 810">
     <span class='ocr_line' id='line_1_6' title="bbox 605 732 2256 810; baseline -0.004 -18"><span class='ocrx_word' id='word_1_25' title='bbox 605 737 821 810; x_wconf 88' lang='lat' dir='ltr'>quibus</span> <span class='ocrx_word' id='word_1_26' title='bbox 850 751 951 790; x_wconf 89' lang='lat' dir='ltr'>eos</span> <span class='ocrx_word' id='word_1_27' title='bbox 983 735 1154 790; x_wconf 81' lang='lat' dir='ltr'>fortia</span> <span class='ocrx_word' id='word_1_28' title='bbox 1177 736 1390 792; x_wconf 90' lang='lat' dir='ltr'>audere</span> <span class='ocrx_word' id='word_1_29' title='bbox 1421 735 1612 806; x_wconf 79' lang='lat' dir='ltr'>coegit</span> <span class='ocrx_word' id='word_1_30' title='bbox 1641 733 1733 790; x_wconf 90' lang='lat' dir='ltr'>sui</span> <span class='ocrx_word' id='word_1_31' title='bbox 1765 733 2018 788; x_wconf 88' lang='lat' dir='ltr'>similem</span> <span class='ocrx_word' id='word_1_32' title='bbox 2051 732 2108 786; x_wconf 93' lang='lat' dir='ltr'>in</span> <span class='ocrx_word' id='word_1_33' title='bbox 2135 734 2256 786; x_wconf 89' lang='lat' dir='ltr'>toto</span> 
     </span>
    </p>
   </div>
   <div class='ocr_carea' id='block_1_7' title="bbox 605 819 2256 895">
    <p class='ocr_par' dir='ltr' id='par_1_7' title="bbox 605 819 2256 895">
     <span class='ocr_line' id='line_1_7' title="bbox 605 819 2256 895; baseline -0.005 -15"><span class='ocrx_word' id='word_1_34' title='bbox 605 825 826 880; x_wconf 90' lang='lat' dir='ltr'>mundo</span> <span class='ocrx_word' id='word_1_35' title='bbox 857 839 973 879; x_wconf 88' lang='lat' dir='ltr'>non</span> <span class='ocrx_word' id='word_1_36' title='bbox 1007 840 1177 895; x_wconf 86' lang='lat' dir='ltr'>posse</span> <span class='ocrx_word' id='word_1_37' title='bbox 1209 821 1448 894; x_wconf 91' lang='lat' dir='ltr'>reperiri</span> <span class='ocrx_word' id='word_1_38' title='bbox 1479 821 1928 876; x_wconf 72' lang='lat' dir='ltr'>aestimaverunt.</span> <span class='ocrx_word' id='word_1_39' title='bbox 1960 819 2256 891; x_wconf 90' lang='lat' dir='ltr'>Suspicio-</span> 
     </span>
    </p>
   </div>
   <div class='ocr_carea' id='block_1_8' title="bbox 605 910 2254 984">
    <p class='ocr_par' dir='ltr' id='par_1_8' title="bbox 605 910 2254 984">
     <span class='ocr_line' id='line_1_8' title="bbox 605 910 2254 984; baseline -0.005 -15"><span class='ocrx_word' id='word_1_40' title='bbox 605 929 739 969; x_wconf 88' lang='lat' dir='ltr'>sum</span> <span class='ocrx_word' id='word_1_41' title='bbox 770 915 860 968; x_wconf 88' lang='lat' dir='ltr'>est</span> <span class='ocrx_word' id='word_1_42' title='bbox 889 911 1097 979; x_wconf 87' lang='lat' dir='ltr'>relatu,</span> <span class='ocrx_word' id='word_1_43' title='bbox 1133 928 1307 984; x_wconf 86' lang='lat' dir='ltr'>quam</span> <span class='ocrx_word' id='word_1_44' title='bbox 1342 911 1653 967; x_wconf 81' lang='lat' dir='ltr'>munificus</span> <span class='ocrx_word' id='word_1_45' title='bbox 1684 911 1812 976; x_wconf 86' lang='lat' dir='ltr'>fuit,</span> <span class='ocrx_word' id='word_1_46' title='bbox 1834 926 2010 981; x_wconf 87' lang='lat' dir='ltr'>quam</span> <span class='ocrx_word' id='word_1_47' title='bbox 2035 910 2254 978; x_wconf 89' lang='lat' dir='ltr'>jucun—</span> 
     </span>
    </p>
   </div>
   <div class='ocr_carea' id='block_1_9' title="bbox 604 997 2252 1074">
    <p class='ocr_par' dir='ltr' id='par_1_9' title="bbox 604 997 2252 1074">
     <span class='ocr_line' id='line_1_9' title="bbox 604 997 2252 1074; baseline -0.005 -17"><span class='ocrx_word' id='word_1_48' title='bbox 604 1004 738 1070; x_wconf 89' lang='lat' dir='ltr'>dus,</span> <span class='ocrx_word' id='word_1_49' title='bbox 758 1017 936 1074; x_wconf 89' lang='lat' dir='ltr'>quam</span> <span class='ocrx_word' id='word_1_50' title='bbox 959 1001 1283 1057; x_wconf 81' lang='lat' dir='ltr'>constantis</span> <span class='ocrx_word' id='word_1_51' title='bbox 1315 999 1518 1066; x_wconf 91' lang='lat' dir='ltr'>animi,</span> <span class='ocrx_word' id='word_1_52' title='bbox 1545 1004 1832 1070; x_wconf 89' lang='lat' dir='ltr'>quantum</span> <span class='ocrx_word' id='word_1_53' title='bbox 1857 997 2252 1070; x_wconf 80' lang='lat' dir='ltr'>imperterriti,</span> 
     </span>
    </p>
   </div>
   <div class='ocr_carea' id='block_1_10' title="bbox 605 1086 2254 1158">
    <p class='ocr_par' dir='ltr' id='par_1_10' title="bbox 605 1086 2254 1158">
     <span class='ocr_line' id='line_1_10' title="bbox 605 1086 2254 1158; baseline -0.005 -10"><span class='ocrx_word' id='word_1_54' title='bbox 605 1091 774 1148; x_wconf 86' lang='lat' dir='ltr'>bonis</span> <span class='ocrx_word' id='word_1_55' title='bbox 805 1090 1080 1146; x_wconf 89' lang='lat' dir='ltr'>omnibus</span> <span class='ocrx_word' id='word_1_56' title='bbox 1109 1088 1388 1158; x_wconf 84' lang='lat' dir='ltr'>blandus,</span> <span class='ocrx_word' id='word_1_57' title='bbox 1411 1088 1583 1144; x_wconf 90' lang='lat' dir='ltr'>malis</span> <span class='ocrx_word' id='word_1_58' title='bbox 1615 1105 1873 1155; x_wconf 87' lang='lat' dir='ltr'>severus,</span> <span class='ocrx_word' id='word_1_59' title='bbox 1894 1087 1953 1142; x_wconf 91' lang='lat' dir='ltr'>in</span> <span class='ocrx_word' id='word_1_60' title='bbox 1978 1087 2129 1141; x_wconf 83' lang='lat' dir='ltr'>cives</span> <span class='ocrx_word' id='word_1_61' title='bbox 2150 1086 2254 1140; x_wconf 90' lang='lat' dir='ltr'>be-</span> 
     </span>
    </p>
   </div>
   <div class='ocr_carea' id='block_1_11' title="bbox 605 1176 2254 1252">
    <p class='ocr_par' dir='ltr' id='par_1_11' title="bbox 605 1176 2254 1252">
     <span class='ocr_line' id='line_1_11' title="bbox 605 1176 2254 1252; baseline -0.004 -18"><span class='ocrx_word' id='word_1_62' title='bbox 605 1179 842 1252; x_wconf 85' lang='lat' dir='ltr'>nignus,</span> <span class='ocrx_word' id='word_1_63' title='bbox 870 1179 928 1232; x_wconf 90' lang='lat' dir='ltr'>in</span> <span class='ocrx_word' id='word_1_64' title='bbox 959 1179 1158 1234; x_wconf 83' lang='lat' dir='ltr'>hostes</span> <span class='ocrx_word' id='word_1_65' title='bbox 1189 1178 1456 1243; x_wconf 89' lang='lat' dir='ltr'>acerbus,</span> <span class='ocrx_word' id='word_1_66' title='bbox 1480 1177 1540 1232; x_wconf 88' lang='lat' dir='ltr'>in</span> <span class='ocrx_word' id='word_1_67' title='bbox 1568 1178 1742 1232; x_wconf 85' lang='lat' dir='ltr'>rebus</span> <span class='ocrx_word' id='word_1_68' title='bbox 1769 1177 2009 1249; x_wconf 80' lang='lat' dir='ltr'>agendis</span> <span class='ocrx_word' id='word_1_69' title='bbox 2031 1176 2254 1240; x_wconf 86' lang='lat' dir='ltr'>efficax,</span> 
     </span>
    </p>
   </div>
   <div class='ocr_carea' id='block_1_12' title="bbox 607 1262 2256 1340">
    <p class='ocr_par' dir='ltr' id='par_1_12' title="bbox 607 1262 2256 1340">
     <span class='ocr_line' id='line_1_12' title="bbox 607 1262 2256 1340; baseline -0.005 -16"><span class='ocrx_word' id='word_1_70' title='bbox 607 1283 786 1340; x_wconf 88' lang='lat' dir='ltr'>quam</span> <span class='ocrx_word' id='word_1_71' title='bbox 808 1268 1063 1324; x_wconf 86' lang='lat' dir='ltr'>maximo</span> <span class='ocrx_word' id='word_1_72' title='bbox 1085 1267 1215 1323; x_wconf 91' lang='lat' dir='ltr'>usui</span> <span class='ocrx_word' id='word_1_73' title='bbox 1239 1268 1386 1323; x_wconf 90' lang='lat' dir='ltr'>foret</span> <span class='ocrx_word' id='word_1_74' title='bbox 1410 1283 1586 1337; x_wconf 89' lang='lat' dir='ltr'>regno</span> <span class='ocrx_word' id='word_1_75' title='bbox 1608 1264 1990 1337; x_wconf 81' lang='lat' dir='ltr'>infatigabilis</span> <span class='ocrx_word' id='word_1_76' title='bbox 2012 1268 2135 1318; x_wconf 83' lang='lat' dir='ltr'>erat</span> <span class='ocrx_word' id='word_1_77' title='bbox 2159 1279 2172 1316; x_wconf 88' lang='lat'><strong>:</strong></span> <span class='ocrx_word' id='word_1_78' title='bbox 2197 1262 2256 1316; x_wconf 93' lang='lat' dir='ltr'>in</span> 
     </span>
    </p>
   </div>
   <div class='ocr_carea' id='block_1_13' title="bbox 603 1351 2258 1428">
    <p class='ocr_par' dir='ltr' id='par_1_13' title="bbox 603 1351 2258 1428">
     <span class='ocr_line' id='line_1_13' title="bbox 603 1351 2258 1428; baseline -0.005 -14"><span class='ocrx_word' id='word_1_79' title='bbox 603 1358 764 1414; x_wconf 88' lang='lat' dir='ltr'>brevi</span> <span class='ocrx_word' id='word_1_80' title='bbox 795 1361 1024 1412; x_wconf 89' lang='lat' dir='ltr'>tantum</span> <span class='ocrx_word' id='word_1_81' title='bbox 1054 1357 1364 1428; x_wconf 87' lang='lat' dir='ltr'>proficiens</span> <span class='ocrx_word' id='word_1_82' title='bbox 1391 1360 1454 1408; x_wconf 89' lang='lat' dir='ltr'>ut</span> <span class='ocrx_word' id='word_1_83' title='bbox 1478 1371 1646 1409; x_wconf 90' lang='lat' dir='ltr'>nemo</span> <span class='ocrx_word' id='word_1_84' title='bbox 1671 1353 1985 1418; x_wconf 86' lang='lat' dir='ltr'>dubitaret,</span> <span class='ocrx_word' id='word_1_85' title='bbox 2009 1356 2139 1425; x_wconf 87' lang='lat' dir='ltr'>post</span> <span class='ocrx_word' id='word_1_86' title='bbox 2159 1351 2258 1406; x_wconf 88' lang='lat' dir='ltr'>Ca-</span> 
     </span>
    </p>
   </div>
   <div class='ocr_carea' id='block_1_14' title="bbox 606 1441 2257 1516">
    <p class='ocr_par' dir='ltr' id='par_1_14' title="bbox 606 1441 2257 1516">
     <span class='ocr_line' id='line_1_14' title="bbox 606 1441 2257 1516; baseline -0.004 -16"><span class='ocrx_word' id='word_1_87' title='bbox 606 1446 714 1502; x_wconf 88' lang='lat' dir='ltr'>roli</span> <span class='ocrx_word' id='word_1_88' title='bbox 746 1444 943 1516; x_wconf 84' lang='lat' dir='ltr'>Magni</span> <span class='ocrx_word' id='word_1_89' title='bbox 973 1449 1254 1516; x_wconf 90' lang='lat' dir='ltr'>tempora,</span> <span class='ocrx_word' id='word_1_90' title='bbox 1279 1443 1533 1516; x_wconf 83' lang='lat' dir='ltr'>aliquem</span> <span class='ocrx_word' id='word_1_91' title='bbox 1568 1442 1746 1514; x_wconf 81' lang='lat' dir='ltr'>regali</span> <span class='ocrx_word' id='word_1_92' title='bbox 1773 1443 1909 1498; x_wconf 89' lang='lat' dir='ltr'>sede</span> <span class='ocrx_word' id='word_1_93' title='bbox 1931 1441 2257 1513; x_wconf 88' lang='lat' dir='ltr'>digniorem</span> 
     </span>
    </p>
   </div>
   <div class='ocr_carea' id='block_1_15' title="bbox 608 1530 2256 1604">
    <p class='ocr_par' dir='ltr' id='par_1_15' title="bbox 608 1530 2256 1604">
     <span class='ocr_line' id='line_1_15' title="bbox 608 1530 2256 1604; baseline -0.004 -14"><span class='ocrx_word' id='word_1_94' title='bbox 608 1551 723 1590; x_wconf 89' lang='lat' dir='ltr'>non</span> <span class='ocrx_word' id='word_1_95' title='bbox 745 1534 984 1601; x_wconf 83' lang='lat' dir='ltr'>vixisse;</span> <span class='ocrx_word' id='word_1_96' title='bbox 1020 1533 1173 1589; x_wconf 89' lang='lat' dir='ltr'>unde</span> <span class='ocrx_word' id='word_1_97' title='bbox 1204 1537 1392 1589; x_wconf 85' lang='lat' dir='ltr'>exstat</span> <span class='ocrx_word' id='word_1_98' title='bbox 1420 1532 1791 1604; x_wconf 90' lang='lat' dir='ltr'>proverbium</span> <span class='ocrx_word' id='word_1_99' title='bbox 1814 1548 1824 1585; x_wconf 95' lang='lat'>:</span> <span class='ocrx_word' id='word_1_100' title='bbox 1851 1530 2005 1585; x_wconf 86' lang='lat' dir='ltr'>Sella</span> <span class='ocrx_word' id='word_1_101' title='bbox 2026 1530 2256 1585; x_wconf 88' lang='lat' dir='ltr'>Cbuon-</span> 
     </span>
    </p>
   </div>
   <div class='ocr_carea' id='block_1_16' title="bbox 607 1617 2258 1691">
    <p class='ocr_par' dir='ltr' id='par_1_16' title="bbox 607 1617 2258 1691">
     <span class='ocr_line' id='line_1_16' title="bbox 607 1617 2258 1691; baseline -0.004 -13"><span class='ocrx_word' id='word_1_102' title='bbox 607 1623 731 1678; x_wconf 90' lang='lat' dir='ltr'>radi</span> <span class='ocrx_word' id='word_1_103' title='bbox 762 1621 940 1678; x_wconf 85' lang='lat' dir='ltr'>habet</span> <span class='ocrx_word' id='word_1_104' title='bbox 971 1622 1302 1677; x_wconf 88' lang='lat' dir='ltr'>aseensoria</span> <span class='ocrx_word' id='word_1_105' title='bbox 1325 1620 1532 1676; x_wconf 88' lang='lat' dir='ltr'>Caroli.</span> <span class='ocrx_word' id='word_1_106' title='bbox 1560 1621 1640 1675; x_wconf 92' lang='lat' dir='ltr'>De</span> <span class='ocrx_word' id='word_1_107' title='bbox 1664 1619 1770 1675; x_wconf 93' lang='lat' dir='ltr'>hoc</span> <span class='ocrx_word' id='word_1_108' title='bbox 1803 1619 2104 1691; x_wconf 88' lang='lat' dir='ltr'>proverbio</span> <span class='ocrx_word' id='word_1_109' title='bbox 2131 1617 2258 1690; x_wconf 87' lang='lat' dir='ltr'>qui-</span> 
     </span>
    </p>
   </div>
   <div class='ocr_carea' id='block_1_17' title="bbox 608 1706 2255 1787">
    <p class='ocr_par' dir='ltr' id='par_1_17' title="bbox 608 1706 2255 1787">
     <span class='ocr_line' id='line_1_17' title="bbox 608 1706 2255 1787; baseline -0.003 -21"><span class='ocrx_word' id='word_1_110' title='bbox 608 1713 746 1767; x_wconf 90' lang='lat' dir='ltr'>dam</span> <span class='ocrx_word' id='word_1_111' title='bbox 770 1711 842 1766; x_wconf 91' lang='lat' dir='ltr'>de</span> <span class='ocrx_word' id='word_1_112' title='bbox 865 1709 1080 1766; x_wconf 89' lang='lat' dir='ltr'>nostris</span> <span class='ocrx_word' id='word_1_113' title='bbox 1110 1709 1170 1764; x_wconf 88' lang='lat' dir='ltr'>in</span> <span class='ocrx_word' id='word_1_114' title='bbox 1187 1708 1391 1787; x_wconf 76' lang='lat' dir='ltr'>libello</span> <span class='ocrx_word' id='word_1_115' title='bbox 1414 1725 1587 1781; x_wconf 88' lang='lat' dir='ltr'>quem</span> <span class='ocrx_word' id='word_1_116' title='bbox 1610 1707 1993 1763; x_wconf 90' lang='lat' dir='ltr'>Gallinarium</span> <span class='ocrx_word' id='word_1_117' title='bbox 2013 1706 2255 1771; x_wconf 89' lang='lat' dir='ltr'>vocavit,</span> 
     </span>
    </p>
   </div>
   <div class='ocr_carea' id='block_1_18' title="bbox 607 1797 1810 1872">
    <p class='ocr_par' dir='ltr' id='par_1_18' title="bbox 607 1797 1810 1872">
     <span class='ocr_line' id='line_1_18' title="bbox 607 1797 1810 1872; baseline -0.004 -16"><span class='ocrx_word' id='word_1_118' title='bbox 607 1804 803 1872; x_wconf 81' lang='lat' dir='ltr'>satyra</span> <span class='ocrx_word' id='word_1_119' title='bbox 833 1803 1042 1870; x_wconf 90' lang='lat' dir='ltr'>quarta</span> <span class='ocrx_word' id='word_1_120' title='bbox 1069 1797 1314 1871; x_wconf 86' lang='lat' dir='ltr'>protulit</span> <span class='ocrx_word' id='word_1_121' title='bbox 1344 1798 1501 1853; x_wconf 92' lang='lat' dir='ltr'>hunc</span> <span class='ocrx_word' id='word_1_122' title='bbox 1531 1814 1762 1853; x_wconf 90' lang='lat' dir='ltr'>versum</span> <span class='ocrx_word' id='word_1_123' title='bbox 1797 1813 1810 1851; x_wconf 75' lang='grc' dir='ltr'>ε</span> 
     </span>
    </p>
   </div>
   <div class='ocr_carea' id='block_1_19' title="bbox 729 1903 2002 1966">
    <p class='ocr_par' dir='ltr' id='par_1_19' title="bbox 729 1903 2002 1966">
     <span class='ocr_line' id='line_1_19' title="bbox 729 1903 2002 1966; baseline -0.004 -11"><span class='ocrx_word' id='word_1_124' title='bbox 729 1904 1081 1955; x_wconf 87' lang='lat' dir='ltr'>Chuonradus</span> <span class='ocrx_word' id='word_1_125' title='bbox 1108 1903 1280 1954; x_wconf 88' lang='lat' dir='ltr'>Caroli</span> <span class='ocrx_word' id='word_1_126' title='bbox 1310 1904 1502 1966; x_wconf 85' lang='lat' dir='ltr'>premit</span> <span class='ocrx_word' id='word_1_127' title='bbox 1533 1903 1835 1952; x_wconf 87' lang='lat' dir='ltr'>ascensoria</span> <span class='ocrx_word' id='word_1_128' title='bbox 1863 1903 2002 1966; x_wconf 87' lang='lat' dir='ltr'>regis</span> 
     </span>
    </p>
   </div>
   <div class='ocr_carea' id='block_1_20' title="bbox 729 1965 1920 2029">
    <p class='ocr_par' dir='ltr' id='par_1_20' title="bbox 729 1965 1920 2029">
     <span class='ocr_line' id='line_1_20' title="bbox 729 1965 1920 2029; baseline -0.004 -12"><span class='ocrx_word' id='word_1_129' title='bbox 729 1967 943 2017; x_wconf 88' lang='lat' dir='ltr'>Talibus</span> <span class='ocrx_word' id='word_1_130' title='bbox 971 1966 1184 2016; x_wconf 90' lang='lat' dir='ltr'>indiciis</span> <span class='ocrx_word' id='word_1_131' title='bbox 1214 1965 1413 2016; x_wconf 85' lang='lat' dir='ltr'>nomen</span> <span class='ocrx_word' id='word_1_132' title='bbox 1445 1980 1537 2014; x_wconf 85' lang='lat' dir='ltr'>seu</span> <span class='ocrx_word' id='word_1_133' title='bbox 1568 1965 1736 2029; x_wconf 81' lang='lat' dir='ltr'>gloria</span> <span class='ocrx_word' id='word_1_134' title='bbox 1763 1965 1920 2028; x_wconf 87' lang='lat' dir='ltr'>regis.</span> 
     </span>
    </p>
   </div>
   <div class='ocr_carea' id='block_1_21' title="bbox 678 2061 2258 2136">
    <p class='ocr_par' dir='ltr' id='par_1_21' title="bbox 678 2061 2258 2136">
     <span class='ocr_line' id='line_1_21' title="bbox 678 2061 2258 2136; baseline -0.004 -13"><span class='ocrx_word' id='word_1_135' title='bbox 678 2065 952 2123; x_wconf 87' lang='lat' dir='ltr'>Gentium</span> <span class='ocrx_word' id='word_1_136' title='bbox 1000 2063 1265 2136; x_wconf 87' lang='lat' dir='ltr'>regiones</span> <span class='ocrx_word' id='word_1_137' title='bbox 1319 2062 1699 2131; x_wconf 89' lang='lat' dir='ltr'>transcendit,</span> <span class='ocrx_word' id='word_1_138' title='bbox 1744 2061 2003 2117; x_wconf 89' lang='lat' dir='ltr'>marinos</span> <span class='ocrx_word' id='word_1_139' title='bbox 2047 2062 2258 2117; x_wconf 87' lang='lat' dir='ltr'>fluctus</span> 
     </span>
    </p>
   </div>
   <div class='ocr_carea' id='block_1_22' title="bbox 606 2151 2258 2224">
    <p class='ocr_par' dir='ltr' id='par_1_22' title="bbox 606 2151 2258 2224">
     <span class='ocr_line' id='line_1_22' title="bbox 606 2151 2258 2224; baseline -0.004 -12"><span class='ocrx_word' id='word_1_140' title='bbox 606 2154 1015 2219; x_wconf 84' lang='lat' dir='ltr'>transnatavit,</span> <span class='ocrx_word' id='word_1_141' title='bbox 1049 2153 1270 2224; x_wconf 91' lang='lat' dir='ltr'>passim</span> <span class='ocrx_word' id='word_1_142' title='bbox 1311 2151 1725 2224; x_wconf 87' lang='lat' dir='ltr'>divulgabatur</span> <span class='ocrx_word' id='word_1_143' title='bbox 1770 2151 1953 2206; x_wconf 91' lang='lat' dir='ltr'>virtus</span> <span class='ocrx_word' id='word_1_144' title='bbox 2012 2168 2140 2222; x_wconf 65' lang='lat' dir='ltr'>quas</span> <span class='ocrx_word' id='word_1_145' title='bbox 2199 2152 2258 2205; x_wconf 93' lang='lat' dir='ltr'>in</span> 
     </span>
    </p>
   </div>
   <div class='ocr_carea' id='block_1_23' title="bbox 607 2240 2261 2313">
    <p class='ocr_par' dir='ltr' id='par_1_23' title="bbox 607 2240 2261 2313">
     <span class='ocr_line' id='line_1_23' title="bbox 607 2240 2261 2313; baseline -0.004 -14"><span class='ocrx_word' id='word_1_146' title='bbox 607 2243 889 2300; x_wconf 84' lang='lat' dir='ltr'>exhausto</span> <span class='ocrx_word' id='word_1_147' title='bbox 919 2240 1112 2313; x_wconf 89' lang='lat' dir='ltr'>vigore</span> <span class='ocrx_word' id='word_1_148' title='bbox 1169 2256 1400 2312; x_wconf 90' lang='lat' dir='ltr'>semper</span> <span class='ocrx_word' id='word_1_149' title='bbox 1455 2241 1784 2296; x_wconf 86' lang='lat' dir='ltr'>emanabat.</span> <span class='ocrx_word' id='word_1_150' title='bbox 1820 2241 2104 2296; x_wconf 85' lang='lat' dir='ltr'>Reversus</span> <span class='ocrx_word' id='word_1_151' title='bbox 2162 2256 2261 2296; x_wconf 91' lang='lat' dir='ltr'>rex</span> 
     </span>
    </p>
   </div>
   <div class='ocr_carea' id='block_1_24' title="bbox 608 2327 2257 2401">
    <p class='ocr_par' dir='ltr' id='par_1_24' title="bbox 608 2327 2257 2401">
     <span class='ocr_line' id='line_1_24' title="bbox 608 2327 2257 2401; baseline -0.001 -15"><span class='ocrx_word' id='word_1_152' title='bbox 608 2332 678 2386; x_wconf 89' lang='lat' dir='ltr'>de</span> <span class='ocrx_word' id='word_1_153' title='bbox 709 2328 1004 2386; x_wconf 83' lang='lat' dir='ltr'>Ribuariis</span> <span class='ocrx_word' id='word_1_154' title='bbox 1035 2329 1107 2382; x_wconf 91' lang='lat' dir='ltr'>ad</span> <span class='ocrx_word' id='word_1_155' title='bbox 1137 2327 1448 2384; x_wconf 89' lang='lat' dir='ltr'>Saxoniam</span> <span class='ocrx_word' id='word_1_156' title='bbox 1498 2328 1673 2398; x_wconf 90' lang='lat' dir='ltr'>venit,</span> <span class='ocrx_word' id='word_1_157' title='bbox 1699 2329 1775 2382; x_wconf 90' lang='lat' dir='ltr'>ibi</span> <span class='ocrx_word' id='word_1_158' title='bbox 1818 2328 2005 2401; x_wconf 87' lang='lat' dir='ltr'>legem</span> <span class='ocrx_word' id='word_1_159' title='bbox 2053 2329 2257 2384; x_wconf 85' lang='lat' dir='ltr'>crude-</span> 
     </span>
    </p>
   </div>
   <div class='ocr_carea' id='block_1_25' title="bbox 608 2416 2258 2490">
    <p class='ocr_par' dir='ltr' id='par_1_25' title="bbox 608 2416 2258 2490">
     <span class='ocr_line' id='line_1_25' title="bbox 608 2416 2258 2490; baseline 0 -18"><span class='ocrx_word' id='word_1_160' title='bbox 608 2418 900 2476; x_wconf 90' lang='lat' dir='ltr'>lissimam</span> <span class='ocrx_word' id='word_1_161' title='bbox 929 2418 1247 2485; x_wconf 86' lang='lat' dir='ltr'>Saxonum,</span> <span class='ocrx_word' id='word_1_162' title='bbox 1279 2417 1604 2472; x_wconf 90' lang='lat' dir='ltr'>secundum</span> <span class='ocrx_word' id='word_1_163' title='bbox 1646 2416 2000 2472; x_wconf 87' lang='lat' dir='ltr'>voluntatem</span> <span class='ocrx_word' id='word_1_164' title='bbox 2032 2434 2258 2490; x_wconf 89' lang='lat' dir='ltr'>eorum,</span> 
     </span>
    </p>
   </div>
   <div class='ocr_carea' id='block_1_26' title="bbox 609 2504 2260 2563">
    <p class='ocr_par' dir='ltr' id='par_1_26' title="bbox 609 2504 2260 2563">
     <span class='ocr_line' id='line_1_26' title="bbox 609 2504 2260 2563; baseline -0.002 0"><span class='ocrx_word' id='word_1_165' title='bbox 609 2505 902 2563; x_wconf 89' lang='lat' dir='ltr'>constanti</span> <span class='ocrx_word' id='word_1_166' title='bbox 950 2504 1292 2560; x_wconf 90' lang='lat' dir='ltr'>auctoritate</span> <span class='ocrx_word' id='word_1_167' title='bbox 1342 2504 1646 2560; x_wconf 89' lang='lat' dir='ltr'>reboravit.</span> <span class='ocrx_word' id='word_1_168' title='bbox 1684 2504 1900 2560; x_wconf 82' lang='lat' dir='ltr'>Deinde</span> <span class='ocrx_word' id='word_1_169' title='bbox 1932 2523 1966 2560; x_wconf 90' lang='lat' dir='ltr'>a</span> <span class='ocrx_word' id='word_1_170' title='bbox 1995 2505 2260 2561; x_wconf 87' lang='lat' dir='ltr'>barbaris</span> 
     </span>
    </p>
   </div>
   <div class='ocr_carea' id='block_1_27' title="bbox 609 2593 2258 2668">
    <p class='ocr_par' dir='ltr' id='par_1_27' title="bbox 609 2593 2258 2668">
     <span class='ocr_line' id='line_1_27' title="bbox 609 2593 2258 2668; baseline -0.001 -16"><span class='ocrx_word' id='word_1_171' title='bbox 609 2597 710 2668; x_wconf 92' lang='lat' dir='ltr'>qui</span> <span class='ocrx_word' id='word_1_172' title='bbox 733 2593 1044 2652; x_wconf 88' lang='lat' dir='ltr'>Saxoniam</span> <span class='ocrx_word' id='word_1_173' title='bbox 1085 2593 1383 2667; x_wconf 88' lang='lat' dir='ltr'>attingunt</span> <span class='ocrx_word' id='word_1_174' title='bbox 1414 2594 1634 2649; x_wconf 88' lang='lat' dir='ltr'>tributa</span> <span class='ocrx_word' id='word_1_175' title='bbox 1676 2595 1934 2666; x_wconf 82' lang='lat' dir='ltr'>exigens,</span> <span class='ocrx_word' id='word_1_176' title='bbox 1958 2611 2129 2650; x_wconf 90' lang='lat' dir='ltr'>omne</span> <span class='ocrx_word' id='word_1_177' title='bbox 2160 2595 2258 2650; x_wconf 84' lang='lat' dir='ltr'>de-</span> 
     </span>
    </p>
   </div>
   <div class='ocr_carea' id='block_1_28' title="bbox 606 2682 2256 2754">
    <p class='ocr_par' dir='ltr' id='par_1_28' title="bbox 606 2682 2256 2754">
     <span class='ocr_line' id='line_1_28' title="bbox 606 2682 2256 2754; baseline -0.001 -13"><span class='ocrx_word' id='word_1_178' title='bbox 606 2684 794 2741; x_wconf 90' lang='lat' dir='ltr'>bitum</span> <span class='ocrx_word' id='word_1_179' title='bbox 818 2683 1015 2740; x_wconf 86' lang='lat' dir='ltr'>fiscale</span> <span class='ocrx_word' id='word_1_180' title='bbox 1045 2683 1280 2754; x_wconf 90' lang='lat' dir='ltr'>recepit.</span> <span class='ocrx_word' id='word_1_181' title='bbox 1308 2683 1446 2738; x_wconf 90' lang='lat' dir='ltr'>Inde</span> <span class='ocrx_word' id='word_1_182' title='bbox 1478 2682 1803 2754; x_wconf 83' lang='lat' dir='ltr'>Bajoariam</span> <span class='ocrx_word' id='word_1_183' title='bbox 1831 2687 1887 2738; x_wconf 90' lang='lat' dir='ltr'>et</span> <span class='ocrx_word' id='word_1_184' title='bbox 1916 2682 2256 2739; x_wconf 80' lang='lat' dir='ltr'>orientalem</span> 
     </span>
    </p>
   </div>
   <div class='ocr_carea' id='block_1_29' title="bbox 608 2770 2255 2844">
    <p class='ocr_par' dir='ltr' id='par_1_29' title="bbox 608 2770 2255 2844">
     <span class='ocr_line' id='line_1_29' title="bbox 608 2770 2255 2844; baseline -0.001 -14"><span class='ocrx_word' id='word_1_185' title='bbox 608 2771 912 2830; x_wconf 89' lang='lat' dir='ltr'>Franciam</span> <span class='ocrx_word' id='word_1_186' title='bbox 955 2770 1374 2844; x_wconf 88' lang='lat' dir='ltr'>pertransiens,</span> <span class='ocrx_word' id='word_1_187' title='bbox 1407 2771 1478 2826; x_wconf 90' lang='lat' dir='ltr'>ad</span> <span class='ocrx_word' id='word_1_188' title='bbox 1520 2770 1924 2827; x_wconf 85' lang='lat' dir='ltr'>Alemanniam</span> <span class='ocrx_word' id='word_1_189' title='bbox 1976 2773 2255 2844; x_wconf 83' lang='lat' dir='ltr'>pervenit.</span> 
     </span>
    </p>
   </div>
   <div class='ocr_carea' id='block_1_30' title="bbox 606 2859 2258 2934">
    <p class='ocr_par' dir='ltr' id='par_1_30' title="bbox 606 2859 2258 2934">
     <span class='ocr_line' id='line_1_30' title="bbox 606 2859 2258 2934; baseline -0.001 -15"><span class='ocrx_word' id='word_1_190' title='bbox 606 2863 728 2928; x_wconf 88' lang='lat' dir='ltr'>Quo</span> <span class='ocrx_word' id='word_1_191' title='bbox 760 2861 1032 2928; x_wconf 88' lang='lat' dir='ltr'>transitu,</span> <span class='ocrx_word' id='word_1_192' title='bbox 1057 2877 1236 2933; x_wconf 87' lang='lat' dir='ltr'>regna</span> <span class='ocrx_word' id='word_1_193' title='bbox 1265 2859 1424 2932; x_wconf 92' lang='lat' dir='ltr'>pacis</span> <span class='ocrx_word' id='word_1_194' title='bbox 1458 2860 1668 2916; x_wconf 87' lang='lat' dir='ltr'>foedere</span> <span class='ocrx_word' id='word_1_195' title='bbox 1716 2865 1773 2916; x_wconf 88' lang='lat' dir='ltr'>et</span> <span class='ocrx_word' id='word_1_196' title='bbox 1823 2861 1981 2934; x_wconf 91' lang='lat' dir='ltr'>regia</span> <span class='ocrx_word' id='word_1_197' title='bbox 2009 2862 2258 2918; x_wconf 91' lang='lat' dir='ltr'>tuitione</span> 
     </span>
    </p>
   </div>
   <div class='ocr_carea' id='block_1_31' title="bbox 608 2949 1268 3022">
    <p class='ocr_par' dir='ltr' id='par_1_31' title="bbox 608 2949 1268 3022">
     <span class='ocr_line' id='line_1_31' title="bbox 608 2949 1268 3022; baseline -0.005 -16"><span class='ocrx_word' id='word_1_198' title='bbox 608 2950 947 3008; x_wconf 86' lang='lat' dir='ltr'>firmissime</span> <span class='ocrx_word' id='word_1_199' title='bbox 979 2949 1268 3022; x_wconf 91' lang='lat' dir='ltr'>cingebat.</span> 
     </span>
    </p>
   </div>
   <div class='ocr_carea' id='block_1_32' title="bbox 856 3055 2005 3103">
    <p class='ocr_par' dir='ltr' id='par_1_32' title="bbox 856 3055 2005 3103">
     <span class='ocr_line' id='line_1_32' title="bbox 856 3055 2005 3103; baseline -0.001 -8"><span class='ocrx_word' id='word_1_200' title='bbox 856 3055 1135 3103; x_wconf 76' lang='lat' dir='ltr'>QUALITER</span> <span class='ocrx_word' id='word_1_201' title='bbox 1164 3055 1272 3094; x_wconf 77' lang='lat' dir='ltr'>REX</span> <span class='ocrx_word' id='word_1_202' title='bbox 1304 3055 1426 3094; x_wconf 80' lang='lat' dir='ltr'>CUM</span> <span class='ocrx_word' id='word_1_203' title='bbox 1456 3055 1635 3093; x_wconf 78' lang='lat' dir='ltr'>ITALIS</span> <span class='ocrx_word' id='word_1_204' title='bbox 1665 3055 2005 3094; x_wconf 71' lang='lat' dir='ltr'>PLACITA&quot;1T.</span> 
     </span>
    </p>
   </div>
   <div class='ocr_carea' id='block_1_33' title="bbox 677 3127 2256 3200">
    <p class='ocr_par' dir='ltr' id='par_1_33' title="bbox 677 3127 2256 3200">
     <span class='ocr_line' id='line_1_33' title="bbox 677 3127 2256 3200; baseline -0.001 -14"><span class='ocrx_word' id='word_1_205' title='bbox 677 3133 844 3186; x_wconf 91' lang='lat' dir='ltr'>Anno</span> <span class='ocrx_word' id='word_1_206' title='bbox 874 3127 1064 3200; x_wconf 89' lang='lat' dir='ltr'>primo</span> <span class='ocrx_word' id='word_1_207' title='bbox 1094 3127 1256 3200; x_wconf 90' lang='lat' dir='ltr'>regni</span> <span class='ocrx_word' id='word_1_208' title='bbox 1283 3127 1375 3182; x_wconf 91' lang='lat' dir='ltr'>sui</span> <span class='ocrx_word' id='word_1_209' title='bbox 1408 3127 1714 3182; x_wconf 89' lang='lat' dir='ltr'>Chuonrad</span> <span class='ocrx_word' id='word_1_210' title='bbox 1727 3145 1792 3182; x_wconf 92' lang='lat' dir='ltr'>us</span> <span class='ocrx_word' id='word_1_211' title='bbox 1816 3144 1913 3183; x_wconf 85' lang='lat' dir='ltr'>rex</span> <span class='ocrx_word' id='word_1_212' title='bbox 1941 3128 2093 3183; x_wconf 90' lang='lat' dir='ltr'>diem</span> <span class='ocrx_word' id='word_1_213' title='bbox 2119 3145 2256 3185; x_wconf 90' lang='lat' dir='ltr'>san-</span> 
     </span>
    </p>
   </div>
   <div class='ocr_carea' id='block_1_34' title="bbox 607 3215 2254 3286">
    <p class='ocr_par' dir='ltr' id='par_1_34' title="bbox 607 3215 2254 3286">
     <span class='ocr_line' id='line_1_34' title="bbox 607 3215 2254 3286; baseline -0.002 -10"><span class='ocrx_word' id='word_1_214' title='bbox 607 3223 768 3276; x_wconf 90' lang='lat' dir='ltr'>etum</span> <span class='ocrx_word' id='word_1_215' title='bbox 791 3219 1160 3274; x_wconf 89' lang='lat' dir='ltr'>Pentecostes</span> <span class='ocrx_word' id='word_1_216' title='bbox 1187 3215 1245 3270; x_wconf 93' lang='lat' dir='ltr'>in</span> <span class='ocrx_word' id='word_1_217' title='bbox 1268 3215 1609 3272; x_wconf 89' lang='lat' dir='ltr'>Constantia</span> <span class='ocrx_word' id='word_1_218' title='bbox 1641 3216 1871 3272; x_wconf 87' lang='lat' dir='ltr'>civitate</span> <span class='ocrx_word' id='word_1_219' title='bbox 1909 3217 2254 3286; x_wconf 88' lang='lat' dir='ltr'>celebravit;</span> 
     </span>
    </p>
   </div>
   <div class='ocr_carea' id='block_1_35' title="bbox 2366 642 3878 713">
    <p class='ocr_par' dir='ltr' id='par_1_35' title="bbox 2366 642 3878 713">
     <span class='ocr_line' id='line_1_35' title="bbox 2366 642 3878 713; baseline 0.005 -17"><span class='ocrx_word' id='word_1_220' title='bbox 2366 642 2650 697; x_wconf 79' lang='lat' dir='ltr'>struxisse</span> <span class='ocrx_word' id='word_1_221' title='bbox 2683 659 2796 696; x_wconf 90' lang='lat' dir='ltr'>non</span> <span class='ocrx_word' id='word_1_222' title='bbox 2838 643 2972 713; x_wconf 84' lang='lat' dir='ltr'>jure</span> <span class='ocrx_word' id='word_1_223' title='bbox 3025 643 3503 700; x_wconf 83' lang='lat' dir='ltr'>aceusabimur.E</span> <span class='ocrx_word' id='word_1_224' title='bbox 3532 647 3762 700; x_wconf 82' lang='lat' dir='ltr'>contrario</span> <span class='ocrx_word' id='word_1_225' title='bbox 3785 666 3878 703; x_wconf 76' lang='lat' dir='ltr'>iex:</span> 
     </span>
    </p>
   </div>
   <div class='ocr_carea' id='block_1_36' title="bbox 2365 729 3880 804">
    <p class='ocr_par' dir='ltr' id='par_1_36' title="bbox 2365 729 3880 804">
     <span class='ocr_line' id='line_1_36' title="bbox 2365 729 3880 804; baseline 0.005 -20"><span class='ocrx_word' id='word_1_226' title='bbox 2365 729 2514 796; x_wconf 91' lang='lat' dir='ltr'>Scio,</span> <span class='ocrx_word' id='word_1_227' title='bbox 2547 731 2762 802; x_wconf 87' lang='lat' dir='ltr'>inquit,</span> <span class='ocrx_word' id='word_1_228' title='bbox 2797 733 2951 804; x_wconf 91' lang='lat' dir='ltr'>quod</span> <span class='ocrx_word' id='word_1_229' title='bbox 2981 733 3224 789; x_wconf 88' lang='lat' dir='ltr'>domum</span> <span class='ocrx_word' id='word_1_230' title='bbox 3254 731 3404 804; x_wconf 84' lang='lat' dir='ltr'>regis</span> <span class='ocrx_word' id='word_1_231' title='bbox 3432 732 3589 788; x_wconf 87' lang='lat' dir='ltr'>vestri</span> <span class='ocrx_word' id='word_1_232' title='bbox 3614 751 3707 788; x_wconf 90' lang='lat' dir='ltr'>non</span> <span class='ocrx_word' id='word_1_233' title='bbox 3726 736 3880 793; x_wconf 77' lang='lat' dir='ltr'>destru-</span> 
     </span>
    </p>
   </div>
   <div class='ocr_carea' id='block_1_37' title="bbox 2364 818 3877 893">
    <p class='ocr_par' dir='ltr' id='par_1_37' title="bbox 2364 818 3877 893">
     <span class='ocr_line' id='line_1_37' title="bbox 2364 818 3877 893; baseline 0.006 -20"><span class='ocrx_word' id='word_1_234' title='bbox 2364 818 2552 887; x_wconf 89' lang='lat' dir='ltr'>xistis,</span> <span class='ocrx_word' id='word_1_235' title='bbox 2601 837 2735 874; x_wconf 88' lang='lat' dir='ltr'>eum</span> <span class='ocrx_word' id='word_1_236' title='bbox 2795 838 2860 876; x_wconf 89' lang='lat' dir='ltr'>eo</span> <span class='ocrx_word' id='word_1_237' title='bbox 2920 826 3179 893; x_wconf 88' lang='lat' dir='ltr'>tempore</span> <span class='ocrx_word' id='word_1_238' title='bbox 3234 819 3456 876; x_wconf 92' lang='lat' dir='ltr'>nullum</span> <span class='ocrx_word' id='word_1_239' title='bbox 3515 821 3779 888; x_wconf 86' lang='lat' dir='ltr'>haberetis;</span> <span class='ocrx_word' id='word_1_240' title='bbox 3818 829 3877 882; x_wconf 76' lang='lat' dir='ltr'>sed</span> 
     </span>
    </p>
   </div>
   <div class='ocr_carea' id='block_1_38' title="bbox 2367 907 3878 980">
    <p class='ocr_par' dir='ltr' id='par_1_38' title="bbox 2367 907 3878 980">
     <span class='ocr_line' id='line_1_38' title="bbox 2367 907 3878 980; baseline 0.005 -19"><span class='ocrx_word' id='word_1_241' title='bbox 2367 907 2607 962; x_wconf 89' lang='lat' dir='ltr'>domum</span> <span class='ocrx_word' id='word_1_242' title='bbox 2640 909 2896 980; x_wconf 87' lang='lat' dir='ltr'>regalem</span> <span class='ocrx_word' id='word_1_243' title='bbox 2950 911 3195 965; x_wconf 90' lang='lat' dir='ltr'>scidisse</span> <span class='ocrx_word' id='word_1_244' title='bbox 3244 927 3359 964; x_wconf 91' lang='lat' dir='ltr'>non</span> <span class='ocrx_word' id='word_1_245' title='bbox 3403 909 3587 965; x_wconf 87' lang='lat' dir='ltr'>valetis</span> <span class='ocrx_word' id='word_1_246' title='bbox 3627 911 3826 968; x_wconf 79' lang='lat' dir='ltr'>inficiari.</span> <span class='ocrx_word' id='word_1_247' title='bbox 3846 916 3878 970; x_wconf 85' lang='lat' dir='ltr'>Si</span> 
     </span>
    </p>
   </div>
   <div class='ocr_carea' id='block_1_39' title="bbox 2365 997 3878 1069">
    <p class='ocr_par' dir='ltr' id='par_1_39' title="bbox 2365 997 3878 1069">
     <span class='ocr_line' id='line_1_39' title="bbox 2365 997 3878 1069; baseline 0.003 -19"><span class='ocrx_word' id='word_1_248' title='bbox 2365 1013 2463 1051; x_wconf 85' lang='lat' dir='ltr'>rex</span> <span class='ocrx_word' id='word_1_249' title='bbox 2493 997 2683 1068; x_wconf 91' lang='lat' dir='ltr'>periit,</span> <span class='ocrx_word' id='word_1_250' title='bbox 2718 1014 2964 1069; x_wconf 89' lang='lat' dir='ltr'>regnum</span> <span class='ocrx_word' id='word_1_251' title='bbox 3011 998 3314 1068; x_wconf 87' lang='lat' dir='ltr'>remansit,</span> <span class='ocrx_word' id='word_1_252' title='bbox 3347 997 3492 1053; x_wconf 88' lang='lat' dir='ltr'>sicut</span> <span class='ocrx_word' id='word_1_253' title='bbox 3534 999 3671 1053; x_wconf 87' lang='lat' dir='ltr'>navis</span> <span class='ocrx_word' id='word_1_254' title='bbox 3708 1010 3878 1056; x_wconf 75' lang='lat' dir='ltr'>remanet</span> 
     </span>
    </p>
   </div>
   <div class='ocr_carea' id='block_1_40' title="bbox 2365 1084 3879 1157">
    <p class='ocr_par' dir='ltr' id='par_1_40' title="bbox 2365 1084 3879 1157">
     <span class='ocr_line' id='line_1_40' title="bbox 2365 1084 3879 1157; baseline 0.003 -19"><span class='ocrx_word' id='word_1_255' title='bbox 2365 1085 2534 1152; x_wconf 82' lang='lat' dir='ltr'>cujus</span> <span class='ocrx_word' id='word_1_256' title='bbox 2564 1084 2920 1156; x_wconf 85' lang='lat' dir='ltr'>gubernator</span> <span class='ocrx_word' id='word_1_257' title='bbox 2948 1084 3130 1152; x_wconf 89' lang='lat' dir='ltr'>cadit;</span> <span class='ocrx_word' id='word_1_258' title='bbox 3163 1086 3315 1140; x_wconf 71' lang='lat' dir='ltr'>mdes</span> <span class='ocrx_word' id='word_1_259' title='bbox 3343 1084 3572 1157; x_wconf 62' lang='lat' dir='ltr'>publica</span> <span class='ocrx_word' id='word_1_260' title='bbox 3595 1087 3785 1152; x_wconf 86' lang='lat' dir='ltr'>fuerant,</span> <span class='ocrx_word' id='word_1_261' title='bbox 3808 1105 3879 1143; x_wconf 87' lang='lat' dir='ltr'>non</span> 
     </span>
    </p>
   </div>
   <div class='ocr_carea' id='block_1_41' title="bbox 2366 1171 3879 1244">
    <p class='ocr_par' dir='ltr' id='par_1_41' title="bbox 2366 1171 3879 1244">
     <span class='ocr_line' id='line_1_41' title="bbox 2366 1171 3879 1244; baseline 0.004 -18"><span class='ocrx_word' id='word_1_262' title='bbox 2366 1171 2597 1244; x_wconf 82' lang='lat' dir='ltr'>privatae</span> <span class='ocrx_word' id='word_1_263' title='bbox 2621 1173 2776 1244; x_wconf 85' lang='lat' dir='ltr'>juris</span> <span class='ocrx_word' id='word_1_264' title='bbox 2820 1178 3006 1239; x_wconf 87' lang='lat' dir='ltr'>erant,</span> <span class='ocrx_word' id='word_1_265' title='bbox 3040 1173 3215 1230; x_wconf 88' lang='lat' dir='ltr'>alieni</span> <span class='ocrx_word' id='word_1_266' title='bbox 3266 1190 3379 1229; x_wconf 91' lang='lat' dir='ltr'>non</span> <span class='ocrx_word' id='word_1_267' title='bbox 3427 1176 3604 1230; x_wconf 83' lang='lat' dir='ltr'>vestri.</span> <span class='ocrx_word' id='word_1_268' title='bbox 3645 1174 3879 1232; x_wconf 73' lang='lat' dir='ltr'>Alienum</span> 
     </span>
    </p>
   </div>
   <div class='ocr_carea' id='block_1_42' title="bbox 2366 1262 3879 1335">
    <p class='ocr_par' dir='ltr' id='par_1_42' title="bbox 2366 1262 3879 1335">
     <span class='ocr_line' id='line_1_42' title="bbox 2366 1262 3879 1335; baseline 0.002 -20"><span class='ocrx_word' id='word_1_269' title='bbox 2366 1265 2562 1316; x_wconf 90' lang='lat' dir='ltr'>autem</span> <span class='ocrx_word' id='word_1_270' title='bbox 2609 1279 2804 1316; x_wconf 91' lang='lat' dir='ltr'>rerum</span> <span class='ocrx_word' id='word_1_271' title='bbox 2855 1262 3151 1319; x_wconf 90' lang='lat' dir='ltr'>invasores</span> <span class='ocrx_word' id='word_1_272' title='bbox 3209 1262 3328 1334; x_wconf 91' lang='lat' dir='ltr'>regi</span> <span class='ocrx_word' id='word_1_273' title='bbox 3379 1268 3512 1318; x_wconf 82' lang='lat' dir='ltr'>sunt</span> <span class='ocrx_word' id='word_1_274' title='bbox 3563 1264 3762 1318; x_wconf 81' lang='lat' dir='ltr'>obnoxii.</span> <span class='ocrx_word' id='word_1_275' title='bbox 3787 1266 3879 1335; x_wconf 79' lang='lat' dir='ltr'>Ergo</span> 
     </span>
    </p>
   </div>
   <div class='ocr_carea' id='block_1_43' title="bbox 2364 1349 3880 1425">
    <p class='ocr_par' dir='ltr' id='par_1_43' title="bbox 2364 1349 3880 1425">
     <span class='ocr_line' id='line_1_43' title="bbox 2364 1349 3880 1425; baseline 0.003 -23"><span class='ocrx_word' id='word_1_276' title='bbox 2364 1366 2466 1404; x_wconf 90' lang='lat' dir='ltr'>vos</span> <span class='ocrx_word' id='word_1_277' title='bbox 2524 1349 2724 1405; x_wconf 75' lang='lat' dir='ltr'>alienae</span> <span class='ocrx_word' id='word_1_278' title='bbox 2775 1351 2856 1405; x_wconf 87' lang='lat' dir='ltr'>rei</span> <span class='ocrx_word' id='word_1_279' title='bbox 2910 1351 3208 1406; x_wconf 90' lang='lat' dir='ltr'>invasores</span> <span class='ocrx_word' id='word_1_280' title='bbox 3255 1351 3468 1418; x_wconf 85' lang='lat' dir='ltr'>fuistis,</span> <span class='ocrx_word' id='word_1_281' title='bbox 3511 1350 3664 1424; x_wconf 86' lang='lat' dir='ltr'>igitur</span> <span class='ocrx_word' id='word_1_282' title='bbox 3699 1352 3785 1425; x_wconf 84' lang='lat' dir='ltr'>regi</span> <span class='ocrx_word' id='word_1_283' title='bbox 3816 1353 3880 1408; x_wconf 79' lang='lat' dir='ltr'>ob-</span> 
     </span>
    </p>
   </div>
   <div class='ocr_carea' id='block_1_44' title="bbox 2368 1437 3880 1512">
    <p class='ocr_par' dir='ltr' id='par_1_44' title="bbox 2368 1437 3880 1512">
     <span class='ocr_line' id='line_1_44' title="bbox 2368 1437 3880 1512; baseline 0.001 -20"><span class='ocrx_word' id='word_1_284' title='bbox 2368 1437 2523 1492; x_wconf 82' lang='lat' dir='ltr'>noxii</span> <span class='ocrx_word' id='word_1_285' title='bbox 2566 1439 2728 1494; x_wconf 91' lang='lat' dir='ltr'>estis.</span> <span class='ocrx_word' id='word_1_286' title='bbox 2761 1439 3176 1511; x_wconf 89' lang='lat' dir='ltr'>l-lujuseemodi</span> <span class='ocrx_word' id='word_1_287' title='bbox 3225 1440 3418 1495; x_wconf 86' lang='lat' dir='ltr'>verbis</span> <span class='ocrx_word' id='word_1_288' title='bbox 3467 1439 3696 1512; x_wconf 84' lang='lat' dir='ltr'>pluribus</span> <span class='ocrx_word' id='word_1_289' title='bbox 3730 1441 3880 1495; x_wconf 69' lang='lat' dir='ltr'>instin-</span> 
     </span>
    </p>
   </div>
   <div class='ocr_carea' id='block_1_45' title="bbox 2366 1528 3880 1601">
    <p class='ocr_par' dir='ltr' id='par_1_45' title="bbox 2366 1528 3880 1601">
     <span class='ocr_line' id='line_1_45' title="bbox 2366 1528 3880 1601; baseline 0.001 -19"><span class='ocrx_word' id='word_1_290' title='bbox 2366 1532 2454 1582; x_wconf 87' lang='lat' dir='ltr'>ter</span> <span class='ocrx_word' id='word_1_291' title='bbox 2510 1528 2752 1598; x_wconf 84' lang='lat' dir='ltr'>objectis</span> <span class='ocrx_word' id='word_1_292' title='bbox 2812 1529 2985 1601; x_wconf 85' lang='lat' dir='ltr'>legati</span> <span class='ocrx_word' id='word_1_293' title='bbox 3041 1530 3259 1584; x_wconf 91' lang='lat' dir='ltr'>frustra</span> <span class='ocrx_word' id='word_1_294' title='bbox 3326 1533 3588 1584; x_wconf 76' lang='lat' dir='ltr'>tentatum</span> <span class='ocrx_word' id='word_1_295' title='bbox 3640 1545 3788 1601; x_wconf 80' lang='lat' dir='ltr'>pacem</span> <span class='ocrx_word' id='word_1_296' title='bbox 3825 1546 3880 1584; x_wconf 80' lang='lat' dir='ltr'>re-</span> 
     </span>
    </p>
   </div>
   <div class='ocr_carea' id='block_1_46' title="bbox 2367 1615 3881 1690">
    <p class='ocr_par' dir='ltr' id='par_1_46' title="bbox 2367 1615 3881 1690">
     <span class='ocr_line' id='line_1_46' title="bbox 2367 1615 3881 1690; baseline -0.001 -20"><span class='ocrx_word' id='word_1_297' title='bbox 2367 1615 2700 1688; x_wconf 88' lang='lat' dir='ltr'>linquentes</span> <span class='ocrx_word' id='word_1_298' title='bbox 2750 1617 3039 1673; x_wconf 88' lang='lat' dir='ltr'>abierunt.</span> <span class='ocrx_word' id='word_1_299' title='bbox 3083 1617 3312 1690; x_wconf 83' lang='lat' dir='ltr'>Reliqui</span> <span class='ocrx_word' id='word_1_300' title='bbox 3364 1635 3490 1674; x_wconf 89' lang='lat' dir='ltr'>vero</span> <span class='ocrx_word' id='word_1_301' title='bbox 3536 1616 3689 1672; x_wconf 83' lang='lat' dir='ltr'>Italici</span> <span class='ocrx_word' id='word_1_302' title='bbox 3724 1617 3881 1689; x_wconf 79' lang='lat' dir='ltr'>amplis-</span> 
     </span>
    </p>
   </div>
   <div class='ocr_carea' id='block_1_47' title="bbox 2367 1705 3881 1779">
    <p class='ocr_par' dir='ltr' id='par_1_47' title="bbox 2367 1705 3881 1779">
     <span class='ocr_line' id='line_1_47' title="bbox 2367 1705 3881 1779; baseline -0.001 -19"><span class='ocrx_word' id='word_1_303' title='bbox 2367 1705 2536 1760; x_wconf 89' lang='lat' dir='ltr'>simis</span> <span class='ocrx_word' id='word_1_304' title='bbox 2567 1705 2738 1760; x_wconf 92' lang='lat' dir='ltr'>donis</span> <span class='ocrx_word' id='word_1_305' title='bbox 2767 1722 2802 1760; x_wconf 88' lang='lat' dir='ltr'>a</span> <span class='ocrx_word' id='word_1_306' title='bbox 2825 1722 2956 1779; x_wconf 90' lang='lat' dir='ltr'>rege</span> <span class='ocrx_word' id='word_1_307' title='bbox 3000 1705 3270 1763; x_wconf 85' lang='lat' dir='ltr'>honorati</span> <span class='ocrx_word' id='word_1_308' title='bbox 3319 1706 3377 1761; x_wconf 90' lang='lat' dir='ltr'>in</span> <span class='ocrx_word' id='word_1_309' title='bbox 3409 1722 3538 1779; x_wconf 89' lang='lat' dir='ltr'>pace</span> <span class='ocrx_word' id='word_1_310' title='bbox 3579 1705 3760 1762; x_wconf 81' lang='lat' dir='ltr'>dimissi</span> <span class='ocrx_word' id='word_1_311' title='bbox 3780 1709 3881 1760; x_wconf 86' lang='lat' dir='ltr'>sunt.</span> 
     </span>
    </p>
   </div>
   <div class='ocr_carea' id='block_1_48' title="bbox 2368 1795 3881 1867">
    <p class='ocr_par' dir='ltr' id='par_1_48' title="bbox 2368 1795 3881 1867">
     <span class='ocr_line' id='line_1_48' title="bbox 2368 1795 3881 1867; baseline -0.001 -17"><span class='ocrx_word' id='word_1_312' title='bbox 2368 1795 2486 1850; x_wconf 91' lang='lat' dir='ltr'>Rex</span> <span class='ocrx_word' id='word_1_313' title='bbox 2515 1811 2646 1850; x_wconf 90' lang='lat' dir='ltr'>vero</span> <span class='ocrx_word' id='word_1_314' title='bbox 2679 1795 2824 1850; x_wconf 90' lang='lat' dir='ltr'>bene</span> <span class='ocrx_word' id='word_1_315' title='bbox 2867 1795 3133 1851; x_wconf 89' lang='lat' dir='ltr'>ordinato</span> <span class='ocrx_word' id='word_1_316' title='bbox 3183 1811 3361 1867; x_wconf 87' lang='lat' dir='ltr'>regno</span> <span class='ocrx_word' id='word_1_317' title='bbox 3406 1795 3606 1850; x_wconf 75' lang='lat' dir='ltr'>Suevia:</span> <span class='ocrx_word' id='word_1_318' title='bbox 3630 1795 3688 1850; x_wconf 86' lang='lat' dir='ltr'>ad</span> <span class='ocrx_word' id='word_1_319' title='bbox 3712 1798 3881 1850; x_wconf 80' lang='lat' dir='ltr'>castrum</span> 
     </span>
    </p>
   </div>
   <div class='ocr_carea' id='block_1_49' title="bbox 2288 1881 3880 1986">
    <p class='ocr_par' dir='ltr' id='par_1_49' title="bbox 2288 1881 3880 1986">
     <span class='ocr_line' id='line_1_49' title="bbox 2288 1881 3880 1986; baseline -0.001 -49"><span class='ocrx_word' id='word_1_320' title='bbox 2288 1923 2336 1986; x_wconf 81' lang='grc' dir='ltr'><strong>Β</strong></span> <span class='ocrx_word' id='word_1_321' title='bbox 2364 1883 2678 1986; x_wconf 55' lang='grc' dir='ltr'>Ἑυιιείουφ</span> <span class='ocrx_word' id='word_1_322' title='bbox 2709 1884 2963 1955; x_wconf 87' lang='lat' dir='ltr'>perrexit</span> <span class='ocrx_word' id='word_1_323' title='bbox 2990 1885 3190 1956; x_wconf 89' lang='lat' dir='ltr'>ibique</span> <span class='ocrx_word' id='word_1_324' title='bbox 3219 1883 3502 1956; x_wconf 88' lang='lat' dir='ltr'>quosdam</span> <span class='ocrx_word' id='word_1_325' title='bbox 3531 1882 3734 1950; x_wconf 82' lang='lat' dir='ltr'>Italicos,</span> <span class='ocrx_word' id='word_1_326' title='bbox 3750 1882 3818 1954; x_wconf 86' lang='lat' dir='ltr'>qui</span> <span class='ocrx_word' id='word_1_327' title='bbox 3837 1881 3880 1936; x_wconf 72' lang='lat' dir='ltr'>ad</span> 
     </span>
    </p>
   </div>
   <div class='ocr_carea' id='block_1_50' title="bbox 2367 1972 3882 2041">
    <p class='ocr_par' dir='ltr' id='par_1_50' title="bbox 2367 1972 3882 2041">
     <span class='ocr_line' id='line_1_50' title="bbox 2367 1972 3882 2041; baseline -0.001 -15"><span class='ocrx_word' id='word_1_328' title='bbox 2367 1972 2767 2027; x_wconf 88' lang='lat' dir='ltr'>Constantiam</span> <span class='ocrx_word' id='word_1_329' title='bbox 2801 1990 2916 2028; x_wconf 91' lang='lat' dir='ltr'>non</span> <span class='ocrx_word' id='word_1_330' title='bbox 2947 1977 3245 2041; x_wconf 88' lang='lat' dir='ltr'>venerant,</span> <span class='ocrx_word' id='word_1_331' title='bbox 3271 1973 3342 2029; x_wconf 91' lang='lat' dir='ltr'>ad</span> <span class='ocrx_word' id='word_1_332' title='bbox 3374 1972 3668 2029; x_wconf 90' lang='lat' dir='ltr'>dominium</span> <span class='ocrx_word' id='word_1_333' title='bbox 3683 1988 3814 2028; x_wconf 81' lang='lat' dir='ltr'>suum</span> <span class='ocrx_word' id='word_1_334' title='bbox 3834 1987 3882 2024; x_wconf 78' lang='lat' dir='ltr'>re-</span> 
     </span>
    </p>
   </div>
   <div class='ocr_carea' id='block_1_51' title="bbox 2367 2059 3880 2134">
    <p class='ocr_par' dir='ltr' id='par_1_51' title="bbox 2367 2059 3880 2134">
     <span class='ocr_line' id='line_1_51' title="bbox 2367 2059 3880 2134; baseline -0.003 -18"><span class='ocrx_word' id='word_1_335' title='bbox 2367 2061 2537 2133; x_wconf 90' lang='lat' dir='ltr'>cepit.</span> <span class='ocrx_word' id='word_1_336' title='bbox 2563 2061 2701 2116; x_wconf 87' lang='lat' dir='ltr'>Inde</span> <span class='ocrx_word' id='word_1_337' title='bbox 2724 2066 2856 2134; x_wconf 89' lang='lat' dir='ltr'>post</span> <span class='ocrx_word' id='word_1_338' title='bbox 2887 2078 3102 2134; x_wconf 90' lang='lat' dir='ltr'>paucos</span> <span class='ocrx_word' id='word_1_339' title='bbox 3129 2061 3258 2118; x_wconf 88' lang='lat' dir='ltr'>dies</span> <span class='ocrx_word' id='word_1_340' title='bbox 3285 2062 3355 2117; x_wconf 89' lang='lat' dir='ltr'>ad</span> <span class='ocrx_word' id='word_1_341' title='bbox 3390 2061 3664 2118; x_wconf 88' lang='lat' dir='ltr'>Basilicam</span> <span class='ocrx_word' id='word_1_342' title='bbox 3687 2059 3880 2116; x_wconf 75' lang='lat' dir='ltr'>civitatem</span> 
     </span>
    </p>
   </div>
   <div class='ocr_carea' id='block_1_52' title="bbox 2370 2150 2646 2222">
    <p class='ocr_par' dir='ltr' id='par_1_52' title="bbox 2370 2150 2646 2222">
     <span class='ocr_line' id='line_1_52' title="bbox 2370 2150 2646 2222; baseline 0 -18"><span class='ocrx_word' id='word_1_343' title='bbox 2370 2150 2646 2222; x_wconf 84' lang='lat' dir='ltr'>pervenit.</span> 
     </span>
    </p>
   </div>
   <div class='ocr_carea' id='block_1_53' title="bbox 2524 2261 3788 2309">
    <p class='ocr_par' dir='ltr' id='par_1_53' title="bbox 2524 2261 3788 2309">
     <span class='ocr_line' id='line_1_53' title="bbox 2524 2261 3788 2309; baseline 0 -7"><span class='ocrx_word' id='word_1_344' title='bbox 2524 2263 2676 2309; x_wconf 85' lang='lat' dir='ltr'>QUOD</span> <span class='ocrx_word' id='word_1_345' title='bbox 2709 2265 2820 2302; x_wconf 69' lang='lat' dir='ltr'>REX</span> <span class='ocrx_word' id='word_1_346' title='bbox 2848 2263 3235 2305; x_wconf 76' lang='lat' dir='ltr'>CHUONRADUS</span> <span class='ocrx_word' id='word_1_347' title='bbox 3268 2265 3510 2305; x_wconf 67' lang='grc' dir='ltr'>ΒΑΒΙΙΕᾸΞ</span> <span class='ocrx_word' id='word_1_348' title='bbox 3533 2261 3788 2304; x_wconf 70' lang='grc' dir='ltr'>ΕΡΙΘΕΟΡΠΙ</span> 
     </span>
    </p>
   </div>
   <div class='ocr_carea' id='block_1_54' title="bbox 3019 2337 3375 2377">
    <p class='ocr_par' dir='ltr' id='par_1_54' title="bbox 3019 2337 3375 2377">
     <span class='ocr_line' id='line_1_54' title="bbox 3019 2337 3375 2377; baseline 0.006 -3"><span class='ocrx_word' id='word_1_349' title='bbox 3019 2337 3375 2377; x_wconf 76' lang='lat' dir='ltr'>CONSTITUIT.</span> 
     </span>
    </p>
   </div>
   <div class='ocr_carea' id='block_1_55' title="bbox 2441 2412 3884 2490">
    <p class='ocr_par' dir='ltr' id='par_1_55' title="bbox 2441 2412 3884 2490">
     <span class='ocr_line' id='line_1_55' title="bbox 2441 2412 3884 2490; baseline -0.004 -20"><span class='ocrx_word' id='word_1_350' title='bbox 2441 2415 2666 2472; x_wconf 88' lang='lat' dir='ltr'>Basilea</span> <span class='ocrx_word' id='word_1_351' title='bbox 2688 2415 2890 2470; x_wconf 88' lang='lat' dir='ltr'>civitas</span> <span class='ocrx_word' id='word_1_352' title='bbox 2912 2415 3026 2472; x_wconf 88' lang='lat' dir='ltr'>sita</span> <span class='ocrx_word' id='word_1_353' title='bbox 3047 2421 3137 2472; x_wconf 91' lang='lat' dir='ltr'>est</span> <span class='ocrx_word' id='word_1_354' title='bbox 3159 2418 3216 2470; x_wconf 91' lang='lat' dir='ltr'>in</span> <span class='ocrx_word' id='word_1_355' title='bbox 3239 2417 3490 2490; x_wconf 87' lang='lat' dir='ltr'>quodam</span> <span class='ocrx_word' id='word_1_356' title='bbox 3512 2415 3691 2471; x_wconf 87' lang='lat' dir='ltr'>triviali</span> <span class='ocrx_word' id='word_1_357' title='bbox 3706 2412 3884 2474; x_wconf 82' lang='lat' dir='ltr'>confinio,</span> 
     </span>
    </p>
   </div>
   <div class='ocr_carea' id='block_1_56' title="bbox 2370 2503 3884 2578">
    <p class='ocr_par' dir='ltr' id='par_1_56' title="bbox 2370 2503 3884 2578">
     <span class='ocr_line' id='line_1_56' title="bbox 2370 2503 3884 2578; baseline -0.001 -20"><span class='ocrx_word' id='word_1_358' title='bbox 2370 2504 2426 2558; x_wconf 92' lang='lat' dir='ltr'>id</span> <span class='ocrx_word' id='word_1_359' title='bbox 2467 2508 2574 2572; x_wconf 89' lang='lat' dir='ltr'>est,</span> <span class='ocrx_word' id='word_1_360' title='bbox 2608 2505 2981 2578; x_wconf 75' lang='lat' dir='ltr'>Burgundize,</span> <span class='ocrx_word' id='word_1_361' title='bbox 3028 2504 3390 2562; x_wconf 75' lang='lat' dir='ltr'>Alemannia:</span> <span class='ocrx_word' id='word_1_362' title='bbox 3447 2511 3499 2562; x_wconf 89' lang='lat' dir='ltr'>et</span> <span class='ocrx_word' id='word_1_363' title='bbox 3553 2503 3884 2572; x_wconf 69' lang='lat' dir='ltr'>Francisripsa</span> 
     </span>
    </p>
   </div>
   <div class='ocr_carea' id='block_1_57' title="bbox 2367 2591 3883 2668">
    <p class='ocr_par' dir='ltr' id='par_1_57' title="bbox 2367 2591 3883 2668">
     <span class='ocr_line' id='line_1_57' title="bbox 2367 2591 3883 2668; baseline -0.003 -20"><span class='ocrx_word' id='word_1_364' title='bbox 2367 2610 2499 2650; x_wconf 91' lang='lat' dir='ltr'>vero</span> <span class='ocrx_word' id='word_1_365' title='bbox 2530 2593 2731 2650; x_wconf 88' lang='lat' dir='ltr'>civitas</span> <span class='ocrx_word' id='word_1_366' title='bbox 2764 2594 2836 2650; x_wconf 90' lang='lat' dir='ltr'>ad</span> <span class='ocrx_word' id='word_1_367' title='bbox 2879 2595 3282 2667; x_wconf 82' lang='lat' dir='ltr'>Burgundiam</span> <span class='ocrx_word' id='word_1_368' title='bbox 3314 2595 3727 2668; x_wconf 66' lang='lat' dir='ltr'>pertinet-Hanc</span> <span class='ocrx_word' id='word_1_369' title='bbox 3759 2591 3883 2646; x_wconf 76' lang='lat' dir='ltr'>civita-</span> 
     </span>
    </p>
   </div>
   <div class='ocr_carea' id='block_1_58' title="bbox 2368 2677 3884 2756">
    <p class='ocr_par' dir='ltr' id='par_1_58' title="bbox 2368 2677 3884 2756">
     <span class='ocr_line' id='line_1_58' title="bbox 2368 2677 3884 2756; baseline -0.003 -20"><span class='ocrx_word' id='word_1_370' title='bbox 2368 2686 2484 2736; x_wconf 88' lang='lat' dir='ltr'>tem</span> <span class='ocrx_word' id='word_1_371' title='bbox 2519 2680 2739 2736; x_wconf 87' lang='lat' dir='ltr'>invenit</span> <span class='ocrx_word' id='word_1_372' title='bbox 2769 2694 2867 2736; x_wconf 81' lang='lat' dir='ltr'>rex</span> <span class='ocrx_word' id='word_1_373' title='bbox 2903 2686 3209 2736; x_wconf 88' lang='lat' dir='ltr'>vacuatam</span> <span class='ocrx_word' id='word_1_374' title='bbox 3242 2683 3530 2756; x_wconf 90' lang='lat' dir='ltr'>episcopo,</span> <span class='ocrx_word' id='word_1_375' title='bbox 3553 2683 3695 2753; x_wconf 86' lang='lat' dir='ltr'>cujus</span> <span class='ocrx_word' id='word_1_376' title='bbox 3720 2677 3884 2753; x_wconf 63' lang='lat' dir='ltr'>provisor</span> 
     </span>
    </p>
   </div>
   <div class='ocr_carea' id='block_1_59' title="bbox 2365 2766 3884 2844">
    <p class='ocr_par' dir='ltr' id='par_1_59' title="bbox 2365 2766 3884 2844">
     <span class='ocr_line' id='line_1_59' title="bbox 2365 2766 3884 2844; baseline -0.004 -20"><span class='ocrx_word' id='word_1_377' title='bbox 2365 2769 2649 2826; x_wconf 89' lang='lat' dir='ltr'>Adalbcro</span> <span class='ocrx_word' id='word_1_378' title='bbox 2676 2775 2810 2825; x_wconf 90' lang='lat' dir='ltr'>ante</span> <span class='ocrx_word' id='word_1_379' title='bbox 2849 2775 2966 2826; x_wconf 89' lang='lat' dir='ltr'>tres</span> <span class='ocrx_word' id='word_1_380' title='bbox 3015 2787 3250 2827; x_wconf 89' lang='lat' dir='ltr'>menses</span> <span class='ocrx_word' id='word_1_381' title='bbox 3283 2789 3457 2844; x_wconf 91' lang='lat' dir='ltr'>quam</span> <span class='ocrx_word' id='word_1_382' title='bbox 3504 2789 3592 2827; x_wconf 90' lang='lat' dir='ltr'>rex</span> <span class='ocrx_word' id='word_1_383' title='bbox 3614 2770 3796 2835; x_wconf 83' lang='lat' dir='ltr'>veniret,</span> <span class='ocrx_word' id='word_1_384' title='bbox 3818 2766 3884 2819; x_wconf 86' lang='lat' dir='ltr'>mi-</span> 
     </span>
    </p>
   </div>
   <div class='ocr_carea' id='block_1_60' title="bbox 2367 2857 3886 2931">
    <p class='ocr_par' dir='ltr' id='par_1_60' title="bbox 2367 2857 3886 2931">
     <span class='ocr_line' id='line_1_60' title="bbox 2367 2857 3886 2931; baseline -0.004 -18"><span class='ocrx_word' id='word_1_385' title='bbox 2367 2859 2553 2931; x_wconf 88' lang='lat' dir='ltr'>gravit</span> <span class='ocrx_word' id='word_1_386' title='bbox 2577 2876 2611 2913; x_wconf 91' lang='lat' dir='ltr'>a</span> <span class='ocrx_word' id='word_1_387' title='bbox 2631 2857 2864 2914; x_wconf 67' lang='lat' dir='ltr'>saeculo.</span> <span class='ocrx_word' id='word_1_388' title='bbox 2884 2859 2968 2914; x_wconf 92' lang='lat' dir='ltr'>Ibi</span> <span class='ocrx_word' id='word_1_389' title='bbox 2995 2859 3334 2917; x_wconf 87' lang='lat' dir='ltr'>Simoniaca</span> <span class='ocrx_word' id='word_1_390' title='bbox 3371 2859 3566 2917; x_wconf 68' lang='lat' dir='ltr'>haeresi</span> <span class='ocrx_word' id='word_1_391' title='bbox 3594 2857 3747 2915; x_wconf 89' lang='lat' dir='ltr'>subito</span> <span class='ocrx_word' id='word_1_392' title='bbox 3775 2871 3886 2926; x_wconf 73' lang='lat' dir='ltr'>appa-</span> 
     </span>
    </p>
   </div>
   <div class='ocr_carea' id='block_1_61' title="bbox 2367 2944 3883 3016">
    <p class='ocr_par' dir='ltr' id='par_1_61' title="bbox 2367 2944 3883 3016">
     <span class='ocr_line' id='line_1_61' title="bbox 2367 2944 3883 3016; baseline -0.001 -14"><span class='ocrx_word' id='word_1_393' title='bbox 2367 2947 2504 3014; x_wconf 89' lang='lat' dir='ltr'>ruit,</span> <span class='ocrx_word' id='word_1_394' title='bbox 2537 2952 2594 3003; x_wconf 90' lang='lat' dir='ltr'>et</span> <span class='ocrx_word' id='word_1_395' title='bbox 2639 2947 2752 3002; x_wconf 91' lang='lat' dir='ltr'>cito</span> <span class='ocrx_word' id='word_1_396' title='bbox 2809 2947 3044 3003; x_wconf 90' lang='lat' dir='ltr'>evanuit</span> <span class='ocrx_word' id='word_1_397' title='bbox 3077 2965 3089 3004; x_wconf 87' lang='lat'><strong>:</strong></span> <span class='ocrx_word' id='word_1_398' title='bbox 3127 2966 3268 3005; x_wconf 89' lang='lat' dir='ltr'>nam</span> <span class='ocrx_word' id='word_1_399' title='bbox 3296 2949 3435 3008; x_wconf 87' lang='lat' dir='ltr'>dum</span> <span class='ocrx_word' id='word_1_400' title='bbox 3485 2966 3574 3005; x_wconf 88' lang='lat' dir='ltr'>rex</span> <span class='ocrx_word' id='word_1_401' title='bbox 3621 2953 3667 3004; x_wconf 86' lang='lat' dir='ltr'>et</span> <span class='ocrx_word' id='word_1_402' title='bbox 3708 2944 3883 3016; x_wconf 66' lang='lat' dir='ltr'>regina!</span> 
     </span>
    </p>
   </div>
   <div class='ocr_carea' id='block_1_62' title="bbox 2367 3029 3883 3110">
    <p class='ocr_par' dir='ltr' id='par_1_62' title="bbox 2367 3029 3883 3110">
     <span class='ocr_line' id='line_1_62' title="bbox 2367 3029 3883 3110; baseline -0.003 -18"><span class='ocrx_word' id='word_1_403' title='bbox 2367 3037 2621 3110; x_wconf 86' lang='lat' dir='ltr'>quodam</span> <span class='ocrx_word' id='word_1_404' title='bbox 2670 3035 2878 3092; x_wconf 92' lang='lat' dir='ltr'>clerico</span> <span class='ocrx_word' id='word_1_405' title='bbox 2928 3036 3107 3093; x_wconf 88' lang='lat' dir='ltr'>nobili</span> <span class='ocrx_word' id='word_1_406' title='bbox 3145 3037 3293 3105; x_wconf 89' lang='lat' dir='ltr'>viro,</span> <span class='ocrx_word' id='word_1_407' title='bbox 3323 3037 3548 3094; x_wconf 85' lang='lat' dir='ltr'>nomine</span> <span class='ocrx_word' id='word_1_408' title='bbox 3582 3029 3883 3102; x_wconf 74' lang='lat' dir='ltr'>Udalrieo.qui</span> 
     </span>
    </p>
   </div>
   <div class='ocr_carea' id='block_1_63' title="bbox 2366 3121 3880 3200">
    <p class='ocr_par' dir='ltr' id='par_1_63' title="bbox 2366 3121 3880 3200">
     <span class='ocr_line' id='line_1_63' title="bbox 2366 3121 3880 3200; baseline -0.005 -20"><span class='ocrx_word' id='word_1_409' title='bbox 2366 3125 2446 3180; x_wconf 92' lang='lat' dir='ltr'>ibi</span> <span class='ocrx_word' id='word_1_410' title='bbox 2469 3131 2608 3181; x_wconf 91' lang='lat' dir='ltr'>tunc</span> <span class='ocrx_word' id='word_1_411' title='bbox 2626 3127 2935 3200; x_wconf 86' lang='lat' dir='ltr'>episcopus</span> <span class='ocrx_word' id='word_1_412' title='bbox 2954 3127 3194 3182; x_wconf 81' lang='lat' dir='ltr'>effectus</span> <span class='ocrx_word' id='word_1_413' title='bbox 3211 3133 3322 3198; x_wconf 89' lang='lat' dir='ltr'>est,</span> <span class='ocrx_word' id='word_1_414' title='bbox 3337 3128 3657 3184; x_wconf 86' lang='lat' dir='ltr'>immensam</span> <span class='ocrx_word' id='word_1_415' title='bbox 3674 3121 3880 3197; x_wconf 75' lang='lat' dir='ltr'>pecuniam</span> 
     </span>
    </p>
   </div>
   <div class='ocr_carea' id='block_1_64' title="bbox 2367 3205 3883 3287">
    <p class='ocr_par' dir='ltr' id='par_1_64' title="bbox 2367 3205 3883 3287">
     <span class='ocr_line' id='line_1_64' title="bbox 2367 3205 3883 3287; baseline -0.006 -17"><span class='ocrx_word' id='word_1_416' title='bbox 2367 3231 2469 3286; x_wconf 91' lang='lat' dir='ltr'>pro</span> <span class='ocrx_word' id='word_1_417' title='bbox 2499 3207 2838 3287; x_wconf 77' lang='lat' dir='ltr'>episcopatu</span> <span class='ocrx_word' id='word_1_418' title='bbox 2869 3214 3256 3287; x_wconf 86' lang='lat' dir='ltr'>susciperent.</span> <span class='ocrx_word' id='word_1_419' title='bbox 3286 3217 3484 3273; x_wconf 90' lang='lat' dir='ltr'>Postea</span> <span class='ocrx_word' id='word_1_420' title='bbox 3528 3232 3613 3272; x_wconf 83' lang='lat' dir='ltr'>rex</span> <span class='ocrx_word' id='word_1_421' title='bbox 3653 3205 3883 3286; x_wconf 70' lang='lat' dir='ltr'>pmnitentia</span> 
     </span>
    </p>
   </div>
   <div class='ocr_carea' id='block_1_65' title="bbox 608 3289 3880 3378">
    <p class='ocr_par' dir='ltr' id='par_1_65' title="bbox 608 3289 3880 3378">
     <span class='ocr_line' id='line_1_65' title="bbox 608 3289 3880 3378; baseline -0.003 -15"><span class='ocrx_word' id='word_1_422' title='bbox 608 3307 688 3364; x_wconf 92' lang='lat' dir='ltr'>ibi</span> <span class='ocrx_word' id='word_1_423' title='bbox 721 3304 1197 3377; x_wconf 89' lang='lat' dir='ltr'>archiepiscopus</span> <span class='ocrx_word' id='word_1_424' title='bbox 1247 3303 1699 3360; x_wconf 85' lang='lat' dir='ltr'>Mediolancnsis</span> <span class='ocrx_word' id='word_1_425' title='bbox 1740 3304 2078 3361; x_wconf 87' lang='lat' dir='ltr'>Heribertus</span> <span class='ocrx_word' id='word_1_426' title='bbox 2127 3325 2260 3362; x_wconf 89' lang='lat' dir='ltr'>cum</span> <span class='ocrx_word' id='word_1_427' title='bbox 2291 3289 2334 3357; x_wconf 77' lang='grc' dir='ltr'>Ο</span> <span class='ocrx_word' id='word_1_428' title='bbox 2370 3308 2587 3370; x_wconf 89' lang='lat' dir='ltr'>motus,</span> <span class='ocrx_word' id='word_1_429' title='bbox 2609 3308 2740 3359; x_wconf 90' lang='lat' dir='ltr'>voto</span> <span class='ocrx_word' id='word_1_430' title='bbox 2785 3320 2846 3360; x_wconf 90' lang='lat' dir='ltr'>se</span> <span class='ocrx_word' id='word_1_431' title='bbox 2877 3303 3154 3376; x_wconf 90' lang='lat' dir='ltr'>obligavit</span> <span class='ocrx_word' id='word_1_432' title='bbox 3203 3323 3308 3377; x_wconf 91' lang='lat' dir='ltr'>pro</span> <span class='ocrx_word' id='word_1_433' title='bbox 3339 3305 3526 3378; x_wconf 90' lang='lat' dir='ltr'>aliquo</span> <span class='ocrx_word' id='word_1_434' title='bbox 3553 3303 3811 3376; x_wconf 80' lang='lat' dir='ltr'>episcopatu</span> <span class='ocrx_word' id='word_1_435' title='bbox 3831 3293 3880 3347; x_wconf 74' lang='lat' dir='ltr'>vel</span> 
     </span>
    </p>
   </div>
   <div class='ocr_carea' id='block_1_66' title="bbox 610 3391 2261 3466">
    <p class='ocr_par' dir='ltr' id='par_1_66' title="bbox 610 3391 2261 3466">
     <span class='ocr_line' id='line_1_66' title="bbox 610 3391 2261 3466; baseline -0.001 -13"><span class='ocrx_word' id='word_1_436' title='bbox 610 3393 832 3453; x_wconf 62' lang='lat' dir='ltr'>caeteris</span> <span class='ocrx_word' id='word_1_437' title='bbox 859 3392 1243 3466; x_wconf 89' lang='lat' dir='ltr'>optimatibus</span> <span class='ocrx_word' id='word_1_438' title='bbox 1268 3391 1482 3448; x_wconf 89' lang='lat' dir='ltr'>Italicis</span> <span class='ocrx_word' id='word_1_439' title='bbox 1506 3391 1622 3464; x_wconf 89' lang='lat' dir='ltr'>regi</span> <span class='ocrx_word' id='word_1_440' title='bbox 1653 3394 2020 3463; x_wconf 88' lang='lat' dir='ltr'>occurrebat;</span> <span class='ocrx_word' id='word_1_441' title='bbox 2049 3401 2104 3450; x_wconf 89' lang='lat' dir='ltr'>et</span> <span class='ocrx_word' id='word_1_442' title='bbox 2132 3396 2261 3452; x_wconf 81' lang='lat' dir='ltr'>effe-</span> 
     </span>
    </p>
   </div>
   <div class='ocr_carea' id='block_1_67' title="bbox 611 3481 2257 3553">
    <p class='ocr_par' dir='ltr' id='par_1_67' title="bbox 611 3481 2257 3553">
     <span class='ocr_line' id='line_1_67' title="bbox 611 3481 2257 3553; baseline 0 -13"><span class='ocrx_word' id='word_1_443' title='bbox 611 3489 740 3540; x_wconf 89' lang='lat' dir='ltr'>ctus</span> <span class='ocrx_word' id='word_1_444' title='bbox 761 3485 849 3539; x_wconf 90' lang='lat' dir='ltr'>est</span> <span class='ocrx_word' id='word_1_445' title='bbox 870 3481 1013 3547; x_wconf 91' lang='lat' dir='ltr'>suis,</span> <span class='ocrx_word' id='word_1_446' title='bbox 1031 3482 1322 3552; x_wconf 85' lang='lat' dir='ltr'>fidemque</span> <span class='ocrx_word' id='word_1_447' title='bbox 1347 3481 1457 3536; x_wconf 90' lang='lat' dir='ltr'>sibi</span> <span class='ocrx_word' id='word_1_448' title='bbox 1480 3481 1614 3536; x_wconf 88' lang='lat' dir='ltr'>fecit</span> <span class='ocrx_word' id='word_1_449' title='bbox 1636 3498 1738 3553; x_wconf 91' lang='lat' dir='ltr'>per</span> <span class='ocrx_word' id='word_1_450' title='bbox 1758 3489 2257 3541; x_wconf 88' lang='lat' dir='ltr'>sacramentorum</span> 
     </span>
    </p>
   </div>
   <div class='ocr_carea' id='block_1_68' title="bbox 611 3569 2257 3641">
    <p class='ocr_par' dir='ltr' id='par_1_68' title="bbox 611 3569 2257 3641">
     <span class='ocr_line' id='line_1_68' title="bbox 611 3569 2257 3641; baseline 0.002 -14"><span class='ocrx_word' id='word_1_451' title='bbox 611 3575 668 3627; x_wconf 91' lang='lat' dir='ltr'>et</span> <span class='ocrx_word' id='word_1_452' title='bbox 687 3570 961 3626; x_wconf 90' lang='lat' dir='ltr'>obsidum</span> <span class='ocrx_word' id='word_1_453' title='bbox 985 3569 1219 3641; x_wconf 89' lang='lat' dir='ltr'>pignus,</span> <span class='ocrx_word' id='word_1_454' title='bbox 1246 3573 1310 3622; x_wconf 91' lang='lat' dir='ltr'>ut</span> <span class='ocrx_word' id='word_1_455' title='bbox 1339 3570 1572 3640; x_wconf 90' lang='lat' dir='ltr'>quando</span> <span class='ocrx_word' id='word_1_456' title='bbox 1594 3571 1811 3626; x_wconf 86' lang='lat' dir='ltr'>veniret</span> <span class='ocrx_word' id='word_1_457' title='bbox 1841 3589 1973 3626; x_wconf 91' lang='lat' dir='ltr'>cum</span> <span class='ocrx_word' id='word_1_458' title='bbox 2003 3573 2257 3630; x_wconf 89' lang='lat' dir='ltr'>exercitu</span> 
     </span>
    </p>
   </div>
   <div class='ocr_carea' id='block_1_69' title="bbox 607 3656 2255 3731">
    <p class='ocr_par' dir='ltr' id='par_1_69' title="bbox 607 3656 2255 3731">
     <span class='ocr_line' id='line_1_69' title="bbox 607 3656 2255 3731; baseline 0.001 -14"><span class='ocrx_word' id='word_1_459' title='bbox 607 3661 680 3718; x_wconf 84' lang='lat' dir='ltr'>ad</span> <span class='ocrx_word' id='word_1_460' title='bbox 706 3657 1140 3729; x_wconf 88' lang='lat' dir='ltr'>subjiciendum</span> <span class='ocrx_word' id='word_1_461' title='bbox 1163 3656 1413 3723; x_wconf 88' lang='lat' dir='ltr'>Italiam,</span> <span class='ocrx_word' id='word_1_462' title='bbox 1429 3657 1552 3730; x_wconf 89' lang='lat' dir='ltr'>ipse</span> <span class='ocrx_word' id='word_1_463' title='bbox 1573 3675 1705 3713; x_wconf 90' lang='lat' dir='ltr'>eum</span> <span class='ocrx_word' id='word_1_464' title='bbox 1732 3659 2028 3731; x_wconf 88' lang='lat' dir='ltr'>reciperet,</span> <span class='ocrx_word' id='word_1_465' title='bbox 2045 3666 2100 3717; x_wconf 89' lang='lat' dir='ltr'>et</span> <span class='ocrx_word' id='word_1_466' title='bbox 2122 3680 2255 3719; x_wconf 89' lang='lat' dir='ltr'>eum</span> 
     </span>
    </p>
   </div>
   <div class='ocr_carea' id='block_1_70' title="bbox 605 3745 2257 3820">
    <p class='ocr_par' dir='ltr' id='par_1_70' title="bbox 605 3745 2257 3820">
     <span class='ocr_line' id='line_1_70' title="bbox 605 3745 2257 3820; baseline 0.002 -15"><span class='ocrx_word' id='word_1_467' title='bbox 605 3747 880 3806; x_wconf 89' lang='lat' dir='ltr'>omnibus</span> <span class='ocrx_word' id='word_1_468' title='bbox 913 3745 1036 3801; x_wconf 90' lang='lat' dir='ltr'>suis</span> <span class='ocrx_word' id='word_1_469' title='bbox 1069 3745 1142 3801; x_wconf 91' lang='lat' dir='ltr'>ad</span> <span class='ocrx_word' id='word_1_470' title='bbox 1173 3745 1478 3801; x_wconf 88' lang='lat' dir='ltr'>dominum</span> <span class='ocrx_word' id='word_1_471' title='bbox 1502 3752 1557 3802; x_wconf 89' lang='lat' dir='ltr'>et</span> <span class='ocrx_word' id='word_1_472' title='bbox 1581 3764 1774 3820; x_wconf 89' lang='lat' dir='ltr'>regem</span> <span class='ocrx_word' id='word_1_473' title='bbox 1800 3748 2029 3820; x_wconf 89' lang='lat' dir='ltr'>publice</span> <span class='ocrx_word' id='word_1_474' title='bbox 2061 3749 2257 3808; x_wconf 89' lang='lat' dir='ltr'>lauda-</span> 
     </span>
    </p>
   </div>
   <div class='ocr_carea' id='block_1_71' title="bbox 601 3835 2253 3913">
    <p class='ocr_par' dir='ltr' id='par_1_71' title="bbox 601 3835 2253 3913">
     <span class='ocr_line' id='line_1_71' title="bbox 601 3835 2253 3913; baseline 0.002 -20"><span class='ocrx_word' id='word_1_475' title='bbox 601 3842 707 3904; x_wconf 83' lang='lat' dir='ltr'>ret,</span> <span class='ocrx_word' id='word_1_476' title='bbox 742 3835 1061 3907; x_wconf 89' lang='lat' dir='ltr'>statimque</span> <span class='ocrx_word' id='word_1_477' title='bbox 1109 3839 1430 3890; x_wconf 88' lang='lat' dir='ltr'>coronaret.</span> <span class='ocrx_word' id='word_1_478' title='bbox 1464 3835 1745 3892; x_wconf 88' lang='lat' dir='ltr'>Similiter</span> <span class='ocrx_word' id='word_1_479' title='bbox 1791 3837 1999 3910; x_wconf 89' lang='lat' dir='ltr'>reliqui</span> <span class='ocrx_word' id='word_1_480' title='bbox 2033 3840 2253 3913; x_wconf 82' lang='lat' dir='ltr'>Longo~</span> 
     </span>
    </p>
   </div>
   <div class='ocr_carea' id='block_1_72' title="bbox 596 3924 2251 3998">
    <p class='ocr_par' dir='ltr' id='par_1_72' title="bbox 596 3924 2251 3998">
     <span class='ocr_line' id='line_1_72' title="bbox 596 3924 2251 3998; baseline 0.002 -16"><span class='ocrx_word' id='word_1_481' title='bbox 596 3926 762 3982; x_wconf 89' lang='lat' dir='ltr'>bardi</span> <span class='ocrx_word' id='word_1_482' title='bbox 797 3925 1051 3980; x_wconf 87' lang='lat' dir='ltr'>fecerant</span> <span class='ocrx_word' id='word_1_483' title='bbox 1093 3928 1330 3997; x_wconf 88' lang='lat' dir='ltr'>propter</span> <span class='ocrx_word' id='word_1_484' title='bbox 1377 3924 1738 3994; x_wconf 90' lang='lat' dir='ltr'>Ticinenses,</span> <span class='ocrx_word' id='word_1_485' title='bbox 1768 3927 1867 3998; x_wconf 91' lang='lat' dir='ltr'>qui</span> <span class='ocrx_word' id='word_1_486' title='bbox 1899 3932 1955 3982; x_wconf 92' lang='lat' dir='ltr'>et</span> <span class='ocrx_word' id='word_1_487' title='bbox 2003 3927 2116 3983; x_wconf 91' lang='lat' dir='ltr'>alio</span> <span class='ocrx_word' id='word_1_488' title='bbox 2150 3947 2251 3986; x_wconf 86' lang='lat' dir='ltr'>no-</span> 
     </span>
    </p>
   </div>
   <div class='ocr_carea' id='block_1_73' title="bbox 593 4014 2254 4088">
    <p class='ocr_par' dir='ltr' id='par_1_73' title="bbox 593 4014 2254 4088">
     <span class='ocr_line' id='line_1_73' title="bbox 593 4014 2254 4088; baseline 0.001 -17"><span class='ocrx_word' id='word_1_489' title='bbox 593 4015 752 4072; x_wconf 90' lang='lat' dir='ltr'>mine</span> <span class='ocrx_word' id='word_1_490' title='bbox 783 4014 1098 4087; x_wconf 85' lang='lat' dir='ltr'>Papienses</span> <span class='ocrx_word' id='word_1_491' title='bbox 1151 4017 1453 4081; x_wconf 86' lang='lat' dir='ltr'>vocantur,</span> <span class='ocrx_word' id='word_1_492' title='bbox 1487 4031 1737 4086; x_wconf 89' lang='lat' dir='ltr'>quorum</span> <span class='ocrx_word' id='word_1_493' title='bbox 1790 4015 1963 4088; x_wconf 86' lang='lat' dir='ltr'>legati</span> <span class='ocrx_word' id='word_1_494' title='bbox 2001 4017 2254 4082; x_wconf 78' lang='lat' dir='ltr'>aderant</span> 
     </span>
    </p>
   </div>
   <div class='ocr_carea' id='block_1_74' title="bbox 588 4101 2249 4179">
    <p class='ocr_par' dir='ltr' id='par_1_74' title="bbox 588 4101 2249 4179">
     <span class='ocr_line' id='line_1_74' title="bbox 588 4101 2249 4179; baseline 0.001 -20"><span class='ocrx_word' id='word_1_495' title='bbox 588 4120 724 4160; x_wconf 89' lang='lat' dir='ltr'>eum</span> <span class='ocrx_word' id='word_1_496' title='bbox 756 4103 1103 4158; x_wconf 88' lang='lat' dir='ltr'>muneribus</span> <span class='ocrx_word' id='word_1_497' title='bbox 1145 4106 1202 4157; x_wconf 90' lang='lat' dir='ltr'>et</span> <span class='ocrx_word' id='word_1_498' title='bbox 1233 4102 1458 4167; x_wconf 90' lang='lat' dir='ltr'>amicis,</span> <span class='ocrx_word' id='word_1_499' title='bbox 1484 4101 1790 4158; x_wconf 81' lang='lat' dir='ltr'>molientes</span> <span class='ocrx_word' id='word_1_500' title='bbox 1822 4109 1886 4158; x_wconf 91' lang='lat' dir='ltr'>ut</span> <span class='ocrx_word' id='word_1_501' title='bbox 1919 4121 2111 4177; x_wconf 83' lang='lat' dir='ltr'>regem</span> <span class='ocrx_word' id='word_1_502' title='bbox 2146 4125 2249 4179; x_wconf 90' lang='lat' dir='ltr'>pro</span> 
     </span>
    </p>
   </div>
   <div class='ocr_carea' id='block_1_75' title="bbox 587 4189 2250 4267">
    <p class='ocr_par' dir='ltr' id='par_1_75' title="bbox 587 4189 2250 4267">
     <span class='ocr_line' id='line_1_75' title="bbox 587 4189 2250 4267; baseline 0.001 -17"><span class='ocrx_word' id='word_1_503' title='bbox 587 4193 906 4250; x_wconf 72' lang='lat' dir='ltr'>offensione</span> <span class='ocrx_word' id='word_1_504' title='bbox 929 4191 1140 4246; x_wconf 89' lang='lat' dir='ltr'>civium</span> <span class='ocrx_word' id='word_1_505' title='bbox 1165 4189 1482 4262; x_wconf 89' lang='lat' dir='ltr'>placarent,</span> <span class='ocrx_word' id='word_1_506' title='bbox 1501 4209 1840 4263; x_wconf 88' lang='lat' dir='ltr'>quanquam</span> <span class='ocrx_word' id='word_1_507' title='bbox 1865 4193 1921 4247; x_wconf 91' lang='lat' dir='ltr'>id</span> <span class='ocrx_word' id='word_1_508' title='bbox 1945 4194 2192 4267; x_wconf 89' lang='lat' dir='ltr'>adispici</span> <span class='ocrx_word' id='word_1_509' title='bbox 2215 4215 2250 4251; x_wconf 91' lang='lat' dir='ltr'>a</span> 
     </span>
    </p>
   </div>
   <div class='ocr_carea' id='block_1_76' title="bbox 587 4278 2248 4356">
    <p class='ocr_par' dir='ltr' id='par_1_76' title="bbox 587 4278 2248 4356">
     <span class='ocr_line' id='line_1_76' title="bbox 587 4278 2248 4356; baseline 0.002 -20"><span class='ocrx_word' id='word_1_510' title='bbox 587 4298 724 4355; x_wconf 87' lang='lat' dir='ltr'>rege</span> <span class='ocrx_word' id='word_1_511' title='bbox 748 4281 920 4353; x_wconf 86' lang='lat' dir='ltr'>juxta</span> <span class='ocrx_word' id='word_1_512' title='bbox 940 4283 1140 4335; x_wconf 90' lang='lat' dir='ltr'>votum</span> <span class='ocrx_word' id='word_1_513' title='bbox 1166 4295 1340 4334; x_wconf 88' lang='lat' dir='ltr'>suum</span> <span class='ocrx_word' id='word_1_514' title='bbox 1366 4278 1527 4334; x_wconf 90' lang='lat' dir='ltr'>nullo</span> <span class='ocrx_word' id='word_1_515' title='bbox 1553 4279 1723 4335; x_wconf 89' lang='lat' dir='ltr'>modo</span> <span class='ocrx_word' id='word_1_516' title='bbox 1744 4279 2017 4336; x_wconf 83' lang='lat' dir='ltr'>valerent.</span> <span class='ocrx_word' id='word_1_517' title='bbox 2042 4282 2103 4337; x_wconf 91' lang='lat' dir='ltr'>In</span> <span class='ocrx_word' id='word_1_518' title='bbox 2132 4300 2248 4356; x_wconf 88' lang='lat' dir='ltr'>qua</span> 
     </span>
    </p>
   </div>
   <div class='ocr_carea' id='block_1_77' title="bbox 586 4367 2243 4430">
    <p class='ocr_par' dir='ltr' id='par_1_77' title="bbox 586 4367 2243 4430">
     <span class='ocr_line' id='line_1_77' title="bbox 586 4367 2243 4430; baseline 0.001 -4"><span class='ocrx_word' id='word_1_519' title='bbox 586 4373 782 4426; x_wconf 88' lang='lat' dir='ltr'>autem</span> <span class='ocrx_word' id='word_1_520' title='bbox 815 4385 876 4423; x_wconf 90' lang='lat' dir='ltr'>re</span> <span class='ocrx_word' id='word_1_521' title='bbox 925 4367 1294 4430; x_wconf 74' lang='lat' dir='ltr'>offenderint,</span> <span class='ocrx_word' id='word_1_522' title='bbox 1347 4367 1596 4423; x_wconf 89' lang='lat' dir='ltr'>breviter</span> <span class='ocrx_word' id='word_1_523' title='bbox 1646 4368 1962 4424; x_wconf 88' lang='lat' dir='ltr'>absolvam.</span> <span class='ocrx_word' id='word_1_524' title='bbox 2003 4370 2140 4426; x_wconf 90' lang='lat' dir='ltr'>Erat</span> <span class='ocrx_word' id='word_1_525' title='bbox 2186 4372 2243 4427; x_wconf 90' lang='lat' dir='ltr'>in</span> 
     </span>
    </p>
   </div>
   <div class='ocr_carea' id='block_1_78' title="bbox 585 4455 2244 4531">
    <p class='ocr_par' dir='ltr' id='par_1_78' title="bbox 585 4455 2244 4531">
     <span class='ocr_line' id='line_1_78' title="bbox 585 4455 2244 4531; baseline 0.001 -18"><span class='ocrx_word' id='word_1_526' title='bbox 585 4458 814 4514; x_wconf 87' lang='lat' dir='ltr'>civitate</span> <span class='ocrx_word' id='word_1_527' title='bbox 838 4457 1108 4529; x_wconf 89' lang='lat' dir='ltr'>Papiensi</span> <span class='ocrx_word' id='word_1_528' title='bbox 1144 4455 1429 4528; x_wconf 88' lang='lat' dir='ltr'>palatium</span> <span class='ocrx_word' id='word_1_529' title='bbox 1461 4473 1495 4512; x_wconf 89' lang='lat' dir='ltr'>a</span> <span class='ocrx_word' id='word_1_530' title='bbox 1517 4456 1872 4512; x_wconf 84' lang='lat' dir='ltr'>Theoderico</span> <span class='ocrx_word' id='word_1_531' title='bbox 1906 4475 2038 4531; x_wconf 87' lang='lat' dir='ltr'>rege</span> <span class='ocrx_word' id='word_1_532' title='bbox 2060 4477 2244 4531; x_wconf 89' lang='lat' dir='ltr'>quon-</span> 
     </span>
    </p>
   </div>
   <div class='ocr_carea' id='block_1_79' title="bbox 585 4545 2242 4620">
    <p class='ocr_par' dir='ltr' id='par_1_79' title="bbox 585 4545 2242 4620">
     <span class='ocr_line' id='line_1_79' title="bbox 585 4545 2242 4620; baseline 0.003 -19"><span class='ocrx_word' id='word_1_533' title='bbox 585 4547 721 4601; x_wconf 91' lang='lat' dir='ltr'>dam</span> <span class='ocrx_word' id='word_1_534' title='bbox 745 4547 894 4602; x_wconf 86' lang='lat' dir='ltr'>miro</span> <span class='ocrx_word' id='word_1_535' title='bbox 918 4562 1090 4617; x_wconf 91' lang='lat' dir='ltr'>opere</span> <span class='ocrx_word' id='word_1_536' title='bbox 1117 4545 1437 4613; x_wconf 89' lang='lat' dir='ltr'>conditum,</span> <span class='ocrx_word' id='word_1_537' title='bbox 1461 4562 1524 4599; x_wconf 85' lang='lat' dir='ltr'>ac</span> <span class='ocrx_word' id='word_1_538' title='bbox 1558 4550 1758 4618; x_wconf 86' lang='lat' dir='ltr'>postea</span> <span class='ocrx_word' id='word_1_539' title='bbox 1790 4547 1861 4601; x_wconf 88' lang='lat' dir='ltr'>ab</span> <span class='ocrx_word' id='word_1_540' title='bbox 1893 4547 2242 4620; x_wconf 88' lang='lat' dir='ltr'>imperatore</span> 
     </span>
    </p>
   </div>
   <div class='ocr_carea' id='block_1_80' title="bbox 2369 3386 3882 3466">
    <p class='ocr_par' dir='ltr' id='par_1_80' title="bbox 2369 3386 3882 3466">
     <span class='ocr_line' id='line_1_80' title="bbox 2369 3386 3882 3466; baseline -0.007 -16"><span class='ocrx_word' id='word_1_541' title='bbox 2369 3393 2604 3450; x_wconf 87' lang='lat' dir='ltr'>abbatia</span> <span class='ocrx_word' id='word_1_542' title='bbox 2634 3390 2857 3448; x_wconf 88' lang='lat' dir='ltr'>nullam</span> <span class='ocrx_word' id='word_1_543' title='bbox 2888 3393 3200 3464; x_wconf 87' lang='lat' dir='ltr'>pecuniam</span> <span class='ocrx_word' id='word_1_544' title='bbox 3233 3393 3486 3466; x_wconf 90' lang='lat' dir='ltr'>amplius</span> <span class='ocrx_word' id='word_1_545' title='bbox 3505 3392 3735 3464; x_wconf 84' lang='lat' dir='ltr'>accipere,</span> <span class='ocrx_word' id='word_1_546' title='bbox 3758 3386 3799 3441; x_wconf 90' lang='lat' dir='ltr'>in</span> <span class='ocrx_word' id='word_1_547' title='bbox 3814 3397 3882 3455; x_wconf 64' lang='lat' dir='ltr'>qna</span> 
     </span>
    </p>
   </div>
   <div class='ocr_carea' id='block_1_81' title="bbox 2366 3475 3881 3554">
    <p class='ocr_par' dir='ltr' id='par_1_81' title="bbox 2366 3475 3881 3554">
     <span class='ocr_line' id='line_1_81' title="bbox 2366 3475 3881 3554; baseline -0.007 -14"><span class='ocrx_word' id='word_1_548' title='bbox 2366 3489 2499 3540; x_wconf 89' lang='lat' dir='ltr'>vota</span> <span class='ocrx_word' id='word_1_549' title='bbox 2529 3499 2674 3554; x_wconf 90' lang='lat' dir='ltr'>pene</span> <span class='ocrx_word' id='word_1_550' title='bbox 2701 3481 2846 3538; x_wconf 91' lang='lat' dir='ltr'>bene</span> <span class='ocrx_word' id='word_1_551' title='bbox 2876 3481 3229 3553; x_wconf 89' lang='lat' dir='ltr'>permansit;</span> <span class='ocrx_word' id='word_1_552' title='bbox 3267 3484 3369 3540; x_wconf 91' lang='lat' dir='ltr'>sed</span> <span class='ocrx_word' id='word_1_553' title='bbox 3419 3482 3564 3537; x_wconf 86' lang='lat' dir='ltr'>filius</span> <span class='ocrx_word' id='word_1_554' title='bbox 3599 3482 3701 3551; x_wconf 87' lang='lat' dir='ltr'>ejus</span> <span class='ocrx_word' id='word_1_555' title='bbox 3736 3475 3881 3531; x_wconf 71' lang='lat' dir='ltr'>textius.</span> 
     </span>
    </p>
   </div>
   <div class='ocr_carea' id='block_1_82' title="bbox 2368 3565 3880 3645">
    <p class='ocr_par' dir='ltr' id='par_1_82' title="bbox 2368 3565 3880 3645">
     <span class='ocr_line' id='line_1_82' title="bbox 2368 3565 3880 3645; baseline -0.005 -17"><span class='ocrx_word' id='word_1_556' title='bbox 2368 3569 2810 3642; x_wconf 84' lang='lat' dir='ltr'>Heinricus,qui</span> <span class='ocrx_word' id='word_1_557' title='bbox 2852 3574 3053 3642; x_wconf 88' lang='lat' dir='ltr'>postea</span> <span class='ocrx_word' id='word_1_558' title='bbox 3084 3588 3186 3627; x_wconf 89' lang='lat' dir='ltr'>rex</span> <span class='ocrx_word' id='word_1_559' title='bbox 3215 3577 3271 3628; x_wconf 91' lang='lat' dir='ltr'>et</span> <span class='ocrx_word' id='word_1_560' title='bbox 3295 3575 3578 3645; x_wconf 85' lang='lat' dir='ltr'>Augustus</span> <span class='ocrx_word' id='word_1_561' title='bbox 3619 3569 3795 3625; x_wconf 76' lang='lat' dir='ltr'>effectus</span> <span class='ocrx_word' id='word_1_562' title='bbox 3815 3565 3880 3621; x_wconf 63' lang='grc' dir='ltr'>εει,</span> 
     </span>
    </p>
   </div>
   <div class='ocr_carea' id='block_1_83' title="bbox 2366 3648 3878 3734">
    <p class='ocr_par' dir='ltr' id='par_1_83' title="bbox 2366 3648 3878 3734">
     <span class='ocr_line' id='line_1_83' title="bbox 2366 3648 3878 3734; baseline -0.013 -17"><span class='ocrx_word' id='word_1_563' title='bbox 2366 3662 2585 3734; x_wconf 85' lang='lat' dir='ltr'>Optime</span> <span class='ocrx_word' id='word_1_564' title='bbox 2615 3666 2670 3715; x_wconf 92' lang='lat' dir='ltr'>et</span> <span class='ocrx_word' id='word_1_565' title='bbox 2713 3658 2839 3716; x_wconf 89' lang='lat' dir='ltr'>sine</span> <span class='ocrx_word' id='word_1_566' title='bbox 2866 3659 3144 3732; x_wconf 91' lang='lat' dir='ltr'>scrupulo</span> <span class='ocrx_word' id='word_1_567' title='bbox 3195 3661 3449 3734; x_wconf 90' lang='lat' dir='ltr'>patrium</span> <span class='ocrx_word' id='word_1_568' title='bbox 3479 3666 3651 3717; x_wconf 87' lang='lat' dir='ltr'>votum</span> <span class='ocrx_word' id='word_1_569' title='bbox 3693 3648 3878 3725; x_wconf 77' lang='lat' dir='ltr'>expiavit;</span> 
     </span>
    </p>
   </div>
   <div class='ocr_carea' id='block_1_84' title="bbox 2366 3737 3876 3823">
    <p class='ocr_par' dir='ltr' id='par_1_84' title="bbox 2366 3737 3876 3823">
     <span class='ocr_line' id='line_1_84' title="bbox 2366 3737 3876 3823; baseline -0.013 -18"><span class='ocrx_word' id='word_1_570' title='bbox 2366 3750 2505 3823; x_wconf 90' lang='lat' dir='ltr'>quia</span> <span class='ocrx_word' id='word_1_571' title='bbox 2536 3750 2592 3804; x_wconf 92' lang='lat' dir='ltr'>in</span> <span class='ocrx_word' id='word_1_572' title='bbox 2627 3749 2784 3804; x_wconf 90' lang='lat' dir='ltr'>omni</span> <span class='ocrx_word' id='word_1_573' title='bbox 2833 3749 2951 3803; x_wconf 86' lang='lat' dir='ltr'>vita</span> <span class='ocrx_word' id='word_1_574' title='bbox 2998 3765 3108 3804; x_wconf 89' lang='lat' dir='ltr'>sua</span> <span class='ocrx_word' id='word_1_575' title='bbox 3155 3767 3262 3822; x_wconf 85' lang='lat' dir='ltr'>pro</span> <span class='ocrx_word' id='word_1_576' title='bbox 3311 3749 3571 3807; x_wconf 91' lang='lat' dir='ltr'>omnibus</span> <span class='ocrx_word' id='word_1_577' title='bbox 3611 3737 3876 3817; x_wconf 76' lang='lat' dir='ltr'>dignitatibus</span> 
     </span>
    </p>
   </div>
   <div class='ocr_carea' id='block_1_85' title="bbox 2364 3827 3874 3911">
    <p class='ocr_par' dir='ltr' id='par_1_85' title="bbox 2364 3827 3874 3911">
     <span class='ocr_line' id='line_1_85' title="bbox 2364 3827 3874 3911; baseline -0.011 -15"><span class='ocrx_word' id='word_1_578' title='bbox 2364 3837 2774 3896; x_wconf 88' lang='lat' dir='ltr'>ecclesiasticis</span> <span class='ocrx_word' id='word_1_579' title='bbox 2796 3837 2972 3893; x_wconf 89' lang='lat' dir='ltr'>unius</span> <span class='ocrx_word' id='word_1_580' title='bbox 2992 3837 3144 3892; x_wconf 91' lang='lat' dir='ltr'>oboli</span> <span class='ocrx_word' id='word_1_581' title='bbox 3174 3840 3426 3911; x_wconf 89' lang='lat' dir='ltr'>pretium</span> <span class='ocrx_word' id='word_1_582' title='bbox 3450 3855 3554 3894; x_wconf 92' lang='lat' dir='ltr'>non</span> <span class='ocrx_word' id='word_1_583' title='bbox 3579 3835 3746 3890; x_wconf 86' lang='lat' dir='ltr'>dicitur</span> <span class='ocrx_word' id='word_1_584' title='bbox 3758 3827 3874 3911; x_wconf 39' lang='lat' dir='ltr'>adhue</span> 
     </span>
    </p>
   </div>
   <div class='ocr_carea' id='block_1_86' title="bbox 2363 3909 3872 3999">
    <p class='ocr_par' dir='ltr' id='par_1_86' title="bbox 2363 3909 3872 3999">
     <span class='ocr_line' id='line_1_86' title="bbox 2363 3909 3872 3999; baseline -0.011 -14"><span class='ocrx_word' id='word_1_585' title='bbox 2363 3927 2677 3999; x_wconf 89' lang='lat' dir='ltr'>accepisse.</span> <span class='ocrx_word' id='word_1_586' title='bbox 2714 3926 2832 3980; x_wconf 85' lang='lat' dir='ltr'>Rex</span> <span class='ocrx_word' id='word_1_587' title='bbox 2878 3943 3012 3981; x_wconf 90' lang='lat' dir='ltr'>vero</span> <span class='ocrx_word' id='word_1_588' title='bbox 3061 3909 3448 3984; x_wconf 83' lang='lat' dir='ltr'>Chuonradus</span> <span class='ocrx_word' id='word_1_589' title='bbox 3492 3920 3728 3995; x_wconf 88' lang='lat' dir='ltr'>colloquio</span> <span class='ocrx_word' id='word_1_590' title='bbox 3762 3909 3872 3984; x_wconf 68' lang='lat' dir='ltr'>regali</span> 
     </span>
    </p>
   </div>
   <div class='ocr_carea' id='block_1_87' title="bbox 2361 4002 3873 4092">
    <p class='ocr_par' dir='ltr' id='par_1_87' title="bbox 2361 4002 3873 4092">
     <span class='ocr_line' id='line_1_87' title="bbox 2361 4002 3873 4092; baseline -0.015 -17"><span class='ocrx_word' id='word_1_591' title='bbox 2361 4018 2558 4075; x_wconf 87' lang='lat' dir='ltr'>habito</span> <span class='ocrx_word' id='word_1_592' title='bbox 2591 4015 2848 4082; x_wconf 72' lang='lat' dir='ltr'>Basilem,</span> <span class='ocrx_word' id='word_1_593' title='bbox 2873 4020 2931 4072; x_wconf 89' lang='lat' dir='ltr'>et</span> <span class='ocrx_word' id='word_1_594' title='bbox 2959 4016 3232 4072; x_wconf 89' lang='lat' dir='ltr'>terminis</span> <span class='ocrx_word' id='word_1_595' title='bbox 3264 4015 3590 4092; x_wconf 69' lang='lat' dir='ltr'>Burgundim</span> <span class='ocrx_word' id='word_1_596' title='bbox 3614 4011 3729 4066; x_wconf 84' lang='lat' dir='ltr'>ultra</span> <span class='ocrx_word' id='word_1_597' title='bbox 3751 4002 3873 4058; x_wconf 83' lang='lat' dir='ltr'>volun-</span> 
     </span>
    </p>
   </div>
   <div class='ocr_carea' id='block_1_88' title="bbox 2359 4095 3872 4179">
    <p class='ocr_par' dir='ltr' id='par_1_88' title="bbox 2359 4095 3872 4179">
     <span class='ocr_line' id='line_1_88' title="bbox 2359 4095 3872 4179; baseline -0.013 -17"><span class='ocrx_word' id='word_1_598' title='bbox 2359 4112 2537 4162; x_wconf 88' lang='lat' dir='ltr'>tatem</span> <span class='ocrx_word' id='word_1_599' title='bbox 2558 4104 2848 4176; x_wconf 90' lang='lat' dir='ltr'>Rudolpbi</span> <span class='ocrx_word' id='word_1_600' title='bbox 2870 4105 3134 4176; x_wconf 88' lang='lat' dir='ltr'>ejusdem</span> <span class='ocrx_word' id='word_1_601' title='bbox 3156 4104 3499 4179; x_wconf 76' lang='lat' dir='ltr'>Burgundia:</span> <span class='ocrx_word' id='word_1_602' title='bbox 3520 4100 3649 4174; x_wconf 83' lang='lat' dir='ltr'>regis</span> <span class='ocrx_word' id='word_1_603' title='bbox 3664 4095 3872 4164; x_wconf 66' lang='lat' dir='ltr'>diligenter</span> 
     </span>
    </p>
   </div>
   <div class='ocr_carea' id='block_1_89' title="bbox 2359 4185 3927 4269">
    <p class='ocr_par' dir='ltr' id='par_1_89' title="bbox 2359 4185 3927 4269">
     <span class='ocr_line' id='line_1_89' title="bbox 2359 4185 3927 4269; baseline -0.008 -19"><span class='ocrx_word' id='word_1_604' title='bbox 2359 4194 2798 4269; x_wconf 60' lang='lat' dir='ltr'>praeoccupatis,</span> <span class='ocrx_word' id='word_1_605' title='bbox 2823 4211 2925 4265; x_wconf 90' lang='lat' dir='ltr'>per</span> <span class='ocrx_word' id='word_1_606' title='bbox 2978 4193 3247 4249; x_wconf 84' lang='lat' dir='ltr'>Rhenum</span> <span class='ocrx_word' id='word_1_607' title='bbox 3303 4211 3481 4267; x_wconf 90' lang='lat' dir='ltr'>usque</span> <span class='ocrx_word' id='word_1_608' title='bbox 3520 4185 3769 4252; x_wconf 77' lang='lat' dir='ltr'>Saxoniam</span> <span class='ocrx_word' id='word_1_609' title='bbox 3789 4192 3869 4269; x_wconf 68' lang='lat' dir='ltr'>pel&quot;</span> <span class='ocrx_word' id='word_1_610' title='bbox 3926 4243 3927 4251; x_wconf 13' lang='grc' dir='ltr'>χ</span> 
     </span>
    </p>
   </div>
   <div class='ocr_carea' id='block_1_90' title="bbox 2355 4266 3925 4356">
    <p class='ocr_par' dir='ltr' id='par_1_90' title="bbox 2355 4266 3925 4356">
     <span class='ocr_line' id='line_1_90' title="bbox 2355 4266 3925 4356; baseline -0.016 -17"><span class='ocrx_word' id='word_1_611' title='bbox 2355 4266 2531 4340; x_wconf 78' lang='lat' dir='ltr'>venit.</span> <span class='ocrx_word' id='word_1_612' title='bbox 2559 4285 2745 4349; x_wconf 89' lang='lat' dir='ltr'>Quare</span> <span class='ocrx_word' id='word_1_613' title='bbox 2766 4285 2958 4336; x_wconf 89' lang='lat' dir='ltr'>autem</span> <span class='ocrx_word' id='word_1_614' title='bbox 2987 4281 3280 4354; x_wconf 85' lang='lat' dir='ltr'>Rudolpbi</span> <span class='ocrx_word' id='word_1_615' title='bbox 3315 4266 3460 4356; x_wconf 79' lang='lat' dir='ltr'>regis</span> <span class='ocrx_word' id='word_1_616' title='bbox 3482 4272 3774 4356; x_wconf 82' lang='lat' dir='ltr'>meminerim</span> <span class='ocrx_word' id='word_1_617' title='bbox 3795 4266 3867 4319; x_wconf 53' lang='lat' dir='ltr'>bra</span> <span class='ocrx_word' id='word_1_618' title='bbox 3924 4337 3925 4356; x_wconf 15' lang='grc' dir='ltr'>ξ</span> 
     </span>
    </p>
   </div>
   <div class='ocr_carea' id='block_1_91' title="bbox 2356 4355 3867 4447">
    <p class='ocr_par' dir='ltr' id='par_1_91' title="bbox 2356 4355 3867 4447">
     <span class='ocr_line' id='line_1_91' title="bbox 2356 4355 3867 4447; baseline -0.011 -20"><span class='ocrx_word' id='word_1_619' title='bbox 2356 4371 2845 4428; x_wconf 89' lang='lat' dir='ltr'>viterdicam.lste</span> <span class='ocrx_word' id='word_1_620' title='bbox 2860 4369 3208 4442; x_wconf 87' lang='lat' dir='ltr'>Rudolphus</span> <span class='ocrx_word' id='word_1_621' title='bbox 3225 4387 3325 4425; x_wconf 85' lang='lat' dir='ltr'>rex</span> <span class='ocrx_word' id='word_1_622' title='bbox 3338 4355 3802 4442; x_wconf 69' lang='lat' dir='ltr'>Burgundisecumin</span> <span class='ocrx_word' id='word_1_623' title='bbox 3813 4366 3867 4447; x_wconf 59' lang='grc' dir='ltr'>ξε·</span> 
     </span>
    </p>
   </div>
   <div class='ocr_carea' id='block_1_92' title="bbox 2354 4451 3867 4532">
    <p class='ocr_par' dir='ltr' id='par_1_92' title="bbox 2354 4451 3867 4532">
     <span class='ocr_line' id='line_1_92' title="bbox 2354 4451 3867 4532; baseline -0.007 -15"><span class='ocrx_word' id='word_1_624' title='bbox 2354 4465 2586 4517; x_wconf 90' lang='lat' dir='ltr'>nectute</span> <span class='ocrx_word' id='word_1_625' title='bbox 2608 4477 2716 4516; x_wconf 88' lang='lat' dir='ltr'>sua</span> <span class='ocrx_word' id='word_1_626' title='bbox 2732 4475 2973 4532; x_wconf 90' lang='lat' dir='ltr'>regnum</span> <span class='ocrx_word' id='word_1_627' title='bbox 3001 4458 3259 4516; x_wconf 90' lang='lat' dir='ltr'>molliter</span> <span class='ocrx_word' id='word_1_628' title='bbox 3275 4451 3804 4521; x_wconf 74' lang='lat' dir='ltr'>traetaret,maximm</span> <span class='ocrx_word' id='word_1_629' title='bbox 3818 4455 3867 4494; x_wconf 72' lang='grc' dir='ltr'>ιο·</span> 
     </span>
    </p>
   </div>
   <div class='ocr_carea' id='block_1_93' title="bbox 2351 4543 3865 4622">
    <p class='ocr_par' dir='ltr' id='par_1_93' title="bbox 2351 4543 3865 4622">
     <span class='ocr_line' id='line_1_93' title="bbox 2351 4543 3865 4622; baseline -0.015 -18"><span class='ocrx_word' id='word_1_630' title='bbox 2351 4551 2567 4604; x_wconf 88' lang='lat' dir='ltr'>vidiam</span> <span class='ocrx_word' id='word_1_631' title='bbox 2590 4549 2744 4620; x_wconf 87' lang='lat' dir='ltr'>apud</span> <span class='ocrx_word' id='word_1_632' title='bbox 2778 4549 3068 4621; x_wconf 77' lang='lat' dir='ltr'>principes</span> <span class='ocrx_word' id='word_1_633' title='bbox 3099 4548 3262 4622; x_wconf 87' lang='lat' dir='ltr'>regni</span> <span class='ocrx_word' id='word_1_634' title='bbox 3287 4548 3376 4604; x_wconf 88' lang='lat' dir='ltr'>sui</span> <span class='ocrx_word' id='word_1_635' title='bbox 3404 4543 3865 4620; x_wconf 75' lang='lat' dir='ltr'>eomparans,secun-</span> 
     </span>
    </p>
   </div>
   <div class='ocr_carea' id='block_1_94' title="bbox 583 4613 3863 4722">
    <p class='ocr_par' dir='ltr' id='par_1_94' title="bbox 583 4613 3863 4722">
     <span class='ocr_line' id='line_1_94' title="bbox 583 4613 3863 4722; baseline -0.006 -31"><span class='ocrx_word' id='word_1_636' title='bbox 583 4634 794 4691; x_wconf 91' lang='lat' dir='ltr'>Ottone</span> <span class='ocrx_word' id='word_1_637' title='bbox 815 4634 984 4689; x_wconf 89' lang='lat' dir='ltr'>tertio</span> <span class='ocrx_word' id='word_1_638' title='bbox 1010 4634 1188 4689; x_wconf 90' lang='lat' dir='ltr'>nimis</span> <span class='ocrx_word' id='word_1_639' title='bbox 1213 4635 1581 4689; x_wconf 86' lang='lat' dir='ltr'>adornatum.</span> <span class='ocrx_word' id='word_1_640' title='bbox 1599 4635 1838 4706; x_wconf 88' lang='lat' dir='ltr'>Cognito</span> <span class='ocrx_word' id='word_1_641' title='bbox 1867 4640 2059 4691; x_wconf 87' lang='lat' dir='ltr'>autem</span> <span class='ocrx_word' id='word_1_642' title='bbox 2080 4639 2240 4694; x_wconf 89' lang='lat' dir='ltr'>obitu</span> <span class='ocrx_word' id='word_1_643' title='bbox 2277 4659 2319 4722; x_wconf 72' lang='grc' dir='ltr'>ο</span> <span class='ocrx_word' id='word_1_644' title='bbox 2351 4638 2490 4693; x_wconf 91' lang='lat' dir='ltr'>dum</span> <span class='ocrx_word' id='word_1_645' title='bbox 2516 4637 2847 4693; x_wconf 85' lang='lat' dir='ltr'>Heinricum</span> <span class='ocrx_word' id='word_1_646' title='bbox 2878 4613 3314 4708; x_wconf 69' lang='lat' dir='ltr'>imperatorem,</span> <span class='ocrx_word' id='word_1_647' title='bbox 3338 4635 3515 4691; x_wconf 78' lang='lat' dir='ltr'>filium</span> <span class='ocrx_word' id='word_1_648' title='bbox 3542 4626 3810 4687; x_wconf 70' lang='lat' dir='ltr'>serorissur</span> <span class='ocrx_word' id='word_1_649' title='bbox 3831 4613 3863 4664; x_wconf 77' lang='lat' dir='ltr'>in</span> 
     </span>
    </p>
   </div>
   <div class='ocr_carea' id='block_1_95' title="bbox 579 4721 2237 4800">
    <p class='ocr_par' dir='ltr' id='par_1_95' title="bbox 579 4721 2237 4800">
     <span class='ocr_line' id='line_1_95' title="bbox 579 4721 2237 4800; baseline 0.002 -22"><span class='ocrx_word' id='word_1_650' title='bbox 579 4722 954 4796; x_wconf 86' lang='lat' dir='ltr'>imperatoris</span> <span class='ocrx_word' id='word_1_651' title='bbox 987 4721 1239 4778; x_wconf 86' lang='lat' dir='ltr'>Heinriei</span> <span class='ocrx_word' id='word_1_652' title='bbox 1281 4723 1666 4778; x_wconf 88' lang='lat' dir='ltr'>antecesseris</span> <span class='ocrx_word' id='word_1_653' title='bbox 1697 4723 2026 4780; x_wconf 86' lang='lat' dir='ltr'>Chuonradi</span> <span class='ocrx_word' id='word_1_654' title='bbox 2064 4727 2237 4800; x_wconf 88' lang='lat' dir='ltr'>regis,</span> 
     </span>
    </p>
   </div>
   <div class='ocr_carea' id='block_1_96' title="bbox 577 4810 2244 4882">
    <p class='ocr_par' dir='ltr' id='par_1_96' title="bbox 577 4810 2244 4882">
     <span class='ocr_line' id='line_1_96' title="bbox 577 4810 2244 4882; baseline 0.002 -14"><span class='ocrx_word' id='word_1_655' title='bbox 577 4817 642 4868; x_wconf 91' lang='lat' dir='ltr'>ut</span> <span class='ocrx_word' id='word_1_656' title='bbox 673 4830 801 4868; x_wconf 88' lang='lat' dir='ltr'>mos</span> <span class='ocrx_word' id='word_1_657' title='bbox 835 4816 924 4868; x_wconf 90' lang='lat' dir='ltr'>est</span> <span class='ocrx_word' id='word_1_658' title='bbox 953 4810 1263 4866; x_wconf 88' lang='lat' dir='ltr'>hominum</span> <span class='ocrx_word' id='word_1_659' title='bbox 1299 4828 1531 4882; x_wconf 85' lang='lat' dir='ltr'>semper</span> <span class='ocrx_word' id='word_1_660' title='bbox 1561 4811 1618 4866; x_wconf 91' lang='lat' dir='ltr'>in</span> <span class='ocrx_word' id='word_1_661' title='bbox 1645 4812 1811 4868; x_wconf 90' lang='lat' dir='ltr'>novis</span> <span class='ocrx_word' id='word_1_662' title='bbox 1834 4814 2010 4869; x_wconf 88' lang='lat' dir='ltr'>rebus</span> <span class='ocrx_word' id='word_1_663' title='bbox 2038 4815 2244 4872; x_wconf 86' lang='lat' dir='ltr'>intem-</span> 
     </span>
    </p>
   </div>
   <div class='ocr_carea' id='block_1_97' title="bbox 577 4900 2237 4975">
    <p class='ocr_par' dir='ltr' id='par_1_97' title="bbox 577 4900 2237 4975">
     <span class='ocr_line' id='line_1_97' title="bbox 577 4900 2237 4975; baseline 0.002 -18"><span class='ocrx_word' id='word_1_664' title='bbox 577 4907 848 4975; x_wconf 84' lang='lat' dir='ltr'>peranter</span> <span class='ocrx_word' id='word_1_665' title='bbox 880 4919 941 4958; x_wconf 88' lang='lat' dir='ltr'>se</span> <span class='ocrx_word' id='word_1_666' title='bbox 973 4901 1206 4968; x_wconf 89' lang='lat' dir='ltr'>habere,</span> <span class='ocrx_word' id='word_1_667' title='bbox 1235 4900 1432 4956; x_wconf 80' lang='lat' dir='ltr'>statim</span> <span class='ocrx_word' id='word_1_668' title='bbox 1463 4901 1773 4972; x_wconf 77' lang='lat' dir='ltr'>I’apienses</span> <span class='ocrx_word' id='word_1_669' title='bbox 1805 4901 2134 4959; x_wconf 85' lang='lat' dir='ltr'>inconsulto</span> <span class='ocrx_word' id='word_1_670' title='bbox 2168 4905 2237 4960; x_wconf 87' lang='lat' dir='ltr'>ad</span> 
     </span>
    </p>
   </div>
   <div class='ocr_carea' id='block_1_98' title="bbox 573 4990 1393 5048">
    <p class='ocr_par' dir='ltr' id='par_1_98' title="bbox 573 4990 1393 5048">
     <span class='ocr_line' id='line_1_98' title="bbox 573 4990 1393 5048; baseline 0 -3"><span class='ocrx_word' id='word_1_671' title='bbox 573 4990 869 5048; x_wconf 87' lang='lat' dir='ltr'>imbellem</span> <span class='ocrx_word' id='word_1_672' title='bbox 905 4990 1100 5048; x_wconf 90' lang='lat' dir='ltr'>aulam</span> <span class='ocrx_word' id='word_1_673' title='bbox 1136 4993 1393 5045; x_wconf 89' lang='lat' dir='ltr'>ruentes.</span> 
     </span>
    </p>
   </div>
   <div class='ocr_carea' id='block_1_99' title="bbox 641 5079 1936 5154">
    <p class='ocr_par' dir='ltr' id='par_1_99' title="bbox 641 5079 1936 5154">
     <span class='ocr_line' id='line_1_99' title="bbox 641 5079 1936 5154; baseline 0 -20"><span class='ocrx_word' id='word_1_674' title='bbox 641 5081 900 5137; x_wconf 88' lang='lat' dir='ltr'>Ausibus</span> <span class='ocrx_word' id='word_1_675' title='bbox 933 5080 1156 5135; x_wconf 81' lang='lat' dir='ltr'>illicitis</span> <span class='ocrx_word' id='word_1_676' title='bbox 1187 5081 1483 5151; x_wconf 84' lang='lat' dir='ltr'>fregerunt</span> <span class='ocrx_word' id='word_1_677' title='bbox 1515 5079 1730 5134; x_wconf 78' lang='lat' dir='ltr'>moenia</span> <span class='ocrx_word' id='word_1_678' title='bbox 1761 5080 1936 5154; x_wconf 89' lang='lat' dir='ltr'>regis.</span> 
     </span>
    </p>
   </div>
   <div class='ocr_carea' id='block_1_100' title="bbox 574 5168 2230 5241">
    <p class='ocr_par' dir='ltr' id='par_1_100' title="bbox 574 5168 2230 5241">
     <span class='ocr_line' id='line_1_100' title="bbox 574 5168 2230 5241; baseline 0.004 -21"><span class='ocrx_word' id='word_1_679' title='bbox 574 5170 879 5239; x_wconf 90' lang='lat' dir='ltr'>totumque</span> <span class='ocrx_word' id='word_1_680' title='bbox 913 5168 1194 5241; x_wconf 86' lang='lat' dir='ltr'>palatium</span> <span class='ocrx_word' id='word_1_681' title='bbox 1231 5185 1418 5239; x_wconf 80' lang='lat' dir='ltr'>usque</span> <span class='ocrx_word' id='word_1_682' title='bbox 1443 5169 1513 5222; x_wconf 89' lang='lat' dir='ltr'>ad</span> <span class='ocrx_word' id='word_1_683' title='bbox 1538 5168 1721 5222; x_wconf 89' lang='lat' dir='ltr'>imum</span> <span class='ocrx_word' id='word_1_684' title='bbox 1748 5169 2119 5226; x_wconf 86' lang='lat' dir='ltr'>fundamenti</span> <span class='ocrx_word' id='word_1_685' title='bbox 2146 5171 2230 5227; x_wconf 82' lang='lat' dir='ltr'>1a-</span> 
     </span>
    </p>
   </div>
   <div class='ocr_carea' id='block_1_101' title="bbox 572 5254 2230 5330">
    <p class='ocr_par' dir='ltr' id='par_1_101' title="bbox 572 5254 2230 5330">
     <span class='ocr_line' id='line_1_101' title="bbox 572 5254 2230 5330; baseline 0.007 -24"><span class='ocrx_word' id='word_1_686' title='bbox 572 5254 767 5325; x_wconf 88' lang='lat' dir='ltr'>pidem</span> <span class='ocrx_word' id='word_1_687' title='bbox 797 5258 1098 5328; x_wconf 85' lang='lat' dir='ltr'>eruebant,</span> <span class='ocrx_word' id='word_1_688' title='bbox 1119 5273 1190 5312; x_wconf 89' lang='lat' dir='ltr'>ne</span> <span class='ocrx_word' id='word_1_689' title='bbox 1223 5258 1540 5330; x_wconf 86' lang='lat' dir='ltr'>quisquam</span> <span class='ocrx_word' id='word_1_690' title='bbox 1573 5273 1774 5328; x_wconf 83' lang='lat' dir='ltr'>regum</span> <span class='ocrx_word' id='word_1_691' title='bbox 1809 5257 2055 5315; x_wconf 82' lang='lat' dir='ltr'>ulterius</span> <span class='ocrx_word' id='word_1_692' title='bbox 2079 5260 2230 5317; x_wconf 90' lang='lat' dir='ltr'>infra</span> 
     </span>
    </p>
   </div>
   <div class='ocr_carea' id='block_1_102' title="bbox 570 5341 2226 5421">
    <p class='ocr_par' dir='ltr' id='par_1_102' title="bbox 570 5341 2226 5421">
     <span class='ocr_line' id='line_1_102' title="bbox 570 5341 2226 5421; baseline 0.004 -25"><span class='ocrx_word' id='word_1_693' title='bbox 570 5341 860 5399; x_wconf 87' lang='lat' dir='ltr'>civitatem</span> <span class='ocrx_word' id='word_1_694' title='bbox 885 5344 1043 5400; x_wconf 90' lang='lat' dir='ltr'>illam</span> <span class='ocrx_word' id='word_1_695' title='bbox 1068 5347 1349 5417; x_wconf 86' lang='lat' dir='ltr'>palatium</span> <span class='ocrx_word' id='word_1_696' title='bbox 1371 5363 1583 5417; x_wconf 86' lang='lat' dir='ltr'>ponere</span> <span class='ocrx_word' id='word_1_697' title='bbox 1602 5344 1968 5402; x_wconf 86' lang='lat' dir='ltr'>decrevisset.</span> <span class='ocrx_word' id='word_1_698' title='bbox 1991 5348 2068 5403; x_wconf 87' lang='lat' dir='ltr'>Ex</span> <span class='ocrx_word' id='word_1_699' title='bbox 2090 5366 2226 5421; x_wconf 91' lang='lat' dir='ltr'>qua.</span> 
     </span>
    </p>
   </div>
   <div class='ocr_carea' id='block_1_103' title="bbox 568 5431 2220 5507">
    <p class='ocr_par' dir='ltr' id='par_1_103' title="bbox 568 5431 2220 5507">
     <span class='ocr_line' id='line_1_103' title="bbox 568 5431 2220 5507; baseline 0.004 -19"><span class='ocrx_word' id='word_1_700' title='bbox 568 5431 813 5488; x_wconf 84' lang='lat' dir='ltr'>audacia</span> <span class='ocrx_word' id='word_1_701' title='bbox 834 5433 934 5487; x_wconf 91' lang='lat' dir='ltr'>diu</span> <span class='ocrx_word' id='word_1_702' title='bbox 958 5450 1171 5503; x_wconf 85' lang='lat' dir='ltr'>magna</span> <span class='ocrx_word' id='word_1_703' title='bbox 1195 5434 1586 5490; x_wconf 90' lang='lat' dir='ltr'>controversia</span> <span class='ocrx_word' id='word_1_704' title='bbox 1621 5435 1770 5490; x_wconf 87' lang='lat' dir='ltr'>inter</span> <span class='ocrx_word' id='word_1_705' title='bbox 1801 5451 1992 5507; x_wconf 86' lang='lat' dir='ltr'>regem</span> <span class='ocrx_word' id='word_1_706' title='bbox 2027 5441 2083 5492; x_wconf 90' lang='lat' dir='ltr'>et</span> <span class='ocrx_word' id='word_1_707' title='bbox 2116 5439 2220 5494; x_wconf 89' lang='lat' dir='ltr'>Pa-</span> 
     </span>
    </p>
   </div>
   <div class='ocr_carea' id='block_1_104' title="bbox 567 5519 2223 5596">
    <p class='ocr_par' dir='ltr' id='par_1_104' title="bbox 567 5519 2223 5596">
     <span class='ocr_line' id='line_1_104' title="bbox 567 5519 2223 5596; baseline 0.005 -20"><span class='ocrx_word' id='word_1_708' title='bbox 567 5519 802 5594; x_wconf 86' lang='lat' dir='ltr'>pienses</span> <span class='ocrx_word' id='word_1_709' title='bbox 821 5521 1023 5576; x_wconf 89' lang='lat' dir='ltr'>habita</span> <span class='ocrx_word' id='word_1_710' title='bbox 1043 5526 1149 5577; x_wconf 90' lang='lat' dir='ltr'>est.</span> <span class='ocrx_word' id='word_1_711' title='bbox 1175 5523 1454 5578; x_wconf 88' lang='lat' dir='ltr'>Dicebant</span> <span class='ocrx_word' id='word_1_712' title='bbox 1473 5525 1785 5596; x_wconf 83' lang='lat' dir='ltr'>Papienses</span> <span class='ocrx_word' id='word_1_713' title='bbox 1808 5541 1818 5577; x_wconf 95' lang='lat'>:</span> <span class='ocrx_word' id='word_1_714' title='bbox 1845 5525 2025 5588; x_wconf 86' lang='lat' dir='ltr'>Quem</span> <span class='ocrx_word' id='word_1_715' title='bbox 2047 5527 2223 5583; x_wconf 82' lang='lat' dir='ltr'>offen-</span> 
     </span>
    </p>
   </div>
   <div class='ocr_carea' id='block_1_105' title="bbox 567 5609 2216 5688">
    <p class='ocr_par' dir='ltr' id='par_1_105' title="bbox 567 5609 2216 5688">
     <span class='ocr_line' id='line_1_105' title="bbox 567 5609 2216 5688; baseline 0.004 -22"><span class='ocrx_word' id='word_1_716' title='bbox 567 5610 795 5666; x_wconf 84' lang='lat' dir='ltr'>dimus?</span> <span class='ocrx_word' id='word_1_717' title='bbox 813 5609 1148 5682; x_wconf 90' lang='lat' dir='ltr'>imperatori</span> <span class='ocrx_word' id='word_1_718' title='bbox 1168 5615 1366 5668; x_wconf 86' lang='lat' dir='ltr'>nostro</span> <span class='ocrx_word' id='word_1_719' title='bbox 1380 5612 1553 5667; x_wconf 82' lang='lat' dir='ltr'>fidem</span> <span class='ocrx_word' id='word_1_720' title='bbox 1573 5617 1630 5668; x_wconf 88' lang='lat' dir='ltr'>et</span> <span class='ocrx_word' id='word_1_721' title='bbox 1647 5613 1924 5669; x_wconf 88' lang='lat' dir='ltr'>honorem</span> <span class='ocrx_word' id='word_1_722' title='bbox 1940 5631 2047 5688; x_wconf 91' lang='lat' dir='ltr'>usq</span> <span class='ocrx_word' id='word_1_723' title='bbox 2059 5633 2126 5672; x_wconf 92' lang='lat' dir='ltr'>ue</span> <span class='ocrx_word' id='word_1_724' title='bbox 2143 5619 2216 5674; x_wconf 90' lang='lat' dir='ltr'>ad</span> 
     </span>
    </p>
   </div>
   <div class='ocr_carea' id='block_1_106' title="bbox 564 5699 2212 5796">
    <p class='ocr_par' dir='ltr' id='par_1_106' title="bbox 564 5699 2212 5796">
     <span class='ocr_line' id='line_1_106' title="bbox 564 5699 2212 5796; baseline 0.005 -40"><span class='ocrx_word' id='word_1_725' title='bbox 564 5699 885 5796; x_wconf 47' lang='lat' dir='ltr'>Lerminum</span> <span class='ocrx_word' id='word_1_726' title='bbox 907 5699 1034 5756; x_wconf 73' lang='lat' dir='ltr'>vita:</span> <span class='ocrx_word' id='word_1_727' title='bbox 1067 5715 1184 5758; x_wconf 68' lang='lat' dir='ltr'>sua:</span> <span class='ocrx_word' id='word_1_728' title='bbox 1216 5699 1602 5771; x_wconf 84' lang='lat' dir='ltr'>servavimus;</span> <span class='ocrx_word' id='word_1_729' title='bbox 1632 5718 1747 5776; x_wconf 89' lang='lat' dir='ltr'>quo</span> <span class='ocrx_word' id='word_1_730' title='bbox 1771 5702 2212 5773; x_wconf 86' lang='lat' dir='ltr'>defuncto,cum</span> 
     </span>
    </p>
   </div>
   <div class='ocr_carea' id='block_1_107' title="bbox 2351 4715 3863 4800">
    <p class='ocr_par' dir='ltr' id='par_1_107' title="bbox 2351 4715 3863 4800">
     <span class='ocr_line' id='line_1_107' title="bbox 2351 4715 3863 4800; baseline -0.011 -18"><span class='ocrx_word' id='word_1_731' title='bbox 2351 4743 2598 4800; x_wconf 89' lang='lat' dir='ltr'>regnum</span> <span class='ocrx_word' id='word_1_732' title='bbox 2630 4725 2914 4793; x_wconf 89' lang='lat' dir='ltr'>invitavit,</span> <span class='ocrx_word' id='word_1_733' title='bbox 2949 4741 3202 4796; x_wconf 89' lang='lat' dir='ltr'>eumque</span> <span class='ocrx_word' id='word_1_734' title='bbox 3230 4731 3367 4796; x_wconf 90' lang='lat' dir='ltr'>post</span> <span class='ocrx_word' id='word_1_735' title='bbox 3392 4724 3555 4778; x_wconf 83' lang='lat' dir='ltr'>vitam</span> <span class='ocrx_word' id='word_1_736' title='bbox 3583 4729 3717 4775; x_wconf 79' lang='lat' dir='ltr'>suam</span> 
     </span>
    </p>
   </div>
   <div class='ocr_carea' id='block_1_108' title="bbox 2354 4789 3862 4888">
    <p class='ocr_par' dir='ltr' id='par_1_108' title="bbox 2354 4789 3862 4888">
     <span class='ocr_line' id='line_1_108' title="bbox 2354 4789 3862 4888; baseline -0.018 -16"><span class='ocrx_word' id='word_1_737' title='bbox 2354 4789 2704 4888; x_wconf 59' lang='lat' dir='ltr'>Burgundia:</span> <span class='ocrx_word' id='word_1_738' title='bbox 2731 4789 3073 4886; x_wconf 85' lang='lat' dir='ltr'>designavit.</span> <span class='ocrx_word' id='word_1_739' title='bbox 3100 4789 3156 4883; x_wconf 67' lang='lat' dir='ltr'>et</span> <span class='ocrx_word' id='word_1_740' title='bbox 3177 4789 3468 4886; x_wconf 71' lang='lat' dir='ltr'>principes</span> <span class='ocrx_word' id='word_1_741' title='bbox 3490 4807 3626 4882; x_wconf 86' lang='lat' dir='ltr'>regni</span> <span class='ocrx_word' id='word_1_742' title='bbox 3635 4804 3781 4874; x_wconf 77' lang='lat' dir='ltr'>junre</span> <span class='ocrx_word' id='word_1_743' title='bbox 3794 4789 3862 4845; x_wconf 70' lang='lat' dir='ltr'>sibi</span> 
     </span>
    </p>
   </div>
   <div class='ocr_carea' id='block_1_109' title="bbox 2353 4889 3861 4982">
    <p class='ocr_par' dir='ltr' id='par_1_109' title="bbox 2353 4889 3861 4982">
     <span class='ocr_line' id='line_1_109' title="bbox 2353 4889 3861 4982; baseline -0.011 -23"><span class='ocrx_word' id='word_1_744' title='bbox 2353 4905 2503 4959; x_wconf 90' lang='lat' dir='ltr'>fecit.</span> <span class='ocrx_word' id='word_1_745' title='bbox 2550 4905 2632 4958; x_wconf 86' lang='lat' dir='ltr'>Ad</span> <span class='ocrx_word' id='word_1_746' title='bbox 2693 4919 2871 4974; x_wconf 87' lang='lat' dir='ltr'>quam</span> <span class='ocrx_word' id='word_1_747' title='bbox 2929 4919 3050 4957; x_wconf 91' lang='lat' dir='ltr'>rem</span> <span class='ocrx_word' id='word_1_748' title='bbox 3106 4900 3608 4957; x_wconf 84' lang='lat' dir='ltr'>cemmendandam</span> <span class='ocrx_word' id='word_1_749' title='bbox 3655 4889 3861 4982; x_wconf 38' lang='lat' dir='ltr'>imperitia?</span> 
     </span>
    </p>
   </div>
   <div class='ocr_carea' id='block_1_110' title="bbox 2349 4975 3858 5062">
    <p class='ocr_par' dir='ltr' id='par_1_110' title="bbox 2349 4975 3858 5062">
     <span class='ocr_line' id='line_1_110' title="bbox 2349 4975 3858 5062; baseline 0 -14"><span class='ocrx_word' id='word_1_750' title='bbox 2349 4992 2655 5050; x_wconf 87' lang='lat' dir='ltr'>Heiuricus</span> <span class='ocrx_word' id='word_1_751' title='bbox 2708 4990 2998 5046; x_wconf 84' lang='lat' dir='ltr'>infinitam</span> <span class='ocrx_word' id='word_1_752' title='bbox 3033 4991 3342 5062; x_wconf 89' lang='lat' dir='ltr'>pecuniam</span> <span class='ocrx_word' id='word_1_753' title='bbox 3375 5004 3515 5061; x_wconf 66' lang='lat' dir='ltr'>saepe</span> <span class='ocrx_word' id='word_1_754' title='bbox 3557 4989 3605 5040; x_wconf 85' lang='lat' dir='ltr'>et</span> <span class='ocrx_word' id='word_1_755' title='bbox 3643 4975 3858 5062; x_wconf 58' lang='grc' dir='ltr'>εειερίεεξίλνΞ</span> 
     </span>
    </p>
   </div>
   <div class='ocr_carea' id='block_1_111' title="bbox 2345 5054 3855 5155">
    <p class='ocr_par' dir='ltr' id='par_1_111' title="bbox 2345 5054 3855 5155">
     <span class='ocr_line' id='line_1_111' title="bbox 2345 5054 3855 5155; baseline -0.009 -17"><span class='ocrx_word' id='word_1_756' title='bbox 2345 5080 2733 5155; x_wconf 89' lang='lat' dir='ltr'>consumpsit,</span> <span class='ocrx_word' id='word_1_757' title='bbox 2759 5080 2859 5137; x_wconf 89' lang='lat' dir='ltr'>sed</span> <span class='ocrx_word' id='word_1_758' title='bbox 2895 5054 3168 5138; x_wconf 70' lang='lat' dir='ltr'>defuncto</span> <span class='ocrx_word' id='word_1_759' title='bbox 3191 5054 3530 5152; x_wconf 66' lang='lat' dir='ltr'>imperatore</span> <span class='ocrx_word' id='word_1_760' title='bbox 3547 5063 3766 5155; x_wconf 51' lang='lat' dir='ltr'>Heinrititl.</span> <span class='ocrx_word' id='word_1_761' title='bbox 3789 5054 3855 5109; x_wconf 55' lang='grc' dir='ltr'>δυ’</span> 
     </span>
    </p>
   </div>
   <div class='ocr_carea' id='block_1_112' title="bbox 2343 5147 3853 5244">
    <p class='ocr_par' dir='ltr' id='par_1_112' title="bbox 2343 5147 3853 5244">
     <span class='ocr_line' id='line_1_112' title="bbox 2343 5147 3853 5244; baseline -0.015 -17"><span class='ocrx_word' id='word_1_762' title='bbox 2343 5171 2597 5244; x_wconf 88' lang='lat' dir='ltr'>dolphus</span> <span class='ocrx_word' id='word_1_763' title='bbox 2618 5187 2717 5226; x_wconf 86' lang='lat' dir='ltr'>rex</span> <span class='ocrx_word' id='word_1_764' title='bbox 2741 5170 3034 5242; x_wconf 88' lang='lat' dir='ltr'>promissa</span> <span class='ocrx_word' id='word_1_765' title='bbox 3057 5186 3166 5225; x_wconf 88' lang='lat' dir='ltr'>sua</span> <span class='ocrx_word' id='word_1_766' title='bbox 3194 5169 3360 5225; x_wconf 88' lang='lat' dir='ltr'>irrita</span> <span class='ocrx_word' id='word_1_767' title='bbox 3388 5165 3504 5224; x_wconf 87' lang='lat' dir='ltr'>fieri</span> <span class='ocrx_word' id='word_1_768' title='bbox 3533 5157 3692 5217; x_wconf 87' lang='lat' dir='ltr'>voluit.</span> <span class='ocrx_word' id='word_1_769' title='bbox 3709 5147 3853 5244; x_wconf 53' lang='grc' dir='ltr'>Οὸυοῑξ·</span> 
     </span>
    </p>
   </div>
   <div class='ocr_carea' id='block_1_113' title="bbox 2341 5241 3854 5332">
    <p class='ocr_par' dir='ltr' id='par_1_113' title="bbox 2341 5241 3854 5332">
     <span class='ocr_line' id='line_1_113' title="bbox 2341 5241 3854 5332; baseline -0.015 -15"><span class='ocrx_word' id='word_1_770' title='bbox 2341 5263 2518 5317; x_wconf 89' lang='lat' dir='ltr'>radus</span> <span class='ocrx_word' id='word_1_771' title='bbox 2549 5241 2758 5316; x_wconf 80' lang='lat' dir='ltr'>autem</span> <span class='ocrx_word' id='word_1_772' title='bbox 2795 5276 2893 5314; x_wconf 88' lang='lat' dir='ltr'>rex</span> <span class='ocrx_word' id='word_1_773' title='bbox 2938 5258 3123 5332; x_wconf 86' lang='lat' dir='ltr'>magis</span> <span class='ocrx_word' id='word_1_774' title='bbox 3149 5273 3361 5331; x_wconf 85' lang='lat' dir='ltr'>augere</span> <span class='ocrx_word' id='word_1_775' title='bbox 3393 5269 3552 5329; x_wconf 88' lang='lat' dir='ltr'>quam</span> <span class='ocrx_word' id='word_1_776' title='bbox 3592 5244 3783 5303; x_wconf 62' lang='lat' dir='ltr'>minuere</span> <span class='ocrx_word' id='word_1_777' title='bbox 3803 5241 3854 5332; x_wconf 54' lang='lat' dir='ltr'>Tt&quot;</span> 
     </span>
    </p>
   </div>
   <div class='ocr_carea' id='block_1_114' title="bbox 2337 5329 3853 5426">
    <p class='ocr_par' dir='ltr' id='par_1_114' title="bbox 2337 5329 3853 5426">
     <span class='ocr_line' id='line_1_114' title="bbox 2337 5329 3853 5426; baseline -0.02 -19"><span class='ocrx_word' id='word_1_778' title='bbox 2337 5367 2526 5424; x_wconf 87' lang='lat' dir='ltr'>gnum</span> <span class='ocrx_word' id='word_1_779' title='bbox 2563 5350 2848 5413; x_wconf 88' lang='lat' dir='ltr'>intentus,</span> <span class='ocrx_word' id='word_1_780' title='bbox 2875 5329 3262 5404; x_wconf 77' lang='lat' dir='ltr'>antecesseris</span> <span class='ocrx_word' id='word_1_781' title='bbox 3291 5345 3384 5401; x_wconf 90' lang='lat' dir='ltr'>sui</span> <span class='ocrx_word' id='word_1_782' title='bbox 3405 5343 3612 5398; x_wconf 84' lang='lat' dir='ltr'>labores</span> <span class='ocrx_word' id='word_1_783' title='bbox 3632 5329 3853 5426; x_wconf 50' lang='lat' dir='ltr'>metet?</span> 
     </span>
    </p>
   </div>
   <div class='ocr_carea' id='block_1_115' title="bbox 2333 5415 3847 5509">
    <p class='ocr_par' dir='ltr' id='par_1_115' title="bbox 2333 5415 3847 5509">
     <span class='ocr_line' id='line_1_115' title="bbox 2333 5415 3847 5509; baseline -0.013 -15"><span class='ocrx_word' id='word_1_784' title='bbox 2333 5415 2482 5505; x_wconf 60' lang='lat' dir='ltr'>lens,</span> <span class='ocrx_word' id='word_1_785' title='bbox 2507 5437 2795 5494; x_wconf 88' lang='lat' dir='ltr'>Basileam</span> <span class='ocrx_word' id='word_1_786' title='bbox 2835 5436 2949 5492; x_wconf 91' lang='lat' dir='ltr'>sibi</span> <span class='ocrx_word' id='word_1_787' title='bbox 2983 5434 3335 5509; x_wconf 88' lang='lat' dir='ltr'>subjugavit,</span> <span class='ocrx_word' id='word_1_788' title='bbox 3367 5438 3428 5488; x_wconf 87' lang='lat' dir='ltr'>ut</span> <span class='ocrx_word' id='word_1_789' title='bbox 3471 5415 3847 5509; x_wconf 32' lang='lat' dir='ltr'>animadverterit</span> 
     </span>
    </p>
   </div>
   <div class='ocr_carea' id='block_1_116' title="bbox 2333 5497 3853 5597">
    <p class='ocr_par' dir='ltr' id='par_1_116' title="bbox 2333 5497 3853 5597">
     <span class='ocr_line' id='line_1_116' title="bbox 2333 5497 3853 5597; baseline -0.001 -15"><span class='ocrx_word' id='word_1_790' title='bbox 2333 5544 2407 5582; x_wconf 89' lang='lat' dir='ltr'>an</span> <span class='ocrx_word' id='word_1_791' title='bbox 2437 5497 2535 5583; x_wconf 81' lang='lat' dir='ltr'>rex</span> <span class='ocrx_word' id='word_1_792' title='bbox 2559 5524 2744 5582; x_wconf 90' lang='lat' dir='ltr'>Rudol</span> <span class='ocrx_word' id='word_1_793' title='bbox 2753 5524 2826 5597; x_wconf 89' lang='lat' dir='ltr'>ph</span> <span class='ocrx_word' id='word_1_794' title='bbox 2838 5541 2908 5580; x_wconf 91' lang='lat' dir='ltr'>us</span> <span class='ocrx_word' id='word_1_795' title='bbox 2931 5497 3221 5596; x_wconf 71' lang='lat' dir='ltr'>promissa</span> <span class='ocrx_word' id='word_1_796' title='bbox 3247 5497 3565 5578; x_wconf 80' lang='lat' dir='ltr'>attenderel.</span> <span class='ocrx_word' id='word_1_797' title='bbox 3587 5497 3853 5597; x_wconf 31' lang='lat' dir='ltr'>Quos???</span> 
     </span>
    </p>
   </div>
   <div class='ocr_carea' id='block_1_117' title="bbox 2329 5579 3849 5688">
    <p class='ocr_par' dir='ltr' id='par_1_117' title="bbox 2329 5579 3849 5688">
     <span class='ocr_line' id='line_1_117' title="bbox 2329 5579 3849 5688; baseline -0.011 -17"><span class='ocrx_word' id='word_1_798' title='bbox 2329 5579 2534 5672; x_wconf 35' lang='lat' dir='ltr'>Ci—sela</span> <span class='ocrx_word' id='word_1_799' title='bbox 2561 5579 2791 5688; x_wconf 70' lang='lat' dir='ltr'>regina,</span> <span class='ocrx_word' id='word_1_800' title='bbox 2827 5579 2949 5668; x_wconf 66' lang='lat' dir='ltr'>filia</span> <span class='ocrx_word' id='word_1_801' title='bbox 2993 5579 3206 5670; x_wconf 88' lang='lat' dir='ltr'>sororis</span> <span class='ocrx_word' id='word_1_802' title='bbox 3258 5611 3439 5685; x_wconf 89' lang='lat' dir='ltr'>ipsius</span> <span class='ocrx_word' id='word_1_803' title='bbox 3468 5603 3600 5678; x_wconf 82' lang='lat' dir='ltr'>regis</span> <span class='ocrx_word' id='word_1_804' title='bbox 3629 5579 3849 5656; x_wconf 58' lang='lat' dir='ltr'>Rudoli’hi&#39;</span> 
     </span>
    </p>
   </div>
   <div class='ocr_carea' id='block_1_118' title="bbox 2325 5702 2842 5779">
    <p class='ocr_par' dir='ltr' id='par_1_118' title="bbox 2325 5702 2842 5779">
     <span class='ocr_line' id='line_1_118' title="bbox 2325 5702 2842 5779; baseline -0.01 -16"><span class='ocrx_word' id='word_1_805' title='bbox 2325 5705 2469 5763; x_wconf 89' lang='lat' dir='ltr'>bene</span> <span class='ocrx_word' id='word_1_806' title='bbox 2501 5702 2842 5779; x_wconf 81' lang='lat' dir='ltr'>pacificavit.</span> 
     </span>
    </p>
   </div>
  </div>
