4026 6184
137 241 298 305 1238
1239 326 1242 328 γ
1409 251 1600 314 νιν-Α
1643 252 1981 318 ΟΟΝῆΆΒῙ
2022 255 2294 346 ΒΑΕῙΟΙ.

481 397 551 438 DE
591 398 861 440 BOLISLAO
900 400 1048 441 DUCE
1088 401 1448 443 SCLAVORUM.

215 471 427 528 Eodem
456 489 630 540 anno,
665 489 836 544 quem
887 491 1068 546 supra
1113 475 1468 544 notavimus,
1504 476 1790 533 Bolislaus

3394 266 3550 336 1234

1819 393 1872 458 Α
1904 389 2041 445 illuc
2074 392 2440 465 confugerat,
2465 392 2599 466 igne
2632 399 2688 453 et
2717 396 2912 472 gladio
2939 399 3146 474 periit;
3179 404 3302 477 agri
3333 408 3542 463 vastati

1900 485 2059 545 sunt,
2092 480 2269 536 vineae
2303 485 2755 554 truncabantur;
2790 489 3007 545 exitum
3041 496 3095 546 et
3126 492 3428 550 introitum
3449 513 3546 553 rex

133 561 500 634 Sclavigena,
534 562 651 616 dux
681 560 1030 618 Bolonorum
1078 563 1334 637 insignia
1363 566 1578 637 regalia
1608 569 1664 620 et
1694 582 1788 621 re-

128 652 300 723 gium
336 651 625 706 nomenin
650 650 926 721 injuriam
960 652 1114 725 regis
1145 653 1474 709 Cbuonradi
1497 653 1608 709 sibi
1631 658 1788 726 apta-

123 740 219 795 vit
251 759 264 795 :
295 740 466 809 cujus
499 739 884 795 temeritatem
917 740 1030 795 cito
1060 759 1218 797 mors
1247 742 1582 798 exinanivit.
1607 743 1786 798 Filius

127 834 330 885 autem
364 828 567 884 Misico
598 827 870 885 similiter
891 828 1123 884 rebellis
1155 831 1392 885 fratrem
1424 848 1598 886 suum
1627 832 1784 886 Otto-

126 935 292 980 ncm,
325 917 602 990 quoniam
638 917 790 990 regis
823 917 1087 989 partibus
1121 919 1367 984 favebat,
1404 920 1459 973 in
1495 919 1782 976 Ruhniam

122 1006 493 1080 provinciam
539 1005 783 1078 pepulit.
818 1006 1077 1072 Qualiter
1126 1023 1258 1061 vero
1309 1008 1573 1078 ejusdem
1623 1009 1784 1064 Misi-

123 1098 298 1153 conis
355 1095 786 1168 protervitatem
831 1101 888 1150 et
934 1096 1242 1167 cujusdam
1301 1096 1558 1152 Udalrici
1615 1099 1782 1154 ducis

125 1185 424 1242 Bobemiae
457 1184 759 1256 perﬁdiam
793 1200 889 1238 rex
931 1183 1316 1240 Chuonradus
1375 1191 1574 1257 postea
1623 1204 1779 1242 com-

125 1277 414 1348 posceret,
445 1273 503 1328 in
537 1272 659 1328 loco
691 1289 797 1328 suo
829 1273 1042 1329 dicam.

173 1382 248 1420 DE
289 1380 588 1419 INIMICITIA
626 1379 797 1418 INTER
839 1380 1027 1418 REGI-3M
1068 1381 1133 1418 ET
1172 1379 1476 1419 ERVESTUM
1518 1381 1730 1420 DUCEM.

196 1453 417 1509 Eodem
448 1456 732 1522 tempore,
763 1450 930 1506 hoste
974 1452 1134 1524 pacis
1185 1452 1414 1506 diabolo
1471 1455 1779 1520 suadente,

116 1545 407 1598 Ernestus
432 1541 549 1596 dux
578 1539 952 1606 Alemanniaz,
990 1540 1190 1596 Chuno
1223 1541 1341 1595 dux
1375 1541 1777 1607 Francite,Fri-

115 1633 358 1687 dericus
403 1632 538 1684 dux
568 1629 1076 1701 Lotharingorum,
1110 1645 1243 1684 cum
1303 1628 1432 1684 aliis
1484 1629 1777 1703 plerisque

115 1726 327 1776 contra
358 1734 551 1792 regem
577 1719 993 1774 Cbuonradum
1028 1724 1470 1787 consenserunt,
1504 1724 1560 1773 et
1591 1719 1776 1775 multa

118 1810 454 1875 molientes,
487 1807 704 1863 multas
727 1807 1082 1862 munitiones
1113 1807 1412 1862 incassum
1441 1824 1772 1880 praeparan-

113 1904 228 1966 tes,
264 1897 412 1954 nihil
445 1896 558 1952 nisi
588 1897 978 1952 calamitatem
1011 1896 1266 1951 futuram
1298 1897 1552 1952 assecuti
1585 1901 1725 1952 sunt
1757 1916 1770 1952 :

115 1989 286 2053 Quos
327 2003 530 2042 omnes
588 2002 685 2041 rex
739 1985 1124 2040 Chuonradus
1187 1985 1630 2057 parvipendens,
1665 1986 1774 2041 iter

115 2093 298 2132 suum
328 2076 388 2130 in
419 2074 645 2130 Italiam
677 2091 810 2129 cum
837 2073 1020 2145 copiis
1052 2073 1382 2129 destinavit.
1405 2075 1515 2129 Sed
1536 2075 1653 2129 dux
1674 2075 1771 2129 Er-

113 2169 342 2221 nestus'
375 2162 677 2219 humiliter
722 2163 832 2218 iter
881 2163 1009 2233 ejus
1057 2168 1402 2234 prosecutus
1446 2179 1632 2234 usque
1660 2165 1767 2218 Au-

113 2257 355 2326 gustam
383 2244 768 2318 Vindelicam,
803 2251 1129 2306 interventu
1171 2250 1376 2305 matris
1406 2267 1523 2306 sua:
1557 2250 1766 2323 regina:

111 2347 168 2397 et
195 2341 395 2396 fratris
426 2341 516 2396 sui
567 2339 820 2396 Heinrici
870 2339 1061 2395 adhuc
1117 2338 1341 2410 parvuli
1400 2339 1766 2411 aliorumque

112 2431 477 2503 principum,
511 2428 764 2484 multum
797 2432 1076 2482 renuente
1116 2443 1271 2499 rege,
1301 2427 1396 2482 vix
1427 2428 1482 2480 in
1515 2427 1764 2499 gratiam

111 2509 243 2591 ejus
278 2523 544 2590 receptus
575 2520 682 2572 est.

250 2624 405 2670 QUOD
444 2623 545 2661 REX
585 2621 706 2660 CUM
747 2620 1019 2659 EXERCITU
1064 2621 1118 2658 IN
1159 2621 1386 2658 ITALIAM
1427 2621 1638 2658 REDIIT.

181 2699 356 2752 Anno
387 2693 806 2749 incarnationis
834 2691 1046 2747 Christi
1073 2693 1228 2757 1026,
1252 2691 1636 2747 Chuonradus
1667 2707 1765 2746 rex

111 2781 364 2839 consilio
391 2786 447 2836 et
476 2780 752 2853 petitione
783 2779 1116 2852 principum
1165 2779 1326 2849 regni
1374 2778 1559 2833 ﬁlium
1587 2795 1763 2833 suum

103 2869 445 2930 Heinricum
479 2884 726 2942 puerum
755 2885 949 2941 regem
983 2872 1115 2939 post
1131 2885 1192 2922 se
1219 2865 1765 2940 designavit,illum-

102 2979 214 3033 que
247 2959 507 3016 Brunoni
557 2957 946 3030 Augustensis
971 2955 1238 3011 Ecclesia:
1277 2955 1545 3027 episcOpo
1578 2956 1634 3009 in
1666 2960 1761 3010 tu-

105 3050 289 3106 telam
321 3045 789 3125 commendavit;
823 3048 879 3099 et
909 3061 1088 3115 supra
1119 3043 1292 3098 dictis
1333 3044 1604 3099 hostibus
1638 3044 1761 3098 suis

1900 569 2264 639 prohibebat,
2297 572 2593 644 navigium
2642 576 2904 645 abstulit,
2936 581 3316 638 mercimonia
3339 587 3540 654 vetuit,

1896 660 1953 712 et
1984 657 2064 713 ita
2096 676 2199 730 per
2227 659 2529 716 biennium
2579 681 2781 720 omnes
2811 667 3152 724 Ticinenses
3182 671 3408 738 afﬂixit,
3441 674 3542 730 do-

1898 763 2002 801 nec
2031 748 2390 820 omnia,quze
2425 754 2889 824 praecepit,omni
2923 756 3201 814 dilatione
3224 763 3546 833 postposita

1896 836 2346 909 compleverant.

2090 944 2160 980 DE
2201 943 2495 984 SEDITIONE
2533 948 2662 993 QU.E
2702 951 2977 990 RAVENNE
3016 954 3186 992 FACTA
3225 955 3344 994 EST.

1965 1015 2180 1070 Eodem
2214 1019 2472 1089 tempore
2511 1035 2607 1074 rex
2653 1021 3037 1080 Chuonradus
3086 1029 3419 1085 Ravennam
3453 1030 3541 1085 in-

1891 1103 2084 1169 travit,
2119 1109 2174 1158 et
2204 1122 2337 1160 cum
2371 1124 2582 1179 magna
2630 1114 2915 1180 potestate
2959 1113 3036 1168 ibi
3077 1116 3355 1188 regnavit.
3388 1119 3538 1182 Qua-

1891 1191 2026 1246 dam
2049 1192 2143 1247 die
2165 1193 2361 1248 miseri
2383 1195 2740 1253 Ravennates
2759 1198 2918 1256 litem
2933 1218 3076 1257 cum
3109 1206 3360 1261 exercitu
3385 1208 3538 1280 regis

1889 1281 2354 1350 commovebant,
2389 1288 2443 1338 et
2475 1284 2532 1338 in
2576 1285 2951 1344 multitudine
2982 1308 3089 1346 sua
3118 1294 3344 1363 confisi,
3378 1312 3535 1352 exer-

1889 1366 2070 1422 citum
2090 1369 2160 1423 de
2176 1369 2405 1425 civitate
2435 1373 2716 1444 expellere
2747 1365 2937 1431 conati
2961 1384 3118 1445 sunt,
3141 1385 3197 1436 et
3217 1399 3320 1453 per
3338 1385 3535 1455 cujus-

1889 1457 2024 1510 dam
2060 1462 2235 1528 porta:
2267 1461 2570 1531 angustias
2602 1479 2699 1518 eos
2732 1465 2830 1535 qui
2867 1466 3006 1522 foris
3051 1473 3216 1524 erant
3265 1472 3535 1541 prohibe-

1887 1543 2030 1598 bant
2051 1545 2427 1603 interioribns
2444 1567 2801 1606 succurrere.
2819 1554 3016 1610 Excito
3038 1557 3295 1613 tumultu
3315 1559 3533 1616 bellum

1887 1632 2147 1705 undique
2193 1636 2362 1708 cmpit
2408 1637 2826 1716 ingravescere.
2861 1643 3108 1706 Quidam
3161 1647 3219 1702 in
3262 1648 3536 1706 domibus

1886 1719 2313 1811 hospite‘sqsuas
2342 1728 2602 1798 aggressi
2635 1735 2810 1798 sunt;
2844 1731 2942 1786 alii
2978 1733 3036 1788 in
3071 1734 3277 1806 plateis
3309 1755 3536 1811 pugna-

1887 1809 2046 1874 bant,
2072 1809 2167 1864 alii
2202 1817 2400 1882 portas
2431 1815 2797 1884 obsidebant,
2821 1819 3018 1891 plures
3047 1823 3116 1878 de
3134 1809 3342 1895 muris,
3363 1809 3534 1883 multi

1884 1897 1954 1952 de
1989 1898 2249 1955 turribus
2302 1901 2435 1957 altis
2495 1903 2768 1976 ignavum
2818 1909 3082 1979 praelium
3133 1929 3266 1967 cum
3297 1915 3452 1971 saxis
3477 1921 3534 1972 et

1885 1985 2134 2041 sudibus
2156 1989 2595 2045 commiserunt.
2630 1994 2670 2048 E
2704 2000 2904 2052 contra
2933 1998 3233 2055 Teutonici
3265 2003 3446 2059 armis
3475 2009 3532 2060 et

1881 2071 2115 2145 ingenio
2150 2075 2520 2144 reluctantes,
2549 2079 2714 2137 factis
2737 2084 3073 2155 agminibus
3103 2091 3235 2144 ante
3265 2094 3322 2144 et
3353 2095 3525 2160 retro,
3603 2103 3622 2120 '

1882 2161 2243 2250 Ravennates
2294 2167 2774 2239 circumdabant;
2809 2177 2867 2227 et
2898 2175 3271 2232 saevientibus
3315 2178 3527 2250 gladiis

1878 2249 2029 2305 viam
2063 2252 2134 2305 ad
2167 2252 2412 2308 invicem
2451 2255 2746 2320 facientes,
2784 2276 2882 2314 eos
2921 2262 3020 2331 qui
3054 2263 3285 2320 fuerant
3326 2249 3524 2337 medii,

1879 2343 2143 2394 mortuos
2174 2344 2277 2395 aut
2321 2343 2633 2410 sauciatos,
2665 2346 2752 2400 vel
2807 2348 3094 2419 fugientes
3143 2351 3523 2424 reliquerunt.

1877 2427 2122 2492 Quidam
2182 2446 2378 2485 comes
2437 2434 2672 2488 nomine
2729 2437 2908 2508 Eppo,
2939 2439 3198 2510 Optimus
3250 2442 3415 2499 miles
3457 2445 3527 2500 de

1877 2515 2162 2585 Bajoaria,
2197 2535 2329 2572 cum
2388 2520 2619 2575 Panone
2672 2522 2963 2579 civitatem
3015 2527 3232 2596 exiens,
3267 2546 3365 2585 eos
3425 2534 3524 2605 qui

1876 2608 2111 2674 pontem
2145 2609 2558 2678 superstabant
2587 2611 2941 2684 subjugavit,
2969 2619 3026 2668 et
3052 2614 3290 2686 plurimi
3323 2636 3525 2676 eorum

1875 2706 1978 2760 per
2006 2691 2172 2746 illum
2205 2694 2395 2748 solum
2430 2695 2499 2749 de
2532 2702 2704 2766 ponte
2758 2701 3122 2772 praecipitati,
3155 2703 3213 2757 in
3248 2722 3402 2776 aqua
3433 2725 3527 2763 ne-

1875 2779 1983 2832 cati
2012 2785 2168 2834 sunt.
2206 2782 2321 2835 Rex
2351 2799 2482 2837 vero
2513 2784 2918 2854 Chuonradus,
2945 2788 3097 2844 sicut
3117 2795 3241 2846 erat
3271 2793 3330 2846 in
3358 2795 3524 2849 cubi-

1873 2866 2024 2933 culo,
2059 2867 2211 2922 hanc
2263 2869 2609 2926 seditionem
2665 2873 3018 2947 intelligens,
3053 2895 3218 2934 arma
3263 2881 3520 2954 corripit,

1871 2970 2090 3025 equum
2123 2956 2324 3026 poscit,
2359 2963 2415 3011 et
2445 2975 2716 3029 egressus
2747 2963 2961 3018 atrium
2993 2965 3076 3018 uti
3124 2967 3270 3022 vidit
3294 2969 3521 3025 Raven-

1871 3046 2036 3098 nates
2054 3043 2204 3098 bello
2228 3045 2408 3100 victos
2429 3047 2498 3100 ad
2524 3047 2810 3104 Ecclesias
2832 3053 3162 3125 confugere,
3179 3059 3236 3110 et
3258 3058 3520 3128 undique

103 3137 356 3194 insidias
378 3151 479 3207 per
500 3133 708 3200 ﬁlium,
725 3114 781 3188 e't
797 3137 1031 3188 caeteros
1053 3131 1254 3187 ﬁdeles
1274 3149 1413 3186 suos
1443 3131 1753 3205 diligenter
1787 3114 1829 3178 C
1865 3129 2111 3185 latibula
2127 3149 2402 3202 quaerere,
2429 3135 2704 3191 misertus
2726 3154 2950 3211 eorum,
2978 3142 3256 3212 quoniam
3278 3160 3346 3199 ex
3363 3114 3508 3201 ut‘ra.

102 3239 429 3297 opponens,
459 3221 584 3293 ipse
615 3238 744 3276 cum
773 3221 1026 3276 exercitu
1049 3220 1282 3291 copioso
1304 3219 1528 3274 Italiam
1557 3223 1749 3290 petere

102 3314 315 3386 ccepit',
345 3311 406 3366 in
436 3327 554 3381 qua
583 3309 961 3381 expedi-tione,
993 3325 1176 3380 supra
1231 3309 1422 3364 dictus
1471 3309 1750 3364 Ernestus

102 3399 630 3466 dux-Alamanniae,
662 3396 1090 3469 aliquantulum
1137 3396 1257 3468 regi
1289 3396 1552 3452 militans
1581 3396 1748 3451 Cam-

102 3489 488 3561 pidonensem
518 3484 986 3550 abbatiam,licet
1015 3489 1218 3539 contra
1246 3485 1334 3539 fas
1365 3487 1420 3538 et
1441 3485 1544 3554 jus
1574 3487 1749 3549 esset,

103 3577 352 3634 liberam
384 3592 505 3631 rem
537 3573 651 3630 nisi
681 3572 998 3629 liberaliter
1041 3573 1273 3639 servire,
1308 3573 1366 3627 in
1402 3572 1748 3628 beneﬁcium

104 3664 328 3738 accepit
353 3681 388 3719 a
418 3679 570 3736 rege,
599 3666 656 3718 et
684 3663 756 3716 ad
789 3662 1098 3717 tutandam
1148 3661 1397 3732 patriam
1436 3660 1751 3716 honorifice

104 3756 395 3810 remissus
423 3756 532 3808 est.

417 3856 570 3904 QUOD
609 3856 719 3895 REX
757 3855 1056 3895 PAPIENSES
1095 3853 1439 3894 AFFLIXERIT.

174 3932 299 3986 Rex
321 3930 632 4002 ingressus
663 3927 884 3983 Italiam
918 3944 1020 3999 per
1037 3926 1326 3982 Veronam
1354 3925 1508 3981 inter
1535 3925 1751 3980 Medio-

108 4018 311 4074 lanum
343 4022 402 4073 et
430 4016 691 4088 Papiam,
724 4013 1017 4070 Vercellas
1045 4015 1222 4081 venit,
1257 4013 1456 4084 ibique
1482 4016 1751 4068 sanctum

109 4107 332 4163 Pascha
361 4104 690 4162 celebravit.
725 4105 788 4158 In
818 4102 963 4174 ipsis
997 4102 1204 4158 diebus
1236 4100 1612 4173 paschalibus
1642 4101 1752 4156 Leo

107 4196 374 4266 ejusdem
393 4193 642 4249 civitatis
657 4192 924 4258 antistes,
941 4191 1030 4245 vir
1045 4189 1295 4244 multum
1315 4189 1569 4261 sapiens,
1585 4205 1753 4243 mun-

108 4284 243 4340 dum
299 4299 436 4338 cum
485 4296 627 4354 pace
677 4279 932 4351 reliquit,
964 4278 1057 4333 cui
1097 4276 1446 4333 Hardericus
1477 4275 1751 4332 Mediola—

108 4373 310 4428 censis
345 4371 664 4427 canonicus
715 4368 1019 4424 successit.
1058 4367 1176 4422 Rex
1221 4382 1355 4422 vero
1397 4367 1523 4437 jam
1569 4369 1751 4421 totam

110 4475 250 4531 pene
281 4457 511 4515 Italiam
544 4458 780 4530 planam
829 4473 948 4512 suae
993 4454 1195 4510 ditioni
1229 4453 1568 4526 subjugavit
1599 4471 1612 4507 :
1648 4453 1750 4508 Pa-
1783 4475 1830 4540 D

111 4546 370 4617 piensem
390 4545 616 4612 urbem,
632 4543 908 4616 quoniam
931 4541 1096 4598 valde
1119 4542 1404 4614 populosa
1425 4541 1752 4609 fuit,subito

109 4648 316 4705 capere
343 4649 460 4688 non
493 4633 887 4704 potuit;ipsos
917 4631 1230 4703 Papienses
1262 4630 1321 4684 in
1352 4630 1600 4702 gratiam
1620 4629 1756 4685 reci-

113 4737 240 4792 pere
299 4720 509 4788 noluit,
538 4720 677 4792 quia
731 4718 1012 4793 palatium
1061 4719 1216 4790 quod
1264 4719 1669 4774 destruxerant
1697 4718 1755 4772 in

113 4807 230 4864 loco
254 4809 358 4863 ubi
388 4809 552 4880 prius
584 4808 772 4864 fuerat
803 4801 1150 4864 readiﬁcare
1181 4807 1372 4862 adhuc
1415 4807 1754 4873 renuebant,

113 4897 210 4952 sed
241 4896 577 4952 defensores
617 4913 820 4953 eorum
864 4895 1240 4952 Adelbertum
1273 4894 1670 4949 marchionem
1701 4899 1759 4950 et

114 4981 516 5052 Wilhelmum,
532 4990 589 5041 et
603 4991 841 5042 ceteros
869 4985 1164 5057 principes
1182 4983 1241 5038 in
1259 4983 1465 5038 iisdem
1493 4983 1758 5038 terminis

115 5071 456 5130 mirabiliter
475 5073 803 5147 opprimere
816 5073 990 5145 coapit
1005 5091 1018 5138 ;
1034 5076 1292 5128 castrum
1306 5088 1507 5127 eorum
1521 5073 1757 5127 nomine

117 5158 325 5217 Urbam
355 5163 662 5231 desolavit,
697 5168 752 5219 et
782 5163 953 5234 plura
1003 5162 1119 5216 alia
1175 5160 1414 5216 castella
1462 5165 1518 5216 et
1563 5162 1754 5216 muni-

117 5247 298 5306 tiones
329 5253 700 5308 firmissimas
732 5251 1058 5324 dissipavit.
1078 5251 1155 5306 Ea
1179 5254 1520 5321 tempestate
1539 5252 1758 5323 grande

117 5336 331 5395 malum
366 5339 583 5396 factum
613 5348 701 5396 est
740 5342 798 5396 in
852 5340 1037 5405 Italia,
1071 5343 1309 5411 propter
1359 5341 1759 5396 contentiones

118 5423 485 5496 Papiensium
521 5447 533 5482 :
570 5430 766 5485 multae
819 5447 1020 5485 eorum
1081 5426 1366 5490 Ecclesiae,
1403 5427 1457 5481 in
1512 5429 1755 5484 circuitu

120 5528 250 5570 eum
298 5516 441 5589 ipsis
492 5518 747 5576 castellis
797 5519 1047 5576 incensa:
1078 5521 1236 5586 sunt,
1266 5521 1317 5572 et
1353 5516 1623 5590 populus,
1659 5518 1760 5590 qui

1858 3235 1970 3290 que
2021 3224 2182 3290 parte
2231 3221 2322 3275 sui
2381 3228 2566 3287 erant,
2602 3225 2916 3281 exercitum
2977 3230 3046 3283 de
3104 3233 3512 3302 persecutione

1858 3305 2072 3360 civium
2107 3310 2409 3376 revocavit,
2444 3316 2501 3365 et
2549 3311 2673 3383 ipse
2722 3313 2779 3368 in
2834 3315 3116 3386 palatium
3168 3337 3228 3374 se
3276 3322 3508 3393 recepit.

1858 3395 2026 3450 Mane
2056 3400 2248 3451 autem
2281 3397 2431 3453 facto
2466 3399 2828 3456 Ravennates
2859 3404 2958 3474 qui
2988 3413 3406 3476 remanserant,
3441 3410 3500 3466 in

1859 3483 2045 3538 cilicio
2076 3489 2132 3538 et
2163 3486 2338 3541 nudis
2382 3487 2628 3558 pedibus
2682 3495 2856 3561 atque
2908 3493 3119 3548 exortis
3172 3494 3402 3567 gladiis,
3435 3501 3502 3553 ut

1858 3571 1949 3627 lex
1973 3589 2172 3628 eorum
2206 3575 2484 3647 praecipit,
2515 3576 2682 3632 victis
2713 3579 2958 3646 civibus,
2990 3586 3124 3637 ante
3171 3599 3366 3656 regem
3405 3601 3500 3640 ve-

1861 3661 2106 3728 nientes,
2141 3662 2292 3717 sicut
2322 3663 2446 3735 ipse
2479 3666 2766 3737 praecepit,
2801 3669 3076 3724 omnibus
3107 3672 3298 3727 modis
3329 3674 3502 3728 satis-

1862 3748 2167 3805 faciebant.
2194 3751 2272 3806 Ibi
2296 3769 2391 3806 rex
2411 3753 2795 3810 Chuonradus
2817 3757 3134 3814 maximam
3167 3760 3506 3816 munificen-

1859 3838 2001 3892 tiam
2046 3839 2106 3893 in
2152 3841 2468 3910 quemdam
2523 3841 2848 3897 sauciatum
2909 3847 3294 3902 Teutonicum
3347 3865 3507 3905 more

1861 3926 2030 3982 solito
2081 3929 2354 3993 ostendit,
2390 3929 2480 3983 cui
2532 3946 2632 4000 pes
2682 3947 2813 3984 cum
2864 3949 3078 4004 magna
3124 3939 3286 4004 parte
3329 3953 3508 4008 supra
3547 3925 3552 3928 i

1861 4014 2046 4070 talum
2065 4014 2124 4068 in
2151 4032 2348 4088 pugna
2369 4016 2603 4087 penitus
2625 4017 3093 4086 abscindebatur,
3119 4022 3288 4091 cujus
3309 4039 3507 4079 ocreas

1862 4104 1934 4158 de
1964 4103 2119 4158 corio
2167 4104 2350 4159 factas
2400 4122 2496 4159 rex
2546 4106 2736 4160 afferri
2798 4107 3140 4179 praecipiens
3194 4114 3507 4181 utramque

1854 4191 2124 4246 nummis
2146 4191 2329 4262 jussit
2356 4192 2605 4263 impleri,
2640 4199 2695 4249 et
2725 4211 2902 4265 supra
2932 4197 3241 4267 grabatum
3265 4197 3507 4253 sauciati

1863 4279 2065 4334 militis
2086 4281 2254 4351 juxta
2284 4279 2451 4335 illum
2482 4281 2640 4352 poni.

1969 4386 2075 4423 REX
2119 4385 2374 4423 PROPTER
2411 4385 2673 4425 CALOREM
2713 4388 2772 4425 IN
2814 4387 3082 4428 ΜΟΝΤᾹΝΔ
3123 4389 3397 4430 SECESSIT.

1932 4458 2010 4512 Eo
2043 4461 2298 4528 tempore
2331 4457 2624 4511 maximus
2673 4457 2831 4513 calor
2875 4460 3100 4515 Italiam
3130 4462 3396 4529 vexabat,
3428 4461 3512 4518 ita

1864 4549 1927 4600 ut
1946 4545 2221 4600 animalia
2245 4545 2428 4600 multa
2449 4549 2506 4600 et
2529 4545 2835 4600 hominum
2859 4548 3175 4605 multitudo
3198 4550 3335 4606 inde
3365 4550 3512 4622 peri-

1866 4633 2226 4689 clitarentur.
2265 4635 2380 4688 Rex
2417 4649 2550 4688 vero
2591 4633 2975 4691 Chuonradus
3024 4637 3244 4692 nemini
3275 4638 3510 4704 cedens,

1867 4722 1979 4777 nisi
2013 4721 2120 4776 soli
2163 4727 2273 4776 Deo
2315 4725 2374 4776 et
2420 4719 2711 4777 caloribus
2761 4723 2978 4788 aestuis,
3013 4723 3167 4779 ultra
3216 4725 3371 4779 Atim
3403 4726 3515 4779 ﬂu-

1868 4809 2026 4864 vium
2083 4815 2318 4881 propter
2374 4825 2554 4879 opaca
2606 4809 2732 4864 loca
2781 4815 2838 4866 et
2881 4812 3033 4867 aeris
3081 4812 3423 4883 temperiem
3453 4812 3514 4866 in

1868 4903 2146 4953 montana
2175 4896 2434 4963 secessit,
2459 4896 2656 4968 ibique
2679 4899 2751 4953 ab
2773 4898 3208 4971 archiepiscopo
3238 4899 3517 4954 Mediola-

1871 4987 2036 5042 nensi
2071 5003 2172 5059 per
2197 4986 2343 5041 duos
2373 5001 2606 5040 menses
2630 4991 2687 5040 et
2723 4986 2980 5057 amplius
3012 4986 3267 5058 regalem
3297 4987 3515 5042 victum

1867 5082 2212 5147 sumptuose
2240 5073 2464 5128 habuit.
2498 5073 2642 5127 Hinc
2667 5075 2954 5130 decedens
2984 5079 3244 5148 tempore
3286 5079 3517 5131 autom-

1868 5165 2008 5231 nali,
2063 5164 2285 5218 Italiam
2341 5162 2577 5232 planam
2636 5162 2849 5217 iterum
2910 5181 3248 5237 peragrans,
3301 5164 3519 5219 habitis

1869 5253 2220 5317 consiliis,et
2241 5251 2532 5322 regalibus
2561 5249 2866 5321 colloquiis
2899 5253 2954 5306 in
2989 5251 3517 5325 opportunislocis,

1869 5348 2042 5414 atque
2091 5340 2332 5396 rebelles
2363 5340 2421 5394 in
2453 5339 2684 5394 vincula
2733 5340 2991 5407 mittens,
3026 5359 3271 5414 regnum
3321 5342 3520 5415 pacifi-

1870 5432 2111 5496 cavit,ot
2141 5429 2222 5484 sic
2256 5433 2652 5499 pertzanSIens
2686 5445 2872 5500 usque
2903 5431 2973 5486 ad
3007 5431 3326 5487 confinium
3347 5429 3519 5487 Italia:

1871 5525 1928 5577 et
1956 5518 2306 5592 Burgundiaa
2334 5517 2612 5590 pervenit.
