4026 6184
585 253 742 322 1235

1806 260 2196 326 WIPPONIS
2237 261 2755 326 PRESBYTERI.

3735 272 3842 337 1236

584 410 735 460 QUOD
766 410 954 452 LEGATI
985 410 1271 452 nunonpm
1311 412 1468 453 REGIS
1496 413 1568 451 AD
1599 413 1994 453 cauoananun
2035 414 2225 452 auom
2257 399 2311 465 Α
2342 395 2637 464 dentibus,
2664 396 2981 469 imperator
3030 413 3310 462 reversus,
3339 396 3631 471 praeteriens
3653 401 3843 469 Romam,

1070 485 1129 523 IN
1161 485 1391 523 ITALIAM
1422 485 1745 531 VENBRUNT.

657 574 968 631 Inchoante
1025 590 1177 630 anno
1248 573 1567 631 nativitatis
1637 574 1854 631 Christi
1908 577 2067 643 1027,
2130 592 2230 631 rex

579 664 965 723 Chuonradus
993 662 1052 719 in
1086 665 1185 736 lpo
1218 664 1376 737 regia
1404 664 1634 720 civitate
1684 664 1946 721 Natalem
1993 663 2225 720 Domini

577 752 887 811 celebravit
919 770 931 808 :
963 750 1103 808 illuc
1143 752 1436 824 Rudo-lphi
1484 753 1637 825 regis
1670 753 2022 827 Burgundize
2049 752 2224 826 legati

573 845 858 899 venerunt
885 841 1292 915 promittentes
1330 841 1495 897 illum
1530 843 1775 898 Romam
1806 847 2121 899 venturum
2152 842 2222 897 ad

575 931 917 988 electionem
949 934 1007 986 et
1041 931 1536 987 consecrationem
1585 932 2023 1003 imperatoriam
2075 930 2227 1003 regis

577 1019 944 1076 Chuonradi:
980 1020 1133 1091 quod
1168 1036 1263 1075 rex
1293 1024 1590 1093 gratanter
1619 1021 1933 1093 accepit,et
1963 1020 2227 1076 remissis

577 1108 786 1183 legatis
816 1125 950 1164 cum
988 1109 1353 1175 muneribus,
1385 1109 1510 1182 ipse
1557 1110 1780 1164 Padum
1830 1109 2125 1165 transiens
2154 1109 2225 1164 ad

581 1197 826 1253 Romam
846 1197 1081 1253 tendere
1097 1198 1289 1270 coepit.
1308 1197 1562 1262 Veniens
1580 1199 1649 1253 ad
1673 1199 1888 1253 Lucam
1908 1198 2222 1265 civitatem,

582 1288 802 1343 invenit
847 1304 976 1343 eam
1029 1287 1138 1343 sibi
1194 1287 1499 1343 adversam
1550 1304 1683 1342 cum
1717 1286 2045 1361 Reginhero
2072 1303 2225 1342 mar-

579 1377 809 1433 chione.
840 1376 924 1432 Ibi
954 1392 1053 1431 rex
1074 1374 1378 1448 paululum
1404 1380 1665 1432 moratus
1697 1381 1826 1448 post
1855 1393 2071 1448 paucos
2101 1375 2226 1431 dies

582 1466 875 1523 civitatem
904 1469 962 1521 et
993 1464 1389 1520 marchionem
1417 1465 1475 1519 in
1516 1465 1870 1521 deditionem
1903 1468 2223 1536 acceperat,

583 1570 935 1626 omnemque
960 1552 1236 1608 Tusciam
1262 1553 1373 1608 sibi
1397 1551 1645 1609 breviter
1666 1551 2227 1626 subjugavit,sicque

580 1642 999 1715 triumphando
1029 1641 1351 1697 Romanam
1385 1641 1575 1698 visitat
1607 1658 1819 1699 arcens.

681 1776 833 1824 QUOD
872 1775 983 1814 REX
1018 1773 1403 1814 CHUONRADUS
1451 1775 1628 1814 ROMxE
1665 1775 1992 1814 IMPERATOR
2031 1774 2129 1813 EST

1253 1847 1494 1886 BFFECTU
1503 1847 1549 1885 8.

2255 1765 2302 1829 B

653 1949 837 2023 Igitur
866 1964 965 2003 rex
995 1946 1381 2003 Chuonradus
1414 1920 1658 2001 Romam
1690 1943 1994 2016 ingressus
2025 1944 2227 1998 eodem

582 2055 757 2106 anno,
790 2040 855 2092 ut
886 2053 1086 2108 supra,
1114 2035 1172 2090 id
1204 2038 1314 2099 est,
1335 2033 1690 2089 aNativitate
1721 2032 2036 2090 Salvatoris
2070 2034 2226 2100 1027,

581 2115 903 2183 indictione
930 2124 1177 2190 decima,
1210 2139 1245 2178 a
1272 2140 1425 2196 papa
1457 2122 1683 2178 Joanne
1714 2126 1771 2178 et
1800 2120 2088 2177 universis
2119 2121 2228 2175 Ro-

584 2214 776 2270 manis
807 2213 965 2285 regio
992 2212 1209 2268 honore
1241 2211 1483 2266 mirifice
1505 2214 1771 2281 receptus
1799 2213 1888 2265 est
1919 2226 1932 2263 ε
1962 2213 2019 2265 et
2048 2209 2106 2263 in
2139 2206 2231 2263 die

585 2305 787 2359 sancto
818 2300 1074 2366 Paschte,
1107 2299 1210 2370 qui
1242 2316 1307 2354 eo
1338 2315 1492 2353 anno
1522 2316 1599 2353 vn
1632 2297 1756 2353 Kal.
1787 2297 2005 2370 Aprilis
2036 2297 2230 2352 termi-

584 2390 856 2456 nabatur,
890 2405 925 2443 a
949 2386 1227 2443 Romanis
1252 2387 1323 2441 ad
1357 2386 1767 2457 imperatorem
1797 2385 2231 2457 electus,impe-

584 2477 787 2535 rialem
818 2475 1281 2533 benedictionem
1310 2491 1514 2546 apapa
1544 2475 1823 2545 suscepit,

654 2568 847 2625 Caesar
875 2568 933 2621 et
961 2566 1259 2637 Augustus
1286 2567 1543 2619 Romano
1574 2563 1811 2617 nomine
1836 2562 2046 2618 dictus.

581 2673 731 2742 Quin
761 2672 938 2729 etiam
968 2669 1171 2743 regina
1195 2669 1388 2727 Gisela
1424 2669 1811 2741 imperatricis
1839 2668 2226 2725 consecratio-

581 2778 715 2820 nem
746 2764 804 2818 et
833 2776 1045 2818 nomen
1076 2758 1295 2814 ibidem
1328 2757 1567 2830 accepit.
1592 2758 1694 2813 His
1723 2758 1922 2830 itaque
1955 2756 2225 2829 peractis,

580 2852 642 2907 in
673 2852 922 2907 duorum
956 2862 1160 2921 regum
1208 2845 1515 2919 praesentia
1563 2845 1851 2918 Rudolphi
1901 2845 2053 2918 regis
2082 2846 2225 2901 Bur-

582 2938 836 3013 gundiae,
864 2941 922 2994 et
944 2936 1228 2993 Cnutonis
1250 2936 1404 3008 regis
1434 2935 1776 3007 Anglorum,
1811 2934 2006 2990 divino
2037 2935 2227 2991 ofticio

581 3029 769 3095 finito,
794 3027 1111 3099 imperator
1130 3025 1382 3081 duorum
1414 3040 1617 3097 regum
1652 3024 1880 3079 medius
1902 3024 1972 3079 ad
1996 3024 2229 3079 cubicu-

583 3117 705 3173 lum
747 3132 924 3173 suum
971 3112 1288 3171 honorifice
1345 3112 1558 3167 ductus
1606 3116 1710 3168 est.
1747 3112 1810 3167 In
1842 3111 1987 3184 ipsis
2017 3112 2226 3170 diebus
2256 3125 2300 3192 ρ

580 3203 957 3279 paschalibus
1006 3202 1157 3257 inter
1205 3201 1498 3256 Romanos
1529 3205 1586 3255 et
1615 3200 1965 3256 Teutonicos
1996 3218 2099 3272 pro
2128 3201 2226 3255 vili

582 3310 762 3351 causa
788 3296 916 3349 orta
935 3293 1023 3347 est
1043 3289 1252 3345 seditio
1275 3304 1508 3361 magna.
1523 3288 1961 3343 Contendebant
1984 3288 2100 3344 duo
2121 3305 2224 3360 pro

584 3381 739 3438 corio
756 3379 922 3436 bovis
948 3395 960 3433 :
988 3393 1238 3449 cumque
1259 3393 1320 3432 se
1342 3376 1588 3431 invicem
1622 3375 1835 3448 pugnis
1866 3376 2083 3433 caedere
2111 3393 2222 3432 cm-

582 3470 829 3543 pissent,
858 3470 1019 3523 totus
1043 3465 1330 3522 exercitus
1361 3464 1727 3536 imperatoris
1747 3467 2076 3521 commotus
2096 3470 2186 3522 est
2208 3483 2224 3521 :

582 3562 642 3613 et
670 3554 879 3612 armati
910 3554 1137 3625 equites
1168 3556 1225 3607 et
1256 3551 1496 3623 pedites,
1527 3568 1596 3607 ex
1624 3556 1869 3624 utraque
1889 3560 2051 3624 parte
2082 3569 2225 3609 con-

578 3646 881 3709 venerunt,
903 3639 983 3696 ibi
1007 3639 1347 3695 interfectus
1377 3644 1465 3694 est
1492 3655 1560 3694 ex
1580 3643 1780 3695 nostra
1800 3644 1962 3711 parte
1985 3640 2223 3712 quidam

570 3729 807 3803 juvenis
836 3726 1074 3784 nomine
1104 3725 1537 3799 Berrengarius,
1565 3724 1722 3782 ﬁlius
1748 3726 1975 3782 Lutoldi
1994 3728 2224 3785 comitis

576 3820 650 3875 de
677 3816 1040 3882 Alemannis,
1062 3814 1316 3870 multum
1349 3814 1562 3870 nobilis
1591 3819 1649 3870 et
1677 3814 1991 3871 bellicosus
2022 3816 2220 3873 nimis.

576 3905 823 3964 Romani
843 3905 945 3961 diu
967 3904 1307 3961 resistentes
1327 3903 1399 3959 ad
1421 3908 1745 3959 extremum
1769 3903 1899 3959 victi
1923 3904 2221 3976 fugerunt,

573 3999 631 4053 et
656 3992 1116 4052 innumerabiles
1145 4008 1212 4049 ex
1243 3990 1359 4048 illis
1390 3991 1705 4064 perierunt.
1742 3993 2060 4063 Imperator
2086 4010 2220 4049 vero

572 4084 916 4158 praedictum
933 4083 1230 4155 juvenem,
1255 4080 1533 4152 quoniam
1556 4080 1668 4135 sibi
1701 4079 1952 4137 dilectus
1973 4086 2030 4137 et
2050 4081 2218 4137 fami-

570 4171 734 4229 liaris
748 4171 1132 4242 fuerat,juxta
1153 4168 1451 4224 tumulum
1473 4167 1717 4223 Caesaris
1739 4168 1964 4225 Ottonis
1988 4169 2218 4242 sepeliri

570 4260 864 4335 praecepit.
894 4259 1130 4314 Postera
1154 4256 1246 4312 die
1277 4256 1543 4323 Romani,
1563 4255 1664 4328 qui
1697 4257 2041 4313 seditionem
2065 4275 2219 4314 com-

570 4350 888 4415 moverant,
921 4350 1057 4402 ante
1081 4346 1491 4417 imperatorem
1522 4345 1841 4415 venientes,
1870 4345 2104 4403 nndatis
2126 4364 2218 4419 pe-

569 4435 946 4505 dibus,liberi
966 4451 1101 4491 cum
1124 4434 1300 4489 nudis
1330 4432 1565 4505 gladiis,
1582 4433 1732 4489 servi
1748 4448 1882 4488 cum
1906 4434 2216 4507 torquibus

564 4524 836 4580 vimineis
866 4522 1021 4578 circa
1048 4521 1469 4592 collum,quasi
1502 4522 1574 4577 ad
1606 4521 2052 4593 suspensionem
2075 4541 2217 4595 pras-

565 4612 777 4687 parati,
808 4615 873 4667 ut
896 4610 1215 4683 imperator
1235 4609 1439 4681 jussit,
1472 4609 1928 4665 satisfaciebant.

831 4732 984 4781 QUOD
1008 4729 1348 4772 'IMPEMTOR
1384 4733 1445 4772 IN
1482 4732 1727 4772 APULIAI
1765 4733 1950 4772 VENlT.

631 4826 804 4882 Facta
834 4824 1013 4897 igitur
1043 4838 1183 4896 pace
1214 4822 1368 4878 inter
1424 4822 1719 4879 Romanos
1770 4826 1827 4878 et
1862 4823 2212 4880 Teutonicos

560 4915 884 4986 imperator
914 4912 973 4967 in
1003 4911 1276 4985 Apuliam
1309 4911 1612 4983 processit,
1643 4915 1698 4967 et
1736 4911 2208 4970 Beneventanum

557 5008 616 5059 et
646 5004 927 5075 Capuam,
962 5019 1028 5057 ac
1059 5000 1313 5072 reliquas
1340 4999 1598 5056 civitates
1630 4999 1786 5056 illius
1814 5002 2068 5073 regionis
2105 5019 2206 5059 seu

557 5090 611 5144 vi
643 5091 764 5146 sive
791 5090 1121 5147 voluntaria
1146 5088 1438 5146 deditione
1460 5088 1570 5145 sibi
1594 5089 1957 5160 subjugavit;
1990 5096 2047 5144 et
2064 5090 2204 5147 Nor-

556 5178 812 5246 mannis,
842 5179 940 5251 qui
973 5180 1043 5235 de
1075 5178 1266 5252 patria
1296 5194 1424 5242 sua,
1468 5176 1664 5231 nescio
1715 5193 1831 5248 qua
1861 5179 2206 5235 necessitate

556 5265 863 5337 compulsi,
894 5266 953 5322 in
985 5267 1258 5339 Apuliam
1290 5266 1707 5333 confluxerant,
1736 5266 1814 5320 ibi
1848 5264 2112 5324 habitare
2143 5268 2207 5324 li-

555 5353 806 5409 centiam
837 5354 1032 5421 dedit;
1064 5361 1121 5411 et
1150 5357 1219 5411 ad
1262 5355 1656 5411 defendendos
1706 5355 1990 5411 terminos
2041 5358 2201 5431 regni

555 5442 836 5500 adversus
865 5444 1192 5499 Graecorum
1225 5445 1532 5513 versutias,
1552 5460 1650 5500 eos
1683 5443 2046 5517 principibus
2079 5448 2202 5503 suis

548 5528 914 5591 coadunavit.
947 5530 1183 5586 Cunctis
1214 5534 1390 5589 rebus
1422 5532 1527 5590 rite
1559 5537 1613 5589 et
1658 5549 1933 5607 prospere
1965 5534 2078 5591 sibi
2111 5553 2201 5593 ce-

2248 4490 2295 4554 D

2339 486 2551 542 iterum
2587 484 2811 542 Italiam
2844 486 3198 558 pertransiit.

2751 592 2821 629 DE
2858 591 3122 630 TYRANNO
3158 592 3546 633 THASSELGARO.

2408 664 2486 719 Eo
2516 667 2777 735 tempore
2801 668 2924 719 erat
2956 663 3012 718 in
3048 663 3208 719 Italia
3237 665 3466 737 quidam
3486 670 3715 738 tyrannus
3731 670 3848 726 Thas-

2337 752 2553 825 selgart
2570 752 2782 815 dictus,
2799 752 2899 824 qui
2920 752 3030 807 sub
3053 757 3309 825 tempore
3337 753 3565 810 Heinrici
3583 755 3844 828 imperatoria

2338 840 2522 896 multa
2553 841 2811 897 facinora
2840 841 3139 897 commisit
3167 842 3225 897 in
3258 844 3556 915 regnozsed
3577 861 3658 916 per
3673 848 3844 903 marinos

2338 947 2602 985 recessus
2631 933 2687 985 et
2717 929 2862 986 alias
2893 930 3425 1002 munitiones,quos
3451 931 3628 986 habuit
3650 932 3763 989 ultra
3776 954 3847 991 mo

2336 1020 2370 1075 d
2382 1037 2477 1074 um
2491 1023 2671 1085 tutas,
2685 1018 2929 1075 Caesaris
2943 1018 3195 1075 lleinrici
3218 1020 3641 1092 persecutionem
3657 1030 3847 1079 evaserat.

2338 1109 2471 1163 Erat
2511 1107 2667 1163 enim
2717 1107 2929 1164 nobilis
2960 1125 3191 1181 genere,
3221 1108 3571 1180 despicabilis
3596 1109 3643 1163 in
3667 1127 3849 1182 persona,

2335 1197 2525 1269 turpis
2549 1197 2606 1251 in
2639 1197 3189 1269 moribus,magnus
3220 1198 3496 1269 praedator
3519 1197 3850 1255 ecclesiarumet

2335 1285 2666 1341 viduarum.
2699 1285 2863 1340 Hunc
2895 1286 3216 1358 imperator
3243 1285 3601 1341 Chuonradus
3625 1286 3851 1360 diligentis-

2335 1374 2484 1431 sime
2523 1374 2961 1447 insequebatur,
2990 1378 3048 1429 et
3096 1374 3343 1430 insidias
3390 1374 3494 1430 sibi
3536 1379 3647 1430 ante
3681 1382 3723 1431 et
3753 1383 3850 1432 retro

2324 1463 2614 1519 omnibus
2654 1462 2843 1518 modis
2892 1462 3188 1535 opposuit.
3222 1463 3331 1528 Qui
3360 1463 3492 1518 dum
3521 1480 3551 1517 a
3572 1464 3763 1535 quodam
3785 1482 3851 1520 suo

2336 1556 2527 1607 castro
2577 1552 2773 1625 fugere
2829 1550 3003 1607 vellet
3049 1551 3109 1606 in
3152 1550 3330 1618 aliud,
3364 1569 3397 1606 a
3426 1550 3672 1607 militibus
3693 1552 3853 1608 Cesaris

2336 1644 2541 1713 captus
2554 1645 2660 1696 est.
2676 1641 2834 1707 Quod
2854 1641 2998 1696 dum
3018 1640 3253 1696 audiret
3272 1640 3702 1712 imperator,cum
3716 1659 3854 1715 magna

2337 1729 2672 1785 festinantia
2700 1729 3067 1801 properabat,
3093 1729 3177 1785 ita
3207 1734 3272 1785 ut
3302 1729 3415 1785 fere
3444 1735 3648 1786 centum
3673 1730 3855 1786 milliaria

2338 1818 2546 1874 Latina
2566 1818 2719 1873 intra
2739 1817 2893 1873 diem
2918 1821 2973 1873 et
2995 1822 3221 1873 noctem
3246 1818 3634 1891 pertransiret:
3660 1818 3852 1891 cogitabat

2338 1907 2516 1974 enim,
2543 1911 2606 1961 ut
2627 1922 2786 1962 more
2808 1905 2998 1972 solito,
3020 1905 3235 1962 iterum
3259 1906 3852 1963 evaderet.Venientevero

2338 1996 2709 2068 imperatore,
2727 1999 3113 2067 praesentatus
3126 1999 3217 2051 est
3238 1994 3322 2051 illi
3348 1996 3466 2068 ipse
3487 1997 3852 2069 tyrannus.0uem

2341 2102 2474 2139 cum
2522 2083 2761 2151 videret,
2792 2084 2976 2139 fertur
3031 2083 3251 2139 dixisse
3310 2082 3853 2156 imperator:Nonnees

2338 2173 2434 2229 hic
2464 2172 2560 2228 ille
2591 2171 2701 2238 leo,
2732 2170 2832 2243 qui
2870 2171 3168 2228 devoravit
3215 2172 3431 2228 bestias
3460 2171 3751 2228 Itdither
3769 2188 3854 2225 san-

2339 2262 2494 2319 ctam
2519 2277 2751 2316 crucem
2775 2260 3022 2327 Domini,
3039 2260 3177 2316 talis
3200 2260 3290 2317 leo
3313 2278 3425 2317 non
3446 2261 3675 2318 comedet
3690 2258 3856 2332 amplius

2340 2351 2410 2406 de
2427 2365 2575 2422 pane
2598 2365 2725 2404 meo
2751 2364 2764 2402 :
2792 2352 2848 2403 et
2867 2348 2978 2403 hoc
3001 2348 3225 2416 dicens,
3243 2349 3439 2405 statim
3462 2350 3661 2404 cunctis
3677 2347 3857 2420 principi-

2337 2440 2449 2495 bus
2463 2437 2622 2509 regni
2636 2436 3559 2510 adjudicantibus,prazcipitillum
3572 2437 3622 2492 in
3632 2434 3856 2510 patibulum

2338 2527 2641 2600 suspendi.
2674 2527 2796 2590 Quo
2828 2541 3137 2598 suspenso,
3173 2543 3276 2599 per
3307 2542 3530 2582 omnem
3559 2524 3690 2580 illam
3715 2524 3858 2597 pronu-

2337 2616 2487 2671 ciam
2518 2633 2629 2689 pax
2658 2619 2716 2671 et
2748 2614 3056 2681 securitas,
3089 2614 3193 2670 diu
3224 2614 3471 2671 latentes
3517 2612 3668 2671 simul
3691 2627 3856 2669 emerse-

2337 2708 2494 2761 runt.

2443 2811 2513 2848 DE
2551 2809 2979 2853 CONJURATIONE
3016 2809 3388 2855 ουοιιυΜῡΑΜ
3423 2807 3796 2849 τευτοκιεοεωκ.

2410 2883 2632 2937 Interea
2658 2884 2922 2935 morante
2955 2880 3011 2935 in
3037 2879 3205 2936 Italia
3236 2882 3572 2955 imperatore
3590 2879 3711 2952 apud
3730 2879 3862 2933 Tento
3936 2930 3937 2941 ,

2338 2970 2519 3036 nicos,
2555 2985 2769 3041 magna
2796 2968 3036 3033 invidia,
3071 2967 3259 3023 multa
3291 2967 3543 3035 consilia,
3566 2964 3863 3075 multefacti'o-

2337 3075 2442 3114 nes
2473 3058 2751 3113 adversus
2780 3056 3191 3128 imperatorem
3228 3057 3519 3113 incassum
3542 3057 3799 3127 eruperant.
3824 3052 3861 3107 Ut

2337 3146 2494 3202 enim
2527 3163 2561 3201 a
2588 3145 2917 3202 minoribus
2949 3145 3229 3218 incipiam
3281 3151 3339 3202 et
3384 3146 3452 3202 ad
3501 3146 3713 3216 majores
3733 3155 3860 3214 pem-

2336 3234 2516 3301 niam,
2549 3234 2790 3306 quidam
2822 3250 3017 3289 comes
3048 3234 3107 3288 in
3138 3233 3370 3303 Suevia,
3401 3233 3571 3290 Wolff
3606 3230 3860 3291 nominatus,

2334 3323 2493 3379 dives
2513 3322 2570 3378 in
2596 3322 3062 3395 praediis,potens
3085 3322 3145 3377 in
3167 3324 3373 3393 armis,
3391 3330 3447 3379 et
3461 3323 3631 3378 Bruno
3649 3319 3862 3393 episc0pus

2334 3412 2743 3485 Augustensis,
2772 3410 3018 3467 invicem
3074 3412 3459 3486 confligentes
3511 3409 3670 3467 multa
3701 3403 3860 3462 malain

2334 3500 2568 3573 praediis
2588 3504 2645 3555 et
2665 3499 2951 3555 incendiis
2972 3500 3236 3556 fecerunt
3258 3501 3317 3556 in
3338 3516 3524 3573 regno.
3545 3499 3617 3554 Ad
3635 3500 3861 3553 extremum

2333 3588 2644 3661 praedictus
2664 3605 2860 3644 comes
2881 3587 3072 3661 ipsam
3095 3595 3426 3663 Augustam
3456 3589 3750 3659 irrumpens,
3773 3597 3862 3635 art

2333 3676 2485 3733 rium
2517 3677 2772 3750 episcopi
2801 3676 3164 3749 despoliavit,
3181 3684 3242 3734 et
3266 3682 3446 3733 totam
3476 3675 3719 3732 civitatem
3738 3672 3859 3723 vasta
3930 3720 3931 3731 ι

2331 3765 2413 3820 vit
2437 3784 2449 3834 ;
2485 3765 2641 3837 quod
2673 3769 2894 3836 postea,
2917 3769 3160 3837 cogente
3190 3766 3551 3839 imperatore,
3576 3766 3724 3819 totum
3747 3755 3860 3814 resti'

2332 3854 2467 3924 tuit,
2498 3858 2555 3909 et
2584 3854 2856 3925 episcopo
2913 3853 3270 3911 emendavit.
3304 3855 3500 3910 Chuno
3551 3853 3649 3908 dux
3688 3852 3860 3904 ποι-ωδ·

2333 3941 2556 4010 tiensis,
2581 3941 2862 4013 patruelis
2889 3941 3286 4013 imperatoris,
3308 3960 3413 3999 nec
3444 3942 3583 3999 ﬁdus
3604 3930 3856 4011 imperatori.

2331 4046 2437 4085 nec
2468 4032 2663 4085 tamen
2695 4028 2949 4084 multum
2978 4030 3190 4087 noxius
3221 4030 3569 4099 illi,interim
3596 4026 3771 4100 quietus
3784 4035 3857 4074 ma-

2330 4118 2525 4173 nebat.
2581 4116 2905 4173 Fridericus
2980 4119 3100 4174 dux
3173 4120 3657 4192 Lotharingorum,
3695 4108 3856 4168 vitricus

2328 4204 2587 4278 praedicti
2643 4205 2942 4263 Chunonis
2998 4207 3340 4279 imperatori
3399 4202 3707 4263 inimicando
3737 4198 3853 4253 morie

2328 4294 2564 4367 propria
2606 4299 2936 4367 praeventus
2964 4299 3073 4351 est.
3107 4296 3392 4353 Ernestus
3438 4296 3547 4352 dux
3586 4282 3854 4349 Alemannit,

2328 4384 2631 4456 privignus
2661 4383 3032 4455 imperatoris
3054 4384 3416 4453 Chuonradi,
3432 4375 3855 4457 nuperabeobene'

2326 4471 2473 4527 ficiis
2503 4476 2561 4527 et
2591 4471 2936 4527 muneribus
2985 4472 3372 4542 sublimatus,
3403 4470 3672 4529 discedens
3694 4464 3852 4520 iterum.

2325 4559 2640 4633 instigante
2669 4558 2919 4628 diabolo,
2949 4560 3332 4617 rebellionem
3364 4556 3854 4618 moliebaturzetconc

2324 4648 2455 4705 silio
2476 4649 2868 4721 quorumdam
2892 4648 3146 4706 militum
3170 4668 3436 4718 suorum,
3453 4633 3855 4714 Alsatiamprot’in‘

2322 4736 2473 4793 ciam
2503 4737 2769 4805 vastavit,
2794 4742 2852 4793 et
2882 4737 3125 4794 castella
3155 4739 3421 4814 Hugonis
3444 4735 3666 4799 comitis,
3683 4727 3758 4802 qui
3775 4724 3853 4778 ent
3920 4782 3921 4814 ξ

2321 4826 2793 4897 consanguineus
2816 4825 3205 4898 imperatoris,
3223 4820 3849 4885 desolavit.DeindemagM

2318 4915 2572 4971 exercitu
2596 4915 2881 4987 juvenum
2913 4914 3171 4984 collecto,
3205 4916 3589 4989 Burgundiam
3616 4903 3793 4965 invasit:
3814 4902 3847 4950 ei

2317 5003 2472 5060 ultra
2502 5009 2762 5059 castrum
2803 5002 3179 5073 Solodurum,
3212 5005 3524 5077 quamdam
3565 4995 3763 5056 insulam
3783 4999 3843 5055 ιε’

2317 5110 2451 5167 gere
2472 5096 2531 5148 et
2550 5090 2698 5148 vallo
2722 5092 2955 5147 firmare
2976 5093 3186 5164 cmpit;
3219 5095 3322 5149 sed
3348 5089 3660 5163 Rudolphus
3673 5097 3743 5139 rex
3756 5077 3844 5167 Βωξ
3916 5138 3917 5167 ᾗ

2316 5158 2681 5255 gundionum
2704 5180 2923 5236 veritus
2951 5158 3181 5237 hostem.
3210 5158 3567 5255 imperatoris
3585 5158 3842 5254 τοοίροτθγφ

2316 5246 2546 5343 incepto
2581 5268 2746 5324 illum
2780 5269 3097 5341 prohibuit.
3124 5270 3264 5325 Inde
3295 5246 3547 5326 reversus
3573 5274 3714 5332 supra
3732 5246 3842 5308 Tun“
3914 5318 3915 5343 ξ

2314 5375 2449 5415 cum
2482 5358 2776 5430 quoddam
2821 5361 3080 5413 castrum
3114 5358 3383 5426 munivit,
3405 5361 3459 5413 et
3485 5352 3765 5430 Augiensem
3783 5349 3840 5389 αν

2313 5429 2551 5505 clesiam
2588 5464 2693 5501 nec
2724 5464 2838 5502 non
2873 5447 3165 5503 abbatiam
3194 5448 3255 5503 S.
3290 5446 3434 5504 Galli
3463 5442 3673 5501 nimium
3697 5429 3841 5518 (ὕδατ’

2312 5538 2525 5607 hendo,
2559 5553 2676 5593 non
2709 5536 2999 5592 mediocre
3046 5537 3331 5594 damnum
3369 5532 3554 5607 patriae
3578 5519 3733 5583 intulit
3758 5523 3840 5570 εει(

3920 4802 3921 4853 ι

3917 4974 3919 5075 ψ
