4052 6158
183 281 346 349 1237.

1455 276 1657 341 νιΤΑ
1701 275 2042 342 CONRADI
2085 281 2364 344 SALICI.

3474 281 3629 348 1238

179 414 523 491 posthabita
551 413 684 487 lege
730 416 787 468 et
825 412 1062 485 justitia
1110 430 1296 486 usque
1349 413 1418 469 ad
1474 412 1865 485 imperatoris
1895 414 1948 482 Α
1979 418 2109 473 tuit.
2147 416 2326 473 Paulo
2357 420 2491 488 post
2533 418 2819 476 Adalbero
2868 420 2985 478 dux
3033 421 3477 486 Histrianorum,
3513 419 3632 474 sive

177 507 431 564 reditum
466 503 696 577 iniquis
728 503 1035 559 conatibus
1063 502 1385 559 insistebat.

371 621 476 660 UBI
521 621 642 659 DUX
681 618 980 657 ERNESTUS
1019 619 1082 656 SE
1131 619 1318 658 DENUO
1357 619 1661 658 REDDIDIT.

245 696 390 750 Pace
442 685 552 766 per
598 694 782 746 totam
850 689 1078 746 Italiam
1137 691 1500 755 conﬁrmata,
1535 690 1865 762 imperator

178 783 571 838 Chuonradus
601 793 890 852 prospero
921 779 1110 833 reditu
1137 779 1193 833 in
1225 777 1642 834 Alemanniam
1667 779 1858 849 venit;

179 877 232 929 et
261 873 316 927 in
351 874 625 944 Augusta
653 866 967 922 Vindelica
996 867 1349 940 colloquium
1392 867 1690 923 familiare
1721 885 1859 925 cum

181 962 299 1016 suis
323 960 601 1016 fidelibus
629 957 948 1022 tenens,de
970 957 1364 1028 proditoribus
1383 957 1587 1028 patriae
1607 961 1862 1016 tractare

181 1050 384 1122 ccepit;
420 1050 558 1105 inde
588 1048 659 1103 ad
698 1043 994 1115 oppldum
1045 1047 1199 1117 quod
1250 1045 1420 1102 Ulma
1467 1051 1716 1102 vocatur
1760 1066 1861 1104 ve-

182 1138 368 1204 niens,
403 1136 762 1210 colloquium
799 1133 1037 1206 publice
1069 1135 1405 1190 condictum
1446 1134 1574 1190 illic
1624 1135 1856 1194 habuit.

183 1228 305 1283 Huc
335 1229 457 1283 dux
485 1228 762 1282 Ernestus
796 1241 916 1278 non
948 1227 1082 1278 voto
1113 1222 1378 1295 supplice
1406 1223 1860 1288 venit,confisus

185 1317 445 1372 militum
479 1311 877 1379 multitudine,
915 1329 1063 1384 quos
1099 1313 1352 1384 optimos
1403 1311 1636 1378 habuit,
1672 1316 1737 1366 ut
1769 1315 1860 1370 vel

187 1406 514 1462 secundum
548 1403 776 1458 libitum
816 1419 952 1456 cum
986 1401 1208 1456 Cresare
1234 1417 1296 1456 se
1324 1403 1580 1472 pacaret,
1602 1400 1685 1455 vel
1722 1402 1860 1458 inde

189 1513 292 1569 per
308 1497 658 1567 potestatem
678 1490 894 1546 rediret
915 1509 927 1559 ;
948 1494 1005 1545 et
1022 1490 1220 1544 habito
1239 1488 1534 1560 colloquio
1553 1506 1687 1544 cum
1707 1490 1858 1557 suis,

189 1584 451 1656 primum
471 1580 699 1636 monuit
715 1596 815 1635 eos
834 1579 965 1633 ﬁdei
984 1578 1496 1634 sacramentaliter
1515 1579 1856 1650 promissa);

187 1673 404 1729 dehinc
435 1670 781 1726 hortabatur
803 1685 902 1723 eos
925 1684 995 1722 ne
1021 1666 1184 1722 illum
1207 1667 1645 1735 desererent,ne
1673 1668 1858 1724 hono-

188 1778 313 1818 rem
346 1776 523 1816 suum
556 1759 881 1831 perderent,
917 1774 1030 1812 non
1071 1757 1276 1812 decere
1323 1773 1426 1811 eos
1476 1757 1858 1813 immemores
1889 1783 1934 1848 B

189 1852 333 1920 fore,
360 1850 420 1906 in
452 1847 716 1905 historiis
751 1851 1007 1919 patrum,
1041 1861 1275 1916 semper
1302 1844 1657 1901 Alemannos
1687 1846 1856 1901 bonae

191 1941 322 1997 fidei
351 1945 408 1996 et
439 1935 778 1994 stabilitatis
811 1934 869 1990 in
892 1933 1160 1988 dominos
1179 1933 1585 1988 testimonium
1606 1933 1856 2002 habere;

188 2035 246 2086 et
276 2029 386 2085 sibi
423 2027 520 2082 fidi
555 2026 764 2090 forent,
799 2022 918 2077 illis
946 2021 1184 2094 praemia
1214 2021 1469 2094 posteris
1502 2021 1705 2078 eorum
1739 2022 1860 2095 glo-

189 2121 337 2176 riam
373 2122 428 2173 et
457 2117 740 2171 honorem
782 2129 910 2167 esse
963 2112 1244 2166 futurum.
1280 2111 1447 2166 Talia
1493 2111 1707 2167 dicenti
1740 2113 1856 2168 duo

190 2203 797 2273 comites,Fridericus
827 2205 884 2255 et
911 2198 1222 2255 Anselmus
1243 2216 1348 2270 pro
1371 2200 1596 2256 caeteris
1619 2217 1858 2272 respon-

192 2299 409 2354 debant
440 2294 549 2349 hoc
580 2291 754 2346 modo
780 2307 792 2344 :
819 2288 1104 2345 Nolumus
1127 2287 1376 2342 inﬁciari
1400 2289 1542 2361 quin
1566 2290 1732 2346 vobis
1759 2291 1855 2344 ﬁr-

193 2387 366 2444 miter
412 2381 895 2455 promitteremus
951 2381 1149 2431 contra
1205 2394 1434 2444 omnes,
1463 2383 1672 2450 praeter
1719 2395 1855 2434 eum

193 2477 294 2548 qui
327 2491 434 2529 nos
463 2470 628 2528 vobis
659 2468 824 2524 dedit
857 2485 869 2522 :
898 2466 945 2520 si
980 2466 1128 2520 servi
1161 2481 1428 2521 essemus
1472 2467 1626 2539 regis
1657 2471 1713 2522 et
1742 2467 1856 2521 im-

194 2563 481 2638 peratoris
510 2558 781 2622 nostri,et
812 2556 884 2610 ab
917 2570 983 2609 eo
1004 2553 1126 2625 juri
1156 2559 1350 2609 vestro
1378 2555 1716 2628 mancipati,
1739 2572 1852 2611 non

195 2653 366 2708 nobis
395 2651 591 2705 liceret
616 2665 650 2702 a
671 2645 841 2700 vobis
873 2643 1324 2714 separari.Nunc
1357 2660 1488 2700 vero
1519 2661 1653 2699 cum
1687 2644 1853 2700 liberi

195 2740 376 2798 simul
407 2744 466 2795 et
513 2735 806 2792 libertatis
856 2736 1064 2787 nostrae
1111 2748 1412 2787 summum
1461 2734 1850 2800 defensorem,

193 2831 415 2886 interea
449 2843 644 2898 regem
677 2829 734 2879 et
765 2823 1176 2893 imperatorem
1210 2829 1476 2876 nostrum
1504 2821 1849 2888 habeamus,

193 2920 292 2975 ubi
325 2917 492 2972 illum
527 2912 880 2978 deserimus,
916 2909 1242 2964 libertatem
1293 2909 1640 2976 amittimus,
1671 2926 1849 2980 quam

194 3025 369 3065 nemo
401 3007 611 3067 bonus,
641 3006 706 3056 ut
736 3001 820 3055 ait
868 2997 1129 3070 quidam,
1165 2997 1275 3052 nisi
1325 3015 1459 3052 cum
1510 2998 1629 3052 vita
1675 2997 1849 3053 simul

195 3095 430 3153 amittit.
462 3093 624 3159 Quod
657 3107 790 3144 cum
821 3087 902 3141 ita
931 3085 1026 3152 sit,
1063 3085 1347 3156 quidquid
1380 3087 1610 3141 honesti
1633 3086 1849 3156 etjusti

196 3203 229 3242 a
255 3183 427 3240 nobis
462 3201 488 3236 r
526 3177 779 3252 quiritis,
815 3176 874 3229 in
921 3174 1029 3229 hoc
1077 3190 1278 3245 parere
1324 3173 1595 3231 volumus
1637 3174 1800 3230 vobis
1834 3193 1845 3231 :
1881 3147 1923 3214 Ο

197 3276 244 3329 si
271 3278 472 3328 autem
505 3272 708 3325 contra
733 3266 843 3320 hoc
871 3262 1066 3331 vultis,
1092 3262 1230 3317 illuc
1265 3270 1617 3319 revertemur
1645 3263 1852 3319 libera-

193 3360 516 3428 liter,unde
547 3357 616 3412 ad
649 3372 751 3410 vos
783 3352 1052 3409 venimus
1095 3351 1579 3407 eonditionaliter.
1616 3353 1715 3408 His
1747 3370 1849 3408 au-

194 3451 358 3515 ditis,
393 3450 532 3513 dux,
566 3463 700 3502 cum
737 3461 798 3499 se
829 3439 1205 3497 intellexisset
1236 3458 1270 3495 a
1300 3441 1424 3496 suis
1455 3441 1690 3506 dimitti,
1725 3441 1851 3496 sine
1900 3473 1902 3475 -

192 3540 360 3598 omni
393 3536 659 3610 pactione
690 3528 1025 3604 imperatori
1058 3545 1184 3584 sese
1217 3529 1441 3584 reddit:
1468 3547 1640 3601 quem
1663 3529 1852 3584 Caesar

191 3629 253 3685 in
289 3624 607 3684 Saxoniam
640 3619 891 3678 exsulari
928 3617 1062 3673 fecit
1097 3634 1272 3688 super
1298 3618 1614 3689 quamdam
1646 3635 1850 3690 rupem

191 3735 326 3791 quae
357 3709 796 3770 Gibichenstein
852 3707 1088 3770 dicitur,
1120 3711 1186 3760 ut
1216 3704 1313 3760 ubi
1348 3705 1668 3778 castigatus
1698 3723 1726 3762 a
1762 3723 1848 3762 re-

191 3806 452 3862 bellione
484 3800 729 3856 ulterius
759 3797 1068 3854 desineret.

286 3918 437 3967 QUOD
478 3916 586 3956 REX
625 3913 978 3954 BURGUNDLE
1016 3911 1360 3949 IMPERATORI
1402 3910 1768 3949 OCCURREBAT

899 3983 1162 4022 BASILEE.

273 4063 597 4134 Imperator
627 4055 1025 4130 pertransiens
1053 4053 1726 4119 Alemanniam,cunetos
1751 4053 1851 4123 qui

187 4153 315 4210 sibi
348 4147 590 4205 rebelles
620 4149 871 4211 fuerant,
905 4144 964 4198 in
996 4143 1350 4199 deditionem
1383 4141 1616 4213 recepit,
1636 4147 1692 4196 et
1723 4158 1850 4195 mu-

191 4240 489 4298 nitionem
521 4252 724 4291 eorum
775 4232 1016 4304 dejecit;
1053 4236 1108 4286 et
1155 4230 1496 4303 perveniens
1543 4246 1728 4301 usque
1778 4230 1850 4284 ad

191 4321 900 4394 Basileam,Rudolphum
925 4336 1114 4393 regem
1143 4317 1489 4391 Burgundiae
1513 4315 1848 4389 alloquitur,

191 4419 305 4491 qui
343 4415 461 4469 illic
492 4412 603 4468 sibi
637 4409 996 4476 occurrebat,
1022 4413 1182 4464 extra
1213 4409 1440 4474 urbem,
1465 4408 1633 4477 juxta
1661 4405 1852 4462 vicum

191 4506 306 4579 qui
343 4501 626 4558 Mitthena
656 4498 873 4554 dicitur
897 4513 908 4552 :
935 4501 992 4552 et
1021 4495 1221 4551 habito
1250 4495 1519 4551 familiari
1543 4495 1853 4567 colloquio,

189 4595 528 4664 imperator
557 4605 748 4660 regem
783 4603 982 4642 secum
1007 4584 1171 4640 duxit
1191 4585 1250 4640 in
1274 4584 1859 4640 urbem.Conf1rmata

192 4686 360 4740 inter
389 4697 487 4736 eos
520 4676 880 4751 pace,Gisela
911 4675 1274 4746 imperatrice
1305 4674 1422 4730 bare
1453 4673 1650 4729 omnia
1671 4674 1855 4729 medi-

189 4776 392 4836 tante,
424 4783 716 4840 reganue
743 4763 1091 4836 Burgundize
1122 4763 1459 4835 imperatori
1491 4763 1727 4826 tradito,
1761 4779 1856 4818 eo-

191 4861 342 4916 dem
373 4861 538 4928 pacto
587 4853 1086 4926 quemadmodum
1137 4851 1298 4922 prius
1348 4850 1700 4906 antecessori
1751 4867 1855 4906 suo

191 4947 480 5005 Heinrico
514 4942 848 5015 imperatori
872 4943 1073 4997 datum
1097 4941 1314 5006 fuerat;
1335 4957 1432 4995 rex
1457 4940 1663 4994 iterum
1689 4939 1858 4994 donis

197 5034 530 5107 ampliatus
559 5049 692 5088 cum
725 5031 850 5086 suis
884 5046 1146 5084 reversus
1179 5033 1267 5084 est
1305 5030 1363 5083 in
1409 5028 1805 5100 Curgundiam
1843 5044 1855 5081 :

197 5127 531 5196 imperator
556 5137 689 5176 vero
720 5118 1081 5174 descendens
1131 5134 1232 5188 per
1277 5118 1544 5173 Rhenum
1585 5117 1856 5172 in-Fran-

197 5213 367 5268 ciam
398 5208 779 5280 venit,ibique
811 5207 928 5261 dux
959 5205 1215 5274 Chuono,
1237 5206 1515 5278 patruelis
1540 5207 1858 5278 ejus,prius

198 5297 471 5363 rebellis,
499 5315 558 5351 se
590 5294 841 5350 reddidit
869 5312 881 5348 :
917 5309 1090 5364 quem
1122 5293 1512 5365 imperatorin
1538 5295 1738 5351 liberis
1760 5313 1858 5350 cu-

198 5387 425 5443 stodiis
447 5383 876 5456 aliquantulum
898 5380 1650 5455 castigavit,destructisque
1673 5384 1862 5438 muni-

198 5475 478 5531 tionibus
510 5473 654 5540 suis,
693 5488 839 5544 quas
868 5471 1118 5542 optimas
1163 5470 1383 5540 habuit,
1419 5473 1478 5526 in
1511 5473 1760 5544 gratiam
1793 5473 1858 5528 il-

203 5566 342 5621 lum
375 5562 608 5634 recepit,
642 5565 946 5631 totumque
976 5560 1035 5614 in
1065 5559 1340 5616 honorem
1370 5579 1544 5616 suum
1567 5561 1676 5617 sibi
1703 5563 1864 5618 resti-

1974 507 2454 572 Carintanorum,
2487 523 2622 564 reus
2655 511 2999 581 majestatis,
3038 512 3219 568 victus
3267 512 3337 567 ab
3384 510 3634 582 impera-

1974 601 2117 663 tore,
2146 613 2285 652 eum
2321 594 2458 651 filiis
2489 597 2614 652 suis
2645 598 2944 656 exsulatus
2975 604 3082 667 est,
3107 606 3165 656 et
3196 601 3474 657 ducatum
3506 597 3638 667 ejus

1976 687 2088 741 iste
2121 685 2364 741 Chuono
2397 686 2468 740 ab
2502 685 2853 757 imperatore
2901 690 3162 764 suscepit
3195 707 3207 744 :
3239 704 3409 761 quem
3461 686 3641 740 ducas

1973 779 2099 830 tum
2130 777 2298 847 pater
2316 774 2580 844 ejusdem
2605 775 2939 834 Chuononis
2962 780 3186 834 dudum
3210 775 3489 834 habuisse
3513 788 3643 844 per-

1973 863 2329 919 hibetur.Ita
2361 862 2484 917 dux
2507 862 2749 920 Chuono
2782 867 2935 922 {idus
2966 872 3022 922 et
3053 868 3200 924 bene
3232 864 3496 922 militans
3527 860 3642 916 im-

1973 951 2230 1024 peratori
2264 954 2321 1006 et
2352 949 2471 1006 ﬁlio
2503 969 2608 1008 suo
2637 953 2902 1010 Heinrico
2929 955 3387 1028 regi,quousque
3406 950 3641 1019 vixerit,

1971 1039 2326 1112 permansit.

2189 1146 2264 1184 DE
2304 1146 2611 1186 LEGATIONE
2648 1148 2900 1190 EPISCOPI
2948 1148 3425 1193 ARGFNTINENSIS.

2043 1218 2266 1273 Eodem
2303 1222 2561 1290 tempore
2593 1221 2998 1279 Werinharius
3027 1224 3368 1297 Argentinze
3395 1218 3657 1285 civitatis

1971 1306 2309 1380 episcopus,
2333 1308 2404 1362 ab
2432 1309 2779 1380 imperatore
2808 1310 3037 1385 legatus
3069 1310 3662 1386 Constantinopolim

1970 1396 2250 1451 mittitur.
2287 1396 2396 1462 Qui
2427 1398 2567 1452 dum
2616 1416 2794 1456 causa
2841 1402 3126 1459 orationis
3179 1400 3673 1481 Hierosolymam

1971 1502 2215 1558 pergere
2247 1502 2310 1539 se
2345 1486 2606 1559 fingeret,
2643 1493 2706 1543 ut
2744 1491 3096 1561 putavimus,
3126 1495 3376 1564 judicio
3415 1495 3654 1567 Domini

1971 1591 2146 1664 quem
2184 1573 2385 1630 fallere
2435 1558 2604 1631 nemo
2647 1558 2880 1645 valebit,
2913 1558 3284 1638 mirabiliter
3321 1558 3685 1664 prohibitus

1971 1663 2238 1718 est.Nam
2270 1664 2414 1718 dum
2441 1681 2720 1768 magnum
2745 1670 3088 1768 comitatum
3117 1670 3687 1768 hominumﬂnajm

1971 1767 2093 1806 rem
2128 1769 2365 1825 quoque
2396 1757 2695 1811 mutorum
2725 1757 3649 1840 animalium,equorum,bou;n

1969 1841 2188 1931 ογίυιῃ,
2243 1858 2575 1913 porcorum,
2628 1845 2962 1918 multasque
3022 1847 3280 1906 delicias
3338 1844 3672 1931 saecularesI

1969 1930 2124 1986 ultra
2175 1931 2418 1986 modum
2465 1949 2664 1988 secum
2715 1935 3006 2000 educeret,
3040 1939 3414 2008 perveniens
3452 1953 3510 2008 in
3548 1930 3666 2014 Un.

1968 2019 2217 2092 gariam,
2246 2037 2280 2074 a
2311 2036 2443 2093 rege
2471 2021 2764 2094 Stephano
2810 2024 3176 2080 contradicta
3223 2032 3313 2083 est
3367 2037 3486 2093 sibi
3537 2046 3650 2114 via,

1970 2109 2124 2180 quod
2159 2125 2227 2164 eo
2259 2111 2523 2181 tempore
2554 2110 2702 2166 nulli
2756 2117 3054 2168 aratorum
3105 2114 3343 2173 accidit.
3382 2123 3526 2181 Inde
3556 2109 3646 2183 re;

1967 2215 2174 2254 versus
2202 2214 2306 2269 per
2336 2199 2663 2270 Bajoariam
2696 2217 2830 2255 cum
2858 2201 3018 2256 omni
3050 2203 3338 2260 comitatu
3372 2226 3482 2265 suo
3512 2229 3641 2282 per-

1967 2303 2112 2359 gens
2145 2286 2374 2342 Italiam
2409 2288 2677 2356 intravit;
2711 2293 2768 2344 et
2798 2289 3050 2346 multum
3082 2290 3237 2347 circa
3275 2293 3425 2351 ﬁnes
3455 2297 3635 2353 Vero-

1968 2394 2052 2430 nae
2085 2379 2620 2441 moratus,tandem
2654 2394 2788 2432 cum
2817 2378 3072 2434 maximo
3105 2379 3305 2436 labore
3327 2399 3432 2453 per
3451 2385 3634 2440 Vene-

1966 2464 2109 2520 tiam
2145 2482 2307 2521 mare
2339 2466 2700 2523 Adriaticum
2750 2467 3075 2541 ingressus,
3108 2468 3337 2542 navigio
3389 2470 3630 2526 calami-

1964 2559 2091 2609 toso
2123 2554 2690 2628 Constantinopolim
2724 2556 2983 2628 pervenit
3016 2575 3028 2612 :
3059 2575 3314 2630 cumque
3345 2560 3415 2614 ab
3449 2559 3630 2630 impe-

1965 2648 2154 2698 ratore
2186 2644 2522 2700 Graacorum
2553 2644 2864 2700 honorifice
2885 2650 3199 2718 susceptus
3218 2650 3626 2713 esset,secum-

1964 2749 2076 2804 que
2132 2735 2280 2787 satis
2336 2733 2701 2788 familiariter
2766 2737 3229 2795 conversaretur.
3292 2733 3622 2790 desiderare

1962 2820 2130 2891 cmpit
2162 2825 2228 2875 ut
2254 2820 2627 2893 imperatoris
2655 2821 2868 2876 auxilio
2900 2822 3361 2896 Hierosolymam
3393 2823 3616 2878 adiret:

1961 2926 2074 2981 quo
2103 2909 2416 2976 desiderio,
2450 2927 2681 2981 semper
2709 2908 2907 2982 aliqua
2937 2927 2998 2965 re
3031 2911 3432 2979 interdicente,
3463 2928 3612 2967 nun-

1960 3014 2135 3069 quam
2164 2997 2338 3067 potiri
2390 2996 2650 3052 invaluit.
2685 2998 2962 3069 Sequenti
2995 3017 3128 3055 vero
3160 3003 3417 3072 tempore
3446 3000 3610 3067 obiit,

1961 3090 2017 3142 et
2047 3085 2314 3157 sepultus
2342 3092 2431 3140 est
2463 3087 2519 3141 in
2551 3087 2754 3141 eadem
2791 3087 3019 3153 urbe,et
3050 3088 3451 3161 episcopatum
3483 3089 3612 3159 ejus

1960 3173 2314 3230 Willielmus
2346 3174 2786 3246 Argentinensis
2810 3175 3128 3231 canonieus
3150 3176 3614 3248 suacepit.Lega-

1960 3264 2136 3319 tionis
2167 3267 2364 3318 tamen
2399 3281 2636 3319 causam
2672 3268 2872 3335 postea
2921 3265 3240 3338 imperator
3282 3265 3610 3321 Graecorum

1960 3353 2152 3410 aureis
2184 3352 2396 3408 litteris
2429 3353 2763 3426 imperatori
2795 3353 3144 3410 Chuonrado
3186 3354 3503 3427 rescripsit.

3662 1844 3678 1871 ν

1961 3477 2112 3524 QUOD
2173 3477 2501 3515 IMPERATOR
2563 3477 2759 3514 FILIUM
2820 3477 2985 3516 SUUM
3053 3477 3352 3519 HENRICUM
3421 3479 3614 3517 REGEM

2502 3549 2852 3586 CONSECRARI
2893 3549 3070 3588 FECIT.

2030 3623 2196 3674 Anno
2263 3618 2492 3673 Domini
2566 3621 2722 3686 1028,
2786 3619 3106 3676 indictione
3163 3639 3241 3690 χι,
3301 3620 3618 3694 imperator

1960 3708 2345 3764 Chuonradus
2374 3707 2560 3764 filium
2595 3726 2768 3764 suum
2805 3708 3146 3765 Heinrieum
3178 3709 3376 3784 magni
3398 3709 3616 3782 ingenii

1961 3802 2019 3852 et
2043 3797 2204 3851 bona:
2233 3795 2446 3851 indolis
2479 3812 2724 3866 puerum
2757 3799 2924 3851 aetate
2945 3815 3001 3851 x1
3027 3797 3616 3870 annorum,priucipi-

1963 3886 2072 3940 bus
2105 3883 2266 3956 regni
2300 3900 2432 3938 cum
2465 3888 2584 3938 tota
2619 3883 2996 3938 multitudine
3020 3884 3220 3955 populi
3243 3885 3300 3940 id
3323 3885 3614 3956 probanti-

1963 3975 2135 4034 bus.a
2164 3971 2460 4043 Pelegrino
2478 3972 2914 4043 archiepiscopo
2931 3971 3261 4027 Coloniensi
3281 3973 3337 4026 in
3357 3973 3610 4044 regalem

1962 4062 2187 4132 apicem
2207 4060 2359 4130 apud
2377 4058 2726 4131 Aquisgrani
2747 4057 3028 4130 palatium
3048 4059 3355 4114 sublimari
3378 4059 3608 4114 fecerat.

1962 4151 2125 4205 Tunc
2158 4149 2215 4202 in
2248 4147 2553 4219 principali
2585 4146 2887 4203 Dominica
2910 4147 3140 4203 Paschze
3163 4151 3536 4203 consecratus
3556 4151 3614 4203 et

1962 4236 2633 4308 coronatus,paschalem
2668 4235 2930 4291 laetitiam
2963 4235 3444 4308 triplieavit.Nam
3468 4236 3611 4292 dum

1962 4327 2019 4382 in
2053 4325 2456 4399 superioribus
2483 4325 2656 4380 annis
2700 4324 2847 4379 duas
2898 4341 3163 4392 coronas,
3198 4325 3254 4380 id
3287 4327 3394 4389 est,
3430 4324 3612 4395 patris

1961 4422 2019 4472 et
2062 4414 2266 4471 matris
2324 4431 2441 4469 suae
2496 4414 2754 4469 mundus
2809 4418 3203 4496 veneraretur,
3237 4430 3394 4470 nunc
3441 4412 3616 4469 tertia

1889 4519 1933 4582 [)
1964 4506 2187 4562 addita.

2039 4595 2183 4666 Spes
2215 4592 2392 4664 pacis,
2428 4609 2605 4664 quam
2638 4607 2735 4646 rex
2765 4607 2898 4646 cum
2931 4589 3152 4647 Caesare
3182 4590 3317 4646 fecit
3348 4607 3361 4646 :

1965 4679 2288 4753 praesertim
2320 4696 2454 4734 cum
2487 4679 2536 4734 is
2568 4682 2879 4734 coronatus
2929 4683 3103 4745 esset,
3137 4679 3308 4750 cujus
3355 4683 3493 4733 tetas
3524 4678 3616 4734 via

1965 4769 2244 4824 diuturna
2274 4768 2418 4823 satis
2448 4768 2627 4839 digna
2656 4768 2863 4822 fuerat.
2897 4767 3117 4822 Deinde
3164 4766 3392 4821 diversa
3436 4781 3616 4837 regna

1967 4862 2364 4930 peragrantes,
2398 4857 2587 4912 Caesar
2616 4873 2716 4928 per
2745 4872 2807 4909 se
2838 4872 2937 4910 rex
2963 4856 3072 4910 sub
3117 4858 3305 4910 tutore
3335 4858 3391 4909 et
3421 4858 3616 4910 actore

1966 4946 2318 5018 Augustensi
2347 4944 2616 5016 episcopo
2651 4944 2920 4998 Brunone
2951 4946 3192 4997 cunctos
3238 4941 3484 4998 rebelles
3511 4943 3635 4998 do-.

1969 5035 2205 5091 mabant
2233 5039 2290 5089 et
2322 5034 2534 5088 fmdera
2566 5032 2725 5104 pacis
2759 5031 2978 5102 ubique
3011 5030 3256 5085 feliciter
3277 5031 3613 5086 ﬁrmabant.

2293 5141 2362 5178 DE
2399 5139 2566 5176 OBITU
2608 5137 2863 5176 EPISCOPI
2904 5135 3302 5174 AUGUSTENSIS.

2041 5215 2206 5266 Anno
2239 5211 2502 5282 sequenti
2536 5211 2854 5280 imperator
2881 5207 2940 5262 in
2974 5207 3241 5278 Bajoaria
3288 5207 3617 5280 Ratisponze

1971 5300 2194 5354 Pascha
2225 5299 2568 5354 celebravit:
2593 5297 2670 5351 ibi
2691 5296 2882 5350 Bruno
2905 5295 3214 5368 episcopus
3233 5296 3622 5368 Augustensis

1972 5389 2280 5444 defunctus
2312 5392 2422 5452 est,
2455 5373 2627 5457 cujus
2661 5401 2872 5456 corpus
2910 5383 3246 5456 imperatrix
3294 5388 3618 5457 prosecuta,

1972 5495 2104 5533 cum
2137 5476 2254 5531 ﬁlio
2288 5475 2553 5532 Heinrico
2586 5491 2718 5546 rege
2750 5474 2821 5528 ad
2851 5476 3175 5546 Augustam
3223 5474 3420 5530 sedem
3452 5490 3620 5530 suam

1972 5565 2290 5622 honoriﬁce
2322 5563 2553 5638 sepeliri
2587 5564 2863 5620 fecerunt.
2898 5562 3121 5620 Nobilis
3149 5562 3316 5621 valde
3358 5563 3470 5620 fuit
3499 5562 3623 5634 ipse
