  <div class='ocr_page' id='page_1' title='image "/cluster/home/n/w/nwhite01/storage/ocr_20150623/142/hvd.32044054760020/626.png"; bbox 0 0 4026 6184; ppageno 0'>
   <div class='ocr_carea' id='block_1_1' title="bbox 247 277 395 340">
    <p class='ocr_par' dir='ltr' id='par_1_1' title="bbox 247 277 395 340">
     <span class='ocr_line' id='line_1_1' title="bbox 247 277 395 340; baseline -0.014 0"><span class='ocrx_word' id='word_1_1' title='bbox 247 277 395 340; x_wconf 61' lang='grc'><strong>1241</strong></span> 
     </span>
    </p>
   </div>
   <div class='ocr_carea' id='block_1_2' title="bbox 1501 271 2384 336">
    <p class='ocr_par' dir='ltr' id='par_1_2' title="bbox 1501 271 2384 336">
     <span class='ocr_line' id='line_1_2' title="bbox 1501 271 2384 336; baseline 0.001 -1"><span class='ocrx_word' id='word_1_2' title='bbox 1501 273 1685 335; x_wconf 81' lang='lat' dir='ltr'><strong>VITA</strong></span> <span class='ocrx_word' id='word_1_3' title='bbox 1728 271 2065 334; x_wconf 78' lang='lat' dir='ltr'><strong>CONRADI</strong></span> <span class='ocrx_word' id='word_1_4' title='bbox 2109 273 2384 336; x_wconf 80' lang='lat' dir='ltr'><strong>SALICI.</strong></span> 
     </span>
    </p>
   </div>
   <div class='ocr_carea' id='block_1_3' title="bbox 3494 276 3648 343">
    <p class='ocr_par' dir='ltr' id='par_1_3' title="bbox 3494 276 3648 343">
     <span class='ocr_line' id='line_1_3' title="bbox 3494 276 3648 343; baseline -0.013 0"><span class='ocrx_word' id='word_1_5' title='bbox 3494 276 3648 343; x_wconf 68' lang='grc'><strong>1242</strong></span> 
     </span>
    </p>
   </div>
   <div class='ocr_carea' id='block_1_4' title="bbox 243 405 3652 486">
    <p class='ocr_par' dir='ltr' id='par_1_4' title="bbox 243 405 3652 486">
     <span class='ocr_line' id='line_1_4' title="bbox 243 405 3652 486; baseline -0.001 -11"><span class='ocrx_word' id='word_1_6' title='bbox 243 415 576 475; x_wconf 73' lang='lat' dir='ltr'><strong>avunculus</strong></span> <span class='ocrx_word' id='word_1_7' title='bbox 601 411 804 471; x_wconf 74' lang='lat' dir='ltr'><strong>Gi&#39;sclze</strong></span> <span class='ocrx_word' id='word_1_8' title='bbox 835 410 1401 486; x_wconf 86' lang='lat' dir='ltr'><strong>imperatricis,obiit</strong></span> <span class='ocrx_word' id='word_1_9' title='bbox 1431 410 1486 466; x_wconf 91' lang='lat' dir='ltr'><strong>in</strong></span> <span class='ocrx_word' id='word_1_10' title='bbox 1519 425 1687 482; x_wconf 88' lang='lat' dir='ltr'><strong>pace;</strong></span> <span class='ocrx_word' id='word_1_11' title='bbox 1720 407 1892 477; x_wconf 84' lang='lat' dir='ltr'><strong>cujus</strong></span> <span class='ocrx_word' id='word_1_12' title='bbox 1921 405 1974 472; x_wconf 82' lang='grc' dir='ltr'><strong>Α</strong></span> <span class='ocrx_word' id='word_1_13' title='bbox 2004 407 2560 480; x_wconf 72' lang='lat' dir='ltr'><strong>constringerentur,</strong></span> <span class='ocrx_word' id='word_1_14' title='bbox 2594 414 2658 465; x_wconf 88' lang='lat' dir='ltr'><strong>ut</strong></span> <span class='ocrx_word' id='word_1_15' title='bbox 2688 413 3210 484; x_wconf 88' lang='lat' dir='ltr'><strong>nequaquam,nisi</strong></span> <span class='ocrx_word' id='word_1_16' title='bbox 3241 414 3544 472; x_wconf 86' lang='lat' dir='ltr'><strong>securibus</strong></span> <span class='ocrx_word' id='word_1_17' title='bbox 3595 419 3652 472; x_wconf 91' lang='lat' dir='ltr'><strong>et</strong></span> 
     </span>
    </p>
   </div>
   <div class='ocr_carea' id='block_1_5' title="bbox 243 496 1892 580">
    <p class='ocr_par' dir='ltr' id='par_1_5' title="bbox 243 496 1892 580">
     <span class='ocr_line' id='line_1_5' title="bbox 243 496 1892 580; baseline -0.008 -17"><span class='ocrx_word' id='word_1_18' title='bbox 243 523 492 580; x_wconf 84' lang='lat' dir='ltr'><strong>regnum</strong></span> <span class='ocrx_word' id='word_1_19' title='bbox 523 520 716 560; x_wconf 89' lang='lat' dir='ltr'><strong>comes</strong></span> <span class='ocrx_word' id='word_1_20' title='bbox 743 502 863 558; x_wconf 93' lang='lat' dir='ltr'><strong>Odo</strong></span> <span class='ocrx_word' id='word_1_21' title='bbox 896 502 991 576; x_wconf 81' lang='grc' dir='ltr'><strong>[αι.</strong></span> <span class='ocrx_word' id='word_1_22' title='bbox 1026 501 1170 572; x_wconf 80' lang='lat' dir='ltr'><strong>Udo]</strong></span> <span class='ocrx_word' id='word_1_23' title='bbox 1201 499 1573 571; x_wconf 82' lang='lat' dir='ltr'><strong>Francigena,</strong></span> <span class='ocrx_word' id='word_1_24' title='bbox 1609 496 1764 552; x_wconf 82' lang='lat' dir='ltr'><strong>ﬁlius</strong></span> <span class='ocrx_word' id='word_1_25' title='bbox 1796 512 1892 550; x_wconf 89' lang='lat' dir='ltr'><strong>so-</strong></span> 
     </span>
    </p>
   </div>
   <div class='ocr_carea' id='block_1_6' title="bbox 244 589 1894 663">
    <p class='ocr_par' dir='ltr' id='par_1_6' title="bbox 244 589 1894 663">
     <span class='ocr_line' id='line_1_6' title="bbox 244 589 1894 663; baseline -0.006 -11"><span class='ocrx_word' id='word_1_26' title='bbox 244 595 393 652; x_wconf 85' lang='lat' dir='ltr'><strong>roris</strong></span> <span class='ocrx_word' id='word_1_27' title='bbox 425 613 543 649; x_wconf 72' lang='lat' dir='ltr'><strong>suaa</strong></span> <span class='ocrx_word' id='word_1_28' title='bbox 574 593 803 659; x_wconf 81' lang='lat' dir='ltr'><strong>invasit,</strong></span> <span class='ocrx_word' id='word_1_29' title='bbox 838 596 894 647; x_wconf 90' lang='lat' dir='ltr'><strong>et</strong></span> <span class='ocrx_word' id='word_1_30' title='bbox 944 592 1210 663; x_wconf 67' lang='lat' dir='ltr'><strong>quzedam</strong></span> <span class='ocrx_word' id='word_1_31' title='bbox 1259 595 1450 646; x_wconf 87' lang='lat' dir='ltr'><strong>castra</strong></span> <span class='ocrx_word' id='word_1_32' title='bbox 1495 589 1894 643; x_wconf 89' lang='lat' dir='ltr'><strong>munitissima</strong></span> 
     </span>
    </p>
   </div>
   <div class='ocr_carea' id='block_1_7' title="bbox 244 680 1893 751">
    <p class='ocr_par' dir='ltr' id='par_1_7' title="bbox 244 680 1893 751">
     <span class='ocr_line' id='line_1_7' title="bbox 244 680 1893 751; baseline -0.005 -9"><span class='ocrx_word' id='word_1_33' title='bbox 244 686 364 744; x_wconf 86' lang='lat' dir='ltr'><strong>sive</strong></span> <span class='ocrx_word' id='word_1_34' title='bbox 396 683 680 750; x_wconf 86' lang='lat' dir='ltr'><strong>civitates,</strong></span> <span class='ocrx_word' id='word_1_35' title='bbox 710 698 812 737; x_wconf 86' lang='lat' dir='ltr'><strong>seu</strong></span> <span class='ocrx_word' id='word_1_36' title='bbox 843 680 996 746; x_wconf 86' lang='lat' dir='ltr'>dolo,</span> <span class='ocrx_word' id='word_1_37' title='bbox 1031 696 1132 735; x_wconf 88' lang='lat' dir='ltr'><strong>seu</strong></span> <span class='ocrx_word' id='word_1_38' title='bbox 1179 680 1330 736; x_wconf 90' lang='lat' dir='ltr'><strong>bello</strong></span> <span class='ocrx_word' id='word_1_39' title='bbox 1385 683 1612 751; x_wconf 76' lang='lat' dir='ltr'><strong>ceperat</strong></span> <span class='ocrx_word' id='word_1_40' title='bbox 1646 697 1658 734; x_wconf 88' lang='lat'><strong>:</strong></span> <span class='ocrx_word' id='word_1_41' title='bbox 1695 694 1798 733; x_wconf 91' lang='lat' dir='ltr'><strong>nec</strong></span> <span class='ocrx_word' id='word_1_42' title='bbox 1832 694 1893 733; x_wconf 91' lang='lat' dir='ltr'><strong>se</strong></span> 
     </span>
    </p>
   </div>
   <div class='ocr_carea' id='block_1_8' title="bbox 245 767 1893 848">
    <p class='ocr_par' dir='ltr' id='par_1_8' title="bbox 245 767 1893 848">
     <span class='ocr_line' id='line_1_8' title="bbox 245 767 1893 848; baseline -0.006 -17"><span class='ocrx_word' id='word_1_43' title='bbox 245 791 440 848; x_wconf 89' lang='lat' dir='ltr'><strong>regem</strong></span> <span class='ocrx_word' id='word_1_44' title='bbox 470 787 652 828; x_wconf 89' lang='lat' dir='ltr'><strong>ausus</strong></span> <span class='ocrx_word' id='word_1_45' title='bbox 682 775 770 826; x_wconf 88' lang='lat' dir='ltr'><strong>est</strong></span> <span class='ocrx_word' id='word_1_46' title='bbox 804 771 1008 837; x_wconf 90' lang='lat' dir='ltr'><strong>facere,</strong></span> <span class='ocrx_word' id='word_1_47' title='bbox 1045 785 1149 825; x_wconf 89' lang='lat' dir='ltr'><strong>nec</strong></span> <span class='ocrx_word' id='word_1_48' title='bbox 1189 774 1382 824; x_wconf 88' lang='lat' dir='ltr'><strong>tamen</strong></span> <span class='ocrx_word' id='word_1_49' title='bbox 1435 785 1678 842; x_wconf 85' lang='lat' dir='ltr'><strong>regnum</strong></span> <span class='ocrx_word' id='word_1_50' title='bbox 1712 767 1893 822; x_wconf 86' lang='lat' dir='ltr'><strong>voluit</strong></span> 
     </span>
    </p>
   </div>
   <div class='ocr_carea' id='block_1_9' title="bbox 242 856 1888 931">
    <p class='ocr_par' dir='ltr' id='par_1_9' title="bbox 242 856 1888 931">
     <span class='ocr_line' id='line_1_9' title="bbox 242 856 1888 931; baseline -0.006 -10"><span class='ocrx_word' id='word_1_51' title='bbox 242 865 556 922; x_wconf 74' lang='lat' dir='ltr'><strong>dimittere.</strong></span> <span class='ocrx_word' id='word_1_52' title='bbox 605 861 908 916; x_wconf 80' lang='lat' dir='ltr'><strong>Referebat</strong></span> <span class='ocrx_word' id='word_1_53' title='bbox 956 859 1193 931; x_wconf 85' lang='lat' dir='ltr'><strong>quidam</strong></span> <span class='ocrx_word' id='word_1_54' title='bbox 1248 857 1414 913; x_wconf 91' lang='lat' dir='ltr'><strong>illum</strong></span> <span class='ocrx_word' id='word_1_55' title='bbox 1456 856 1668 913; x_wconf 84' lang='lat' dir='ltr'><strong>dixisse</strong></span> <span class='ocrx_word' id='word_1_56' title='bbox 1718 874 1888 929; x_wconf 71' lang='lat' dir='ltr'><strong>srepe,</strong></span> 
     </span>
    </p>
   </div>
   <div class='ocr_carea' id='block_1_10' title="bbox 243 946 1887 1027">
    <p class='ocr_par' dir='ltr' id='par_1_10' title="bbox 243 946 1887 1027">
     <span class='ocr_line' id='line_1_10' title="bbox 243 946 1887 1027; baseline -0.006 -17"><span class='ocrx_word' id='word_1_57' title='bbox 243 954 396 1027; x_wconf 88' lang='lat' dir='ltr'><strong>quod</strong></span> <span class='ocrx_word' id='word_1_58' title='bbox 417 966 722 1023; x_wconf 81' lang='lat' dir='ltr'><strong>nunquam</strong></span> <span class='ocrx_word' id='word_1_59' title='bbox 739 966 836 1004; x_wconf 83' lang='lat' dir='ltr'><strong>rex</strong></span> <span class='ocrx_word' id='word_1_60' title='bbox 854 947 1104 1012; x_wconf 81' lang='lat' dir='ltr'><strong>fieri,sed</strong></span> <span class='ocrx_word' id='word_1_61' title='bbox 1127 953 1318 1003; x_wconf 85' lang='lat' dir='ltr'><strong>tamen</strong></span> <span class='ocrx_word' id='word_1_62' title='bbox 1339 964 1570 1020; x_wconf 86' lang='lat' dir='ltr'><strong>semper</strong></span> <span class='ocrx_word' id='word_1_63' title='bbox 1592 946 1887 1018; x_wconf 83' lang='lat' dir='ltr'><strong>magister,</strong></span> 
     </span>
    </p>
   </div>
   <div class='ocr_carea' id='block_1_11' title="bbox 241 1038 1895 1114">
    <p class='ocr_par' dir='ltr' id='par_1_11' title="bbox 241 1038 1895 1114">
     <span class='ocr_line' id='line_1_11' title="bbox 241 1038 1895 1114; baseline -0.004 -14"><span class='ocrx_word' id='word_1_64' title='bbox 241 1059 369 1100; x_wconf 88' lang='lat' dir='ltr'><strong>esse</strong></span> <span class='ocrx_word' id='word_1_65' title='bbox 401 1040 554 1114; x_wconf 90' lang='lat' dir='ltr'><strong>regis</strong></span> <span class='ocrx_word' id='word_1_66' title='bbox 581 1039 856 1095; x_wconf 90' lang='lat' dir='ltr'><strong>vellet.Eo</strong></span> <span class='ocrx_word' id='word_1_67' title='bbox 879 1038 1050 1093; x_wconf 89' lang='lat' dir='ltr'><strong>modo</strong></span> <span class='ocrx_word' id='word_1_68' title='bbox 1074 1053 1345 1110; x_wconf 90' lang='lat' dir='ltr'><strong>magnam</strong></span> <span class='ocrx_word' id='word_1_69' title='bbox 1378 1041 1601 1109; x_wconf 86' lang='lat' dir='ltr'><strong>partem</strong></span> <span class='ocrx_word' id='word_1_70' title='bbox 1633 1041 1895 1108; x_wconf 89' lang='lat' dir='ltr'><strong>Burgun-</strong></span> 
     </span>
    </p>
   </div>
   <div class='ocr_carea' id='block_1_12' title="bbox 243 1126 1893 1199">
    <p class='ocr_par' dir='ltr' id='par_1_12' title="bbox 243 1126 1893 1199">
     <span class='ocr_line' id='line_1_12' title="bbox 243 1126 1893 1199; baseline -0.004 -11"><span class='ocrx_word' id='word_1_71' title='bbox 243 1133 350 1188; x_wconf 69' lang='grc' dir='ltr'><strong>ἀίω</strong></span> <span class='ocrx_word' id='word_1_72' title='bbox 365 1127 793 1190; x_wconf 82' lang='lat' dir='ltr'><strong>distraxit,licet</strong></span> <span class='ocrx_word' id='word_1_73' title='bbox 805 1142 1049 1198; x_wconf 88' lang='lat' dir='ltr'><strong>regnum</strong></span> <span class='ocrx_word' id='word_1_74' title='bbox 1065 1126 1414 1199; x_wconf 81' lang='lat' dir='ltr'><strong>Burgundiae</strong></span> <span class='ocrx_word' id='word_1_75' title='bbox 1429 1126 1775 1183; x_wconf 88' lang='lat' dir='ltr'><strong>Chuonrado</strong></span> <span class='ocrx_word' id='word_1_76' title='bbox 1790 1127 1893 1182; x_wconf 88' lang='lat' dir='ltr'><strong>im-</strong></span> 
     </span>
    </p>
   </div>
   <div class='ocr_carea' id='block_1_13' title="bbox 242 1215 1888 1294">
    <p class='ocr_par' dir='ltr' id='par_1_13' title="bbox 242 1215 1888 1294">
     <span class='ocr_line' id='line_1_13' title="bbox 242 1215 1888 1294; baseline -0.004 -17"><span class='ocrx_word' id='word_1_77' title='bbox 242 1219 496 1294; x_wconf 90' lang='lat' dir='ltr'><strong>peratori</strong></span> <span class='ocrx_word' id='word_1_78' title='bbox 531 1223 586 1274; x_wconf 90' lang='lat' dir='ltr'><strong>et</strong></span> <span class='ocrx_word' id='word_1_79' title='bbox 617 1215 735 1272; x_wconf 84' lang='lat' dir='ltr'><strong>lilio</strong></span> <span class='ocrx_word' id='word_1_80' title='bbox 767 1216 894 1286; x_wconf 85' lang='lat' dir='ltr'><strong>ejus</strong></span> <span class='ocrx_word' id='word_1_81' title='bbox 925 1215 1190 1270; x_wconf 87' lang='lat' dir='ltr'><strong>Heinrico</strong></span> <span class='ocrx_word' id='word_1_82' title='bbox 1209 1215 1716 1288; x_wconf 86' lang='lat' dir='ltr'><strong>regi,aRodulpho</strong></span> <span class='ocrx_word' id='word_1_83' title='bbox 1737 1233 1888 1287; x_wconf 89' lang='lat' dir='ltr'><strong>rege,</strong></span> 
     </span>
    </p>
   </div>
   <div class='ocr_carea' id='block_1_14' title="bbox 243 1305 1891 1382">
    <p class='ocr_par' dir='ltr' id='par_1_14' title="bbox 243 1305 1891 1382">
     <span class='ocr_line' id='line_1_14' title="bbox 243 1305 1891 1382; baseline -0.002 -18"><span class='ocrx_word' id='word_1_84' title='bbox 243 1312 557 1382; x_wconf 81' lang='lat' dir='ltr'><strong>postquam</strong></span> <span class='ocrx_word' id='word_1_85' title='bbox 581 1306 704 1378; x_wconf 88' lang='lat' dir='ltr'><strong>ipse</strong></span> <span class='ocrx_word' id='word_1_86' title='bbox 725 1307 1022 1375; x_wconf 84' lang='lat' dir='ltr'><strong>superstes</strong></span> <span class='ocrx_word' id='word_1_87' title='bbox 1044 1321 1159 1358; x_wconf 91' lang='lat' dir='ltr'><strong>non</strong></span> <span class='ocrx_word' id='word_1_88' title='bbox 1173 1305 1891 1375; x_wconf 82' lang='lat' dir='ltr'><strong>esset,perjusjurandum</strong></span> 
     </span>
    </p>
   </div>
   <div class='ocr_carea' id='block_1_15' title="bbox 243 1392 1890 1454">
    <p class='ocr_par' dir='ltr' id='par_1_15' title="bbox 243 1392 1890 1454">
     <span class='ocr_line' id='line_1_15' title="bbox 243 1392 1890 1454; baseline -0.003 -1"><span class='ocrx_word' id='word_1_89' title='bbox 243 1398 654 1454; x_wconf 75' lang='lat' dir='ltr'><strong>conﬁrmatum</strong></span> <span class='ocrx_word' id='word_1_90' title='bbox 704 1397 876 1449; x_wconf 89' lang='lat' dir='ltr'><strong>esset.</strong></span> <span class='ocrx_word' id='word_1_91' title='bbox 930 1393 1039 1448; x_wconf 88' lang='lat' dir='ltr'><strong>Sed</strong></span> <span class='ocrx_word' id='word_1_92' title='bbox 1089 1393 1227 1447; x_wconf 86' lang='lat' dir='ltr'><strong>dum</strong></span> <span class='ocrx_word' id='word_1_93' title='bbox 1279 1392 1400 1447; x_wconf 89' lang='lat' dir='ltr'><strong>Odo</strong></span> <span class='ocrx_word' id='word_1_94' title='bbox 1447 1409 1642 1448; x_wconf 89' lang='lat' dir='ltr'><strong>comes</strong></span> <span class='ocrx_word' id='word_1_95' title='bbox 1684 1394 1803 1448; x_wconf 84' lang='lat' dir='ltr'><strong>haec</strong></span> <span class='ocrx_word' id='word_1_96' title='bbox 1832 1393 1890 1448; x_wconf 89' lang='lat' dir='ltr'><strong>in</strong></span> 
     </span>
    </p>
   </div>
   <div class='ocr_carea' id='block_1_16' title="bbox 243 1481 1896 1557">
    <p class='ocr_par' dir='ltr' id='par_1_16' title="bbox 243 1481 1896 1557">
     <span class='ocr_line' id='line_1_16' title="bbox 243 1481 1896 1557; baseline -0.002 -15"><span class='ocrx_word' id='word_1_97' title='bbox 243 1483 582 1557; x_wconf 82' lang='lat' dir='ltr'><strong>B‘urgundia</strong></span> <span class='ocrx_word' id='word_1_98' title='bbox 605 1481 1225 1549; x_wconf 89' lang='lat' dir='ltr'><strong>faceret,Chuonradus</strong></span> <span class='ocrx_word' id='word_1_99' title='bbox 1249 1483 1566 1554; x_wconf 88' lang='lat' dir='ltr'><strong>imperator</strong></span> <span class='ocrx_word' id='word_1_100' title='bbox 1590 1483 1646 1538; x_wconf 92' lang='lat' dir='ltr'><strong>iu</strong></span> <span class='ocrx_word' id='word_1_101' title='bbox 1670 1484 1896 1539; x_wconf 83' lang='lat' dir='ltr'><strong>Sclavo-</strong></span> 
     </span>
    </p>
   </div>
   <div class='ocr_carea' id='block_1_17' title="bbox 243 1567 1896 1644">
    <p class='ocr_par' dir='ltr' id='par_1_17' title="bbox 243 1567 1896 1644">
     <span class='ocr_line' id='line_1_17' title="bbox 243 1567 1896 1644; baseline -0.002 -12"><span class='ocrx_word' id='word_1_102' title='bbox 243 1576 342 1632; x_wconf 89' lang='lat' dir='ltr'><strong>nia</strong></span> <span class='ocrx_word' id='word_1_103' title='bbox 370 1591 502 1630; x_wconf 89' lang='lat' dir='ltr'><strong>cum</strong></span> <span class='ocrx_word' id='word_1_104' title='bbox 527 1572 708 1628; x_wconf 86' lang='lat' dir='ltr'><strong>armis</strong></span> <span class='ocrx_word' id='word_1_105' title='bbox 735 1571 1117 1634; x_wconf 85' lang='lat' dir='ltr'><strong>fecerat.Quid</strong></span> <span class='ocrx_word' id='word_1_106' title='bbox 1166 1567 1244 1626; x_wconf 87' lang='lat' dir='ltr'><strong>ibi</strong></span> <span class='ocrx_word' id='word_1_107' title='bbox 1295 1573 1602 1643; x_wconf 84' lang='lat' dir='ltr'><strong>ageret,ve_l</strong></span> <span class='ocrx_word' id='word_1_108' title='bbox 1646 1572 1896 1644; x_wconf 88' lang='lat' dir='ltr'><strong>qualiter</strong></span> 
     </span>
    </p>
   </div>
   <div class='ocr_carea' id='block_1_18' title="bbox 242 1660 1896 1739">
    <p class='ocr_par' dir='ltr' id='par_1_18' title="bbox 242 1660 1896 1739">
     <span class='ocr_line' id='line_1_18' title="bbox 242 1660 1896 1739; baseline -0.002 -19"><span class='ocrx_word' id='word_1_109' title='bbox 242 1668 442 1739; x_wconf 88' lang='lat' dir='ltr'><strong>postea</strong></span> <span class='ocrx_word' id='word_1_110' title='bbox 468 1663 727 1718; x_wconf 90' lang='lat' dir='ltr'><strong>Odonem</strong></span> <span class='ocrx_word' id='word_1_111' title='bbox 752 1660 1061 1733; x_wconf 82' lang='lat' dir='ltr'><strong>repulisset</strong></span> <span class='ocrx_word' id='word_1_112' title='bbox 1081 1661 1151 1714; x_wconf 92' lang='lat' dir='ltr'><strong>de</strong></span> <span class='ocrx_word' id='word_1_113' title='bbox 1175 1661 1896 1734; x_wconf 85' lang='lat' dir='ltr'><strong>Burgundia,consequen-</strong></span> 
     </span>
    </p>
   </div>
   <div class='ocr_carea' id='block_1_19' title="bbox 240 1748 1891 1824">
    <p class='ocr_par' dir='ltr' id='par_1_19' title="bbox 240 1748 1891 1824">
     <span class='ocr_line' id='line_1_19' title="bbox 240 1748 1891 1824; baseline -0.001 -14"><span class='ocrx_word' id='word_1_114' title='bbox 240 1760 331 1810; x_wconf 91' lang='lat' dir='ltr'><strong>ter</strong></span> <span class='ocrx_word' id='word_1_115' title='bbox 356 1752 566 1808; x_wconf 88' lang='lat' dir='ltr'><strong>dicam.</strong></span> <span class='ocrx_word' id='word_1_116' title='bbox 601 1751 792 1823; x_wconf 88' lang='lat' dir='ltr'><strong>Supra</strong></span> <span class='ocrx_word' id='word_1_117' title='bbox 835 1750 1028 1804; x_wconf 88' lang='lat' dir='ltr'><strong>dictus</strong></span> <span class='ocrx_word' id='word_1_118' title='bbox 1077 1748 1364 1806; x_wconf 91' lang='lat' dir='ltr'><strong>Bolislaus</strong></span> <span class='ocrx_word' id='word_1_119' title='bbox 1394 1751 1510 1806; x_wconf 79' lang='lat' dir='ltr'><strong>dux</strong></span> <span class='ocrx_word' id='word_1_120' title='bbox 1542 1751 1891 1824; x_wconf 86' lang='lat' dir='ltr'><strong>Bolaporum</strong></span> 
     </span>
    </p>
   </div>
   <div class='ocr_carea' id='block_1_20' title="bbox 242 1837 1887 1910">
    <p class='ocr_par' dir='ltr' id='par_1_20' title="bbox 242 1837 1887 1910">
     <span class='ocr_line' id='line_1_20' title="bbox 242 1837 1887 1910; baseline -0.002 -11"><span class='ocrx_word' id='word_1_121' title='bbox 242 1837 778 1910; x_wconf 88' lang='lat' dir='ltr'><strong>mortuus,reliquit</strong></span> <span class='ocrx_word' id='word_1_122' title='bbox 805 1839 953 1893; x_wconf 90' lang='lat' dir='ltr'><strong>duos</strong></span> <span class='ocrx_word' id='word_1_123' title='bbox 983 1837 1498 1903; x_wconf 79' lang='lat' dir='ltr'><strong>filios,Misiconem</strong></span> <span class='ocrx_word' id='word_1_124' title='bbox 1521 1844 1577 1896; x_wconf 92' lang='lat' dir='ltr'><strong>et</strong></span> <span class='ocrx_word' id='word_1_125' title='bbox 1598 1840 1887 1897; x_wconf 90' lang='lat' dir='ltr'><strong>Ottonem.</strong></span> 
     </span>
    </p>
   </div>
   <div class='ocr_carea' id='block_1_21' title="bbox 242 1927 1888 2001">
    <p class='ocr_par' dir='ltr' id='par_1_21' title="bbox 242 1927 1888 2001">
     <span class='ocr_line' id='line_1_21' title="bbox 242 1927 1888 2001; baseline -0.001 -14"><span class='ocrx_word' id='word_1_126' title='bbox 242 1929 447 1987; x_wconf 86' lang='lat' dir='ltr'><strong>Misico</strong></span> <span class='ocrx_word' id='word_1_127' title='bbox 478 1929 618 1983; x_wconf 93' lang='lat' dir='ltr'><strong>dum</strong></span> <span class='ocrx_word' id='word_1_128' title='bbox 651 1927 886 1982; x_wconf 75' lang='lat' dir='ltr'><strong>fratrem</strong></span> <span class='ocrx_word' id='word_1_129' title='bbox 919 1943 1092 1981; x_wconf 91' lang='lat' dir='ltr'><strong>suum</strong></span> <span class='ocrx_word' id='word_1_130' title='bbox 1125 1927 1394 1982; x_wconf 89' lang='lat' dir='ltr'><strong>Ottonem</strong></span> <span class='ocrx_word' id='word_1_131' title='bbox 1425 1934 1888 2001; x_wconf 87' lang='lat' dir='ltr'><strong>persequeretur,</strong></span> 
     </span>
    </p>
   </div>
   <div class='ocr_carea' id='block_1_22' title="bbox 242 2015 1891 2092">
    <p class='ocr_par' dir='ltr' id='par_1_22' title="bbox 242 2015 1891 2092">
     <span class='ocr_line' id='line_1_22' title="bbox 242 2015 1891 2092; baseline -0.001 -17"><span class='ocrx_word' id='word_1_132' title='bbox 242 2017 544 2092; x_wconf 86' lang='lat' dir='ltr'><strong>expulerat</strong></span> <span class='ocrx_word' id='word_1_133' title='bbox 586 2031 720 2072; x_wconf 90' lang='lat' dir='ltr'><strong>eum</strong></span> <span class='ocrx_word' id='word_1_134' title='bbox 771 2015 829 2070; x_wconf 90' lang='lat' dir='ltr'><strong>in</strong></span> <span class='ocrx_word' id='word_1_135' title='bbox 861 2015 1156 2071; x_wconf 85' lang='lat' dir='ltr'><strong>Russiam.</strong></span> <span class='ocrx_word' id='word_1_136' title='bbox 1190 2016 1339 2074; x_wconf 90' lang='lat' dir='ltr'><strong>Dum</strong></span> <span class='ocrx_word' id='word_1_137' title='bbox 1395 2015 1474 2071; x_wconf 89' lang='lat' dir='ltr'><strong>ibi</strong></span> <span class='ocrx_word' id='word_1_138' title='bbox 1522 2017 1891 2089; x_wconf 91' lang='lat' dir='ltr'><strong>aliquantum</strong></span> 
     </span>
    </p>
   </div>
   <div class='ocr_carea' id='block_1_23' title="bbox 240 2103 1892 2182">
    <p class='ocr_par' dir='ltr' id='par_1_23' title="bbox 240 2103 1892 2182">
     <span class='ocr_line' id='line_1_23' title="bbox 240 2103 1892 2182; baseline -0.001 -18"><span class='ocrx_word' id='word_1_139' title='bbox 240 2112 478 2180; x_wconf 87' lang='lat' dir='ltr'><strong>tempus</strong></span> <span class='ocrx_word' id='word_1_140' title='bbox 508 2103 918 2162; x_wconf 87' lang='lat' dir='ltr'><strong>miserabiliter</strong></span> <span class='ocrx_word' id='word_1_141' title='bbox 945 2104 1178 2171; x_wconf 85' lang='lat' dir='ltr'><strong>viveret,</strong></span> <span class='ocrx_word' id='word_1_142' title='bbox 1210 2105 1384 2177; x_wconf 79' lang='lat' dir='ltr'><strong>coepit</strong></span> <span class='ocrx_word' id='word_1_143' title='bbox 1414 2123 1615 2177; x_wconf 88' lang='lat' dir='ltr'><strong>rogare</strong></span> <span class='ocrx_word' id='word_1_144' title='bbox 1643 2107 1892 2182; x_wconf 83' lang='lat' dir='ltr'><strong>gratiam</strong></span> 
     </span>
    </p>
   </div>
   <div class='ocr_carea' id='block_1_24' title="bbox 240 2193 1893 2268">
    <p class='ocr_par' dir='ltr' id='par_1_24' title="bbox 240 2193 1893 2268">
     <span class='ocr_line' id='line_1_24' title="bbox 240 2193 1893 2268; baseline -0.001 -16"><span class='ocrx_word' id='word_1_145' title='bbox 240 2193 612 2268; x_wconf 83' lang='lat' dir='ltr'><strong>imperatoris</strong></span> <span class='ocrx_word' id='word_1_146' title='bbox 637 2193 1060 2259; x_wconf 85' lang='lat' dir='ltr'><strong>Chuonradi,ut</strong></span> <span class='ocrx_word' id='word_1_147' title='bbox 1078 2193 1206 2266; x_wconf 91' lang='lat' dir='ltr'><strong>ipso</strong></span> <span class='ocrx_word' id='word_1_148' title='bbox 1237 2193 1559 2266; x_wconf 82' lang='lat' dir='ltr'><strong>imperante</strong></span> <span class='ocrx_word' id='word_1_149' title='bbox 1581 2199 1634 2250; x_wconf 91' lang='lat' dir='ltr'><strong>et</strong></span> <span class='ocrx_word' id='word_1_150' title='bbox 1651 2197 1893 2266; x_wconf 86' lang='lat' dir='ltr'><strong>juvante</strong></span> 
     </span>
    </p>
   </div>
   <div class='ocr_carea' id='block_1_25' title="bbox 241 2282 1892 2356">
    <p class='ocr_par' dir='ltr' id='par_1_25' title="bbox 241 2282 1892 2356">
     <span class='ocr_line' id='line_1_25' title="bbox 241 2282 1892 2356; baseline -0.001 -16"><span class='ocrx_word' id='word_1_151' title='bbox 241 2284 648 2342; x_wconf 85' lang='lat' dir='ltr'><strong>restitueretur</strong></span> <span class='ocrx_word' id='word_1_152' title='bbox 675 2282 873 2354; x_wconf 74' lang='lat' dir='ltr'><strong>patriae</strong></span> <span class='ocrx_word' id='word_1_153' title='bbox 924 2299 1064 2337; x_wconf 75' lang='lat' dir='ltr'><strong>suae.</strong></span> <span class='ocrx_word' id='word_1_154' title='bbox 1099 2283 1259 2348; x_wconf 89' lang='lat' dir='ltr'><strong>Quod</strong></span> <span class='ocrx_word' id='word_1_155' title='bbox 1291 2284 1432 2338; x_wconf 92' lang='lat' dir='ltr'><strong>dum</strong></span> <span class='ocrx_word' id='word_1_156' title='bbox 1467 2284 1782 2356; x_wconf 87' lang='lat' dir='ltr'><strong>imperator</strong></span> <span class='ocrx_word' id='word_1_157' title='bbox 1811 2285 1892 2339; x_wconf 89' lang='lat' dir='ltr'><strong>fa-</strong></span> 
     </span>
    </p>
   </div>
   <div class='ocr_carea' id='block_1_26' title="bbox 241 2371 1894 2448">
    <p class='ocr_par' dir='ltr' id='par_1_26' title="bbox 241 2371 1894 2448">
     <span class='ocr_line' id='line_1_26' title="bbox 241 2371 1894 2448; baseline -0.001 -16"><span class='ocrx_word' id='word_1_158' title='bbox 241 2391 373 2432; x_wconf 82' lang='lat' dir='ltr'><strong>cere</strong></span> <span class='ocrx_word' id='word_1_159' title='bbox 391 2373 582 2440; x_wconf 88' lang='lat' dir='ltr'><strong>vellet,</strong></span> <span class='ocrx_word' id='word_1_160' title='bbox 600 2371 849 2428; x_wconf 90' lang='lat' dir='ltr'><strong>decrevit</strong></span> <span class='ocrx_word' id='word_1_161' title='bbox 874 2377 936 2427; x_wconf 92' lang='lat' dir='ltr'><strong>ut</strong></span> <span class='ocrx_word' id='word_1_162' title='bbox 967 2373 1091 2444; x_wconf 87' lang='lat' dir='ltr'><strong>ipse</strong></span> <span class='ocrx_word' id='word_1_163' title='bbox 1121 2391 1254 2428; x_wconf 91' lang='lat' dir='ltr'><strong>cum</strong></span> <span class='ocrx_word' id='word_1_164' title='bbox 1277 2375 1459 2446; x_wconf 85' lang='lat' dir='ltr'><strong>cepiis</strong></span> <span class='ocrx_word' id='word_1_165' title='bbox 1487 2392 1555 2429; x_wconf 83' lang='lat' dir='ltr'><strong>ex</strong></span> <span class='ocrx_word' id='word_1_166' title='bbox 1586 2393 1703 2430; x_wconf 91' lang='lat' dir='ltr'><strong>una</strong></span> <span class='ocrx_word' id='word_1_167' title='bbox 1735 2380 1894 2448; x_wconf 88' lang='lat' dir='ltr'><strong>parte</strong></span> 
     </span>
    </p>
   </div>
   <div class='ocr_carea' id='block_1_27' title="bbox 239 2462 1890 2534">
    <p class='ocr_par' dir='ltr' id='par_1_27' title="bbox 239 2462 1890 2534">
     <span class='ocr_line' id='line_1_27' title="bbox 239 2462 1890 2534; baseline -0.002 -13"><span class='ocrx_word' id='word_1_168' title='bbox 239 2479 312 2521; x_wconf 79' lang='lat' dir='ltr'><strong>ex</strong></span> <span class='ocrx_word' id='word_1_169' title='bbox 369 2463 552 2518; x_wconf 87' lang='lat' dir='ltr'><strong>altera</strong></span> <span class='ocrx_word' id='word_1_170' title='bbox 608 2462 785 2518; x_wconf 82' lang='lat' dir='ltr'><strong>frater</strong></span> <span class='ocrx_word' id='word_1_171' title='bbox 843 2463 973 2516; x_wconf 81' lang='lat' dir='ltr'><strong>Otto</strong></span> <span class='ocrx_word' id='word_1_172' title='bbox 1021 2462 1357 2517; x_wconf 84' lang='lat' dir='ltr'><strong>Misiconem</strong></span> <span class='ocrx_word' id='word_1_173' title='bbox 1418 2464 1890 2534; x_wconf 74' lang='lat' dir='ltr'><strong>aggrederentur.</strong></span> 
     </span>
    </p>
   </div>
   <div class='ocr_carea' id='block_1_28' title="bbox 239 2549 1889 2624">
    <p class='ocr_par' dir='ltr' id='par_1_28' title="bbox 239 2549 1889 2624">
     <span class='ocr_line' id='line_1_28' title="bbox 239 2549 1889 2624; baseline 0 -16"><span class='ocrx_word' id='word_1_174' title='bbox 239 2558 408 2608; x_wconf 83' lang='lat' dir='ltr'><strong>Hunc</strong></span> <span class='ocrx_word' id='word_1_175' title='bbox 439 2552 722 2623; x_wconf 88' lang='lat' dir='ltr'><strong>impetum</strong></span> <span class='ocrx_word' id='word_1_176' title='bbox 769 2549 968 2606; x_wconf 88' lang='lat' dir='ltr'><strong>Misico</strong></span> <span class='ocrx_word' id='word_1_177' title='bbox 1011 2550 1166 2605; x_wconf 78' lang='lat' dir='ltr'><strong>ferre</strong></span> <span class='ocrx_word' id='word_1_178' title='bbox 1215 2567 1328 2606; x_wconf 91' lang='lat' dir='ltr'><strong>non</strong></span> <span class='ocrx_word' id='word_1_179' title='bbox 1385 2551 1584 2607; x_wconf 85' lang='lat' dir='ltr'><strong>valens</strong></span> <span class='ocrx_word' id='word_1_180' title='bbox 1644 2552 1791 2624; x_wconf 86' lang='lat' dir='ltr'><strong>fugit</strong></span> <span class='ocrx_word' id='word_1_181' title='bbox 1832 2552 1889 2608; x_wconf 91' lang='lat' dir='ltr'><strong>in</strong></span> 
     </span>
    </p>
   </div>
   <div class='ocr_carea' id='block_1_29' title="bbox 239 2637 1893 2714">
    <p class='ocr_par' dir='ltr' id='par_1_29' title="bbox 239 2637 1893 2714">
     <span class='ocr_line' id='line_1_29' title="bbox 239 2637 1893 2714; baseline -0.001 -16"><span class='ocrx_word' id='word_1_182' title='bbox 239 2640 540 2698; x_wconf 86' lang='lat' dir='ltr'><strong>Boemiam</strong></span> <span class='ocrx_word' id='word_1_183' title='bbox 591 2639 659 2694; x_wconf 88' lang='lat' dir='ltr'><strong>ad</strong></span> <span class='ocrx_word' id='word_1_184' title='bbox 717 2637 1050 2693; x_wconf 88' lang='lat' dir='ltr'><strong>Udalricum</strong></span> <span class='ocrx_word' id='word_1_185' title='bbox 1077 2639 1306 2705; x_wconf 86' lang='lat' dir='ltr'><strong>ducem,</strong></span> <span class='ocrx_word' id='word_1_186' title='bbox 1331 2640 1422 2695; x_wconf 91' lang='lat' dir='ltr'><strong>cui</strong></span> <span class='ocrx_word' id='word_1_187' title='bbox 1449 2645 1589 2696; x_wconf 91' lang='lat' dir='ltr'><strong>tunc</strong></span> <span class='ocrx_word' id='word_1_188' title='bbox 1617 2642 1893 2714; x_wconf 88' lang='lat' dir='ltr'><strong>temporis</strong></span> 
     </span>
    </p>
   </div>
   <div class='ocr_carea' id='block_1_30' title="bbox 237 2727 1894 2802">
    <p class='ocr_par' dir='ltr' id='par_1_30' title="bbox 237 2727 1894 2802">
     <span class='ocr_line' id='line_1_30' title="bbox 237 2727 1894 2802; baseline -0.002 -15"><span class='ocrx_word' id='word_1_189' title='bbox 237 2731 563 2802; x_wconf 88' lang='lat' dir='ltr'><strong>imperator</strong></span> <span class='ocrx_word' id='word_1_190' title='bbox 609 2727 795 2782; x_wconf 90' lang='lat' dir='ltr'><strong>iratus</strong></span> <span class='ocrx_word' id='word_1_191' title='bbox 846 2727 1052 2781; x_wconf 88' lang='lat' dir='ltr'><strong>fuerat.</strong></span> <span class='ocrx_word' id='word_1_192' title='bbox 1103 2727 1210 2782; x_wconf 90' lang='lat' dir='ltr'><strong>Sed</strong></span> <span class='ocrx_word' id='word_1_193' title='bbox 1258 2727 1354 2783; x_wconf 90' lang='lat' dir='ltr'><strong>ille</strong></span> <span class='ocrx_word' id='word_1_194' title='bbox 1401 2734 1465 2782; x_wconf 92' lang='lat' dir='ltr'><strong>ut</strong></span> <span class='ocrx_word' id='word_1_195' title='bbox 1515 2729 1597 2783; x_wconf 90' lang='lat' dir='ltr'><strong>sic</strong></span> <span class='ocrx_word' id='word_1_196' title='bbox 1641 2729 1894 2801; x_wconf 82' lang='lat' dir='ltr'><strong>placaret</strong></span> 
     </span>
    </p>
   </div>
   <div class='ocr_carea' id='block_1_31' title="bbox 241 2814 1891 2890">
    <p class='ocr_par' dir='ltr' id='par_1_31' title="bbox 241 2814 1891 2890">
     <span class='ocr_line' id='line_1_31' title="bbox 241 2814 1891 2890; baseline -0.001 -15"><span class='ocrx_word' id='word_1_197' title='bbox 241 2820 658 2890; x_wconf 88' lang='lat' dir='ltr'><strong>imperatorem</strong></span> <span class='ocrx_word' id='word_1_198' title='bbox 687 2814 868 2870; x_wconf 87' lang='lat' dir='ltr'><strong>voluit</strong></span> <span class='ocrx_word' id='word_1_199' title='bbox 901 2815 1010 2871; x_wconf 91' lang='lat' dir='ltr'><strong>sibi</strong></span> <span class='ocrx_word' id='word_1_200' title='bbox 1044 2817 1283 2872; x_wconf 84' lang='lat' dir='ltr'><strong>reddere</strong></span> <span class='ocrx_word' id='word_1_201' title='bbox 1314 2817 1652 2873; x_wconf 90' lang='lat' dir='ltr'><strong>Misiconem</strong></span> <span class='ocrx_word' id='word_1_202' title='bbox 1691 2836 1702 2872; x_wconf 94' lang='lat'>:</span> <span class='ocrx_word' id='word_1_203' title='bbox 1737 2821 1891 2890; x_wconf 87' lang='lat' dir='ltr'><strong>quod</strong></span> 
     </span>
    </p>
   </div>
   <div class='ocr_carea' id='block_1_32' title="bbox 235 2905 1894 2982">
    <p class='ocr_par' dir='ltr' id='par_1_32' title="bbox 235 2905 1894 2982">
     <span class='ocr_line' id='line_1_32' title="bbox 235 2905 1894 2982; baseline -0.001 -19"><span class='ocrx_word' id='word_1_204' title='bbox 235 2912 479 2982; x_wconf 91' lang='lat' dir='ltr'><strong>pactum</strong></span> <span class='ocrx_word' id='word_1_205' title='bbox 511 2905 854 2962; x_wconf 90' lang='lat' dir='ltr'><strong>sceleratum</strong></span> <span class='ocrx_word' id='word_1_206' title='bbox 906 2905 1096 2960; x_wconf 89' lang='lat' dir='ltr'><strong>renuit</strong></span> <span class='ocrx_word' id='word_1_207' title='bbox 1141 2905 1346 2972; x_wconf 62' lang='lat' dir='ltr'><strong>Cesar,</strong></span> <span class='ocrx_word' id='word_1_208' title='bbox 1380 2907 1580 2961; x_wconf 89' lang='lat' dir='ltr'><strong>dicens</strong></span> <span class='ocrx_word' id='word_1_209' title='bbox 1630 2924 1692 2962; x_wconf 92' lang='lat' dir='ltr'><strong>se</strong></span> <span class='ocrx_word' id='word_1_210' title='bbox 1743 2907 1894 2962; x_wconf 91' lang='lat' dir='ltr'><strong>nolle</strong></span> 
     </span>
    </p>
   </div>
   <div class='ocr_carea' id='block_1_33' title="bbox 234 2993 1889 3068">
    <p class='ocr_par' dir='ltr' id='par_1_33' title="bbox 234 2993 1889 3068">
     <span class='ocr_line' id='line_1_33' title="bbox 234 2993 1889 3068; baseline 0 -16"><span class='ocrx_word' id='word_1_211' title='bbox 234 2996 549 3053; x_wconf 88' lang='lat' dir='ltr'><strong>inimicum</strong></span> <span class='ocrx_word' id='word_1_212' title='bbox 582 3010 771 3050; x_wconf 90' lang='lat' dir='ltr'><strong>emere</strong></span> <span class='ocrx_word' id='word_1_213' title='bbox 800 2994 871 3049; x_wconf 92' lang='lat' dir='ltr'><strong>ab</strong></span> <span class='ocrx_word' id='word_1_214' title='bbox 904 2993 1308 3049; x_wconf 86' lang='lat' dir='ltr'><strong>inimico.0tto</strong></span> <span class='ocrx_word' id='word_1_215' title='bbox 1339 2995 1646 3050; x_wconf 88' lang='lat' dir='ltr'><strong>restitutus</strong></span> <span class='ocrx_word' id='word_1_216' title='bbox 1670 2997 1889 3068; x_wconf 64' lang='lat' dir='ltr'><strong>patriae,</strong></span> 
     </span>
    </p>
   </div>
   <div class='ocr_carea' id='block_1_34' title="bbox 235 3082 1889 3158">
    <p class='ocr_par' dir='ltr' id='par_1_34' title="bbox 235 3082 1889 3158">
     <span class='ocr_line' id='line_1_34' title="bbox 235 3082 1889 3158; baseline -0.001 -15"><span class='ocrx_word' id='word_1_217' title='bbox 235 3092 298 3144; x_wconf 88' lang='lat' dir='ltr'><strong>et</strong></span> <span class='ocrx_word' id='word_1_218' title='bbox 322 3087 441 3142; x_wconf 84' lang='lat' dir='ltr'><strong>dux</strong></span> <span class='ocrx_word' id='word_1_219' title='bbox 469 3085 656 3140; x_wconf 88' lang='lat' dir='ltr'><strong>factus</strong></span> <span class='ocrx_word' id='word_1_220' title='bbox 689 3100 722 3138; x_wconf 94' lang='lat' dir='ltr'><strong>a</strong></span> <span class='ocrx_word' id='word_1_221' title='bbox 751 3085 991 3147; x_wconf 69' lang='lat' dir='ltr'><strong>Caesare,</strong></span> <span class='ocrx_word' id='word_1_222' title='bbox 1022 3082 1160 3137; x_wconf 88' lang='lat' dir='ltr'><strong>dum</strong></span> <span class='ocrx_word' id='word_1_223' title='bbox 1216 3088 1346 3154; x_wconf 89' lang='lat' dir='ltr'><strong>post</strong></span> <span class='ocrx_word' id='word_1_224' title='bbox 1389 3083 1622 3157; x_wconf 88' lang='lat' dir='ltr'><strong>aliquod</strong></span> <span class='ocrx_word' id='word_1_225' title='bbox 1655 3090 1889 3158; x_wconf 86' lang='lat' dir='ltr'><strong>tempus</strong></span> 
     </span>
    </p>
   </div>
   <div class='ocr_carea' id='block_1_35' title="bbox 237 3172 1889 3243">
    <p class='ocr_par' dir='ltr' id='par_1_35' title="bbox 237 3172 1889 3243">
     <span class='ocr_line' id='line_1_35' title="bbox 237 3172 1889 3243; baseline -0.001 -12"><span class='ocrx_word' id='word_1_226' title='bbox 237 3175 445 3232; x_wconf 88' lang='lat' dir='ltr'><strong>minus</strong></span> <span class='ocrx_word' id='word_1_227' title='bbox 477 3175 642 3228; x_wconf 90' lang='lat' dir='ltr'><strong>caute</strong></span> <span class='ocrx_word' id='word_1_228' title='bbox 673 3175 887 3243; x_wconf 82' lang='lat' dir='ltr'><strong>ageret,</strong></span> <span class='ocrx_word' id='word_1_229' title='bbox 921 3189 954 3226; x_wconf 94' lang='lat' dir='ltr'><strong>a</strong></span> <span class='ocrx_word' id='word_1_230' title='bbox 983 3173 1237 3242; x_wconf 90' lang='lat' dir='ltr'><strong>quodam</strong></span> <span class='ocrx_word' id='word_1_231' title='bbox 1269 3172 1540 3229; x_wconf 69' lang='lat' dir='ltr'><strong>familiari</strong></span> <span class='ocrx_word' id='word_1_232' title='bbox 1588 3191 1696 3231; x_wconf 88' lang='lat' dir='ltr'><strong>suo</strong></span> <span class='ocrx_word' id='word_1_233' title='bbox 1740 3175 1889 3230; x_wconf 89' lang='lat' dir='ltr'><strong>clam</strong></span> 
     </span>
    </p>
   </div>
   <div class='ocr_carea' id='block_1_36' title="bbox 235 3259 1890 3335">
    <p class='ocr_par' dir='ltr' id='par_1_36' title="bbox 235 3259 1890 3335">
     <span class='ocr_line' id='line_1_36' title="bbox 235 3259 1890 3335; baseline -0.003 -13"><span class='ocrx_word' id='word_1_234' title='bbox 235 3263 585 3322; x_wconf 83' lang='lat' dir='ltr'><strong>interfectus</strong></span> <span class='ocrx_word' id='word_1_235' title='bbox 614 3264 717 3317; x_wconf 87' lang='lat' dir='ltr'><strong>est.</strong></span> <span class='ocrx_word' id='word_1_236' title='bbox 747 3261 909 3315; x_wconf 89' lang='lat' dir='ltr'><strong>Tunc</strong></span> <span class='ocrx_word' id='word_1_237' title='bbox 940 3259 1142 3316; x_wconf 84' lang='lat' dir='ltr'><strong>Misico</strong></span> <span class='ocrx_word' id='word_1_238' title='bbox 1171 3262 1447 3316; x_wconf 91' lang='lat' dir='ltr'><strong>omnibus</strong></span> <span class='ocrx_word' id='word_1_239' title='bbox 1497 3263 1686 3318; x_wconf 89' lang='lat' dir='ltr'><strong>modis</strong></span> <span class='ocrx_word' id='word_1_240' title='bbox 1739 3280 1890 3335; x_wconf 74' lang='lat' dir='ltr'><strong>qua:-</strong></span> 
     </span>
    </p>
   </div>
   <div class='ocr_carea' id='block_1_37' title="bbox 237 3347 1891 3422">
    <p class='ocr_par' dir='ltr' id='par_1_37' title="bbox 237 3347 1891 3422">
     <span class='ocr_line' id='line_1_37' title="bbox 237 3347 1891 3422; baseline -0.001 -14"><span class='ocrx_word' id='word_1_241' title='bbox 237 3352 409 3408; x_wconf 85' lang='lat' dir='ltr'><strong>rebat</strong></span> <span class='ocrx_word' id='word_1_242' title='bbox 447 3347 694 3422; x_wconf 82' lang='lat' dir='ltr'><strong>gratiam</strong></span> <span class='ocrx_word' id='word_1_243' title='bbox 739 3347 1129 3419; x_wconf 89' lang='lat' dir='ltr'><strong>imperatricis</strong></span> <span class='ocrx_word' id='word_1_244' title='bbox 1175 3347 1378 3404; x_wconf 80' lang='lat' dir='ltr'><strong>Giselae</strong></span> <span class='ocrx_word' id='word_1_245' title='bbox 1427 3353 1484 3404; x_wconf 92' lang='lat' dir='ltr'><strong>et</strong></span> <span class='ocrx_word' id='word_1_246' title='bbox 1531 3350 1891 3422; x_wconf 89' lang='lat' dir='ltr'><strong>reliquorum</strong></span> 
     </span>
    </p>
   </div>
   <div class='ocr_carea' id='block_1_38' title="bbox 233 3436 1893 3514">
    <p class='ocr_par' dir='ltr' id='par_1_38' title="bbox 233 3436 1893 3514">
     <span class='ocr_line' id='line_1_38' title="bbox 233 3436 1893 3514; baseline 0.001 -19"><span class='ocrx_word' id='word_1_247' title='bbox 233 3437 670 3514; x_wconf 89' lang='lat' dir='ltr'><strong>priucipum,ut</strong></span> <span class='ocrx_word' id='word_1_248' title='bbox 689 3439 1008 3491; x_wconf 68' lang='lat' dir='ltr'><strong>mereretur</strong></span> <span class='ocrx_word' id='word_1_249' title='bbox 1027 3436 1212 3492; x_wconf 90' lang='lat' dir='ltr'><strong>redire</strong></span> <span class='ocrx_word' id='word_1_250' title='bbox 1229 3438 1298 3493; x_wconf 89' lang='lat' dir='ltr'><strong>ad</strong></span> <span class='ocrx_word' id='word_1_251' title='bbox 1317 3438 1565 3509; x_wconf 84' lang='lat' dir='ltr'><strong>gratiam</strong></span> <span class='ocrx_word' id='word_1_252' title='bbox 1587 3439 1893 3512; x_wconf 88' lang='lat' dir='ltr'><strong>imperato-</strong></span> 
     </span>
    </p>
   </div>
   <div class='ocr_carea' id='block_1_39' title="bbox 235 3523 1894 3598">
    <p class='ocr_par' dir='ltr' id='par_1_39' title="bbox 235 3523 1894 3598">
     <span class='ocr_line' id='line_1_39' title="bbox 235 3523 1894 3598; baseline 0.001 -14"><span class='ocrx_word' id='word_1_253' title='bbox 235 3529 344 3584; x_wconf 87' lang='lat' dir='ltr'><strong>ris.</strong></span> <span class='ocrx_word' id='word_1_254' title='bbox 387 3528 577 3583; x_wconf 66' lang='lat' dir='ltr'><strong>Céesar</strong></span> <span class='ocrx_word' id='word_1_255' title='bbox 633 3523 1029 3581; x_wconf 89' lang='lat' dir='ltr'><strong>misericordia</strong></span> <span class='ocrx_word' id='word_1_256' title='bbox 1085 3531 1278 3580; x_wconf 92' lang='lat' dir='ltr'><strong>motus</strong></span> <span class='ocrx_word' id='word_1_257' title='bbox 1336 3527 1495 3582; x_wconf 88' lang='lat' dir='ltr'><strong>dedit</strong></span> <span class='ocrx_word' id='word_1_258' title='bbox 1552 3529 1802 3598; x_wconf 79' lang='lat' dir='ltr'><strong>veniam,</strong></span> <span class='ocrx_word' id='word_1_259' title='bbox 1836 3536 1894 3586; x_wconf 86' lang='lat' dir='ltr'><strong>et</strong></span> 
     </span>
    </p>
   </div>
   <div class='ocr_carea' id='block_1_40' title="bbox 233 3612 1892 3687">
    <p class='ocr_par' dir='ltr' id='par_1_40' title="bbox 233 3612 1892 3687">
     <span class='ocr_line' id='line_1_40' title="bbox 233 3612 1892 3687; baseline 0 -13"><span class='ocrx_word' id='word_1_260' title='bbox 233 3616 431 3674; x_wconf 81' lang='lat' dir='ltr'><strong>divisa</strong></span> <span class='ocrx_word' id='word_1_261' title='bbox 461 3614 756 3687; x_wconf 83' lang='lat' dir='ltr'><strong>provincia</strong></span> <span class='ocrx_word' id='word_1_262' title='bbox 786 3612 1135 3668; x_wconf 89' lang='lat' dir='ltr'><strong>Bolanorum</strong></span> <span class='ocrx_word' id='word_1_263' title='bbox 1169 3613 1226 3668; x_wconf 93' lang='lat' dir='ltr'><strong>in</strong></span> <span class='ocrx_word' id='word_1_264' title='bbox 1259 3619 1376 3670; x_wconf 92' lang='lat' dir='ltr'><strong>tres</strong></span> <span class='ocrx_word' id='word_1_265' title='bbox 1409 3621 1621 3687; x_wconf 90' lang='lat' dir='ltr'><strong>partes,</strong></span> <span class='ocrx_word' id='word_1_266' title='bbox 1656 3618 1892 3674; x_wconf 91' lang='lat' dir='ltr'><strong>Misico-</strong></span> 
     </span>
    </p>
   </div>
   <div class='ocr_carea' id='block_1_41' title="bbox 233 3701 1891 3774">
    <p class='ocr_par' dir='ltr' id='par_1_41' title="bbox 233 3701 1891 3774">
     <span class='ocr_line' id='line_1_41' title="bbox 233 3701 1891 3774; baseline 0 -11"><span class='ocrx_word' id='word_1_267' title='bbox 233 3717 374 3763; x_wconf 88' lang='lat' dir='ltr'><strong>nem</strong></span> <span class='ocrx_word' id='word_1_268' title='bbox 402 3705 539 3760; x_wconf 86' lang='lat' dir='ltr'><strong>fecit</strong></span> <span class='ocrx_word' id='word_1_269' title='bbox 564 3701 936 3769; x_wconf 85' lang='lat' dir='ltr'><strong>tetrarcham,</strong></span> <span class='ocrx_word' id='word_1_270' title='bbox 979 3701 1232 3774; x_wconf 88' lang='lat' dir='ltr'><strong>reliquas</strong></span> <span class='ocrx_word' id='word_1_271' title='bbox 1281 3704 1428 3758; x_wconf 91' lang='lat' dir='ltr'><strong>duas</strong></span> <span class='ocrx_word' id='word_1_272' title='bbox 1482 3705 1712 3762; x_wconf 92' lang='lat' dir='ltr'><strong>duobus</strong></span> <span class='ocrx_word' id='word_1_273' title='bbox 1762 3707 1891 3764; x_wconf 89' lang='lat' dir='ltr'><strong>aliis</strong></span> 
     </span>
    </p>
   </div>
   <div class='ocr_carea' id='block_1_42' title="bbox 232 3789 1892 3863">
    <p class='ocr_par' dir='ltr' id='par_1_42' title="bbox 232 3789 1892 3863">
     <span class='ocr_line' id='line_1_42' title="bbox 232 3789 1892 3863; baseline 0.001 -12"><span class='ocrx_word' id='word_1_274' title='bbox 232 3791 706 3859; x_wconf 77' lang='lat' dir='ltr'><strong>commendavit;</strong></span> <span class='ocrx_word' id='word_1_275' title='bbox 741 3790 826 3846; x_wconf 90' lang='lat' dir='ltr'><strong>sic</strong></span> <span class='ocrx_word' id='word_1_276' title='bbox 857 3789 1168 3845; x_wconf 90' lang='lat' dir='ltr'><strong>imminuta</strong></span> <span class='ocrx_word' id='word_1_277' title='bbox 1199 3796 1483 3863; x_wconf 87' lang='lat' dir='ltr'><strong>potestate</strong></span> <span class='ocrx_word' id='word_1_278' title='bbox 1516 3793 1708 3850; x_wconf 91' lang='lat' dir='ltr'><strong>minor</strong></span> <span class='ocrx_word' id='word_1_279' title='bbox 1739 3796 1892 3854; x_wconf 85' lang='lat' dir='ltr'><strong>facta</strong></span> 
     </span>
    </p>
   </div>
   <div class='ocr_carea' id='block_1_43' title="bbox 232 3879 1890 3942">
    <p class='ocr_par' dir='ltr' id='par_1_43' title="bbox 232 3879 1890 3942">
     <span class='ocr_line' id='line_1_43' title="bbox 232 3879 1890 3942; baseline 0 -2"><span class='ocrx_word' id='word_1_280' title='bbox 232 3888 327 3940; x_wconf 87' lang='lat' dir='ltr'><strong>est</strong></span> <span class='ocrx_word' id='word_1_281' title='bbox 356 3881 675 3939; x_wconf 87' lang='lat' dir='ltr'><strong>temeritas.</strong></span> <span class='ocrx_word' id='word_1_282' title='bbox 715 3881 995 3935; x_wconf 85' lang='lat' dir='ltr'><strong>Defuncto</strong></span> <span class='ocrx_word' id='word_1_283' title='bbox 1044 3879 1323 3934; x_wconf 88' lang='lat' dir='ltr'><strong>Misicone</strong></span> <span class='ocrx_word' id='word_1_284' title='bbox 1370 3881 1690 3939; x_wconf 90' lang='lat' dir='ltr'><strong>Casimirus</strong></span> <span class='ocrx_word' id='word_1_285' title='bbox 1733 3884 1890 3942; x_wconf 86' lang='lat' dir='ltr'><strong>filius</strong></span> 
     </span>
    </p>
   </div>
   <div class='ocr_carea' id='block_1_44' title="bbox 229 3967 1890 4046">
    <p class='ocr_par' dir='ltr' id='par_1_44' title="bbox 229 3967 1890 4046">
     <span class='ocr_line' id='line_1_44' title="bbox 229 3967 1890 4046; baseline 0 -17"><span class='ocrx_word' id='word_1_286' title='bbox 229 3973 366 4046; x_wconf 82' lang='lat' dir='ltr'><strong>ejus</strong></span> <span class='ocrx_word' id='word_1_287' title='bbox 413 3969 663 4027; x_wconf 70' lang='lat' dir='ltr'><strong>ﬁdeliter</strong></span> <span class='ocrx_word' id='word_1_288' title='bbox 710 3967 998 4026; x_wconf 77' lang='lat' dir='ltr'><strong>serviebat</strong></span> <span class='ocrx_word' id='word_1_289' title='bbox 1044 3967 1159 4022; x_wconf 91' lang='lat' dir='ltr'><strong>huc</strong></span> <span class='ocrx_word' id='word_1_290' title='bbox 1205 3984 1392 4041; x_wconf 92' lang='lat' dir='ltr'><strong>usque</strong></span> <span class='ocrx_word' id='word_1_291' title='bbox 1440 3969 1890 4042; x_wconf 89' lang='lat' dir='ltr'><strong>imperatoribus</strong></span> 
     </span>
    </p>
   </div>
   <div class='ocr_carea' id='block_1_45' title="bbox 230 4058 476 4116">
    <p class='ocr_par' dir='ltr' id='par_1_45' title="bbox 230 4058 476 4116">
     <span class='ocr_line' id='line_1_45' title="bbox 230 4058 476 4116; baseline -0.008 0"><span class='ocrx_word' id='word_1_292' title='bbox 230 4058 476 4116; x_wconf 87' lang='lat' dir='ltr'><strong>nostris.</strong></span> 
     </span>
    </p>
   </div>
   <div class='ocr_carea' id='block_1_46' title="bbox 229 4179 1886 4232">
    <p class='ocr_par' dir='ltr' id='par_1_46' title="bbox 229 4179 1886 4232">
     <span class='ocr_line' id='line_1_46' title="bbox 229 4179 1886 4232; baseline 0.001 -8"><span class='ocrx_word' id='word_1_293' title='bbox 229 4183 388 4232; x_wconf 82' lang='lat' dir='ltr'><strong>QUOD</strong></span> <span class='ocrx_word' id='word_1_294' title='bbox 421 4181 751 4222; x_wconf 73' lang='lat' dir='ltr'><strong>IMPERATOR</strong></span> <span class='ocrx_word' id='word_1_295' title='bbox 781 4180 898 4220; x_wconf 72' lang='lat' dir='ltr'><strong>CUM</strong></span> <span class='ocrx_word' id='word_1_296' title='bbox 929 4180 1074 4219; x_wconf 80' lang='lat' dir='ltr'><strong>FILIO</strong></span> <span class='ocrx_word' id='word_1_297' title='bbox 1101 4179 1204 4220; x_wconf 84' lang='lat' dir='ltr'><strong>SUO</strong></span> <span class='ocrx_word' id='word_1_298' title='bbox 1238 4181 1481 4220; x_wconf 73' lang='lat' dir='ltr'><strong>HBNRICO</strong></span> <span class='ocrx_word' id='word_1_299' title='bbox 1504 4181 1886 4226; x_wconf 75' lang='lat' dir='ltr'><strong>BURGUNDIAM</strong></span> 
     </span>
    </p>
   </div>
   <div class='ocr_carea' id='block_1_47' title="bbox 983 4251 1154 4290">
    <p class='ocr_par' dir='ltr' id='par_1_47' title="bbox 983 4251 1154 4290">
     <span class='ocr_line' id='line_1_47' title="bbox 983 4251 1154 4290; baseline -0.006 0"><span class='ocrx_word' id='word_1_300' title='bbox 983 4251 1154 4290; x_wconf 77' lang='lat' dir='ltr'><strong>ADIIT.</strong></span> 
     </span>
    </p>
   </div>
   <div class='ocr_carea' id='block_1_48' title="bbox 293 4323 1886 4394">
    <p class='ocr_par' dir='ltr' id='par_1_48' title="bbox 293 4323 1886 4394">
     <span class='ocr_line' id='line_1_48' title="bbox 293 4323 1886 4394; baseline 0.001 -12"><span class='ocrx_word' id='word_1_301' title='bbox 293 4328 467 4382; x_wconf 81' lang='lat' dir='ltr'><strong>Anno</strong></span> <span class='ocrx_word' id='word_1_302' title='bbox 479 4323 714 4380; x_wconf 88' lang='lat' dir='ltr'><strong>Domini</strong></span> <span class='ocrx_word' id='word_1_303' title='bbox 729 4324 1211 4394; x_wconf 80' lang='lat' dir='ltr'><strong>1033,imperator</strong></span> <span class='ocrx_word' id='word_1_304' title='bbox 1221 4323 1605 4381; x_wconf 89' lang='lat' dir='ltr'><strong>Chuonradus</strong></span> <span class='ocrx_word' id='word_1_305' title='bbox 1619 4343 1751 4382; x_wconf 92' lang='lat' dir='ltr'><strong>cum</strong></span> <span class='ocrx_word' id='word_1_306' title='bbox 1769 4326 1886 4384; x_wconf 82' lang='lat' dir='ltr'><strong>ﬁlio</strong></span> 
     </span>
    </p>
   </div>
   <div class='ocr_carea' id='block_1_49' title="bbox 230 4411 1887 4494">
    <p class='ocr_par' dir='ltr' id='par_1_49' title="bbox 230 4411 1887 4494">
     <span class='ocr_line' id='line_1_49' title="bbox 230 4411 1887 4494; baseline -0.001 -21"><span class='ocrx_word' id='word_1_307' title='bbox 230 4432 343 4473; x_wconf 83' lang='lat' dir='ltr'><strong>suo</strong></span> <span class='ocrx_word' id='word_1_308' title='bbox 372 4413 803 4494; x_wconf 33' lang='lat' dir='ltr'><strong>rcgeIHeinrico</strong></span> <span class='ocrx_word' id='word_1_309' title='bbox 833 4411 1094 4468; x_wconf 84' lang='lat' dir='ltr'><strong>Natalem</strong></span> <span class='ocrx_word' id='word_1_310' title='bbox 1127 4411 1358 4467; x_wconf 92' lang='lat' dir='ltr'><strong>Domini</strong></span> <span class='ocrx_word' id='word_1_311' title='bbox 1382 4412 1442 4468; x_wconf 93' lang='lat' dir='ltr'><strong>in</strong></span> <span class='ocrx_word' id='word_1_312' title='bbox 1465 4415 1779 4487; x_wconf 89' lang='lat' dir='ltr'><strong>Argentina</strong></span> <span class='ocrx_word' id='word_1_313' title='bbox 1810 4417 1887 4472; x_wconf 93' lang='lat' dir='ltr'><strong>ci-</strong></span> 
     </span>
    </p>
   </div>
   <div class='ocr_carea' id='block_1_50' title="bbox 2003 496 3648 576">
    <p class='ocr_par' dir='ltr' id='par_1_50' title="bbox 2003 496 3648 576">
     <span class='ocr_line' id='line_1_50' title="bbox 2003 496 3648 576; baseline 0.005 -24"><span class='ocrx_word' id='word_1_314' title='bbox 2003 496 2250 553; x_wconf 87' lang='lat' dir='ltr'><strong>sudibus</strong></span> <span class='ocrx_word' id='word_1_315' title='bbox 2274 498 2342 554; x_wconf 91' lang='lat' dir='ltr'><strong>de</strong></span> <span class='ocrx_word' id='word_1_316' title='bbox 2365 503 2518 554; x_wconf 91' lang='lat' dir='ltr'><strong>terra</strong></span> <span class='ocrx_word' id='word_1_317' title='bbox 2539 499 2594 554; x_wconf 91' lang='lat' dir='ltr'><strong>in</strong></span> <span class='ocrx_word' id='word_1_318' title='bbox 2623 499 2867 556; x_wconf 87' lang='lat' dir='ltr'><strong>circuitu</strong></span> <span class='ocrx_word' id='word_1_319' title='bbox 2900 501 3088 575; x_wconf 85' lang='lat' dir='ltr'><strong>gelata</strong></span> <span class='ocrx_word' id='word_1_320' title='bbox 3113 503 3274 559; x_wconf 87' lang='lat' dir='ltr'><strong>evelli</strong></span> <span class='ocrx_word' id='word_1_321' title='bbox 3299 505 3648 576; x_wconf 89' lang='lat' dir='ltr'><strong>potuissent.</strong></span> 
     </span>
    </p>
   </div>
   <div class='ocr_carea' id='block_1_51' title="bbox 2003 585 3650 668">
    <p class='ocr_par' dir='ltr' id='par_1_51' title="bbox 2003 585 3650 668">
     <span class='ocr_line' id='line_1_51' title="bbox 2003 585 3650 668; baseline 0.007 -30"><span class='ocrx_word' id='word_1_322' title='bbox 2003 585 2247 650; x_wconf 87' lang='lat' dir='ltr'><strong>Quidam</strong></span> <span class='ocrx_word' id='word_1_323' title='bbox 2275 603 2426 654; x_wconf 84' lang='lat' dir='ltr'><strong>vero,</strong></span> <span class='ocrx_word' id='word_1_324' title='bbox 2462 588 2560 660; x_wconf 90' lang='lat' dir='ltr'><strong>qui</strong></span> <span class='ocrx_word' id='word_1_325' title='bbox 2611 606 2724 644; x_wconf 89' lang='lat' dir='ltr'><strong>non</strong></span> <span class='ocrx_word' id='word_1_326' title='bbox 2770 589 2976 646; x_wconf 83' lang='lat' dir='ltr'><strong>habuit</strong></span> <span class='ocrx_word' id='word_1_327' title='bbox 3025 592 3382 664; x_wconf 74' lang='lat' dir='ltr'><strong>adiutorium</strong></span> <span class='ocrx_word' id='word_1_328' title='bbox 3430 612 3650 668; x_wconf 90' lang='lat' dir='ltr'><strong>equum</strong></span> 
     </span>
    </p>
   </div>
   <div class='ocr_carea' id='block_1_52' title="bbox 2002 675 3654 750">
    <p class='ocr_par' dir='ltr' id='par_1_52' title="bbox 2002 675 3654 750">
     <span class='ocr_line' id='line_1_52' title="bbox 2002 675 3654 750; baseline 0.007 -22"><span class='ocrx_word' id='word_1_329' title='bbox 2002 675 2301 747; x_wconf 90' lang='lat' dir='ltr'><strong>proprium</strong></span> <span class='ocrx_word' id='word_1_330' title='bbox 2335 676 2415 731; x_wconf 91' lang='lat' dir='ltr'><strong>ita</strong></span> <span class='ocrx_word' id='word_1_331' title='bbox 2445 677 2757 733; x_wconf 69' lang='lat' dir='ltr'><strong>hzerentem</strong></span> <span class='ocrx_word' id='word_1_332' title='bbox 2790 679 3159 750; x_wconf 85' lang='lat' dir='ltr'><strong>interfecit,et</strong></span> <span class='ocrx_word' id='word_1_333' title='bbox 3189 683 3410 738; x_wconf 91' lang='lat' dir='ltr'><strong>corium</strong></span> <span class='ocrx_word' id='word_1_334' title='bbox 3433 685 3505 740; x_wconf 89' lang='lat' dir='ltr'><strong>de</strong></span> <span class='ocrx_word' id='word_1_335' title='bbox 3527 701 3654 740; x_wconf 87' lang='lat' dir='ltr'><strong>cru-</strong></span> 
     </span>
    </p>
   </div>
   <div class='ocr_carea' id='block_1_53' title="bbox 2003 763 3650 843">
    <p class='ocr_par' dir='ltr' id='par_1_53' title="bbox 2003 763 3650 843">
     <span class='ocr_line' id='line_1_53' title="bbox 2003 763 3650 843; baseline 0.006 -26"><span class='ocrx_word' id='word_1_336' title='bbox 2003 763 2165 818; x_wconf 92' lang='lat' dir='ltr'><strong>ribus</strong></span> <span class='ocrx_word' id='word_1_337' title='bbox 2196 780 2430 819; x_wconf 88' lang='lat' dir='ltr'><strong>sursum</strong></span> <span class='ocrx_word' id='word_1_338' title='bbox 2467 765 2728 834; x_wconf 86' lang='lat' dir='ltr'><strong>abstulit,</strong></span> <span class='ocrx_word' id='word_1_339' title='bbox 2763 767 3055 839; x_wconf 87' lang='lat' dir='ltr'><strong>reliquum</strong></span> <span class='ocrx_word' id='word_1_340' title='bbox 3104 774 3267 825; x_wconf 78' lang='lat' dir='ltr'><strong>terrae</strong></span> <span class='ocrx_word' id='word_1_341' title='bbox 3313 770 3515 843; x_wconf 62' lang='lat' dir='ltr'><strong>gelata</strong></span> <span class='ocrx_word' id='word_1_342' title='bbox 3564 771 3650 826; x_wconf 85' lang='lat' dir='ltr'><strong>in-</strong></span> 
     </span>
    </p>
   </div>
   <div class='ocr_carea' id='block_1_54' title="bbox 2003 851 3650 928">
    <p class='ocr_par' dir='ltr' id='par_1_54' title="bbox 2003 851 3650 928">
     <span class='ocr_line' id='line_1_54' title="bbox 2003 851 3650 928; baseline 0.006 -22"><span class='ocrx_word' id='word_1_343' title='bbox 2003 854 2180 907; x_wconf 83' lang='lat' dir='ltr'><strong>ﬁxum</strong></span> <span class='ocrx_word' id='word_1_344' title='bbox 2213 851 2452 908; x_wconf 88' lang='lat' dir='ltr'><strong>dimisit.</strong></span> <span class='ocrx_word' id='word_1_345' title='bbox 2483 853 2760 910; x_wconf 84' lang='lat' dir='ltr'><strong>Homines</strong></span> <span class='ocrx_word' id='word_1_346' title='bbox 2791 874 3022 928; x_wconf 88' lang='lat' dir='ltr'><strong>quoque</strong></span> <span class='ocrx_word' id='word_1_347' title='bbox 3048 857 3298 913; x_wconf 91' lang='lat' dir='ltr'><strong>multum</strong></span> <span class='ocrx_word' id='word_1_348' title='bbox 3332 860 3650 916; x_wconf 85' lang='lat' dir='ltr'><strong>confunde-</strong></span> 
     </span>
    </p>
   </div>
   <div class='ocr_carea' id='block_1_55' title="bbox 2003 941 3654 1020">
    <p class='ocr_par' dir='ltr' id='par_1_55' title="bbox 2003 941 3654 1020">
     <span class='ocr_line' id='line_1_55' title="bbox 2003 941 3654 1020; baseline 0.005 -24"><span class='ocrx_word' id='word_1_349' title='bbox 2003 942 2216 1004; x_wconf 82' lang='lat' dir='ltr'><strong>bantur</strong></span> <span class='ocrx_word' id='word_1_350' title='bbox 2247 941 2353 996; x_wconf 88' lang='lat' dir='ltr'><strong>hoc</strong></span> <span class='ocrx_word' id='word_1_351' title='bbox 2386 941 2580 1014; x_wconf 85' lang='lat' dir='ltr'><strong>algore</strong></span> <span class='ocrx_word' id='word_1_352' title='bbox 2605 961 2616 998; x_wconf 92' lang='lat'><strong>:</strong></span> <span class='ocrx_word' id='word_1_353' title='bbox 2640 947 2763 998; x_wconf 88' lang='lat' dir='ltr'><strong>erat</strong></span> <span class='ocrx_word' id='word_1_354' title='bbox 2784 945 2939 1000; x_wconf 90' lang='lat' dir='ltr'><strong>enim</strong></span> <span class='ocrx_word' id='word_1_355' title='bbox 2965 964 3082 1001; x_wconf 89' lang='lat' dir='ltr'><strong>una</strong></span> <span class='ocrx_word' id='word_1_356' title='bbox 3100 947 3573 1020; x_wconf 87' lang='lat' dir='ltr'><strong>faciesjuvenum</strong></span> <span class='ocrx_word' id='word_1_357' title='bbox 3595 953 3654 1004; x_wconf 88' lang='lat' dir='ltr'><strong>et</strong></span> 
     </span>
    </p>
   </div>
   <div class='ocr_carea' id='block_1_56' title="bbox 2003 1032 3652 1094">
    <p class='ocr_par' dir='ltr' id='par_1_56' title="bbox 2003 1032 3652 1094">
     <span class='ocr_line' id='line_1_56' title="bbox 2003 1032 3652 1094; baseline 0.005 -9"><span class='ocrx_word' id='word_1_358' title='bbox 2003 1046 2210 1086; x_wconf 90' lang='lat' dir='ltr'><strong>senum</strong></span> <span class='ocrx_word' id='word_1_359' title='bbox 2246 1048 2258 1085; x_wconf 93' lang='lat'><strong>:</strong></span> <span class='ocrx_word' id='word_1_360' title='bbox 2294 1048 2495 1086; x_wconf 88' lang='lat' dir='ltr'><strong>omnes</strong></span> <span class='ocrx_word' id='word_1_361' title='bbox 2528 1037 2692 1087; x_wconf 88' lang='lat' dir='ltr'><strong>erant</strong></span> <span class='ocrx_word' id='word_1_362' title='bbox 2734 1032 2825 1088; x_wconf 91' lang='lat' dir='ltr'><strong>die</strong></span> <span class='ocrx_word' id='word_1_363' title='bbox 2874 1039 2926 1089; x_wconf 91' lang='lat' dir='ltr'><strong>et</strong></span> <span class='ocrx_word' id='word_1_364' title='bbox 2979 1039 3144 1091; x_wconf 89' lang='lat' dir='ltr'><strong>nocte</strong></span> <span class='ocrx_word' id='word_1_365' title='bbox 3176 1036 3302 1091; x_wconf 89' lang='lat' dir='ltr'><strong>cani</strong></span> <span class='ocrx_word' id='word_1_366' title='bbox 3337 1040 3394 1091; x_wconf 91' lang='lat' dir='ltr'><strong>et</strong></span> <span class='ocrx_word' id='word_1_367' title='bbox 3421 1037 3652 1094; x_wconf 88' lang='lat' dir='ltr'><strong>barbati</strong></span> 
     </span>
    </p>
   </div>
   <div class='ocr_carea' id='block_1_57' title="bbox 2003 1119 3650 1198">
    <p class='ocr_par' dir='ltr' id='par_1_57' title="bbox 2003 1119 3650 1198">
     <span class='ocr_line' id='line_1_57' title="bbox 2003 1119 3650 1198; baseline 0.005 -25"><span class='ocrx_word' id='word_1_368' title='bbox 2003 1123 2238 1191; x_wconf 88' lang='lat' dir='ltr'><strong>propter</strong></span> <span class='ocrx_word' id='word_1_369' title='bbox 2268 1119 2569 1176; x_wconf 92' lang='lat' dir='ltr'><strong>horridum</strong></span> <span class='ocrx_word' id='word_1_370' title='bbox 2603 1121 2850 1194; x_wconf 88' lang='lat' dir='ltr'><strong>rigorem</strong></span> <span class='ocrx_word' id='word_1_371' title='bbox 2885 1122 3113 1195; x_wconf 88' lang='lat' dir='ltr'><strong>glaciei,</strong></span> <span class='ocrx_word' id='word_1_372' title='bbox 3147 1123 3281 1180; x_wconf 91' lang='lat' dir='ltr'><strong>licet</strong></span> <span class='ocrx_word' id='word_1_373' title='bbox 3333 1125 3528 1198; x_wconf 90' lang='lat' dir='ltr'><strong>plures</strong></span> <span class='ocrx_word' id='word_1_374' title='bbox 3547 1126 3650 1197; x_wconf 82' lang='lat' dir='ltr'><strong>ju-</strong></span> 
     </span>
    </p>
   </div>
   <div class='ocr_carea' id='block_1_58' title="bbox 2001 1209 3371 1280">
    <p class='ocr_par' dir='ltr' id='par_1_58' title="bbox 2001 1209 3371 1280">
     <span class='ocr_line' id='line_1_58' title="bbox 2001 1209 3371 1280; baseline 0.007 -18"><span class='ocrx_word' id='word_1_375' title='bbox 2001 1222 2175 1264; x_wconf 81' lang='lat' dir='ltr'><strong>venes</strong></span> <span class='ocrx_word' id='word_1_376' title='bbox 2207 1213 2264 1264; x_wconf 90' lang='lat' dir='ltr'><strong>et</strong></span> <span class='ocrx_word' id='word_1_377' title='bbox 2295 1209 2586 1265; x_wconf 87' lang='lat' dir='ltr'><strong>imberbes</strong></span> <span class='ocrx_word' id='word_1_378' title='bbox 2619 1211 2869 1266; x_wconf 85' lang='lat' dir='ltr'><strong>fuissent</strong></span> <span class='ocrx_word' id='word_1_379' title='bbox 2895 1213 3008 1280; x_wconf 89' lang='lat' dir='ltr'><strong>ibi;</strong></span> <span class='ocrx_word' id='word_1_380' title='bbox 3044 1218 3099 1268; x_wconf 89' lang='lat' dir='ltr'><strong>et</strong></span> <span class='ocrx_word' id='word_1_381' title='bbox 3131 1218 3322 1271; x_wconf 89' lang='lat' dir='ltr'><strong>tamen</strong></span> <span class='ocrx_word' id='word_1_382' title='bbox 3359 1234 3371 1271; x_wconf 94' lang='lat'>:</span> 
     </span>
    </p>
   </div>
   <div class='ocr_carea' id='block_1_59' title="bbox 2071 1297 3533 1377">
    <p class='ocr_par' dir='ltr' id='par_1_59' title="bbox 2071 1297 3533 1377">
     <span class='ocr_line' id='line_1_59' title="bbox 2071 1297 3533 1377; baseline 0.005 -25"><span class='ocrx_word' id='word_1_383' title='bbox 2071 1297 2178 1353; x_wconf 83' lang='lat' dir='ltr'><strong>Vix</strong></span> <span class='ocrx_word' id='word_1_384' title='bbox 2210 1297 2328 1352; x_wconf 40' lang='lat' dir='ltr'><strong>haec</strong></span> <span class='ocrx_word' id='word_1_385' title='bbox 2361 1315 2542 1354; x_wconf 90' lang='lat' dir='ltr'><strong>causa</strong></span> <span class='ocrx_word' id='word_1_386' title='bbox 2571 1299 2862 1370; x_wconf 81' lang='lat' dir='ltr'><strong>fuit,quod</strong></span> <span class='ocrx_word' id='word_1_387' title='bbox 2895 1301 3086 1357; x_wconf 64' lang='lat' dir='ltr'><strong>Caesar</strong></span> <span class='ocrx_word' id='word_1_388' title='bbox 3115 1302 3267 1359; x_wconf 87' lang='lat' dir='ltr'><strong>bella</strong></span> <span class='ocrx_word' id='word_1_389' title='bbox 3297 1304 3533 1377; x_wconf 88' lang='lat' dir='ltr'><strong>reliquit</strong></span> 
     </span>
    </p>
   </div>
   <div class='ocr_carea' id='block_1_60' title="bbox 2001 1387 3647 1466">
    <p class='ocr_par' dir='ltr' id='par_1_60' title="bbox 2001 1387 3647 1466">
     <span class='ocr_line' id='line_1_60' title="bbox 2001 1387 3647 1466; baseline 0.004 -24"><span class='ocrx_word' id='word_1_390' title='bbox 2001 1387 2324 1459; x_wconf 85' lang='lat' dir='ltr'><strong>Imperator</strong></span> <span class='ocrx_word' id='word_1_391' title='bbox 2347 1404 2610 1444; x_wconf 78' lang='lat' dir='ltr'><strong>reversus</strong></span> <span class='ocrx_word' id='word_1_392' title='bbox 2642 1389 2711 1444; x_wconf 90' lang='lat' dir='ltr'><strong>ad</strong></span> <span class='ocrx_word' id='word_1_393' title='bbox 2745 1390 3056 1446; x_wconf 88' lang='lat' dir='ltr'><strong>Turcicum</strong></span> <span class='ocrx_word' id='word_1_394' title='bbox 3079 1395 3337 1448; x_wconf 90' lang='lat' dir='ltr'><strong>castrum</strong></span> <span class='ocrx_word' id='word_1_395' title='bbox 3369 1394 3647 1466; x_wconf 88' lang='lat' dir='ltr'><strong>pervenit;</strong></span> 
     </span>
    </p>
   </div>
   <div class='ocr_carea' id='block_1_61' title="bbox 2004 1476 3649 1555">
    <p class='ocr_par' dir='ltr' id='par_1_61' title="bbox 2004 1476 3649 1555">
     <span class='ocr_line' id='line_1_61' title="bbox 2004 1476 3649 1555; baseline 0.005 -24"><span class='ocrx_word' id='word_1_396' title='bbox 2004 1476 2082 1531; x_wconf 91' lang='lat' dir='ltr'><strong>ibi</strong></span> <span class='ocrx_word' id='word_1_397' title='bbox 2132 1476 2325 1548; x_wconf 88' lang='lat' dir='ltr'><strong>plures</strong></span> <span class='ocrx_word' id='word_1_398' title='bbox 2370 1476 2866 1550; x_wconf 84' lang='lat' dir='ltr'><strong>Burgundiorum,</strong></span> <span class='ocrx_word' id='word_1_399' title='bbox 2901 1480 3102 1553; x_wconf 88' lang='lat' dir='ltr'><strong>regina</strong></span> <span class='ocrx_word' id='word_1_400' title='bbox 3133 1483 3498 1555; x_wconf 71' lang='lat' dir='ltr'><strong>Burgundiae,</strong></span> <span class='ocrx_word' id='word_1_401' title='bbox 3523 1485 3649 1554; x_wconf 88' lang='lat' dir='ltr'><strong>jam</strong></span> 
     </span>
    </p>
   </div>
   <div class='ocr_carea' id='block_1_62' title="bbox 2001 1565 3651 1644">
    <p class='ocr_par' dir='ltr' id='par_1_62' title="bbox 2001 1565 3651 1644">
     <span class='ocr_line' id='line_1_62' title="bbox 2001 1565 3651 1644; baseline 0.006 -25"><span class='ocrx_word' id='word_1_402' title='bbox 2001 1565 2259 1633; x_wconf 88' lang='lat' dir='ltr'><strong>vidua,et</strong></span> <span class='ocrx_word' id='word_1_403' title='bbox 2289 1583 2484 1622; x_wconf 92' lang='lat' dir='ltr'><strong>comes</strong></span> <span class='ocrx_word' id='word_1_404' title='bbox 2514 1567 2828 1640; x_wconf 85' lang='lat' dir='ltr'><strong>Hupertus,</strong></span> <span class='ocrx_word' id='word_1_405' title='bbox 2862 1575 2918 1624; x_wconf 92' lang='lat' dir='ltr'><strong>et</strong></span> <span class='ocrx_word' id='word_1_406' title='bbox 2963 1569 3081 1638; x_wconf 91' lang='lat' dir='ltr'><strong>alii,</strong></span> <span class='ocrx_word' id='word_1_407' title='bbox 3123 1576 3358 1644; x_wconf 90' lang='lat' dir='ltr'><strong>propter</strong></span> <span class='ocrx_word' id='word_1_408' title='bbox 3407 1572 3651 1629; x_wconf 87' lang='lat' dir='ltr'><strong>insidias</strong></span> 
     </span>
    </p>
   </div>
   <div class='ocr_carea' id='block_1_63' title="bbox 2003 1655 3654 1734">
    <p class='ocr_par' dir='ltr' id='par_1_63' title="bbox 2003 1655 3654 1734">
     <span class='ocr_line' id='line_1_63' title="bbox 2003 1655 3654 1734; baseline 0.005 -24"><span class='ocrx_word' id='word_1_409' title='bbox 2003 1655 2221 1710; x_wconf 91' lang='lat' dir='ltr'><strong>Odonis</strong></span> <span class='ocrx_word' id='word_1_410' title='bbox 2251 1655 2308 1709; x_wconf 90' lang='lat' dir='ltr'><strong>in</strong></span> <span class='ocrx_word' id='word_1_411' title='bbox 2345 1656 2680 1728; x_wconf 89' lang='lat' dir='ltr'><strong>Burgundia</strong></span> <span class='ocrx_word' id='word_1_412' title='bbox 2699 1658 2768 1712; x_wconf 91' lang='lat' dir='ltr'><strong>ad</strong></span> <span class='ocrx_word' id='word_1_413' title='bbox 2804 1657 3213 1731; x_wconf 87' lang='lat' dir='ltr'><strong>imperatorem</strong></span> <span class='ocrx_word' id='word_1_414' title='bbox 3237 1659 3432 1717; x_wconf 88' lang='lat' dir='ltr'><strong>venire</strong></span> <span class='ocrx_word' id='word_1_415' title='bbox 3454 1661 3654 1734; x_wconf 88' lang='lat' dir='ltr'><strong>nequi-</strong></span> 
     </span>
    </p>
   </div>
   <div class='ocr_carea' id='block_1_64' title="bbox 1999 1745 3646 1820">
    <p class='ocr_par' dir='ltr' id='par_1_64' title="bbox 1999 1745 3646 1820">
     <span class='ocr_line' id='line_1_64' title="bbox 1999 1745 3646 1820; baseline 0.006 -23"><span class='ocrx_word' id='word_1_416' title='bbox 1999 1749 2208 1799; x_wconf 81' lang='lat' dir='ltr'><strong>verunt</strong></span> <span class='ocrx_word' id='word_1_417' title='bbox 2257 1759 2358 1815; x_wconf 90' lang='lat' dir='ltr'><strong>per</strong></span> <span class='ocrx_word' id='word_1_418' title='bbox 2407 1745 2631 1800; x_wconf 87' lang='lat' dir='ltr'><strong>Italiam</strong></span> <span class='ocrx_word' id='word_1_419' title='bbox 2683 1753 2988 1820; x_wconf 88' lang='lat' dir='ltr'><strong>pergentes</strong></span> <span class='ocrx_word' id='word_1_420' title='bbox 3055 1750 3438 1806; x_wconf 87' lang='lat' dir='ltr'><strong>occurrebant</strong></span> <span class='ocrx_word' id='word_1_421' title='bbox 3486 1750 3646 1808; x_wconf 87' lang='lat' dir='ltr'><strong>sibi:</strong></span> 
     </span>
    </p>
   </div>
   <div class='ocr_carea' id='block_1_65' title="bbox 2001 1833 3649 1910">
    <p class='ocr_par' dir='ltr' id='par_1_65' title="bbox 2001 1833 3649 1910">
     <span class='ocr_line' id='line_1_65' title="bbox 2001 1833 3649 1910; baseline 0.004 -22"><span class='ocrx_word' id='word_1_422' title='bbox 2001 1837 2058 1888; x_wconf 90' lang='lat' dir='ltr'><strong>et</strong></span> <span class='ocrx_word' id='word_1_423' title='bbox 2101 1833 2285 1888; x_wconf 75' lang='lat' dir='ltr'><strong>effecti</strong></span> <span class='ocrx_word' id='word_1_424' title='bbox 2319 1833 2429 1902; x_wconf 91' lang='lat' dir='ltr'><strong>sui,</strong></span> <span class='ocrx_word' id='word_1_425' title='bbox 2466 1835 2578 1890; x_wconf 79' lang='lat' dir='ltr'><strong>fide</strong></span> <span class='ocrx_word' id='word_1_426' title='bbox 2610 1836 2900 1908; x_wconf 83' lang='lat' dir='ltr'><strong>promissa</strong></span> <span class='ocrx_word' id='word_1_427' title='bbox 2930 1854 3034 1910; x_wconf 92' lang='lat' dir='ltr'><strong>per</strong></span> <span class='ocrx_word' id='word_1_428' title='bbox 3063 1843 3493 1896; x_wconf 87' lang='lat' dir='ltr'><strong>sacramentum</strong></span> <span class='ocrx_word' id='word_1_429' title='bbox 3540 1840 3649 1897; x_wconf 89' lang='lat' dir='ltr'><strong>sibi</strong></span> 
     </span>
    </p>
   </div>
   <div class='ocr_carea' id='block_1_66' title="bbox 1999 1919 3654 1998">
    <p class='ocr_par' dir='ltr' id='par_1_66' title="bbox 1999 1919 3654 1998">
     <span class='ocr_line' id='line_1_66' title="bbox 1999 1919 3654 1998; baseline 0.007 -23"><span class='ocrx_word' id='word_1_430' title='bbox 1999 1925 2055 1976; x_wconf 89' lang='lat' dir='ltr'><strong>et</strong></span> <span class='ocrx_word' id='word_1_431' title='bbox 2094 1919 2214 1976; x_wconf 83' lang='lat' dir='ltr'><strong>lilio</strong></span> <span class='ocrx_word' id='word_1_432' title='bbox 2263 1939 2371 1977; x_wconf 91' lang='lat' dir='ltr'><strong>suo</strong></span> <span class='ocrx_word' id='word_1_433' title='bbox 2421 1922 2687 1980; x_wconf 90' lang='lat' dir='ltr'><strong>Heinrico</strong></span> <span class='ocrx_word' id='word_1_434' title='bbox 2730 1925 2870 1998; x_wconf 88' lang='lat' dir='ltr'><strong>regi,</strong></span> <span class='ocrx_word' id='word_1_435' title='bbox 2905 1925 3148 1983; x_wconf 81' lang='lat' dir='ltr'><strong>mirifice</strong></span> <span class='ocrx_word' id='word_1_436' title='bbox 3200 1927 3399 1984; x_wconf 88' lang='lat' dir='ltr'><strong>donati</strong></span> <span class='ocrx_word' id='word_1_437' title='bbox 3465 1929 3654 1986; x_wconf 84' lang='lat' dir='ltr'><strong>redie-</strong></span> 
     </span>
    </p>
   </div>
   <div class='ocr_carea' id='block_1_67' title="bbox 2000 2015 2156 2066">
    <p class='ocr_par' dir='ltr' id='par_1_67' title="bbox 2000 2015 2156 2066">
     <span class='ocr_line' id='line_1_67' title="bbox 2000 2015 2156 2066; baseline 0 0"><span class='ocrx_word' id='word_1_438' title='bbox 2000 2015 2156 2066; x_wconf 89' lang='lat' dir='ltr'><strong>runt.</strong></span> 
     </span>
    </p>
   </div>
   <div class='ocr_carea' id='block_1_68' title="bbox 1999 2117 3648 2167">
    <p class='ocr_par' dir='ltr' id='par_1_68' title="bbox 1999 2117 3648 2167">
     <span class='ocr_line' id='line_1_68' title="bbox 1999 2117 3648 2167; baseline 0.007 -13"><span class='ocrx_word' id='word_1_439' title='bbox 1999 2117 2150 2162; x_wconf 83' lang='lat' dir='ltr'>QUOD</span> <span class='ocrx_word' id='word_1_440' title='bbox 2191 2118 2518 2157; x_wconf 76' lang='lat' dir='ltr'><strong>IMPERATOR</strong></span> <span class='ocrx_word' id='word_1_441' title='bbox 2549 2119 2728 2159; x_wconf 73' lang='lat' dir='ltr'><strong>SUPER</strong></span> <span class='ocrx_word' id='word_1_442' title='bbox 2759 2121 2978 2160; x_wconf 69' lang='lat' dir='ltr'><strong>ODONEI</strong></span> <span class='ocrx_word' id='word_1_443' title='bbox 3005 2123 3128 2162; x_wconf 76' lang='lat' dir='ltr'><strong>CUM</strong></span> <span class='ocrx_word' id='word_1_444' title='bbox 3161 2125 3431 2165; x_wconf 73' lang='lat' dir='ltr'><strong>EXERCITU</strong></span> <span class='ocrx_word' id='word_1_445' title='bbox 3462 2125 3648 2167; x_wconf 71' lang='lat' dir='ltr'><strong>VENIT.</strong></span> 
     </span>
    </p>
   </div>
   <div class='ocr_carea' id='block_1_69' title="bbox 2074 2190 3651 2265">
    <p class='ocr_par' dir='ltr' id='par_1_69' title="bbox 2074 2190 3651 2265">
     <span class='ocr_line' id='line_1_69' title="bbox 2074 2190 3651 2265; baseline 0.007 -21"><span class='ocrx_word' id='word_1_446' title='bbox 2074 2190 2345 2262; x_wconf 85' lang='lat' dir='ltr'><strong>Ejusdem</strong></span> <span class='ocrx_word' id='word_1_447' title='bbox 2375 2191 2510 2246; x_wconf 90' lang='lat' dir='ltr'><strong>anni</strong></span> <span class='ocrx_word' id='word_1_448' title='bbox 2543 2195 2738 2248; x_wconf 68' lang='lat' dir='ltr'><strong>aestate</strong></span> <span class='ocrx_word' id='word_1_449' title='bbox 2769 2193 3084 2265; x_wconf 90' lang='lat' dir='ltr'><strong>imperator</strong></span> <span class='ocrx_word' id='word_1_450' title='bbox 3111 2211 3245 2251; x_wconf 91' lang='lat' dir='ltr'><strong>cum</strong></span> <span class='ocrx_word' id='word_1_451' title='bbox 3268 2198 3520 2254; x_wconf 84' lang='lat' dir='ltr'><strong>exercitu</strong></span> <span class='ocrx_word' id='word_1_452' title='bbox 3545 2216 3651 2254; x_wconf 90' lang='lat' dir='ltr'><strong>suo</strong></span> 
     </span>
    </p>
   </div>
   <div class='ocr_carea' id='block_1_70' title="bbox 2001 2281 3650 2355">
    <p class='ocr_par' dir='ltr' id='par_1_70' title="bbox 2001 2281 3650 2355">
     <span class='ocr_line' id='line_1_70' title="bbox 2001 2281 3650 2355; baseline 0.005 -21"><span class='ocrx_word' id='word_1_453' title='bbox 2001 2296 2178 2351; x_wconf 90' lang='lat' dir='ltr'><strong>super</strong></span> <span class='ocrx_word' id='word_1_454' title='bbox 2207 2281 2464 2336; x_wconf 91' lang='lat' dir='ltr'><strong>Odonem</strong></span> <span class='ocrx_word' id='word_1_455' title='bbox 2488 2283 2757 2336; x_wconf 91' lang='lat' dir='ltr'><strong>comitem</strong></span> <span class='ocrx_word' id='word_1_456' title='bbox 2779 2282 2834 2335; x_wconf 91' lang='lat' dir='ltr'><strong>in</strong></span> <span class='ocrx_word' id='word_1_457' title='bbox 2853 2282 3072 2339; x_wconf 89' lang='lat' dir='ltr'><strong>Gallias</strong></span> <span class='ocrx_word' id='word_1_458' title='bbox 3093 2285 3457 2344; x_wconf 83' lang='lat' dir='ltr'><strong>Franconum</strong></span> <span class='ocrx_word' id='word_1_459' title='bbox 3474 2287 3650 2355; x_wconf 86' lang='lat' dir='ltr'><strong>venit,</strong></span> 
     </span>
    </p>
   </div>
   <div class='ocr_carea' id='block_1_71' title="bbox 2003 2368 3683 2447">
    <p class='ocr_par' dir='ltr' id='par_1_71' title="bbox 2003 2368 3683 2447">
     <span class='ocr_line' id='line_1_71' title="bbox 2003 2368 3683 2447; baseline 0.007 -25"><span class='ocrx_word' id='word_1_460' title='bbox 2003 2369 2221 2436; x_wconf 88' lang='lat' dir='ltr'><strong>dicens,</strong></span> <span class='ocrx_word' id='word_1_461' title='bbox 2269 2369 2316 2424; x_wconf 91' lang='lat' dir='ltr'><strong>si</strong></span> <span class='ocrx_word' id='word_1_462' title='bbox 2365 2370 2486 2424; x_wconf 91' lang='lat' dir='ltr'><strong>Odo</strong></span> <span class='ocrx_word' id='word_1_463' title='bbox 2535 2368 2593 2423; x_wconf 89' lang='lat' dir='ltr'><strong>in</strong></span> <span class='ocrx_word' id='word_1_464' title='bbox 2647 2370 2984 2441; x_wconf 88' lang='lat' dir='ltr'><strong>Burgundia</strong></span> <span class='ocrx_word' id='word_1_465' title='bbox 3031 2389 3122 2427; x_wconf 89' lang='lat' dir='ltr'><strong>res</strong></span> <span class='ocrx_word' id='word_1_466' title='bbox 3167 2372 3389 2430; x_wconf 87' lang='lat' dir='ltr'><strong>alienas</strong></span> <span class='ocrx_word' id='word_1_467' title='bbox 3436 2374 3683 2447; x_wconf 75' lang='lat' dir='ltr'><strong>injuste.</strong></span> 
     </span>
    </p>
   </div>
   <div class='ocr_carea' id='block_1_72' title="bbox 2003 2458 3656 2538">
    <p class='ocr_par' dir='ltr' id='par_1_72' title="bbox 2003 2458 3656 2538">
     <span class='ocr_line' id='line_1_72' title="bbox 2003 2458 3656 2538; baseline 0.007 -27"><span class='ocrx_word' id='word_1_468' title='bbox 2003 2462 2305 2529; x_wconf 68' lang='lat' dir='ltr'><strong>quaereret,</strong></span> <span class='ocrx_word' id='word_1_469' title='bbox 2340 2459 2410 2513; x_wconf 90' lang='lat' dir='ltr'><strong>de</strong></span> <span class='ocrx_word' id='word_1_470' title='bbox 2441 2475 2546 2513; x_wconf 92' lang='lat' dir='ltr'><strong>suo</strong></span> <span class='ocrx_word' id='word_1_471' title='bbox 2582 2458 2812 2531; x_wconf 82' lang='lat' dir='ltr'><strong>prOprio</strong></span> <span class='ocrx_word' id='word_1_472' title='bbox 2837 2460 3081 2531; x_wconf 86' lang='lat' dir='ltr'><strong>juvante</strong></span> <span class='ocrx_word' id='word_1_473' title='bbox 3115 2465 3246 2528; x_wconf 91' lang='lat' dir='ltr'><strong>Deo,</strong></span> <span class='ocrx_word' id='word_1_474' title='bbox 3280 2462 3501 2536; x_wconf 81' lang='lat' dir='ltr'><strong>aliquid</strong></span> <span class='ocrx_word' id='word_1_475' title='bbox 3534 2483 3656 2538; x_wconf 84' lang='lat' dir='ltr'><strong>per-</strong></span> 
     </span>
    </p>
   </div>
   <div class='ocr_carea' id='block_1_73' title="bbox 2003 2546 3654 2622">
    <p class='ocr_par' dir='ltr' id='par_1_73' title="bbox 2003 2546 3654 2622">
     <span class='ocr_line' id='line_1_73' title="bbox 2003 2546 3654 2622; baseline 0.005 -21"><span class='ocrx_word' id='word_1_476' title='bbox 2003 2547 2137 2601; x_wconf 89' lang='lat' dir='ltr'><strong>dere</strong></span> <span class='ocrx_word' id='word_1_477' title='bbox 2169 2546 2420 2601; x_wconf 89' lang='lat' dir='ltr'><strong>dcberet.</strong></span> <span class='ocrx_word' id='word_1_478' title='bbox 2455 2548 2620 2602; x_wconf 89' lang='lat' dir='ltr'><strong>Tunc</strong></span> <span class='ocrx_word' id='word_1_479' title='bbox 2653 2547 2708 2600; x_wconf 88' lang='lat' dir='ltr'><strong>in</strong></span> <span class='ocrx_word' id='word_1_480' title='bbox 2744 2564 2920 2619; x_wconf 84' lang='lat' dir='ltr'><strong>regno</strong></span> <span class='ocrx_word' id='word_1_481' title='bbox 2947 2548 3197 2604; x_wconf 88' lang='lat' dir='ltr'><strong>IIemrici</strong></span> <span class='ocrx_word' id='word_1_482' title='bbox 3231 2551 3383 2622; x_wconf 85' lang='lat' dir='ltr'><strong>regis</strong></span> <span class='ocrx_word' id='word_1_483' title='bbox 3414 2554 3654 2610; x_wconf 85' lang='lat' dir='ltr'><strong>Franco-</strong></span> 
     </span>
    </p>
   </div>
   <div class='ocr_carea' id='block_1_74' title="bbox 2003 2634 3652 2706">
    <p class='ocr_par' dir='ltr' id='par_1_74' title="bbox 2003 2634 3652 2706">
     <span class='ocr_line' id='line_1_74' title="bbox 2003 2634 3652 2706; baseline 0.006 -18"><span class='ocrx_word' id='word_1_484' title='bbox 2003 2652 2156 2699; x_wconf 90' lang='lat' dir='ltr'><strong>rum,</strong></span> <span class='ocrx_word' id='word_1_485' title='bbox 2190 2636 2247 2690; x_wconf 93' lang='lat' dir='ltr'><strong>in</strong></span> <span class='ocrx_word' id='word_1_486' title='bbox 2279 2634 2512 2706; x_wconf 65' lang='lat' dir='ltr'><strong>praediis</strong></span> <span class='ocrx_word' id='word_1_487' title='bbox 2544 2640 2736 2690; x_wconf 71' lang='lat' dir='ltr'><strong>tamen</strong></span> <span class='ocrx_word' id='word_1_488' title='bbox 2769 2640 2826 2690; x_wconf 89' lang='lat' dir='ltr'><strong>et</strong></span> <span class='ocrx_word' id='word_1_489' title='bbox 2857 2636 3155 2691; x_wconf 81' lang='lat' dir='ltr'><strong>beneﬁciis</strong></span> <span class='ocrx_word' id='word_1_490' title='bbox 3194 2638 3412 2695; x_wconf 89' lang='lat' dir='ltr'><strong>Odonis</strong></span> <span class='ocrx_word' id='word_1_491' title='bbox 3457 2644 3652 2698; x_wconf 77' lang='lat' dir='ltr'><strong>tantas</strong></span> 
     </span>
    </p>
   </div>
   <div class='ocr_carea' id='block_1_75' title="bbox 2003 2722 3653 2802">
    <p class='ocr_par' dir='ltr' id='par_1_75' title="bbox 2003 2722 3653 2802">
     <span class='ocr_line' id='line_1_75' title="bbox 2003 2722 3653 2802; baseline 0.005 -24"><span class='ocrx_word' id='word_1_492' title='bbox 2003 2723 2431 2778; x_wconf 85' lang='lat' dir='ltr'><strong>devastationes</strong></span> <span class='ocrx_word' id='word_1_493' title='bbox 2461 2728 2517 2777; x_wconf 91' lang='lat' dir='ltr'><strong>et</strong></span> <span class='ocrx_word' id='word_1_494' title='bbox 2548 2722 2816 2778; x_wconf 89' lang='lat' dir='ltr'><strong>incendia</strong></span> <span class='ocrx_word' id='word_1_495' title='bbox 2865 2724 2998 2777; x_wconf 91' lang='lat' dir='ltr'><strong>fecit</strong></span> <span class='ocrx_word' id='word_1_496' title='bbox 3046 2724 3380 2796; x_wconf 89' lang='lat' dir='ltr'><strong>imperator,</strong></span> <span class='ocrx_word' id='word_1_497' title='bbox 3417 2733 3482 2784; x_wconf 91' lang='lat' dir='ltr'><strong>ut</strong></span> <span class='ocrx_word' id='word_1_498' title='bbox 3529 2729 3653 2802; x_wconf 88' lang='lat' dir='ltr'><strong>ipsc</strong></span> 
     </span>
    </p>
   </div>
   <div class='ocr_carea' id='block_1_76' title="bbox 2003 2810 3651 2890">
    <p class='ocr_par' dir='ltr' id='par_1_76' title="bbox 2003 2810 3651 2890">
     <span class='ocr_line' id='line_1_76' title="bbox 2003 2810 3651 2890; baseline 0.005 -22"><span class='ocrx_word' id='word_1_499' title='bbox 2003 2813 2123 2868; x_wconf 94' lang='lat' dir='ltr'><strong>Odo</strong></span> <span class='ocrx_word' id='word_1_500' title='bbox 2155 2811 2498 2867; x_wconf 88' lang='lat' dir='ltr'><strong>necessitate</strong></span> <span class='ocrx_word' id='word_1_501' title='bbox 2528 2810 2870 2882; x_wconf 90' lang='lat' dir='ltr'><strong>compulsus</strong></span> <span class='ocrx_word' id='word_1_502' title='bbox 2897 2811 3651 2890; x_wconf 74' lang='lat' dir='ltr'><strong>bumiliterveniens,quze-</strong></span> 
     </span>
    </p>
   </div>
   <div class='ocr_carea' id='block_1_77' title="bbox 2002 2899 3648 2976">
    <p class='ocr_par' dir='ltr' id='par_1_77' title="bbox 2002 2899 3648 2976">
     <span class='ocr_line' id='line_1_77' title="bbox 2002 2899 3648 2976; baseline 0.005 -21"><span class='ocrx_word' id='word_1_503' title='bbox 2002 2905 2154 2956; x_wconf 89' lang='lat' dir='ltr'><strong>reret</strong></span> <span class='ocrx_word' id='word_1_504' title='bbox 2183 2899 2429 2965; x_wconf 90' lang='lat' dir='ltr'><strong>veniam,</strong></span> <span class='ocrx_word' id='word_1_505' title='bbox 2480 2899 2825 2972; x_wconf 84' lang='lat' dir='ltr'><strong>promittens</strong></span> <span class='ocrx_word' id='word_1_506' title='bbox 2873 2900 3269 2974; x_wconf 80' lang='lat' dir='ltr'><strong>Burgundiam</strong></span> <span class='ocrx_word' id='word_1_507' title='bbox 3318 2903 3648 2976; x_wconf 83' lang='lat' dir='ltr'><strong>dimittere;</strong></span> 
     </span>
    </p>
   </div>
   <div class='ocr_carea' id='block_1_78' title="bbox 2001 2988 3652 3070">
    <p class='ocr_par' dir='ltr' id='par_1_78' title="bbox 2001 2988 3652 3070">
     <span class='ocr_line' id='line_1_78' title="bbox 2001 2988 3652 3070; baseline 0.005 -24"><span class='ocrx_word' id='word_1_508' title='bbox 2001 2993 2056 3046; x_wconf 89' lang='lat' dir='ltr'><strong>et</strong></span> <span class='ocrx_word' id='word_1_509' title='bbox 2087 2989 2408 3046; x_wconf 89' lang='lat' dir='ltr'><strong>secundum</strong></span> <span class='ocrx_word' id='word_1_510' title='bbox 2433 2988 2760 3060; x_wconf 88' lang='lat' dir='ltr'><strong>jussionem</strong></span> <span class='ocrx_word' id='word_1_511' title='bbox 2793 2988 2950 3045; x_wconf 93' lang='lat' dir='ltr'><strong>illius</strong></span> <span class='ocrx_word' id='word_1_512' title='bbox 2981 2991 3432 3050; x_wconf 81' lang='lat' dir='ltr'><strong>satisfacere.Sic</strong></span> <span class='ocrx_word' id='word_1_513' title='bbox 3462 2995 3652 3070; x_wconf 85' lang='lat' dir='ltr'><strong>impe-</strong></span> 
     </span>
    </p>
   </div>
   <div class='ocr_carea' id='block_1_79' title="bbox 2004 3078 3652 3143">
    <p class='ocr_par' dir='ltr' id='par_1_79' title="bbox 2004 3078 3652 3143">
     <span class='ocr_line' id='line_1_79' title="bbox 2004 3078 3652 3143; baseline 0.005 -9"><span class='ocrx_word' id='word_1_514' title='bbox 2004 3084 2160 3134; x_wconf 87' lang='lat' dir='ltr'><strong>rator</strong></span> <span class='ocrx_word' id='word_1_515' title='bbox 2187 3095 2318 3134; x_wconf 91' lang='lat' dir='ltr'><strong>cum</strong></span> <span class='ocrx_word' id='word_1_516' title='bbox 2352 3095 2458 3134; x_wconf 91' lang='lat' dir='ltr'><strong>suo</strong></span> <span class='ocrx_word' id='word_1_517' title='bbox 2500 3078 2736 3143; x_wconf 86' lang='lat' dir='ltr'><strong>honore,</strong></span> <span class='ocrx_word' id='word_1_518' title='bbox 2768 3083 2825 3134; x_wconf 92' lang='lat' dir='ltr'><strong>et</strong></span> <span class='ocrx_word' id='word_1_519' title='bbox 2854 3078 3070 3135; x_wconf 89' lang='lat' dir='ltr'><strong>Odonis</strong></span> <span class='ocrx_word' id='word_1_520' title='bbox 3119 3081 3336 3139; x_wconf 89' lang='lat' dir='ltr'><strong>damno</strong></span> <span class='ocrx_word' id='word_1_521' title='bbox 3385 3100 3652 3143; x_wconf 85' lang='lat' dir='ltr'><strong>reversus</strong></span> 
     </span>
    </p>
   </div>
   <div class='ocr_carea' id='block_1_80' title="bbox 1991 3157 2112 3224">
    <p class='ocr_par' dir='ltr' id='par_1_80' title="bbox 1991 3157 2112 3224">
     <span class='ocr_line' id='line_1_80' title="bbox 1991 3157 2112 3224; baseline -0.008 0"><span class='ocrx_word' id='word_1_522' title='bbox 1991 3157 2112 3224; x_wconf 85' lang='lat' dir='ltr'><strong>est.</strong></span> 
     </span>
    </p>
   </div>
   <div class='ocr_carea' id='block_1_81' title="bbox 2001 3274 3648 3322">
    <p class='ocr_par' dir='ltr' id='par_1_81' title="bbox 2001 3274 3648 3322">
     <span class='ocr_line' id='line_1_81' title="bbox 2001 3274 3648 3322; baseline 0.004 -9"><span class='ocrx_word' id='word_1_523' title='bbox 2001 3274 2280 3321; x_wconf 74' lang='lat' dir='ltr'><strong>QUALITER</strong></span> <span class='ocrx_word' id='word_1_524' title='bbox 2318 3274 2644 3313; x_wconf 77' lang='lat' dir='ltr'><strong>IMPERATOR</strong></span> <span class='ocrx_word' id='word_1_525' title='bbox 2681 3274 2911 3312; x_wconf 69' lang='lat' dir='ltr'><strong>ODONEM</strong></span> <span class='ocrx_word' id='word_1_526' title='bbox 2944 3275 3172 3316; x_wconf 74' lang='lat' dir='ltr'><strong>EXPL&#39;L&#39;T</strong></span> <span class='ocrx_word' id='word_1_527' title='bbox 3203 3278 3270 3316; x_wconf 83' lang='lat' dir='ltr'><strong>DE</strong></span> <span class='ocrx_word' id='word_1_528' title='bbox 3298 3279 3648 3322; x_wconf 62' lang='lat' dir='ltr'><strong>BUBGUNDIA.</strong></span> 
     </span>
    </p>
   </div>
   <div class='ocr_carea' id='block_1_82' title="bbox 2072 3345 3649 3420">
    <p class='ocr_par' dir='ltr' id='par_1_82' title="bbox 2072 3345 3649 3420">
     <span class='ocr_line' id='line_1_82' title="bbox 2072 3345 3649 3420; baseline 0.006 -18"><span class='ocrx_word' id='word_1_529' title='bbox 2072 3349 2236 3402; x_wconf 89' lang='lat' dir='ltr'><strong>Anno</strong></span> <span class='ocrx_word' id='word_1_530' title='bbox 2269 3345 2497 3403; x_wconf 88' lang='lat' dir='ltr'><strong>Domini</strong></span> <span class='ocrx_word' id='word_1_531' title='bbox 2532 3347 2691 3412; x_wconf 74' lang='grc'><strong>1034,</strong></span> <span class='ocrx_word' id='word_1_532' title='bbox 2724 3346 3039 3418; x_wconf 90' lang='lat' dir='ltr'><strong>imperator</strong></span> <span class='ocrx_word' id='word_1_533' title='bbox 3087 3350 3143 3403; x_wconf 90' lang='lat' dir='ltr'><strong>in</strong></span> <span class='ocrx_word' id='word_1_534' title='bbox 3195 3349 3460 3420; x_wconf 88' lang='lat' dir='ltr'><strong>Bajoaria</strong></span> <span class='ocrx_word' id='word_1_535' title='bbox 3493 3354 3649 3411; x_wconf 79' lang='lat' dir='ltr'><strong>Rati-</strong></span> 
     </span>
    </p>
   </div>
   <div class='ocr_carea' id='block_1_83' title="bbox 2001 3435 3651 3510">
    <p class='ocr_par' dir='ltr' id='par_1_83' title="bbox 2001 3435 3651 3510">
     <span class='ocr_line' id='line_1_83' title="bbox 2001 3435 3651 3510; baseline 0.005 -17"><span class='ocrx_word' id='word_1_536' title='bbox 2001 3438 2196 3493; x_wconf 80' lang='lat' dir='ltr'><strong>sbome</strong></span> <span class='ocrx_word' id='word_1_537' title='bbox 2219 3440 2488 3492; x_wconf 91' lang='lat' dir='ltr'><strong>sanctum</strong></span> <span class='ocrx_word' id='word_1_538' title='bbox 2515 3435 2730 3492; x_wconf 88' lang='lat' dir='ltr'><strong>Pascha</strong></span> <span class='ocrx_word' id='word_1_539' title='bbox 2751 3435 3271 3510; x_wconf 85' lang='lat' dir='ltr'><strong>celebravit.Hujus</strong></span> <span class='ocrx_word' id='word_1_540' title='bbox 3291 3442 3430 3496; x_wconf 90' lang='lat' dir='ltr'><strong>anni</strong></span> <span class='ocrx_word' id='word_1_541' title='bbox 3453 3448 3651 3501; x_wconf 65' lang='lat' dir='ltr'><strong>testate</strong></span> 
     </span>
    </p>
   </div>
   <div class='ocr_carea' id='block_1_84' title="bbox 2001 3525 3650 3599">
    <p class='ocr_par' dir='ltr' id='par_1_84' title="bbox 2001 3525 3650 3599">
     <span class='ocr_line' id='line_1_84' title="bbox 2001 3525 3650 3599; baseline 0.004 -17"><span class='ocrx_word' id='word_1_542' title='bbox 2001 3529 2143 3583; x_wconf 91' lang='lat' dir='ltr'><strong>dum</strong></span> <span class='ocrx_word' id='word_1_543' title='bbox 2175 3527 2296 3583; x_wconf 93' lang='lat' dir='ltr'><strong>Odo</strong></span> <span class='ocrx_word' id='word_1_544' title='bbox 2345 3525 2619 3598; x_wconf 66' lang='lat' dir='ltr'><strong>praefatus</strong></span> <span class='ocrx_word' id='word_1_545' title='bbox 2670 3525 2961 3597; x_wconf 90' lang='lat' dir='ltr'><strong>promissa</strong></span> <span class='ocrx_word' id='word_1_546' title='bbox 3010 3543 3126 3582; x_wconf 90' lang='lat' dir='ltr'><strong>non</strong></span> <span class='ocrx_word' id='word_1_547' title='bbox 3172 3531 3514 3599; x_wconf 88' lang='lat' dir='ltr'><strong>attenderet,</strong></span> <span class='ocrx_word' id='word_1_548' title='bbox 3547 3533 3650 3588; x_wconf 91' lang='lat' dir='ltr'><strong>sed</strong></span> 
     </span>
    </p>
   </div>
   <div class='ocr_carea' id='block_1_85' title="bbox 2000 3613 3654 3690">
    <p class='ocr_par' dir='ltr' id='par_1_85' title="bbox 2000 3613 3654 3690">
     <span class='ocr_line' id='line_1_85' title="bbox 2000 3613 3654 3690; baseline 0.004 -19"><span class='ocrx_word' id='word_1_549' title='bbox 2000 3615 2192 3671; x_wconf 90' lang='lat' dir='ltr'><strong>adhuc</strong></span> <span class='ocrx_word' id='word_1_550' title='bbox 2218 3614 2536 3687; x_wconf 86' lang='lat' dir='ltr'><strong>quamdam</strong></span> <span class='ocrx_word' id='word_1_551' title='bbox 2569 3617 2790 3685; x_wconf 88' lang='lat' dir='ltr'><strong>partem</strong></span> <span class='ocrx_word' id='word_1_552' title='bbox 2819 3613 3186 3688; x_wconf 72' lang='lat' dir='ltr'><strong>Burgundiae,</strong></span> <span class='ocrx_word' id='word_1_553' title='bbox 3212 3634 3387 3690; x_wconf 88' lang='lat' dir='ltr'><strong>quam</strong></span> <span class='ocrx_word' id='word_1_554' title='bbox 3431 3620 3654 3690; x_wconf 84' lang='lat' dir='ltr'><strong>injuste</strong></span> 
     </span>
    </p>
   </div>
   <div class='ocr_carea' id='block_1_86' title="bbox 1998 3703 3676 3782">
    <p class='ocr_par' dir='ltr' id='par_1_86' title="bbox 1998 3703 3676 3782">
     <span class='ocr_line' id='line_1_86' title="bbox 1998 3703 3676 3782; baseline 0.004 -22"><span class='ocrx_word' id='word_1_555' title='bbox 1998 3703 2944 3774; x_wconf 88' lang='lat' dir='ltr'><strong>invaserat,obtineret,imperator</strong></span> <span class='ocrx_word' id='word_1_556' title='bbox 2963 3703 3347 3764; x_wconf 91' lang='lat' dir='ltr'><strong>Chuonradus</strong></span> <span class='ocrx_word' id='word_1_557' title='bbox 3366 3710 3650 3782; x_wconf 85' lang='lat' dir='ltr'><strong>expeditis</strong></span> <span class='ocrx_word' id='word_1_558' title='bbox 3671 3741 3676 3746; x_wconf 90' lang='lat'><strong>-</strong></span> 
     </span>
    </p>
   </div>
   <div class='ocr_carea' id='block_1_87' title="bbox 1999 3790 3650 3864">
    <p class='ocr_par' dir='ltr' id='par_1_87' title="bbox 1999 3790 3650 3864">
     <span class='ocr_line' id='line_1_87' title="bbox 1999 3790 3650 3864; baseline 0.003 -14"><span class='ocrx_word' id='word_1_559' title='bbox 1999 3793 2336 3850; x_wconf 88' lang='lat' dir='ltr'><strong>Teutonicis</strong></span> <span class='ocrx_word' id='word_1_560' title='bbox 2368 3795 2424 3847; x_wconf 91' lang='lat' dir='ltr'><strong>et</strong></span> <span class='ocrx_word' id='word_1_561' title='bbox 2445 3790 2604 3846; x_wconf 91' lang='lat' dir='ltr'><strong>Italis</strong></span> <span class='ocrx_word' id='word_1_562' title='bbox 2628 3792 3027 3864; x_wconf 86' lang='lat' dir='ltr'><strong>Burgundiam</strong></span> <span class='ocrx_word' id='word_1_563' title='bbox 3049 3798 3216 3850; x_wconf 90' lang='lat' dir='ltr'><strong>acute</strong></span> <span class='ocrx_word' id='word_1_564' title='bbox 3237 3796 3416 3852; x_wconf 88' lang='lat' dir='ltr'><strong>adiit:</strong></span> <span class='ocrx_word' id='word_1_565' title='bbox 3443 3798 3650 3855; x_wconf 86' lang='lat' dir='ltr'><strong>Teuto-</strong></span> 
     </span>
    </p>
   </div>
   <div class='ocr_carea' id='block_1_88' title="bbox 1999 3878 3647 3956">
    <p class='ocr_par' dir='ltr' id='par_1_88' title="bbox 1999 3878 3647 3956">
     <span class='ocr_line' id='line_1_88' title="bbox 1999 3878 3647 3956; baseline 0.003 -17"><span class='ocrx_word' id='word_1_566' title='bbox 1999 3900 2103 3939; x_wconf 91' lang='lat' dir='ltr'><strong>nes</strong></span> <span class='ocrx_word' id='word_1_567' title='bbox 2132 3900 2201 3938; x_wconf 80' lang='lat' dir='ltr'><strong>ex</strong></span> <span class='ocrx_word' id='word_1_568' title='bbox 2228 3898 2348 3936; x_wconf 89' lang='lat' dir='ltr'><strong>una</strong></span> <span class='ocrx_word' id='word_1_569' title='bbox 2378 3884 2562 3952; x_wconf 88' lang='lat' dir='ltr'><strong>parte,</strong></span> <span class='ocrx_word' id='word_1_570' title='bbox 2596 3896 2662 3934; x_wconf 77' lang='lat' dir='ltr'><strong>ex</strong></span> <span class='ocrx_word' id='word_1_571' title='bbox 2692 3878 2874 3935; x_wconf 86' lang='lat' dir='ltr'><strong>altera</strong></span> <span class='ocrx_word' id='word_1_572' title='bbox 2922 3881 3393 3956; x_wconf 88' lang='lat' dir='ltr'><strong>archiepiscopus</strong></span> <span class='ocrx_word' id='word_1_573' title='bbox 3425 3886 3647 3950; x_wconf 87' lang='lat' dir='ltr'><strong>Medio-</strong></span> 
     </span>
    </p>
   </div>
   <div class='ocr_carea' id='block_1_89' title="bbox 1998 3968 3644 4048">
    <p class='ocr_par' dir='ltr' id='par_1_89' title="bbox 1998 3968 3644 4048">
     <span class='ocr_line' id='line_1_89' title="bbox 1998 3968 3644 4048; baseline 0.002 -21"><span class='ocrx_word' id='word_1_574' title='bbox 1998 3971 2258 4027; x_wconf 80' lang='lat' dir='ltr'><strong>lanensis</strong></span> <span class='ocrx_word' id='word_1_575' title='bbox 2285 3968 2622 4024; x_wconf 86' lang='lat' dir='ltr'><strong>Heribertus</strong></span> <span class='ocrx_word' id='word_1_576' title='bbox 2654 3972 2712 4022; x_wconf 90' lang='lat' dir='ltr'><strong>et</strong></span> <span class='ocrx_word' id='word_1_577' title='bbox 2742 3968 2930 4023; x_wconf 68' lang='lat' dir='ltr'><strong>caeteri</strong></span> <span class='ocrx_word' id='word_1_578' title='bbox 2963 3969 3163 4037; x_wconf 87' lang='lat' dir='ltr'><strong>Italici,</strong></span> <span class='ocrx_word' id='word_1_579' title='bbox 3189 3971 3372 4032; x_wconf 86' lang='lat' dir='ltr'><strong>ductu</strong></span> <span class='ocrx_word' id='word_1_580' title='bbox 3403 3973 3644 4048; x_wconf 83' lang='lat' dir='ltr'><strong>Huperti</strong></span> 
     </span>
    </p>
   </div>
   <div class='ocr_carea' id='block_1_90' title="bbox 1997 4055 3646 4130">
    <p class='ocr_par' dir='ltr' id='par_1_90' title="bbox 1997 4055 3646 4130">
     <span class='ocr_line' id='line_1_90' title="bbox 1997 4055 3646 4130; baseline 0.002 -14"><span class='ocrx_word' id='word_1_581' title='bbox 1997 4060 2228 4116; x_wconf 91' lang='lat' dir='ltr'><strong>comitis</strong></span> <span class='ocrx_word' id='word_1_582' title='bbox 2271 4059 2342 4113; x_wconf 91' lang='lat' dir='ltr'><strong>de</strong></span> <span class='ocrx_word' id='word_1_583' title='bbox 2390 4055 2751 4130; x_wconf 91' lang='lat' dir='ltr'><strong>Burgundia,</strong></span> <span class='ocrx_word' id='word_1_584' title='bbox 2785 4073 2972 4128; x_wconf 90' lang='lat' dir='ltr'><strong>usque</strong></span> <span class='ocrx_word' id='word_1_585' title='bbox 3023 4057 3368 4115; x_wconf 82' lang='lat' dir='ltr'><strong>Rhodanum</strong></span> <span class='ocrx_word' id='word_1_586' title='bbox 3404 4060 3646 4119; x_wconf 84' lang='lat' dir='ltr'><strong>ﬂuvium</strong></span> 
     </span>
    </p>
   </div>
   <div class='ocr_carea' id='block_1_91' title="bbox 1996 4146 3644 4218">
    <p class='ocr_par' dir='ltr' id='par_1_91' title="bbox 1996 4146 3644 4218">
     <span class='ocr_line' id='line_1_91' title="bbox 1996 4146 3644 4218; baseline -0.001 -12"><span class='ocrx_word' id='word_1_587' title='bbox 1996 4150 2409 4206; x_wconf 88' lang='lat' dir='ltr'><strong>convenerunt.</strong></span> <span class='ocrx_word' id='word_1_588' title='bbox 2474 4147 2777 4218; x_wconf 82' lang='lat' dir='ltr'><strong>Augustus</strong></span> <span class='ocrx_word' id='word_1_589' title='bbox 2831 4146 3070 4201; x_wconf 90' lang='lat' dir='ltr'><strong>veniens</strong></span> <span class='ocrx_word' id='word_1_590' title='bbox 3125 4147 3195 4201; x_wconf 93' lang='lat' dir='ltr'><strong>ad</strong></span> <span class='ocrx_word' id='word_1_591' title='bbox 3256 4149 3644 4210; x_wconf 84' lang='lat' dir='ltr'><strong>Genevensem</strong></span> 
     </span>
    </p>
   </div>
   <div class='ocr_carea' id='block_1_92' title="bbox 1997 4232 3686 4307">
    <p class='ocr_par' dir='ltr' id='par_1_92' title="bbox 1997 4232 3686 4307">
     <span class='ocr_line' id='line_1_92' title="bbox 1997 4232 3686 4307; baseline 0.001 -13"><span class='ocrx_word' id='word_1_592' title='bbox 1997 4238 2310 4303; x_wconf 90' lang='lat' dir='ltr'><strong>civitatem,</strong></span> <span class='ocrx_word' id='word_1_593' title='bbox 2341 4233 2656 4290; x_wconf 88' lang='lat' dir='ltr'><strong>Geroldum</strong></span> <span class='ocrx_word' id='word_1_594' title='bbox 2704 4232 3030 4305; x_wconf 88' lang='lat' dir='ltr'><strong>principem</strong></span> <span class='ocrx_word' id='word_1_595' title='bbox 3078 4235 3332 4307; x_wconf 84' lang='lat' dir='ltr'><strong>regionis</strong></span> <span class='ocrx_word' id='word_1_596' title='bbox 3382 4235 3562 4306; x_wconf 89' lang='lat' dir='ltr'><strong>illius,</strong></span> <span class='ocrx_word' id='word_1_597' title='bbox 3581 4243 3686 4296; x_wconf 48' lang='lat' dir='ltr'><strong>et.</strong></span> 
     </span>
    </p>
   </div>
   <div class='ocr_carea' id='block_1_93' title="bbox 1995 4322 3645 4400">
    <p class='ocr_par' dir='ltr' id='par_1_93' title="bbox 1995 4322 3645 4400">
     <span class='ocr_line' id='line_1_93' title="bbox 1995 4322 3645 4400; baseline -0.001 -18"><span class='ocrx_word' id='word_1_598' title='bbox 1995 4325 2499 4398; x_wconf 85' lang='lat' dir='ltr'><strong>archiepiscOpum</strong></span> <span class='ocrx_word' id='word_1_599' title='bbox 2533 4322 2980 4394; x_wconf 83' lang='lat' dir='ltr'><strong>Lugdunensem</strong></span> <span class='ocrx_word' id='word_1_600' title='bbox 3040 4327 3214 4394; x_wconf 88' lang='lat' dir='ltr'><strong>atque</strong></span> <span class='ocrx_word' id='word_1_601' title='bbox 3273 4323 3418 4382; x_wconf 90' lang='lat' dir='ltr'><strong>alios</strong></span> <span class='ocrx_word' id='word_1_602' title='bbox 3467 4343 3645 4400; x_wconf 83' lang='lat' dir='ltr'><strong>quam</strong></span> 
     </span>
    </p>
   </div>
   <div class='ocr_carea' id='block_1_94' title="bbox 1995 4413 3647 4488">
    <p class='ocr_par' dir='ltr' id='par_1_94' title="bbox 1995 4413 3647 4488">
     <span class='ocr_line' id='line_1_94' title="bbox 1995 4413 3647 4488; baseline 0.002 -18"><span class='ocrx_word' id='word_1_603' title='bbox 1995 4414 2194 4488; x_wconf 90' lang='lat' dir='ltr'><strong>plures</strong></span> <span class='ocrx_word' id='word_1_604' title='bbox 2223 4413 2457 4485; x_wconf 85' lang='lat' dir='ltr'><strong>subegit</strong></span> <span class='ocrx_word' id='word_1_605' title='bbox 2507 4428 2520 4466; x_wconf 91' lang='lat'>:</span> <span class='ocrx_word' id='word_1_606' title='bbox 2573 4414 2629 4466; x_wconf 91' lang='lat' dir='ltr'><strong>et</strong></span> <span class='ocrx_word' id='word_1_607' title='bbox 2681 4428 2948 4467; x_wconf 88' lang='lat' dir='ltr'><strong>reversus</strong></span> <span class='ocrx_word' id='word_1_608' title='bbox 2995 4416 3254 4467; x_wconf 90' lang='lat' dir='ltr'><strong>castrum</strong></span> <span class='ocrx_word' id='word_1_609' title='bbox 3287 4413 3480 4472; x_wconf 89' lang='lat' dir='ltr'><strong>Murat</strong></span> <span class='ocrx_word' id='word_1_610' title='bbox 3507 4432 3647 4473; x_wconf 86' lang='lat' dir='ltr'><strong>cum</strong></span> 
     </span>
    </p>
   </div>
   <div class='ocr_carea' id='block_1_95' title="bbox 228 4499 3646 4575">
    <p class='ocr_par' dir='ltr' id='par_1_95' title="bbox 228 4499 3646 4575">
     <span class='ocr_line' id='line_1_95' title="bbox 228 4499 3646 4575; baseline 0.001 -16"><span class='ocrx_word' id='word_1_611' title='bbox 228 4503 410 4559; x_wconf 87' lang='lat' dir='ltr'><strong>vitate</strong></span> <span class='ocrx_word' id='word_1_612' title='bbox 451 4499 777 4568; x_wconf 83' lang='lat' dir='ltr'><strong>celebravit,</strong></span> <span class='ocrx_word' id='word_1_613' title='bbox 810 4501 946 4557; x_wconf 90' lang='lat' dir='ltr'><strong>inde</strong></span> <span class='ocrx_word' id='word_1_614' title='bbox 994 4500 1230 4557; x_wconf 91' lang='lat' dir='ltr'><strong>collecto</strong></span> <span class='ocrx_word' id='word_1_615' title='bbox 1280 4502 1532 4558; x_wconf 84' lang='lat' dir='ltr'><strong>exercitu</strong></span> <span class='ocrx_word' id='word_1_616' title='bbox 1581 4520 1684 4575; x_wconf 91' lang='lat' dir='ltr'><strong>per</strong></span> <span class='ocrx_word' id='word_1_617' title='bbox 1729 4505 1888 4560; x_wconf 85' lang='lat' dir='ltr'><strong>Bolo-</strong></span> <span class='ocrx_word' id='word_1_618' title='bbox 1918 4510 1965 4575; x_wconf 76' lang='grc' dir='ltr'><strong>Ι)</strong></span> <span class='ocrx_word' id='word_1_619' title='bbox 1995 4503 2334 4560; x_wconf 81' lang='lat' dir='ltr'><strong>fortissimis</strong></span> <span class='ocrx_word' id='word_1_620' title='bbox 2364 4499 2672 4566; x_wconf 89' lang='lat' dir='ltr'><strong>militibus,</strong></span> <span class='ocrx_word' id='word_1_621' title='bbox 2701 4499 2922 4556; x_wconf 90' lang='lat' dir='ltr'><strong>Odonis</strong></span> <span class='ocrx_word' id='word_1_622' title='bbox 2950 4501 3245 4556; x_wconf 90' lang='lat' dir='ltr'><strong>munitum</strong></span> <span class='ocrx_word' id='word_1_623' title='bbox 3267 4502 3563 4571; x_wconf 86' lang='lat' dir='ltr'><strong>obsidens,</strong></span> <span class='ocrx_word' id='word_1_624' title='bbox 3591 4505 3646 4560; x_wconf 88' lang='lat' dir='ltr'><strong>vi</strong></span> 
     </span>
    </p>
   </div>
   <div class='ocr_carea' id='block_1_96' title="bbox 231 4589 1882 4664">
    <p class='ocr_par' dir='ltr' id='par_1_96' title="bbox 231 4589 1882 4664">
     <span class='ocr_line' id='line_1_96' title="bbox 231 4589 1882 4664; baseline 0 -15"><span class='ocrx_word' id='word_1_625' title='bbox 231 4593 447 4649; x_wconf 79' lang='lat' dir='ltr'><strong>dorum</strong></span> <span class='ocrx_word' id='word_1_626' title='bbox 498 4589 898 4664; x_wconf 86' lang='lat' dir='ltr'><strong>Burgundiam</strong></span> <span class='ocrx_word' id='word_1_627' title='bbox 961 4589 1219 4656; x_wconf 89' lang='lat' dir='ltr'><strong>intravit,</strong></span> <span class='ocrx_word' id='word_1_628' title='bbox 1269 4593 1325 4645; x_wconf 93' lang='lat' dir='ltr'><strong>et</strong></span> <span class='ocrx_word' id='word_1_629' title='bbox 1370 4591 1608 4646; x_wconf 89' lang='lat' dir='ltr'><strong>veniens</strong></span> <span class='ocrx_word' id='word_1_630' title='bbox 1656 4593 1729 4648; x_wconf 92' lang='lat' dir='ltr'><strong>ad</strong></span> <span class='ocrx_word' id='word_1_631' title='bbox 1778 4594 1882 4649; x_wconf 87' lang='lat' dir='ltr'><strong>Pa-</strong></span> 
     </span>
    </p>
   </div>
   <div class='ocr_carea' id='block_1_97' title="bbox 229 4677 1885 4738">
    <p class='ocr_par' dir='ltr' id='par_1_97' title="bbox 229 4677 1885 4738">
     <span class='ocr_line' id='line_1_97' title="bbox 229 4677 1885 4738; baseline 0.002 -3"><span class='ocrx_word' id='word_1_632' title='bbox 229 4680 560 4736; x_wconf 85' lang='lat' dir='ltr'><strong>temiacum</strong></span> <span class='ocrx_word' id='word_1_633' title='bbox 619 4678 1040 4734; x_wconf 89' lang='lat' dir='ltr'><strong>monasterium</strong></span> <span class='ocrx_word' id='word_1_634' title='bbox 1091 4678 1151 4733; x_wconf 90' lang='lat' dir='ltr'><strong>in</strong></span> <span class='ocrx_word' id='word_1_635' title='bbox 1209 4677 1616 4735; x_wconf 80' lang='lat' dir='ltr'><strong>Purificatione</strong></span> <span class='ocrx_word' id='word_1_636' title='bbox 1672 4685 1885 4738; x_wconf 66' lang='lat' dir='ltr'><strong>sancta</strong></span> 
     </span>
    </p>
   </div>
   <div class='ocr_carea' id='block_1_98' title="bbox 226 4766 1884 4840">
    <p class='ocr_par' dir='ltr' id='par_1_98' title="bbox 226 4766 1884 4840">
     <span class='ocr_line' id='line_1_98' title="bbox 226 4766 1884 4840; baseline 0.001 -16"><span class='ocrx_word' id='word_1_637' title='bbox 226 4767 490 4838; x_wconf 42' lang='lat' dir='ltr'><strong>Marius</strong></span> <span class='ocrx_word' id='word_1_638' title='bbox 518 4767 840 4839; x_wconf 85' lang='lat' dir='ltr'><strong>majoribus</strong></span> <span class='ocrx_word' id='word_1_639' title='bbox 861 4771 919 4822; x_wconf 89' lang='lat' dir='ltr'><strong>et</strong></span> <span class='ocrx_word' id='word_1_640' title='bbox 940 4766 1265 4822; x_wconf 89' lang='lat' dir='ltr'><strong>minoribus</strong></span> <span class='ocrx_word' id='word_1_641' title='bbox 1287 4767 1548 4838; x_wconf 89' lang='lat' dir='ltr'><strong>regni,ad</strong></span> <span class='ocrx_word' id='word_1_642' title='bbox 1571 4770 1884 4840; x_wconf 90' lang='lat' dir='ltr'><strong>regendam</strong></span> 
     </span>
    </p>
   </div>
   <div class='ocr_carea' id='block_1_99' title="bbox 230 4853 1889 4928">
    <p class='ocr_par' dir='ltr' id='par_1_99' title="bbox 230 4853 1889 4928">
     <span class='ocr_line' id='line_1_99' title="bbox 230 4853 1889 4928; baseline 0.001 -16"><span class='ocrx_word' id='word_1_643' title='bbox 230 4855 637 4927; x_wconf 72' lang='lat' dir='ltr'><strong>Burgundiam</strong></span> <span class='ocrx_word' id='word_1_644' title='bbox 663 4854 884 4910; x_wconf 90' lang='lat' dir='ltr'><strong>electus</strong></span> <span class='ocrx_word' id='word_1_645' title='bbox 913 4859 1020 4921; x_wconf 90' lang='lat' dir='ltr'><strong>est,</strong></span> <span class='ocrx_word' id='word_1_646' title='bbox 1053 4859 1110 4910; x_wconf 93' lang='lat' dir='ltr'><strong>et</strong></span> <span class='ocrx_word' id='word_1_647' title='bbox 1137 4854 1197 4908; x_wconf 92' lang='lat' dir='ltr'><strong>in</strong></span> <span class='ocrx_word' id='word_1_648' title='bbox 1227 4854 1356 4925; x_wconf 88' lang='lat' dir='ltr'><strong>ipsa</strong></span> <span class='ocrx_word' id='word_1_649' title='bbox 1384 4853 1476 4909; x_wconf 89' lang='lat' dir='ltr'><strong>die</strong></span> <span class='ocrx_word' id='word_1_650' title='bbox 1502 4872 1604 4926; x_wconf 93' lang='lat' dir='ltr'><strong>pro</strong></span> <span class='ocrx_word' id='word_1_651' title='bbox 1636 4873 1768 4928; x_wconf 84' lang='lat' dir='ltr'><strong>rege</strong></span> <span class='ocrx_word' id='word_1_652' title='bbox 1798 4873 1889 4913; x_wconf 80' lang='lat' dir='ltr'><strong>co-</strong></span> 
     </span>
    </p>
   </div>
   <div class='ocr_carea' id='block_1_100' title="bbox 230 4941 1888 5014">
    <p class='ocr_par' dir='ltr' id='par_1_100' title="bbox 230 4941 1888 5014">
     <span class='ocr_line' id='line_1_100' title="bbox 230 4941 1888 5014; baseline 0.001 -14"><span class='ocrx_word' id='word_1_653' title='bbox 230 4948 480 5000; x_wconf 86' lang='lat' dir='ltr'><strong>ronatus</strong></span> <span class='ocrx_word' id='word_1_654' title='bbox 503 4947 594 4999; x_wconf 83' lang='lat' dir='ltr'><strong>est</strong></span> <span class='ocrx_word' id='word_1_655' title='bbox 616 4957 630 4998; x_wconf 89' lang='lat'><strong>:</strong></span> <span class='ocrx_word' id='word_1_656' title='bbox 657 4943 867 4998; x_wconf 89' lang='lat' dir='ltr'><strong>deinde</strong></span> <span class='ocrx_word' id='word_1_657' title='bbox 896 4943 1162 5014; x_wconf 76' lang='lat' dir='ltr'><strong>quaedam</strong></span> <span class='ocrx_word' id='word_1_658' title='bbox 1185 4941 1427 4998; x_wconf 88' lang='lat' dir='ltr'><strong>castella</strong></span> <span class='ocrx_word' id='word_1_659' title='bbox 1443 4959 1568 5014; x_wconf 64' lang='lat' dir='ltr'><strong>qua</strong></span> <span class='ocrx_word' id='word_1_660' title='bbox 1586 4943 1706 5000; x_wconf 91' lang='lat' dir='ltr'><strong>Odo</strong></span> <span class='ocrx_word' id='word_1_661' title='bbox 1732 4944 1888 5001; x_wconf 89' lang='lat' dir='ltr'><strong>inva-</strong></span> 
     </span>
    </p>
   </div>
   <div class='ocr_carea' id='block_1_101' title="bbox 231 5026 1883 5104">
    <p class='ocr_par' dir='ltr' id='par_1_101' title="bbox 231 5026 1883 5104">
     <span class='ocr_line' id='line_1_101' title="bbox 231 5026 1883 5104; baseline 0 -16"><span class='ocrx_word' id='word_1_662' title='bbox 231 5034 408 5099; x_wconf 78' lang='lat' dir='ltr'><strong>serat,</strong></span> <span class='ocrx_word' id='word_1_663' title='bbox 446 5026 708 5104; x_wconf 34' lang='lat' dir='ltr'><strong>&#39;obsedit;</strong></span> <span class='ocrx_word' id='word_1_664' title='bbox 750 5031 860 5097; x_wconf 83' lang='lat' dir='ltr'><strong>sed</strong></span> <span class='ocrx_word' id='word_1_665' title='bbox 921 5034 1156 5102; x_wconf 91' lang='lat' dir='ltr'><strong>propter</strong></span> <span class='ocrx_word' id='word_1_666' title='bbox 1210 5029 1454 5085; x_wconf 85' lang='lat' dir='ltr'><strong>nimiam</strong></span> <span class='ocrx_word' id='word_1_667' title='bbox 1511 5031 1883 5104; x_wconf 87' lang='lat' dir='ltr'><strong>asperitatem</strong></span> 
     </span>
    </p>
   </div>
   <div class='ocr_carea' id='block_1_102' title="bbox 229 5116 1883 5190">
    <p class='ocr_par' dir='ltr' id='par_1_102' title="bbox 229 5116 1883 5190">
     <span class='ocr_line' id='line_1_102' title="bbox 229 5116 1883 5190; baseline 0.001 -16"><span class='ocrx_word' id='word_1_668' title='bbox 229 5117 470 5185; x_wconf 82' lang='lat' dir='ltr'><strong>hiemis,</strong></span> <span class='ocrx_word' id='word_1_669' title='bbox 499 5122 798 5190; x_wconf 49' lang='lat' dir='ltr'><strong>qum&#39;tunc</strong></span> <span class='ocrx_word' id='word_1_670' title='bbox 825 5119 1059 5184; x_wconf 84' lang='lat' dir='ltr'><strong>fecerat,</strong></span> <span class='ocrx_word' id='word_1_671' title='bbox 1110 5116 1276 5173; x_wconf 91' lang='lat' dir='ltr'><strong>valde</strong></span> <span class='ocrx_word' id='word_1_672' title='bbox 1321 5118 1767 5190; x_wconf 90' lang='lat' dir='ltr'><strong>impediebatur.</strong></span> <span class='ocrx_word' id='word_1_673' title='bbox 1803 5121 1883 5176; x_wconf 89' lang='lat' dir='ltr'><strong>De</strong></span> 
     </span>
    </p>
   </div>
   <div class='ocr_carea' id='block_1_103' title="bbox 232 5204 1882 5279">
    <p class='ocr_par' dir='ltr' id='par_1_103' title="bbox 232 5204 1882 5279">
     <span class='ocr_line' id='line_1_103' title="bbox 232 5204 1882 5279; baseline 0.002 -19"><span class='ocrx_word' id='word_1_674' title='bbox 232 5221 374 5279; x_wconf 81' lang='lat' dir='ltr'><strong>qua</strong></span> <span class='ocrx_word' id='word_1_675' title='bbox 398 5204 696 5262; x_wconf 81' lang='lat' dir='ltr'><strong>nimietate</strong></span> <span class='ocrx_word' id='word_1_676' title='bbox 715 5205 950 5279; x_wconf 73' lang='lat' dir='ltr'><strong>frigoris</strong></span> <span class='ocrx_word' id='word_1_677' title='bbox 981 5205 1220 5278; x_wconf 88' lang='lat' dir='ltr'><strong>quidam</strong></span> <span class='ocrx_word' id='word_1_678' title='bbox 1252 5205 1322 5261; x_wconf 90' lang='lat' dir='ltr'><strong>de</strong></span> <span class='ocrx_word' id='word_1_679' title='bbox 1353 5205 1568 5262; x_wconf 88' lang='lat' dir='ltr'><strong>nostris</strong></span> <span class='ocrx_word' id='word_1_680' title='bbox 1611 5210 1882 5264; x_wconf 89' lang='lat' dir='ltr'><strong>centenos</strong></span> 
     </span>
    </p>
   </div>
   <div class='ocr_carea' id='block_1_104' title="bbox 229 5277 1882 5366">
    <p class='ocr_par' dir='ltr' id='par_1_104' title="bbox 229 5277 1882 5366">
     <span class='ocr_line' id='line_1_104' title="bbox 229 5277 1882 5366; baseline 0.004 -19"><span class='ocrx_word' id='word_1_681' title='bbox 229 5277 440 5348; x_wconf 76' lang='lat' dir='ltr'><strong>versus</strong></span> <span class='ocrx_word' id='word_1_682' title='bbox 456 5293 618 5359; x_wconf 81' lang='lat' dir='ltr'><strong>&#39;fecit,</strong></span> <span class='ocrx_word' id='word_1_683' title='bbox 649 5277 1162 5366; x_wconf 30' lang='lat' dir='ltr'><strong>quos&#39;imperatOri</strong></span> <span class='ocrx_word' id='word_1_684' title='bbox 1195 5293 1644 5364; x_wconf 61' lang='lat' dir='ltr'><strong>prmsentavitdn</strong></span> <span class='ocrx_word' id='word_1_685' title='bbox 1666 5295 1882 5366; x_wconf 91' lang='lat' dir='ltr'><strong>quibus</strong></span> 
     </span>
    </p>
   </div>
   <div class='ocr_carea' id='block_1_105' title="bbox 231 5381 1881 5454">
    <p class='ocr_par' dir='ltr' id='par_1_105' title="bbox 231 5381 1881 5454">
     <span class='ocr_line' id='line_1_105' title="bbox 231 5381 1881 5454; baseline 0.003 -19"><span class='ocrx_word' id='word_1_686' title='bbox 231 5383 354 5435; x_wconf 83' lang='lat' dir='ltr'><strong>tam</strong></span> <span class='ocrx_word' id='word_1_687' title='bbox 386 5381 666 5436; x_wconf 62' lang='lat' dir='ltr'><strong>mirandae</strong></span> <span class='ocrx_word' id='word_1_688' title='bbox 717 5397 809 5438; x_wconf 87' lang='lat' dir='ltr'><strong>res</strong></span> <span class='ocrx_word' id='word_1_689' title='bbox 858 5382 1152 5449; x_wconf 88' lang='lat' dir='ltr'><strong>dicuntur,</strong></span> <span class='ocrx_word' id='word_1_690' title='bbox 1185 5383 1340 5453; x_wconf 88' lang='lat' dir='ltr'><strong>quod</strong></span> <span class='ocrx_word' id='word_1_691' title='bbox 1390 5381 1523 5454; x_wconf 91' lang='lat' dir='ltr'><strong>equi</strong></span> <span class='ocrx_word' id='word_1_692' title='bbox 1569 5383 1626 5438; x_wconf 94' lang='lat' dir='ltr'><strong>in</strong></span> <span class='ocrx_word' id='word_1_693' title='bbox 1674 5385 1881 5441; x_wconf 88' lang='lat' dir='ltr'><strong>castris</strong></span> 
     </span>
    </p>
   </div>
   <div class='ocr_carea' id='block_1_106' title="bbox 233 5459 1884 5545">
    <p class='ocr_par' dir='ltr' id='par_1_106' title="bbox 233 5459 1884 5545">
     <span class='ocr_line' id='line_1_106' title="bbox 233 5459 1884 5545; baseline 0.004 -23"><span class='ocrx_word' id='word_1_694' title='bbox 233 5466 388 5523; x_wconf 84' lang='lat' dir='ltr'><strong>circa</strong></span> <span class='ocrx_word' id='word_1_695' title='bbox 413 5467 717 5525; x_wconf 83' lang='lat' dir='ltr'><strong>castellum</strong></span> <span class='ocrx_word' id='word_1_696' title='bbox 756 5471 964 5537; x_wconf 82' lang='lat' dir='ltr'><strong>Murat,</strong></span> <span class='ocrx_word' id='word_1_697' title='bbox 981 5469 1030 5525; x_wconf 91' lang='lat' dir='ltr'><strong>si</strong></span> <span class='ocrx_word' id='word_1_698' title='bbox 1047 5469 1224 5542; x_wconf 92' lang='lat' dir='ltr'><strong>pedes</strong></span> <span class='ocrx_word' id='word_1_699' title='bbox 1245 5459 1572 5526; x_wconf 81' lang='lat' dir='ltr'><strong>infixissent</strong></span> <span class='ocrx_word' id='word_1_700' title='bbox 1593 5475 1759 5528; x_wconf 62' lang='lat' dir='ltr'><strong>terra:</strong></span> <span class='ocrx_word' id='word_1_701' title='bbox 1783 5489 1884 5545; x_wconf 93' lang='lat' dir='ltr'><strong>per</strong></span> 
     </span>
    </p>
   </div>
   <div class='ocr_carea' id='block_1_107' title="bbox 228 5556 1877 5632">
    <p class='ocr_par' dir='ltr' id='par_1_107' title="bbox 228 5556 1877 5632">
     <span class='ocr_line' id='line_1_107' title="bbox 228 5556 1877 5632; baseline 0.003 -18"><span class='ocrx_word' id='word_1_702' title='bbox 228 5569 492 5630; x_wconf 67' lang='lat' dir='ltr'><strong>teporem</strong></span> <span class='ocrx_word' id='word_1_703' title='bbox 515 5557 648 5615; x_wconf 50' lang='lat' dir='ltr'><strong>&#39;diei&#39;</strong></span> <span class='ocrx_word' id='word_1_704' title='bbox 666 5556 887 5629; x_wconf 80' lang='lat' dir='ltr'><strong>aliquid</strong></span> <span class='ocrx_word' id='word_1_705' title='bbox 917 5557 1125 5626; x_wconf 86' lang='lat' dir='ltr'><strong>moliti,</strong></span> <span class='ocrx_word' id='word_1_706' title='bbox 1157 5573 1260 5632; x_wconf 89' lang='lat' dir='ltr'><strong>per</strong></span> <span class='ocrx_word' id='word_1_707' title='bbox 1297 5562 1524 5616; x_wconf 85' lang='lat' dir='ltr'><strong>noctem</strong></span> <span class='ocrx_word' id='word_1_708' title='bbox 1575 5559 1655 5614; x_wconf 87' lang='lat' dir='ltr'><strong>ita</strong></span> <span class='ocrx_word' id='word_1_709' title='bbox 1699 5557 1877 5632; x_wconf 86' lang='lat' dir='ltr'><strong>gelati</strong></span> 
     </span>
    </p>
   </div>
   <div class='ocr_carea' id='block_1_108' title="bbox 1994 4589 3670 4665">
    <p class='ocr_par' dir='ltr' id='par_1_108' title="bbox 1994 4589 3670 4665">
     <span class='ocr_line' id='line_1_108' title="bbox 1994 4589 3670 4665; baseline 0 -17"><span class='ocrx_word' id='word_1_710' title='bbox 1994 4594 2164 4665; x_wconf 82' lang='lat' dir='ltr'><strong>cepit,</strong></span> <span class='ocrx_word' id='word_1_711' title='bbox 2190 4596 2247 4647; x_wconf 93' lang='lat' dir='ltr'><strong>et</strong></span> <span class='ocrx_word' id='word_1_712' title='bbox 2275 4606 2424 4662; x_wconf 88' lang='lat' dir='ltr'><strong>quos</strong></span> <span class='ocrx_word' id='word_1_713' title='bbox 2455 4590 2613 4644; x_wconf 90' lang='lat' dir='ltr'><strong>intus</strong></span> <span class='ocrx_word' id='word_1_714' title='bbox 2643 4589 3224 4662; x_wconf 87' lang='lat' dir='ltr'><strong>invenerat,captivos</strong></span> <span class='ocrx_word' id='word_1_715' title='bbox 3254 4591 3670 4650; x_wconf 69' lang='lat' dir='ltr'><strong>duxit.Ca:teri-</strong></span> 
     </span>
    </p>
   </div>
   <div class='ocr_carea' id='block_1_109' title="bbox 1997 4677 3646 4746">
    <p class='ocr_par' dir='ltr' id='par_1_109' title="bbox 1997 4677 3646 4746">
     <span class='ocr_line' id='line_1_109' title="bbox 1997 4677 3646 4746; baseline 0.001 -9"><span class='ocrx_word' id='word_1_716' title='bbox 1997 4681 2251 4737; x_wconf 88' lang='lat' dir='ltr'><strong>fautores</strong></span> <span class='ocrx_word' id='word_1_717' title='bbox 2281 4678 2498 4734; x_wconf 91' lang='lat' dir='ltr'><strong>Odonis</strong></span> <span class='ocrx_word' id='word_1_718' title='bbox 2524 4677 2632 4732; x_wconf 89' lang='lat' dir='ltr'><strong>hoc</strong></span> <span class='ocrx_word' id='word_1_719' title='bbox 2657 4677 2981 4746; x_wconf 89' lang='lat' dir='ltr'><strong>audientes,</strong></span> <span class='ocrx_word' id='word_1_720' title='bbox 3015 4678 3137 4735; x_wconf 90' lang='lat' dir='ltr'><strong>solo</strong></span> <span class='ocrx_word' id='word_1_721' title='bbox 3167 4679 3374 4736; x_wconf 88' lang='lat' dir='ltr'><strong>timore</strong></span> <span class='ocrx_word' id='word_1_722' title='bbox 3403 4681 3646 4739; x_wconf 68' lang='lat' dir='ltr'><strong>Caesaris</strong></span> 
     </span>
    </p>
   </div>
   <div class='ocr_carea' id='block_1_110' title="bbox 1994 4766 3646 4844">
    <p class='ocr_par' dir='ltr' id='par_1_110' title="bbox 1994 4766 3646 4844">
     <span class='ocr_line' id='line_1_110' title="bbox 1994 4766 3646 4844; baseline 0 -18"><span class='ocrx_word' id='word_1_723' title='bbox 1994 4771 2272 4844; x_wconf 84' lang='lat' dir='ltr'><strong>fugerunt</strong></span> <span class='ocrx_word' id='word_1_724' title='bbox 2303 4785 2315 4822; x_wconf 88' lang='lat'><strong>:</strong></span> <span class='ocrx_word' id='word_1_725' title='bbox 2350 4783 2498 4839; x_wconf 90' lang='lat' dir='ltr'><strong>quos</strong></span> <span class='ocrx_word' id='word_1_726' title='bbox 2531 4772 2872 4839; x_wconf 89' lang='lat' dir='ltr'><strong>persecutus</strong></span> <span class='ocrx_word' id='word_1_727' title='bbox 2903 4766 3093 4823; x_wconf 75' lang='lat' dir='ltr'><strong>Cmsor</strong></span> <span class='ocrx_word' id='word_1_728' title='bbox 3112 4767 3350 4824; x_wconf 85' lang='lat' dir='ltr'><strong>omnino</strong></span> <span class='ocrx_word' id='word_1_729' title='bbox 3379 4770 3646 4826; x_wconf 77' lang='lat' dir='ltr'><strong>extermi-</strong></span> 
     </span>
    </p>
   </div>
   <div class='ocr_carea' id='block_1_111' title="bbox 1994 4855 3656 4931">
    <p class='ocr_par' dir='ltr' id='par_1_111' title="bbox 1994 4855 3656 4931">
     <span class='ocr_line' id='line_1_111' title="bbox 1994 4855 3656 4931; baseline 0 -18"><span class='ocrx_word' id='word_1_730' title='bbox 1994 4858 2152 4914; x_wconf 90' lang='lat' dir='ltr'><strong>navit</strong></span> <span class='ocrx_word' id='word_1_731' title='bbox 2179 4857 2250 4912; x_wconf 89' lang='lat' dir='ltr'><strong>de</strong></span> <span class='ocrx_word' id='word_1_732' title='bbox 2278 4871 2475 4928; x_wconf 88' lang='lat' dir='ltr'><strong>regno,</strong></span> <span class='ocrx_word' id='word_1_733' title='bbox 2495 4859 2554 4911; x_wconf 88' lang='lat' dir='ltr'><strong>et</strong></span> <span class='ocrx_word' id='word_1_734' title='bbox 2579 4856 2832 4927; x_wconf 90' lang='lat' dir='ltr'><strong>acceptis</strong></span> <span class='ocrx_word' id='word_1_735' title='bbox 2863 4857 2932 4911; x_wconf 90' lang='lat' dir='ltr'><strong>de</strong></span> <span class='ocrx_word' id='word_1_736' title='bbox 2962 4855 3330 4928; x_wconf 89' lang='lat' dir='ltr'><strong>principibus</strong></span> <span class='ocrx_word' id='word_1_737' title='bbox 3374 4858 3656 4931; x_wconf 70' lang='lat' dir='ltr'><strong>Burgum--</strong></span> 
     </span>
    </p>
   </div>
   <div class='ocr_carea' id='block_1_112' title="bbox 1994 4942 3643 5020">
    <p class='ocr_par' dir='ltr' id='par_1_112' title="bbox 1994 4942 3643 5020">
     <span class='ocr_line' id='line_1_112' title="bbox 1994 4942 3643 5020; baseline -0.002 -18"><span class='ocrx_word' id='word_1_738' title='bbox 1994 4947 2102 5002; x_wconf 64' lang='lat' dir='ltr'><strong>dia:</strong></span> <span class='ocrx_word' id='word_1_739' title='bbox 2135 4944 2336 5000; x_wconf 88' lang='lat' dir='ltr'><strong>multis</strong></span> <span class='ocrx_word' id='word_1_740' title='bbox 2367 4942 2691 5012; x_wconf 90' lang='lat' dir='ltr'><strong>obsidibus,</strong></span> <span class='ocrx_word' id='word_1_741' title='bbox 2725 4945 2897 5000; x_wconf 89' lang='lat' dir='ltr'><strong>rediit</strong></span> <span class='ocrx_word' id='word_1_742' title='bbox 2928 4961 3030 5017; x_wconf 92' lang='lat' dir='ltr'><strong>per</strong></span> <span class='ocrx_word' id='word_1_743' title='bbox 3052 4944 3334 5000; x_wconf 83' lang='lat' dir='ltr'><strong>Alsatiam</strong></span> <span class='ocrx_word' id='word_1_744' title='bbox 3365 4947 3437 5006; x_wconf 88' lang='lat' dir='ltr'><strong>ad</strong></span> <span class='ocrx_word' id='word_1_745' title='bbox 3459 4945 3643 5020; x_wconf 84' lang='lat' dir='ltr'><strong>impe-</strong></span> 
     </span>
    </p>
   </div>
   <div class='ocr_carea' id='block_1_113' title="bbox 1993 5031 3641 5109">
    <p class='ocr_par' dir='ltr' id='par_1_113' title="bbox 1993 5031 3641 5109">
     <span class='ocr_line' id='line_1_113' title="bbox 1993 5031 3641 5109; baseline 0.001 -19"><span class='ocrx_word' id='word_1_746' title='bbox 1993 5035 2282 5090; x_wconf 89' lang='lat' dir='ltr'><strong>ratricem.</strong></span> <span class='ocrx_word' id='word_1_747' title='bbox 2316 5032 2461 5088; x_wconf 85' lang='lat' dir='ltr'><strong>Nam</strong></span> <span class='ocrx_word' id='word_1_748' title='bbox 2495 5031 2634 5087; x_wconf 91' lang='lat' dir='ltr'><strong>dum</strong></span> <span class='ocrx_word' id='word_1_749' title='bbox 2680 5031 2775 5088; x_wconf 91' lang='lat' dir='ltr'><strong>ille</strong></span> <span class='ocrx_word' id='word_1_750' title='bbox 2827 5033 2884 5087; x_wconf 93' lang='lat' dir='ltr'><strong>in</strong></span> <span class='ocrx_word' id='word_1_751' title='bbox 2933 5031 3329 5104; x_wconf 89' lang='lat' dir='ltr'><strong>Burgundiam</strong></span> <span class='ocrx_word' id='word_1_752' title='bbox 3360 5040 3641 5109; x_wconf 79' lang='lat' dir='ltr'><strong>pergeret,</strong></span> 
     </span>
    </p>
   </div>
   <div class='ocr_carea' id='block_1_114' title="bbox 1990 5120 3645 5194">
    <p class='ocr_par' dir='ltr' id='par_1_114' title="bbox 1990 5120 3645 5194">
     <span class='ocr_line' id='line_1_114' title="bbox 1990 5120 3645 5194; baseline 0.002 -18"><span class='ocrx_word' id='word_1_753' title='bbox 1990 5120 2329 5194; x_wconf 85' lang='lat' dir='ltr'><strong>imperatrix</strong></span> <span class='ocrx_word' id='word_1_754' title='bbox 2358 5124 2558 5176; x_wconf 91' lang='lat' dir='ltr'><strong>secuta</strong></span> <span class='ocrx_word' id='word_1_755' title='bbox 2605 5124 2706 5175; x_wconf 90' lang='lat' dir='ltr'><strong>est.</strong></span> <span class='ocrx_word' id='word_1_756' title='bbox 2740 5137 2873 5175; x_wconf 91' lang='lat' dir='ltr'><strong>eum</strong></span> <span class='ocrx_word' id='word_1_757' title='bbox 2925 5137 3110 5192; x_wconf 86' lang='lat' dir='ltr'><strong>usque</strong></span> <span class='ocrx_word' id='word_1_758' title='bbox 3161 5121 3471 5180; x_wconf 65' lang='lat' dir='ltr'><strong>Basileam.</strong></span> <span class='ocrx_word' id='word_1_759' title='bbox 3503 5123 3645 5181; x_wconf 86' lang='lat' dir='ltr'><strong>Inde</strong></span> 
     </span>
    </p>
   </div>
   <div class='ocr_carea' id='block_1_115' title="bbox 1989 5207 3642 5281">
    <p class='ocr_par' dir='ltr' id='par_1_115' title="bbox 1989 5207 3642 5281">
     <span class='ocr_line' id='line_1_115' title="bbox 1989 5207 3642 5281; baseline 0.002 -15"><span class='ocrx_word' id='word_1_760' title='bbox 1989 5226 2218 5266; x_wconf 84' lang='lat' dir='ltr'><strong>reversa</strong></span> <span class='ocrx_word' id='word_1_761' title='bbox 2231 5209 2301 5264; x_wconf 92' lang='lat' dir='ltr'><strong>ad</strong></span> <span class='ocrx_word' id='word_1_762' title='bbox 2314 5209 2548 5281; x_wconf 84' lang='lat' dir='ltr'><strong>Argenti</strong></span> <span class='ocrx_word' id='word_1_763' title='bbox 2558 5225 2690 5264; x_wconf 91' lang='lat' dir='ltr'><strong>nam</strong></span> <span class='ocrx_word' id='word_1_764' title='bbox 2709 5209 2756 5262; x_wconf 91' lang='lat' dir='ltr'><strong>ci</strong></span> <span class='ocrx_word' id='word_1_765' title='bbox 2766 5207 2812 5262; x_wconf 90' lang='lat' dir='ltr'><strong>vi</strong></span> <span class='ocrx_word' id='word_1_766' title='bbox 2823 5211 3377 5280; x_wconf 88' lang='lat' dir='ltr'><strong>tatem,exspecta-vit</strong></span> <span class='ocrx_word' id='word_1_767' title='bbox 3387 5211 3642 5269; x_wconf 89' lang='lat' dir='ltr'><strong>reditum</strong></span> 
     </span>
    </p>
   </div>
   <div class='ocr_carea' id='block_1_116' title="bbox 1985 5294 3642 5371">
    <p class='ocr_par' dir='ltr' id='par_1_116' title="bbox 1985 5294 3642 5371">
     <span class='ocr_line' id='line_1_116' title="bbox 1985 5294 3642 5371; baseline 0.003 -18"><span class='ocrx_word' id='word_1_768' title='bbox 1985 5296 2382 5371; x_wconf 84' lang='lat' dir='ltr'><strong>Imperatoris.</strong></span> <span class='ocrx_word' id='word_1_769' title='bbox 2406 5298 2484 5352; x_wconf 88' lang='lat' dir='ltr'><strong>Eo</strong></span> <span class='ocrx_word' id='word_1_770' title='bbox 2515 5301 2774 5367; x_wconf 92' lang='lat' dir='ltr'><strong>tempore</strong></span> <span class='ocrx_word' id='word_1_771' title='bbox 2806 5294 2928 5352; x_wconf 81' lang='lat' dir='ltr'><strong>tilia</strong></span> <span class='ocrx_word' id='word_1_772' title='bbox 2953 5296 3320 5370; x_wconf 91' lang='lat' dir='ltr'><strong>imperatoris</strong></span> <span class='ocrx_word' id='word_1_773' title='bbox 3343 5299 3642 5358; x_wconf 83' lang='lat' dir='ltr'><strong>Chuonra-</strong></span> 
     </span>
    </p>
   </div>
   <div class='ocr_carea' id='block_1_117' title="bbox 1991 5383 3640 5456">
    <p class='ocr_par' dir='ltr' id='par_1_117' title="bbox 1991 5383 3640 5456">
     <span class='ocr_line' id='line_1_117' title="bbox 1991 5383 3640 5456; baseline 0.002 -16"><span class='ocrx_word' id='word_1_774' title='bbox 1991 5386 2047 5440; x_wconf 92' lang='lat' dir='ltr'><strong>di</strong></span> <span class='ocrx_word' id='word_1_775' title='bbox 2081 5388 2138 5439; x_wconf 91' lang='lat' dir='ltr'><strong>et</strong></span> <span class='ocrx_word' id='word_1_776' title='bbox 2166 5383 2372 5440; x_wconf 69' lang='lat' dir='ltr'><strong>Giselze</strong></span> <span class='ocrx_word' id='word_1_777' title='bbox 2403 5383 2792 5456; x_wconf 92' lang='lat' dir='ltr'><strong>imperatricis</strong></span> <span class='ocrx_word' id='word_1_778' title='bbox 2824 5384 3106 5442; x_wconf 86' lang='lat' dir='ltr'><strong>Mathilda</strong></span> <span class='ocrx_word' id='word_1_779' title='bbox 3139 5386 3332 5444; x_wconf 73' lang='lat' dir='ltr'><strong>nimia:</strong></span> <span class='ocrx_word' id='word_1_780' title='bbox 3365 5388 3640 5446; x_wconf 84' lang='lat' dir='ltr'><strong>formosi-</strong></span> 
     </span>
    </p>
   </div>
   <div class='ocr_carea' id='block_1_118' title="bbox 1989 5469 3637 5551">
    <p class='ocr_par' dir='ltr' id='par_1_118' title="bbox 1989 5469 3637 5551">
     <span class='ocr_line' id='line_1_118' title="bbox 1989 5469 3637 5551; baseline 0.004 -23"><span class='ocrx_word' id='word_1_781' title='bbox 1989 5473 2146 5539; x_wconf 88' lang='lat' dir='ltr'><strong>tatis,</strong></span> <span class='ocrx_word' id='word_1_782' title='bbox 2181 5469 2374 5542; x_wconf 89' lang='lat' dir='ltr'><strong>puella</strong></span> <span class='ocrx_word' id='word_1_783' title='bbox 2419 5471 2684 5537; x_wconf 85' lang='lat' dir='ltr'><strong>Heinrico</strong></span> <span class='ocrx_word' id='word_1_784' title='bbox 2727 5473 2846 5544; x_wconf 87' lang='lat' dir='ltr'><strong>regi</strong></span> <span class='ocrx_word' id='word_1_785' title='bbox 2879 5473 3235 5532; x_wconf 86' lang='lat' dir='ltr'><strong>Francorum</strong></span> <span class='ocrx_word' id='word_1_786' title='bbox 3265 5477 3637 5551; x_wconf 83' lang='lat' dir='ltr'><strong>desponsata,</strong></span> 
     </span>
    </p>
   </div>
   <div class='ocr_carea' id='block_1_119' title="bbox 1991 5557 3133 5640">
    <p class='ocr_par' dir='ltr' id='par_1_119' title="bbox 1991 5557 3133 5640">
     <span class='ocr_line' id='line_1_119' title="bbox 1991 5557 3133 5640; baseline 0.004 -23"><span class='ocrx_word' id='word_1_787' title='bbox 1991 5561 2136 5618; x_wconf 90' lang='lat' dir='ltr'><strong>obiit</strong></span> <span class='ocrx_word' id='word_1_788' title='bbox 2159 5559 2514 5638; x_wconf 72' lang='lat' dir='ltr'><strong>Wormatiaa,</strong></span> <span class='ocrx_word' id='word_1_789' title='bbox 2546 5557 2744 5640; x_wconf 85' lang='lat' dir='ltr'><strong>ibique</strong></span> <span class='ocrx_word' id='word_1_790' title='bbox 2775 5561 3002 5640; x_wconf 86' lang='lat' dir='ltr'><strong>sepulta</strong></span> <span class='ocrx_word' id='word_1_791' title='bbox 3027 5567 3133 5622; x_wconf 73' lang='lat' dir='ltr'><strong>est.</strong></span> 
     </span>
    </p>
   </div>
  </div>
