4026 6184
355 253 509 318 1245

1617 254 1803 318 VITA
1846 254 2188 318 CONRADI
2234 255 2510 350 SALICI.

2810 197 2842 223 ο

3606 255 3762 320 1246

351 407 596 464 scopum
627 387 1120 446 Mediolanenscm
1151 407 1256 462 pro
1288 388 1490 445 multis
1532 390 1746 458 causis,
1781 390 1997 460 quibus
2028 393 2080 457 Α
2117 389 2454 462 episcopum
2501 389 2866 445 Heriberlum
2921 405 3105 462 usque
3163 387 3390 445 obitum
3447 389 3575 460 ejus
3624 409 3759 447 cum

351 493 448 533 eos
462 476 802 532 offenderat.
825 477 1144 550 Imperator
1164 494 1295 533 vero
1315 480 1516 534 vocato
1539 477 1996 550 archiepiscopo,

351 565 624 640 praecepit
656 570 720 620 ut
750 564 1111 621 satisfaceret
1133 565 1596 630 omnibus.Quod
1621 567 1759 621 dum
1786 565 2003 622 archie-

356 655 633 728 piscopus
665 660 952 721 renueret,
987 653 1170 710 sensit
1210 655 1525 727 imperator
1571 672 1802 710 omnem
1838 654 1999 711 illam

299 770 301 772 ·
352 743 817 815 conjurationem
851 742 1025 798 Italiae
1057 743 1245 816 ipsius
1303 743 1546 801 consilio
1579 744 1790 799 factam
1851 760 1998 813 esse,

349 837 409 888 et
449 849 582 887 mox
612 831 1032 904 comprehenso
1067 831 1165 887 illo
1192 832 1434 886 retinuit
1463 831 1521 886 in
1555 850 1664 888 sua
1694 837 1997 904 potestate.

351 921 574 978 Deinde
605 920 1036 977 commendavit
1087 938 1222 976 eum
1280 921 1337 976 in
1397 921 1722 977 custodiam
1781 921 2000 992 Poponi

353 1009 698 1082 patriarchze
755 1008 1133 1081 Aquileiensi,
1166 1013 1222 1064 et
1280 1009 1548 1065 Chunoni
1593 1010 1726 1064 duci
1787 1011 2000 1066 Caren-

351 1106 651 1166 tanorum,
684 1098 783 1170 qui
817 1099 888 1153 ab
920 1097 1004 1153 eis
1035 1098 1248 1153 ductus
1296 1103 1384 1153 est
1436 1116 1569 1154 cum
1624 1099 2001 1172 imperatorio

357 1204 547 1260 usque
561 1185 953 1242 Placentinam
977 1185 1556 1252 civitatem.Quadam
1573 1192 1737 1243 nocte
1761 1187 2000 1259 quidam

353 1275 816 1332 defamiliaribus
827 1274 1244 1346 archiepiscopi
1259 1274 1556 1330 collocavit
1569 1276 1776 1343 se,vice
1792 1275 1998 1348 ipsius,

354 1366 412 1422 in
447 1365 592 1421 lecto
633 1381 748 1436 quo
806 1363 932 1436 ipse
982 1366 1174 1435 jacere
1234 1364 1474 1432 solebat,
1535 1369 1592 1419 ct
1647 1365 2000 1436 superducto

354 1453 714 1526 coopertario
745 1453 936 1518 latuit,
963 1456 1028 1506 ut
1047 1451 1128 1507 ita
1151 1451 1372 1508 falleret
1395 1454 1686 1508 custodes.
1709 1453 2003 1525 Archiepi-

353 1559 567 1615 scopus
590 1541 840 1596 adducto
864 1540 977 1596 sibi
1000 1557 1148 1612 equo
1171 1559 1204 1596 a
1221 1541 1475 1613 quodam
1496 1541 1665 1614 fugit,
1689 1547 1744 1597 et
1766 1541 2002 1597 veniens

351 1630 763 1697 Mediolanum,
798 1647 832 1684 a
859 1628 982 1684 suis
1012 1646 1146 1686 cum
1177 1647 1390 1703 magno
1430 1631 1644 1702 gaudio
1691 1634 2001 1702 susceptus

353 1724 459 1776 est.
493 1718 713 1774 Deinde
743 1717 1028 1790 quidquid
1059 1721 1284 1796 poterat
1307 1717 1496 1773 moliri
1522 1723 1723 1774 contra
1753 1719 2000 1791 impera-

354 1813 566 1874 torem,
599 1824 715 1862 non
737 1807 1130 1879 praetermisit.
1160 1807 1480 1879 Imperator
1499 1825 1744 1880 quaeque
1767 1807 2006 1864 castella

357 1895 468 1953 sibi
503 1897 750 1952 adversa
804 1895 1110 1963 destruxit,
1170 1900 1227 1949 et
1283 1895 1515 1967 iniquas
1573 1896 2003 1968 conjuraliones

355 1984 551 2052 Italiae,
576 1985 744 2054 justa
793 1981 918 2055 lege
976 1983 1236 2050 reducta,
1292 1983 1626 2050 exinanivit,
1681 1989 1736 2040 et
1767 1985 2004 2040 veniens

356 2075 688 2130 Ravennam
722 2076 994 2128 sanctum
1039 2071 1263 2127 Pascha
1293 2072 1370 2127 ibi
1425 2072 1752 2128 celebravit.
1788 2074 2002 2128 Eodem

358 2180 511 2219 anno
541 2161 599 2217 in
634 2161 799 2216 Italia
854 2166 971 2216 tres
1015 2160 1270 2233 episcopi
1328 2160 1732 2228 Vercellensis,
1765 2163 2002 2218 Cremo-

357 2251 582 2318 nensis,
641 2249 1014 2305 Placentinus
1073 2250 1226 2321 apud
1290 2249 1699 2322 imperatorem
1749 2252 2002 2307 accusati

356 2343 532 2407 sunt;
568 2355 715 2410 quos
746 2338 1064 2409 imperator
1094 2339 1546 2410 comprehensos
1575 2340 1825 2396 exsulari
1850 2341 2000 2396 fecit.

355 2430 488 2495 Quae
521 2445 614 2483 res
640 2425 942 2498 displicuit
973 2425 1198 2494 multis,
1231 2414 1560 2482 sacerdotes
1615 2428 1828 2483 Christi
1879 2429 2004 2483 sine

345 2516 573 2589 judicio
605 2514 892 2571 damnari.
929 2514 1278 2570 Referehant
1309 2514 1479 2570 nobis
1518 2515 1757 2587 quidam
1803 2516 2004 2588 piissi-

354 2623 518 2662 mum
541 2608 806 2660 nostrum
830 2603 1144 2659 Henricum
1167 2619 1383 2676 regem,
1406 2603 1590 2659 tilium
1611 2605 2003 2677 imperatoris,

357 2693 515 2751 salva
545 2691 866 2749 reverentia
889 2691 1094 2764 patris,
1118 2691 1267 2747 clam
1293 2693 1570 2749 detestari
1594 2695 2004 2766 praesumptio-

359 2799 491 2838 nem
524 2781 767 2838 Caesaris
813 2780 871 2836 in
933 2780 1438 2852 archiepiscopum
1488 2782 2004 2850 Mediolanensem,

361 2869 626 2942 atquein
680 2869 825 2925 istos
880 2873 1042 2924 tres:
1109 2875 1163 2924 et
1194 2869 1419 2935 merito,
1476 2870 1612 2941 quia
1664 2870 1818 2925 sicut
1876 2876 2008 2942 post

355 2958 698 3032 judicialem
732 2959 1081 3013 sententiam
1127 2958 1511 3030 depositionis
1570 2959 1768 3015 nullus
1821 2959 2009 3016 honor

362 3046 722 3104 exbidendus
743 3046 949 3114 est,sic
975 3050 1106 3101 ante
1124 3045 1415 3115 judicium
1445 3063 1657 3112 magna
1689 3047 2006 3103 reverentia

2033 1762 2081 1827 B

2110 477 2328 534 honore
2359 480 2745 545 retinuerunt,
2778 477 2879 535 sed
2903 483 3097 534 tamen
3127 495 3261 534 cum
3293 479 3482 552 gratia
3504 479 3760 536 Heinrici

2111 567 2284 638 regis,
2320 566 2420 621 filii
2452 565 2842 639 imperatoris,
2865 567 3017 638 quod
3047 565 3275 638 plenius
3296 567 3353 622 in
3378 567 3560 640 gestis
3584 567 3760 640 regis,

2110 655 2159 711 si
2187 657 2339 710 Deus
2369 655 2635 724 voluerit,
2683 671 2986 728 exsequar.
3019 655 3234 710 Eodem
3293 659 3554 727 tempore
3609 673 3762 729 papa

2110 745 2402 800 Cremona:
2435 746 2773 800 occurrebat
2805 743 3163 816 imperatori,
3217 748 3274 798 et
3325 743 3639 801 honorifice
3672 762 3761 800 re-

2110 839 2405 905 ceptus,et
2423 834 2730 901 dimissus,
2757 835 2999 889 Romam
3026 849 3294 888 reversus
3315 839 3421 888 est.
3443 833 3765 906 Imperator

2109 922 2374 994 disperso
2394 923 2645 978 exercitu
2671 940 2772 994 per
2785 921 3200 994 regiones,ipse
3223 921 3295 976 ad
3313 925 3622 977 montuosa
3635 921 3761 978 loca

2110 1011 2368 1077 secessit,
2422 1015 2657 1083 propter
2698 1010 3085 1082 refrigerium,
3146 1009 3420 1082 quoniam
3455 1027 3524 1066 ea
3564 1016 3764 1067 testate

2112 1116 2361 1172 magnus
2391 1098 2550 1155 calor
2576 1099 2938 1156 imminebat.

2288 1206 2358 1243 DE
2396 1205 2686 1244 SEDITIONE
2739 1205 2870 1251 QUIE
2913 1203 3084 1243 FACTA
3125 1205 3224 1243 EST
3263 1205 3319 1243 IN
3362 1205 3579 1243 PARMA.

2183 1277 2392 1332 Eodem
2423 1295 2574 1334 anno
2607 1277 2850 1332 hiberno
2903 1281 3162 1348 tempore
3193 1275 3432 1332 collecto
3479 1277 3758 1342 exercitu,

2110 1365 2428 1437 imperator
2456 1367 2876 1426 transcenderis
2909 1365 3129 1420 Padum
3159 1366 3230 1420 ad
3289 1366 3560 1420 Parmam
3621 1365 3762 1422 civi-

2111 1457 2288 1509 tatem
2329 1455 2512 1510 venit:
2539 1455 2614 1509 ibi
2640 1453 2904 1510 Natalem
2933 1454 3157 1510 Domini
3192 1453 3521 1517 celebravit,
3557 1453 3764 1509 incho-

2110 1549 2244 1599 ante
2271 1561 2424 1599 anno
2455 1544 2769 1600 Dominicaa
2791 1542 3209 1598 incarnationis
3229 1544 3390 1597 1038.
3421 1542 3484 1597 In
3517 1541 3646 1614 ipsa
3665 1542 3762 1598 die

2111 1631 2442 1688 Nativitatis
2473 1632 2705 1688 Domini
2737 1632 2890 1688 inter
2929 1630 3280 1687 Teutonicos
3328 1635 3398 1686 et'
3429 1629 3582 1686 cives
3620 1631 3763 1686 Par-

2112 1737 2344 1776 menses
2378 1738 2590 1794 .nagna
2648 1721 2860 1778 seditio
2892 1724 3019 1776 orta
3075 1724 3181 1786 est,
3217 1724 3274 1775 et
3323 1718 3564 1791 quidam
3616 1719 3763 1775 bene

2111 1807 3762 1879 valensChuonradusinfertorciborumimperatoriscum
3831 1813 3834 1821 '

2112 1898 2242 1954 aliis
2274 1898 2610 1954 interfectus
2633 1902 2739 1954 est.
2773 1898 2936 1954 Unde
2968 1900 3301 1952 commotus
3323 1895 3612 1952 exercitus
3637 1895 3762 1969 gla-

2113 1986 2226 2044 diis
2257 1992 2313 2042 et
2344 1987 2476 2058 igne
2525 1986 2679 2042 cives
2737 1985 3094 2060 aggreditur,
3149 1988 3206 2040 et
3263 1984 3580 2057 imperator
3633 1988 3766 2056 post

2113 2076 2448 2131 incendium
2483 2091 2757 2148 magnam
2788 2079 3011 2147 partem
3036 2082 3338 2128 murorum
3371 2072 3594 2128 destrui
3617 2089 3762 2145 pras-

2112 2165 2579 2236 cepit.uteorum
2601 2167 3119 2235 praesumptionem
3160 2179 3274 2216 non
3311 2160 3490 2216 fuisse
3513 2160 3762 2235 inultam

2115 2252 2236 2307 haec
2267 2253 2437 2307 ruina
2466 2251 2596 2307 aliis
2627 2250 2960 2306 civitatibus
2991 2249 3293 2304 indicaret.
3328 2249 3544 2304 Deinde
3572 2247 3765 2320 impe-

2114 2346 2273 2396 rator
2295 2341 2718 2396 transcendens
2743 2340 3114 2410 Apenninum
3140 2336 3764 2410 montem,inApuliam

2113 2430 2406 2486 tendebat.
2444 2428 2786 2501 lmperatrix
2814 2445 2948 2483 vero
2981 2427 3249 2497 Romam,
3303 2425 3508 2481 orandi
3552 2425 3760 2498 gratia,

2112 2520 2292 2586 venit,
2325 2519 2458 2574 inde
2489 2519 2558 2572 ad
2611 2517 3021 2589 imperatorem
3073 2516 3399 2571 revertitur.
3437 2515 3767 2588 Imperator

2114 2610 2184 2665 ad
2215 2607 2498 2663 terminos
2534 2606 2762 2678 imperii
2793 2607 2884 2661 sui
2917 2603 3282 2678 perveniens,
3307 2604 3562 2669 Troiam,
3588 2603 3764 2661 Bene-

2111 2703 2450 2762 ventanum,
2485 2700 2541 2751 et
2570 2700 2849 2767 Capuam,
2902 2693 3164 2764 aliasque
3194 2692 3456 2748 civitates
3513 2691 3756 2764 Apuliae,

2114 2784 2238 2857 lege
2268 2789 2326 2839 et
2348 2783 2579 2854 justitia
2603 2782 2920 2849 stabilivit;
2955 2780 3372 2846 dissentidnes,
3413 2796 3541 2852 quae
3594 2783 3764 2835 erant

2116 2875 2267 2929 inter
2323 2873 2691 2928 Normannos
2749 2874 3053 2926 extraneos
3109 2874 3166 2924 et
3240 2867 3569 2941 indigenas,
3639 2868 3765 2924 sola

2109 2963 2377 3034 jussione
2401 2961 2624 3017 sedavit
2658 2978 2670 3015 :
2704 2965 2760 3016 et
2781 2959 3007 3014 cunctis
3039 2957 3463 3014 offensionibus
3485 2958 3555 3013 de
3586 2974 3764 3029 regno

2116 3051 2387 3118 sublatis,
2423 3049 2671 3105 feliciter
2697 3065 2980 3114 reversus,
3012 3047 3296 3101 Viennam
3321 3045 3499 3101 venit.
3534 3046 3617 3101 Ibi
3649 3045 3766 3100 dis-

362 3136 762 3194 sacerdotibus
787 3135 1049 3190 debetur.
1084 3135 1298 3189 Eodem
1332 3152 1484 3190 anno
1516 3136 1789 3207 praefatus
1811 3154 2006 3193 comes
2037 3125 2082 3194 Ο
2115 3140 2319 3213 positis
2349 3137 2754 3195 obsidionibus
2785 3141 2842 3192 et
2885 3135 3118 3190 insidiis
3161 3136 3440 3191 adversus
3489 3133 3766 3190 Mediola-

363 3226 483 3282 Odo
514 3227 584 3281 de
617 3223 858 3280 Francia
889 3223 946 3278 in
980 3239 1154 3296 regno
1181 3223 1550 3295 imperatoris
1583 3227 1850 3296 quaedam
1882 3225 2008 3281 loca

361 3314 644 3370 invadens
674 3330 707 3367 a
737 3312 1019 3368 Gozelone
1076 3313 1222 3368 duce
1255 3313 1744 3386 Lotharingorum
1779 3319 1837 3369 et
1889 3313 2006 3370 lilio

364 3420 470 3459 suo
501 3401 898 3469 Godefrido,et
923 3401 1219 3457 Gerhardo
1249 3402 1460 3457 comite
1505 3406 1678 3474 atque
1736 3421 1769 3458 a
1801 3402 2008 3458 militia

362 3491 618 3566 episcopi
675 3489 972 3557 Metensis,
1039 3507 1238 3563 pugna
1307 3491 1626 3546 commissa
1694 3509 1826 3547 cum
1886 3491 2004 3560 illo,

361 3580 634 3654 fugiendo
666 3578 1005 3634 interfectus
1035 3584 1141 3645 est,
1176 3583 1232 3634 et
1258 3578 1530 3634 vexillum
1561 3581 1688 3651 ejus
1709 3581 1918 3636 Caesari
1948 3582 2006 3637 in

362 3669 590 3726 Italiam
614 3666 1113 3735 allatum,bostem
1136 3668 1547 3740 interemptum
1576 3669 2007 3726 testabatur.Eo

360 3760 624 3830 tempore
655 3756 972 3829 imperator
1002 3756 1464 3813 Mediolanenses
1488 3757 1737 3812 nimium
1761 3759 2002 3814 afﬂixit:

360 3851 418 3902 et
447 3846 728 3919 quoniam
759 3845 965 3901 urbem
997 3845 1238 3918 antiquo
1269 3862 1440 3918 opere
1472 3851 1528 3901 et
1558 3846 1813 3901 maxima
1852 3846 2007 3902 mul-

360 3935 614 3992 titudine
641 3933 951 4000 muuitam,
985 3929 1188 4005 capere
1220 3952 1334 3990 non
1356 3938 1600 4007 poterat.
1633 3936 1788 4008 quod
1822 3935 1880 3990 in
1904 3937 2009 3991 cir-

296 4054 301 4059 ι
361 4025 524 4081 cuitu
556 4024 764 4089 fuerat,
795 4021 929 4095 igne
960 4030 1018 4078 et
1047 4022 1240 4095 gladio
1272 4023 1656 4095 consumpsit.

413 4130 486 4169 DE
523 4128 817 4168 MIRACULO
856 4128 1010 4174 QUOD
1052 4129 1278 4167 ACCIDIT
1315 4129 1374 4167 ΙΝ
1409 4129 1506 4167 DIE
1545 4129 1947 4186 PENTECOSTES.

420 4202 633 4257 Eodem
656 4205 913 4273 tempore
935 4217 1070 4255 cum
1093 4200 1410 4272 imperator
1430 4201 1724 4272 quoddam
1748 4205 2004 4256 castrum

361 4287 546 4346 sancti
577 4288 892 4357 Ambrosii,
927 4289 1080 4359 quod
1113 4289 1417 4344 Curbitum
1444 4290 1680 4356 dicitur,
1701 4291 1871 4361 juxta
1893 4290 2007 4345 Me-

360 4375 664 4434 diolanum
696 4375 1010 4445 obsideret,
1045 4376 1257 4432 accidit
1294 4377 1373 4432 ibi
1434 4377 1589 4449 quod
1647 4377 1844 4450 plures
1901 4395 2005 4451 pro

2118 3246 2348 3296 nenses,
2373 3228 2472 3300 qui
2505 3227 2697 3283 adhuc
2732 3226 2843 3281 sibi
2867 3223 3112 3280 rebelles
3144 3225 3392 3292 fuerant,
3422 3222 3762 3295 casterisque

2118 3320 2292 3374 rebus
2325 3318 2395 3373 ad
2423 3316 2778 3372 voluntatem
2815 3331 2980 3369 suam
3016 3331 3118 3386 per
3139 3328 3385 3386 regnum
3419 3311 3762 3384 conpositis,

2117 3407 2364 3480 patriam
2415 3405 2695 3461 reviscere
2751 3403 3022 3458 decrevit.
3073 3403 3152 3457 Eo
3213 3406 3474 3474 tempore
3531 3403 3768 3474 propter

2118 3496 2368 3551 nimium
2401 3494 2652 3551 ealarem
2685 3492 2868 3548 nimia
2897 3491 3165 3563 contagio
3190 3490 3530 3564 pestilentia":
3551 3489 3766 3546 exerci-

2117 3589 2243 3640 tum
2303 3583 2562 3640 invasit:
2618 3597 2809 3653 neque
2877 3581 3166 3648 aetatibus,
3247 3596 3434 3651 neque
3498 3579 3767 3651 personis

2117 3672 2391 3746 pepercit.
2419 3671 2504 3727 Ibi
2551 3671 2754 3744 regina
2805 3668 3209 3734 Chunelindis,
3244 3669 3460 3739 conjux
3515 3667 3762 3724 Heinrici

2117 3762 2289 3835 regis,
2321 3779 2395 3818 xv
2423 3760 2668 3816 Kalend.
2693 3758 2964 3831 Augusti,
2988 3757 3156 3830 quasi
3189 3758 3249 3812 in
3268 3756 3474 3814 limine
3502 3757 3648 3826 vita),
3685 3757 3768 3812 in-

2115 3866 2323 3922 gressu
2354 3847 2580 3915 mortis,
2614 3848 2906 3914 occubuit,
2960 3846 3300 3917 relinquens
3361 3846 3766 3902 tantummodo

2116 3937 2301 3993 solam
2334 3935 2576 3992 ﬁliolam
2607 3937 2678 3991 de
2712 3951 2863 4006 rege,
2898 3952 3074 4007 quam
3105 3938 3310 4006 postea
3341 3939 3506 4005 pater
3535 3935 3765 3990 Christo

2115 4028 2480 4098 desponsans
2512 4025 2570 4078 in
2603 4022 2963 4079 abbatissam
3018 4022 3344 4078 consecrari
3396 4021 3550 4080 fecit.
3585 4022 3764 4078 Filius

2115 4112 2502 4186 imperatricis
2522 4113 2892 4168 Hermannus
2914 4112 3031 4166 dux
3049 4109 3764 4181 Alemannorum,juvenis

2115 4203 2279 4258 home
2305 4201 2540 4268 indolis,
2589 4205 2645 4256 et
2672 4200 2732 4255 in
2766 4201 2940 4256 rebus
2968 4197 3192 4255 bellicis
3227 4202 3524 4263 strenuus,
3558 4197 3763 4254 eadem

2113 4296 2276 4364 peste
2308 4294 2604 4364 gravatus,
2636 4290 2788 4345 inter
2819 4305 3032 4344 manus
3064 4286 3559 4360 peritissimorum
3579 4286 3766 4341 medi-

2118 4397 2317 4436 corum
2349 4397 2384 4435 v
2414 4378 2659 4434 Kalend.
2690 4378 2960 4451 Augusti,
2997 4394 3112 4432 non
3144 4375 3268 4432 sine
3300 4391 3512 4447 magno
3532 4374 3764 4447 imperii

360 4463 645 4554 miraculo
666 4464 2001 4554 habuerunt.InDominicasanctaPentecostes,
2035 4491 2082 4554 D
2115 4469 2484 4535 detrimento,
2519 4467 2682 4523 obiit.
2716 4467 2933 4521 Eodem
2990 4481 3192 4554 mense
3249 4467 3423 4536 atque
3475 4463 3760 4554 sequenti,

358 4557 494 4610 ante
514 4552 720 4608 horam
734 4552 988 4620 tertiam,
1015 4554 1086 4608 de
1104 4569 1318 4626 magna
1332 4555 1643 4610 serenitate
1664 4554 1788 4610 σαξιὶ
1809 4555 2002 4610 subito

361 4640 612 4697 fulmina
627 4657 762 4697 cum
782 4641 1058 4697 tonitruis
1079 4647 1399 4714 eruperunt
1418 4647 1591 4698 tantae
1617 4644 1998 4713 fortitudinis,

357 4734 423 4785 ut
453 4729 642 4785 multa
671 4747 807 4802 pars
859 4729 1168 4785 hominum
1213 4735 1272 4786 et
1329 4747 1614 4803 equorum
1671 4731 1885 4804 periret
1941 4733 2002 4788 in

357 4817 566 4874 castris
601 4837 614 4874 ε
648 4819 889 4890 quidam
922 4836 1038 4891 prae
1093 4823 1257 4874 tanto
1311 4823 1532 4875 terrore
1589 4819 1649 4874 in
1699 4836 2001 4876 excessum

358 4907 574 4963 mentis
598 4911 900 4976 venerunt,
935 4907 1014 4962 ita
1036 4913 1100 4962 ut
1120 4913 1252 4980 post
1272 4907 1494 4980 aliquot
1515 4925 1747 4964 menses
1770 4911 1863 4964 vix
1885 4908 2003 4966 illis

355 5012 567 5051 sensus
589 4995 845 5051 redierit.
877 4995 1191 5052 Venientes
1217 4998 1435 5062 autem,
1469 4998 1567 5070 qui
1623 5002 1782 5053 extra
1811 5003 2003 5053 castra

354 5084 605 5152 fuerant,
639 5101 745 5140 nec
764 5084 1000 5154 vidisse,
1035 5101 1139 5140 nec
1164 5085 1400 5141 audisse
1448 5085 1669 5158 aliquid
1703 5086 1817 5142 tale
1847 5088 2000 5143 dice-

355 5173 516 5228 bant.
548 5173 627 5227 Eo
657 5175 919 5244 tempore
951 5173 1266 5245 imperator
1295 5173 1857 5247 archiepiscopatum
1885 5177 2000 5231 Me-

355 5259 756 5317 diolanensem
769 5262 1075 5318 Ambrosio
1091 5262 1508 5318 Mediolanensi
1529 5264 1808 5319 canonico
1821 5265 1999 5335 dedit,

355 5348 490 5406 licet
514 5349 598 5404 illi
631 5348 744 5405 ista
773 5351 1010 5406 donatio
1041 5368 1248 5424 parum
1289 5352 1620 5424 profuisset.
1654 5353 1798 5408 Nam
1849 5353 2003 5410 cives

355 5437 840 5506 Mediolanenses,
863 5439 1148 5511 quidpuid
1171 5441 1377 5496 habuit
1395 5441 1548 5496 idem
1573 5441 1918 5498 Ambrosius
1942 5443 1998 5498 in

354 5522 935 5592 illorumterritorio,
969 5527 1457 5598 demoliebantur,
1481 5533 1538 5585 et
1585 5547 1761 5587 suum
1813 5532 2002 5588 archi-

2114 4558 2369 4613 maxima
2383 4555 2699 4611 multitudo
2718 4555 3024 4624 exercitus,
3040 4553 3243 4610 morbo
3265 4556 3550 4620 contacta,
3570 4551 3760 4623 periit.

2112 4647 2332 4718 Corpus
2359 4645 2572 4718 reginae
2603 4650 2870 4700 tenerum
2905 4647 2962 4699 et
3013 4642 3347 4710 deiicatum,
3401 4640 3762 4696 aromatibus

2113 4735 2437 4802 conditum,
2470 4751 2604 4788 cum
2631 4749 2762 4806 rege
2794 4737 2850 4788 et
2874 4730 3240 4804 imperatrice
3267 4731 3511 4785 ductum
3535 4729 3604 4784 ad
3626 4732 3764 4784 Ger-

2111 4823 2394 4893 maniam,
2422 4823 2480 4876 in
2537 4823 2923 4894 praepositum
2966 4820 3232 4891 Lutburg
3291 4816 3592 4888 sepultum
3651 4821 3758 4873 est.

2111 4913 2192 4968 De
2221 4913 2367 4968 duce
2398 4916 2683 4967 statutum
2718 4911 2924 4978 fuerat,
2958 4914 3024 4964 ut
3055 4909 3110 4964 in
3161 4905 3565 4962 Constantiam
3618 4905 3761 4961 civi-

2110 5005 2290 5057 tatem
2321 4999 2674 5056 Alemannis:
2706 5000 3036 5062 duceretur,
3071 4997 3168 5052 sed
3205 4993 3394 5050 calore
3437 4991 3619 5050 nimio
3658 4994 3760 5049 ob-

2112 5094 2301 5146 stante
2327 5089 2386 5144 in
2417 5087 2755 5144 Tridentino
2788 5085 3090 5159 sepelitur.

2113 5213 2264 5260 QUOD
2305 5213 2629 5251 IMPERATOR
2668 5210 2813 5249 FILIO
2853 5208 2961 5247 SUO
3001 5207 3132 5246 REGI
3190 5206 3577 5246 BURGUNDIAM
3623 5207 3760 5246 TRA-

2845 5279 3015 5318 DIDIT.

2184 5356 2394 5411 Eodem
2450 5371 2602 5409 anno
2650 5351 2980 5425 Stephanus
3029 5367 3128 5406 rex
3186 5350 3547 5422 Ungarorum
3593 5349 3760 5416 obiit,

2111 5444 2450 5516 relinquens
2473 5459 2714 5515 regnum
2737 5442 2900 5496 Petro
2924 5439 3044 5496 filio
3064 5439 3282 5496 sororis
3304 5456 3443 5495 sum.
3469 5439 3759 5494 Reversus

2117 5533 2436 5605 imperator
2493 5531 2552 5586 in
2611 5529 2960 5602 Bojoariam,
3017 5533 3391 5602 aegrotantem
3445 5525 3758 5584 exercitum
