  <div class='ocr_page' id='page_1' title='image "/cluster/home/n/w/nwhite01/storage/ocr_20150623/142/hvd.32044054760020/631.png"; bbox 0 0 4060 6174; ppageno 0'>
   <div class='ocr_carea' id='block_1_1' title="bbox 282 357 3684 446">
    <p class='ocr_par' dir='ltr' id='par_1_1' title="bbox 282 357 3684 446">
     <span class='ocr_line' id='line_1_1' title="bbox 282 357 3684 446; baseline -0.002 -17"><span class='ocrx_word' id='word_1_1' title='bbox 282 371 433 431; x_wconf 65' lang='grc' dir='ltr'><strong>ηδι</strong></span> <span class='ocrx_word' id='word_1_2' title='bbox 1506 359 1901 427; x_wconf 84' lang='lat' dir='ltr'><strong>WlPPONIS</strong></span> <span class='ocrx_word' id='word_1_3' title='bbox 1945 361 2464 426; x_wconf 79' lang='lat' dir='ltr'><strong>PBESBYTERI.</strong></span> <span class='ocrx_word' id='word_1_4' title='bbox 2990 441 2994 446; x_wconf 27' lang='grc'>,</span> <span class='ocrx_word' id='word_1_5' title='bbox 3535 357 3684 422; x_wconf 71' lang='lat' dir='ltr'><strong>I252</strong></span> 
     </span>
    </p>
   </div>
   <div class='ocr_carea' id='block_1_2' title="bbox 355 495 1568 570">
    <p class='ocr_par' dir='ltr' id='par_1_2' title="bbox 355 495 1568 570">
     <span class='ocr_line' id='line_1_2' title="bbox 355 495 1568 570; baseline -0.004 -15"><span class='ocrx_word' id='word_1_6' title='bbox 355 501 449 555; x_wconf 91' lang='lat' dir='ltr'><strong>Ill.</strong></span> <span class='ocrx_word' id='word_1_7' title='bbox 487 496 891 570; x_wconf 82' lang='lat' dir='ltr'><strong>Suspicionem</strong></span> <span class='ocrx_word' id='word_1_8' title='bbox 921 496 1166 568; x_wconf 86' lang='lat' dir='ltr'><strong>ingessit</strong></span> <span class='ocrx_word' id='word_1_9' title='bbox 1198 495 1294 551; x_wconf 92' lang='lat' dir='ltr'><strong>ille</strong></span> <span class='ocrx_word' id='word_1_10' title='bbox 1321 511 1523 550; x_wconf 83' lang='lat' dir='ltr'><strong>versus</strong></span> <span class='ocrx_word' id='word_1_11' title='bbox 1557 513 1568 550; x_wconf 93' lang='lat'>:</span> 
     </span>
    </p>
   </div>
   <div class='ocr_carea' id='block_1_3' title="bbox 1033 591 2322 655">
    <p class='ocr_par' dir='ltr' id='par_1_3' title="bbox 1033 591 2322 655">
     <span class='ocr_line' id='line_1_3' title="bbox 1033 591 2322 655; baseline 0.003 -14"><span class='ocrx_word' id='word_1_12' title='bbox 1033 591 1259 644; x_wconf 83' lang='lat' dir='ltr'><strong>lrradlas</strong></span> <span class='ocrx_word' id='word_1_13' title='bbox 1289 593 1534 655; x_wconf 87' lang='lat' dir='ltr'><strong>patriam,</strong></span> <span class='ocrx_word' id='word_1_14' title='bbox 1570 593 1611 642; x_wconf 98' lang='lat' dir='ltr'><strong>si</strong></span> <span class='ocrx_word' id='word_1_15' title='bbox 1641 597 1699 642; x_wconf 91' lang='lat' dir='ltr'><strong>tu</strong></span> <span class='ocrx_word' id='word_1_16' title='bbox 1730 592 1890 643; x_wconf 87' lang='lat' dir='ltr'><strong>modo</strong></span> <span class='ocrx_word' id='word_1_17' title='bbox 1921 593 2124 651; x_wconf 87' lang='lat' dir='ltr'><strong>viseris,</strong></span> <span class='ocrx_word' id='word_1_18' title='bbox 2158 592 2322 646; x_wconf 83' lang='lat' dir='ltr'><strong>illam.</strong></span> 
     </span>
    </p>
   </div>
   <div class='ocr_carea' id='block_1_4' title="bbox 349 679 3689 756">
    <p class='ocr_par' dir='ltr' id='par_1_4' title="bbox 349 679 3689 756">
     <span class='ocr_line' id='line_1_4' title="bbox 349 679 3689 756; baseline -0.001 -17"><span class='ocrx_word' id='word_1_19' title='bbox 349 681 918 756; x_wconf 7' lang='lat' dir='ltr'><strong>Wippenemgfuisse</strong></span> <span class='ocrx_word' id='word_1_20' title='bbox 939 699 970 738; x_wconf 89' lang='lat' dir='ltr'><strong>e</strong></span> <span class='ocrx_word' id='word_1_21' title='bbox 1003 681 1485 756; x_wconf 76' lang='lat' dir='ltr'><strong>Burgundionum</strong></span> <span class='ocrx_word' id='word_1_22' title='bbox 1517 687 1708 756; x_wconf 88' lang='lat' dir='ltr'><strong>gente,-</strong></span> <span class='ocrx_word' id='word_1_23' title='bbox 1739 683 1882 756; x_wconf 12' lang='lat' dir='ltr'><strong>agiti</strong></span> <span class='ocrx_word' id='word_1_24' title='bbox 1911 683 2068 756; x_wconf 84' lang='lat' dir='ltr'><strong>enim</strong></span> <span class='ocrx_word' id='word_1_25' title='bbox 2095 682 2192 738; x_wconf 89' lang='lat' dir='ltr'><strong>ille</strong></span> <span class='ocrx_word' id='word_1_26' title='bbox 2221 684 2292 737; x_wconf 88' lang='lat' dir='ltr'><strong>de</strong></span> <span class='ocrx_word' id='word_1_27' title='bbox 2322 681 2686 756; x_wconf 82' lang='lat' dir='ltr'><strong>Bnrgundia,</strong></span> <span class='ocrx_word' id='word_1_28' title='bbox 2737 680 3268 756; x_wconf 62' lang='lat' dir='ltr'><strong>quaz_przes_ent_iam</strong></span> <span class='ocrx_word' id='word_1_29' title='bbox 3323 679 3689 756; x_wconf 78' lang='lat' dir='ltr'><strong>imperatoris</strong></span> 
     </span>
    </p>
   </div>
   <div class='ocr_carea' id='block_1_5' title="bbox 278 751 3687 834">
    <p class='ocr_par' dir='ltr' id='par_1_5' title="bbox 278 751 3687 834">
     <span class='ocr_line' id='line_1_5' title="bbox 278 751 3687 834; baseline -0.002 -22"><span class='ocrx_word' id='word_1_30' title='bbox 278 751 633 834; x_wconf 60' lang='lat' dir='ltr'><strong>postulabat.</strong></span> <span class='ocrx_word' id='word_1_31' title='bbox 662 753 785 808; x_wconf 85' lang='lat' dir='ltr'><strong>Nisi</strong></span> <span class='ocrx_word' id='word_1_32' title='bbox 819 751 1220 834; x_wconf 63' lang='lat' dir='ltr'><strong>forsandicas</strong></span> <span class='ocrx_word' id='word_1_33' title='bbox 1255 751 1654 834; x_wconf 76' lang='lat' dir='ltr'><strong>Burgundiam</strong></span> <span class='ocrx_word' id='word_1_34' title='bbox 1711 751 1957 834; x_wconf 48' lang='lat' dir='ltr'><strong>lie&#39;nrico</strong></span> <span class='ocrx_word' id='word_1_35' title='bbox 1991 754 2171 809; x_wconf 80' lang='lat' dir='ltr'><strong>fuisse</strong></span> <span class='ocrx_word' id='word_1_36' title='bbox 2230 751 2526 834; x_wconf 37' lang='lat' dir='ltr'><strong>patriam,“</strong></span> <span class='ocrx_word' id='word_1_37' title='bbox 2561 769 2627 834; x_wconf 78' lang='lat' dir='ltr'><strong>eo</strong></span> <span class='ocrx_word' id='word_1_38' title='bbox 2658 751 2814 834; x_wconf 66' lang='lat' dir='ltr'><strong>quod</strong></span> <span class='ocrx_word' id='word_1_39' title='bbox 2871 751 3161 834; x_wconf 63' lang='lat' dir='ltr'><strong>Bedulpbi</strong></span> <span class='ocrx_word' id='word_1_40' title='bbox 3209 751 3687 834; x_wconf 68' lang='lat' dir='ltr'><strong>Burgundionum</strong></span> 
     </span>
    </p>
   </div>
   <div class='ocr_carea' id='block_1_6' title="bbox 275 823 3692 905">
    <p class='ocr_par' dir='ltr' id='par_1_6' title="bbox 275 823 3692 905">
     <span class='ocr_line' id='line_1_6' title="bbox 275 823 3692 905; baseline -0.002 -22"><span class='ocrx_word' id='word_1_41' title='bbox 275 823 636 905; x_wconf 58' lang='lat' dir='ltr'><strong>regisfuerit</strong></span> <span class='ocrx_word' id='word_1_42' title='bbox 666 841 848 905; x_wconf 83' lang='lat' dir='ltr'><strong>nepos</strong></span> <span class='ocrx_word' id='word_1_43' title='bbox 880 842 893 891; x_wconf 86' lang='lat'>;</span> <span class='ocrx_word' id='word_1_44' title='bbox 926 824 1325 905; x_wconf 37' lang='lat' dir='ltr'><strong>;.(.}iselei§l&#39;am</strong></span> <span class='ocrx_word' id='word_1_45' title='bbox 1357 823 1512 880; x_wconf 73' lang='lat' dir='ltr'><strong>enim</strong></span> <span class='ocrx_word' id='word_1_46' title='bbox 1548 825 1754 905; x_wconf 67' lang='lat' dir='ltr'><strong>habuit</strong></span> <span class='ocrx_word' id='word_1_47' title='bbox 1787 830 2058 905; x_wconf 81' lang='lat' dir='ltr'><strong>matrem,</strong></span> <span class='ocrx_word' id='word_1_48' title='bbox 2081 843 2210 905; x_wconf 64' lang='lat' dir='ltr'><strong>quae</strong></span> <span class='ocrx_word' id='word_1_49' title='bbox 2231 823 2466 905; x_wconf 50' lang='lat' dir='ltr'><strong>&#39;Ptodulti</strong></span> <span class='ocrx_word' id='word_1_50' title='bbox 2499 823 2852 905; x_wconf 72' lang='lat' dir='ltr'><strong>fuitneptis,</strong></span> <span class='ocrx_word' id='word_1_51' title='bbox 2877 824 3007 905; x_wconf 72' lang='lat' dir='ltr'><strong>ideo</strong></span> <span class='ocrx_word' id='word_1_52' title='bbox 3029 823 3692 905; x_wconf 63' lang='lat' dir='ltr'><strong>autemdeBurgundia</strong></span> 
     </span>
    </p>
   </div>
   <div class='ocr_carea' id='block_1_7' title="bbox 273 844 3687 977">
    <p class='ocr_par' dir='ltr' id='par_1_7' title="bbox 273 844 3687 977">
     <span class='ocr_line' id='line_1_7' title="bbox 275 844 3687 896; baseline -0.002 -13"><span class='ocrx_word' id='word_1_53' title='bbox 275 845 338 883; x_wconf 91' lang='lat' dir='ltr'><strong>re</strong></span> <span class='ocrx_word' id='word_1_54' title='bbox 383 844 431 881; x_wconf 83' lang='lat' dir='ltr'><strong>Is</strong></span> <span class='ocrx_word' id='word_1_55' title='bbox 464 844 636 880; x_wconf 77' lang='lat' dir='ltr'><strong>IuerIt</strong></span> <span class='ocrx_word' id='word_1_56' title='bbox 666 844 848 895; x_wconf 87' lang='lat' dir='ltr'><strong>nepos</strong></span> <span class='ocrx_word' id='word_1_57' title='bbox 880 844 893 891; x_wconf 87' lang='lat'>;</span> <span class='ocrx_word' id='word_1_58' title='bbox 926 844 938 890; x_wconf 94' lang='lat'>;</span> <span class='ocrx_word' id='word_1_59' title='bbox 975 844 1325 881; x_wconf 72' lang='lat' dir='ltr'><strong>UIseIeIoam</strong></span> <span class='ocrx_word' id='word_1_60' title='bbox 1357 844 1512 880; x_wconf 89' lang='lat' dir='ltr'><strong>enIm</strong></span> <span class='ocrx_word' id='word_1_61' title='bbox 1548 844 1754 879; x_wconf 82' lang='lat' dir='ltr'><strong>nanuu.</strong></span> <span class='ocrx_word' id='word_1_62' title='bbox 1787 844 2058 890; x_wconf 74' lang='lat' dir='ltr'><strong>matrem,</strong></span> <span class='ocrx_word' id='word_1_63' title='bbox 2081 844 2210 896; x_wconf 66' lang='lat' dir='ltr'><strong>quae</strong></span> <span class='ocrx_word' id='word_1_64' title='bbox 2241 844 2466 879; x_wconf 79' lang='lat' dir='ltr'><strong>nouum</strong></span> <span class='ocrx_word' id='word_1_65' title='bbox 2499 844 2607 878; x_wconf 74' lang='lat' dir='ltr'><strong>IuIt</strong></span> <span class='ocrx_word' id='word_1_66' title='bbox 2638 844 2852 896; x_wconf 83' lang='lat' dir='ltr'><strong>nepus,</strong></span> <span class='ocrx_word' id='word_1_67' title='bbox 2877 844 3007 880; x_wconf 81' lang='lat' dir='ltr'><strong>meo</strong></span> <span class='ocrx_word' id='word_1_68' title='bbox 3032 844 3228 879; x_wconf 72' lang='lat' dir='ltr'><strong>autem</strong></span> <span class='ocrx_word' id='word_1_69' title='bbox 3253 844 3325 878; x_wconf 87' lang='lat' dir='ltr'><strong>oe</strong></span> <span class='ocrx_word' id='word_1_70' title='bbox 3355 844 3687 895; x_wconf 74' lang='lat' dir='ltr'><strong>DUI‘gUDQla</strong></span> 
     </span>
     <span class='ocr_line' id='line_1_8' title="bbox 273 844 3687 977; baseline -0.002 -24"><span class='ocrx_word' id='word_1_71' title='bbox 273 844 562 977; x_wconf 52' lang='grc' dir='ltr'><strong>εοῇ-ίρίῳε</strong></span> <span class='ocrx_word' id='word_1_72' title='bbox 584 901 642 977; x_wconf 79' lang='lat' dir='ltr'><strong>et</strong></span> <span class='ocrx_word' id='word_1_73' title='bbox 672 895 880 977; x_wconf 45' lang='lat' dir='ltr'><strong>angus</strong></span> <span class='ocrx_word' id='word_1_74' title='bbox 912 895 1157 977; x_wconf 68' lang='lat' dir='ltr'><strong>videtur.</strong></span> <span class='ocrx_word' id='word_1_75' title='bbox 1190 896 1406 977; x_wconf 88' lang='lat' dir='ltr'><strong>Wippo</strong></span> <span class='ocrx_word' id='word_1_76' title='bbox 1436 897 1591 977; x_wconf 77' lang='lat' dir='ltr'><strong>quod</strong></span> <span class='ocrx_word' id='word_1_77' title='bbox 1615 897 1748 977; x_wconf 83' lang='lat' dir='ltr'><strong>inde</strong></span> <span class='ocrx_word' id='word_1_78' title='bbox 1766 895 2794 977; x_wconf 41' lang='lat' dir='ltr'><strong>ortumduxeritzlnfirmantebatur</strong></span> <span class='ocrx_word' id='word_1_79' title='bbox 2814 895 3169 977; x_wconf 56' lang='lat' dir='ltr'><strong>valetudine,</strong></span> <span class='ocrx_word' id='word_1_80' title='bbox 3187 900 3252 950; x_wconf 86' lang='lat' dir='ltr'><strong>ut</strong></span> <span class='ocrx_word' id='word_1_81' title='bbox 3275 893 3401 977; x_wconf 75' lang='lat' dir='ltr'><strong>ipse</strong></span> <span class='ocrx_word' id='word_1_82' title='bbox 3423 900 3687 977; x_wconf 62' lang='lat' dir='ltr'><strong>testatur:</strong></span> 
     </span>
    </p>
   </div>
   <div class='ocr_carea' id='block_1_8' title="bbox 271 967 3688 1096">
    <p class='ocr_par' dir='ltr' id='par_1_8' title="bbox 271 967 3688 1096">
     <span class='ocr_line' id='line_1_9' title="bbox 346 967 3688 1039; baseline -0.001 -15"><span class='ocrx_word' id='word_1_83' title='bbox 346 969 439 1024; x_wconf 90' lang='lat' dir='ltr'><strong>1V.</strong></span> <span class='ocrx_word' id='word_1_84' title='bbox 475 967 724 1038; x_wconf 86' lang='lat' dir='ltr'><strong>Scripsit</strong></span> <span class='ocrx_word' id='word_1_85' title='bbox 752 967 968 1038; x_wconf 88' lang='lat' dir='ltr'><strong>Wippo</strong></span> <span class='ocrx_word' id='word_1_86' title='bbox 1000 967 1100 1022; x_wconf 89' lang='lat' dir='ltr'><strong>illa</strong></span> <span class='ocrx_word' id='word_1_87' title='bbox 1128 967 1392 1022; x_wconf 78' lang='lat' dir='ltr'><strong>carmina</strong></span> <span class='ocrx_word' id='word_1_88' title='bbox 1425 967 1626 1024; x_wconf 87' lang='lat' dir='ltr'><strong>statim</strong></span> <span class='ocrx_word' id='word_1_89' title='bbox 1659 968 1730 1022; x_wconf 89' lang='lat' dir='ltr'><strong>ab</strong></span> <span class='ocrx_word' id='word_1_90' title='bbox 1763 967 1931 1023; x_wconf 91' lang='lat' dir='ltr'><strong>initio</strong></span> <span class='ocrx_word' id='word_1_91' title='bbox 1963 967 2194 1039; x_wconf 90' lang='lat' dir='ltr'><strong>imperii</strong></span> <span class='ocrx_word' id='word_1_92' title='bbox 2227 967 2457 1022; x_wconf 86' lang='lat' dir='ltr'><strong>Henrici</strong></span> <span class='ocrx_word' id='word_1_93' title='bbox 2491 967 2584 1033; x_wconf 92' lang='grc' dir='ltr'>ΙΙΙ,</span> <span class='ocrx_word' id='word_1_94' title='bbox 2619 972 2818 1039; x_wconf 88' lang='lat' dir='ltr'><strong>utpote</strong></span> <span class='ocrx_word' id='word_1_95' title='bbox 2850 967 2950 1038; x_wconf 87' lang='lat' dir='ltr'><strong>qui</strong></span> <span class='ocrx_word' id='word_1_96' title='bbox 2996 968 3068 1022; x_wconf 90' lang='lat' dir='ltr'><strong>dc</strong></span> <span class='ocrx_word' id='word_1_97' title='bbox 3098 967 3441 1038; x_wconf 87' lang='lat' dir='ltr'><strong>Burgundia</strong></span> <span class='ocrx_word' id='word_1_98' title='bbox 3471 983 3505 1020; x_wconf 90' lang='lat' dir='ltr'><strong>a</strong></span> <span class='ocrx_word' id='word_1_99' title='bbox 3535 967 3688 1020; x_wconf 85' lang='lat' dir='ltr'><strong>brevi</strong></span> 
     </span>
     <span class='ocr_line' id='line_1_10' title="bbox 271 1037 1489 1096; baseline -0.003 0"><span class='ocrx_word' id='word_1_100' title='bbox 271 1043 534 1096; x_wconf 86' lang='lat' dir='ltr'><strong>temnere</strong></span> <span class='ocrx_word' id='word_1_101' title='bbox 565 1041 829 1096; x_wconf 82' lang='lat' dir='ltr'><strong>subiecta</strong></span> <span class='ocrx_word' id='word_1_102' title='bbox 861 1039 1220 1093; x_wconf 81' lang='lat' dir='ltr'><strong>mentionem</strong></span> <span class='ocrx_word' id='word_1_103' title='bbox 1246 1037 1444 1094; x_wconf 81' lang='lat' dir='ltr'><strong>fecerit</strong></span> <span class='ocrx_word' id='word_1_104' title='bbox 1476 1055 1489 1092; x_wconf 75' lang='grc' dir='ltr'>ε</span> 
     </span>
    </p>
   </div>
   <div class='ocr_carea' id='block_1_9' title="bbox 333 1053 1489 1112">
    <p class='ocr_par' dir='ltr' id='par_1_9' title="bbox 333 1053 1489 1112">
     <span class='ocr_line' id='line_1_11' title="bbox 333 1053 1489 1112; baseline -0.003 -16"><span class='ocrx_word' id='word_1_105' title='bbox 333 1055 534 1112; x_wconf 86' lang='lat' dir='ltr'><strong>mpore</strong></span> <span class='ocrx_word' id='word_1_106' title='bbox 565 1053 829 1110; x_wconf 70' lang='lat' dir='ltr'><strong>SUDJBULB.</strong></span> <span class='ocrx_word' id='word_1_107' title='bbox 861 1053 1220 1093; x_wconf 85' lang='lat' dir='ltr'><strong>InentIonem</strong></span> <span class='ocrx_word' id='word_1_108' title='bbox 1246 1053 1444 1094; x_wconf 80' lang='lat' dir='ltr'><strong>IecerIt</strong></span> <span class='ocrx_word' id='word_1_109' title='bbox 1476 1055 1489 1092; x_wconf 71' lang='grc' dir='ltr'><strong>ἶ</strong></span> 
     </span>
    </p>
   </div>
   <div class='ocr_carea' id='block_1_10' title="bbox 1015 1135 2420 1196">
    <p class='ocr_par' dir='ltr' id='par_1_10' title="bbox 1015 1135 2420 1196">
     <span class='ocr_line' id='line_1_12' title="bbox 1015 1135 2420 1196; baseline 0 -12"><span class='ocrx_word' id='word_1_110' title='bbox 1015 1136 1275 1185; x_wconf 66' lang='lat' dir='ltr'><strong>Praeterea</strong></span> <span class='ocrx_word' id='word_1_111' title='bbox 1308 1136 1420 1194; x_wconf 91' lang='lat' dir='ltr'><strong>tibi,</strong></span> <span class='ocrx_word' id='word_1_112' title='bbox 1452 1149 1568 1196; x_wconf 85' lang='lat' dir='ltr'><strong>rex,</strong></span> <span class='ocrx_word' id='word_1_113' title='bbox 1600 1136 1818 1186; x_wconf 85' lang='lat' dir='ltr'><strong>mandat</strong></span> <span class='ocrx_word' id='word_1_114' title='bbox 1848 1135 2160 1196; x_wconf 87' lang='lat' dir='ltr'><strong>Burgundia</strong></span> <span class='ocrx_word' id='word_1_115' title='bbox 2192 1151 2204 1184; x_wconf 90' lang='lat'>:</span> <span class='ocrx_word' id='word_1_116' title='bbox 2236 1136 2420 1196; x_wconf 80' lang='lat' dir='ltr'><strong>Surge,</strong></span> 
     </span>
    </p>
   </div>
   <div class='ocr_carea' id='block_1_11' title="bbox 1017 1198 2408 1270">
    <p class='ocr_par' dir='ltr' id='par_1_11' title="bbox 1017 1198 2408 1270">
     <span class='ocr_line' id='line_1_13' title="bbox 1017 1198 2408 1270; baseline -0.001 -23"><span class='ocrx_word' id='word_1_117' title='bbox 1017 1201 1195 1270; x_wconf 39' lang='lat' dir='ltr'><strong>atque.</strong></span> <span class='ocrx_word' id='word_1_118' title='bbox 1219 1199 1342 1247; x_wconf 88' lang='lat' dir='ltr'><strong>veni</strong></span> <span class='ocrx_word' id='word_1_119' title='bbox 1365 1211 1620 1270; x_wconf 79' lang='lat' dir='ltr'><strong>propere,</strong></span> <span class='ocrx_word' id='word_1_120' title='bbox 1649 1212 1855 1270; x_wconf 64' lang='lat' dir='ltr'><strong>IvevIrsn</strong></span> <span class='ocrx_word' id='word_1_121' title='bbox 1888 1198 2129 1270; x_wconf 74' lang='lat' dir='ltr'><strong>subjecta</strong></span> <span class='ocrx_word' id='word_1_122' title='bbox 2155 1198 2408 1270; x_wconf 80' lang='lat' dir='ltr'><strong>vacillant</strong></span> 
     </span>
    </p>
   </div>
   <div class='ocr_carea' id='block_1_12' title="bbox 1017 1259 2402 1323">
    <p class='ocr_par' dir='ltr' id='par_1_12' title="bbox 1017 1259 2402 1323">
     <span class='ocr_line' id='line_1_14' title="bbox 1017 1259 2402 1323; baseline 0.001 -15"><span class='ocrx_word' id='word_1_123' title='bbox 1017 1259 1316 1317; x_wconf 83' lang='lat' dir='ltr'><strong>Interdum,</strong></span> <span class='ocrx_word' id='word_1_124' title='bbox 1349 1259 1568 1309; x_wconf 83' lang='lat' dir='ltr'><strong>domino</strong></span> <span class='ocrx_word' id='word_1_125' title='bbox 1597 1274 1693 1322; x_wconf 87' lang='lat' dir='ltr'><strong>per</strong></span> <span class='ocrx_word' id='word_1_126' title='bbox 1713 1267 1957 1323; x_wconf 86' lang='lat' dir='ltr'><strong>tempora</strong></span> <span class='ocrx_word' id='word_1_127' title='bbox 1986 1259 2402 1323; x_wconf 10' lang='lat' dir='ltr'><strong>multarremoto.</strong></span> 
     </span>
    </p>
   </div>
   <div class='ocr_carea' id='block_1_13' title="bbox 1020 1322 2449 1386">
    <p class='ocr_par' dir='ltr' id='par_1_13' title="bbox 1020 1322 2449 1386">
     <span class='ocr_line' id='line_1_15' title="bbox 1020 1322 2449 1386; baseline 0.001 -16"><span class='ocrx_word' id='word_1_128' title='bbox 1020 1323 1271 1380; x_wconf 80' lang='lat' dir='ltr'><strong>Quamvis</strong></span> <span class='ocrx_word' id='word_1_129' title='bbox 1301 1336 1450 1386; x_wconf 6' lang='lat' dir='ltr'><strong>nunc,</strong></span> <span class='ocrx_word' id='word_1_130' title='bbox 1477 1336 1663 1384; x_wconf 86' lang='lat' dir='ltr'><strong>pacem</strong></span> <span class='ocrx_word' id='word_1_131' title='bbox 1690 1322 1869 1372; x_wconf 86' lang='lat' dir='ltr'><strong>teneat</strong></span> <span class='ocrx_word' id='word_1_132' title='bbox 1901 1322 2217 1386; x_wconf 87' lang='lat' dir='ltr'><strong>Burgundia</strong></span> <span class='ocrx_word' id='word_1_133' title='bbox 2249 1336 2345 1386; x_wconf 79' lang='lat' dir='ltr'><strong>per</strong></span> <span class='ocrx_word' id='word_1_134' title='bbox 2375 1333 2449 1381; x_wconf 86' lang='lat' dir='ltr'><strong>te,</strong></span> 
     </span>
    </p>
   </div>
   <div class='ocr_carea' id='block_1_14' title="bbox 1027 1383 2369 1448">
    <p class='ocr_par' dir='ltr' id='par_1_14' title="bbox 1027 1383 2369 1448">
     <span class='ocr_line' id='line_1_16' title="bbox 1027 1383 2369 1448; baseline 0 -15"><span class='ocrx_word' id='word_1_135' title='bbox 1027 1386 1308 1434; x_wconf 74' lang='lat' dir='ltr'><strong>Auctorem</strong></span> <span class='ocrx_word' id='word_1_136' title='bbox 1340 1383 1492 1448; x_wconf 72' lang='lat' dir='ltr'><strong>pacis</strong></span> <span class='ocrx_word' id='word_1_137' title='bbox 1518 1389 1700 1434; x_wconf 86' lang='lat' dir='ltr'><strong>tamen</strong></span> <span class='ocrx_word' id='word_1_138' title='bbox 1732 1386 1788 1434; x_wconf 91' lang='lat' dir='ltr'><strong>in</strong></span> <span class='ocrx_word' id='word_1_139' title='bbox 1819 1389 1869 1434; x_wconf 90' lang='lat' dir='ltr'><strong>te</strong></span> <span class='ocrx_word' id='word_1_140' title='bbox 1903 1383 2120 1434; x_wconf 69' lang='lat' dir='ltr'><strong>cernere</strong></span> <span class='ocrx_word' id='word_1_141' title='bbox 2153 1383 2369 1448; x_wconf 62' lang='lat' dir='ltr'><strong>quierit,</strong></span> 
     </span>
    </p>
   </div>
   <div class='ocr_carea' id='block_1_15' title="bbox 1016 1447 2312 1511">
    <p class='ocr_par' dir='ltr' id='par_1_15' title="bbox 1016 1447 2312 1511">
     <span class='ocr_line' id='line_1_17' title="bbox 1016 1447 2312 1511; baseline 0.001 -16"><span class='ocrx_word' id='word_1_142' title='bbox 1016 1447 1076 1496; x_wconf 89' lang='lat' dir='ltr'><strong>Et</strong></span> <span class='ocrx_word' id='word_1_143' title='bbox 1107 1449 1254 1510; x_wconf 88' lang='lat' dir='ltr'><strong>cupit</strong></span> <span class='ocrx_word' id='word_1_144' title='bbox 1277 1447 1502 1510; x_wconf 86' lang='lat' dir='ltr'><strong>iuregis</strong></span> <span class='ocrx_word' id='word_1_145' title='bbox 1531 1462 1630 1496; x_wconf 91' lang='lat' dir='ltr'><strong>sua</strong></span> <span class='ocrx_word' id='word_1_146' title='bbox 1663 1448 1867 1496; x_wconf 87' lang='lat' dir='ltr'><strong>lumina</strong></span> <span class='ocrx_word' id='word_1_147' title='bbox 1895 1461 2108 1511; x_wconf 87' lang='lat' dir='ltr'><strong>pascere</strong></span> <span class='ocrx_word' id='word_1_148' title='bbox 2139 1447 2312 1497; x_wconf 85' lang='lat' dir='ltr'><strong>vultu.</strong></span> 
     </span>
    </p>
   </div>
   <div class='ocr_carea' id='block_1_16' title="bbox 340 1535 3692 1607">
    <p class='ocr_par' dir='ltr' id='par_1_16' title="bbox 340 1535 3692 1607">
     <span class='ocr_line' id='line_1_18' title="bbox 340 1535 3692 1607; baseline -0.001 -13"><span class='ocrx_word' id='word_1_149' title='bbox 340 1537 654 1594; x_wconf 86' lang='lat' dir='ltr'><strong>Henricum</strong></span> <span class='ocrx_word' id='word_1_150' title='bbox 689 1538 848 1603; x_wconf 78' lang='lat' dir='ltr'><strong>regni</strong></span> <span class='ocrx_word' id='word_1_151' title='bbox 885 1537 974 1591; x_wconf 88' lang='lat' dir='ltr'><strong>sui</strong></span> <span class='ocrx_word' id='word_1_152' title='bbox 1007 1536 1299 1591; x_wconf 61' lang='lat' dir='ltr'><strong>hreredem</strong></span> <span class='ocrx_word' id='word_1_153' title='bbox 1330 1535 1644 1607; x_wconf 84' lang='lat' dir='ltr'><strong>scripserat</strong></span> <span class='ocrx_word' id='word_1_154' title='bbox 1672 1536 1958 1591; x_wconf 79' lang='lat' dir='ltr'><strong>Roduli&#39;us</strong></span> <span class='ocrx_word' id='word_1_155' title='bbox 1981 1537 2107 1607; x_wconf 88' lang='lat' dir='ltr'><strong>jam</strong></span> <span class='ocrx_word' id='word_1_156' title='bbox 2142 1540 2553 1607; x_wconf 86' lang='lat' dir='ltr'><strong>antemortem</strong></span> <span class='ocrx_word' id='word_1_157' title='bbox 2589 1535 2863 1604; x_wconf 89' lang='lat' dir='ltr'><strong>Conradi,</strong></span> <span class='ocrx_word' id='word_1_158' title='bbox 2897 1554 3052 1592; x_wconf 90' lang='lat' dir='ltr'><strong>anno</strong></span> <span class='ocrx_word' id='word_1_159' title='bbox 3102 1535 3326 1607; x_wconf 82' lang='lat' dir='ltr'><strong>scilicet</strong></span> <span class='ocrx_word' id='word_1_160' title='bbox 3358 1535 3517 1589; x_wconf 84' lang='grc'><strong>1032.</strong></span> <span class='ocrx_word' id='word_1_161' title='bbox 3553 1536 3692 1590; x_wconf 88' lang='lat' dir='ltr'><strong>Inde</strong></span> 
     </span>
    </p>
   </div>
   <div class='ocr_carea' id='block_1_17' title="bbox 264 1606 3691 1679">
    <p class='ocr_par' dir='ltr' id='par_1_17' title="bbox 264 1606 3691 1679">
     <span class='ocr_line' id='line_1_19' title="bbox 264 1606 3691 1679; baseline -0.001 -14"><span class='ocrx_word' id='word_1_162' title='bbox 264 1613 561 1665; x_wconf 89' lang='lat' dir='ltr'><strong>commota</strong></span> <span class='ocrx_word' id='word_1_163' title='bbox 591 1615 729 1663; x_wconf 90' lang='lat' dir='ltr'><strong>sunt</strong></span> <span class='ocrx_word' id='word_1_164' title='bbox 763 1608 928 1673; x_wconf 84' lang='lat' dir='ltr'><strong>bella,</strong></span> <span class='ocrx_word' id='word_1_165' title='bbox 963 1609 1159 1662; x_wconf 82' lang='lat' dir='ltr'><strong>Odone</strong></span> <span class='ocrx_word' id='word_1_166' title='bbox 1184 1608 1321 1677; x_wconf 85' lang='lat' dir='ltr'><strong>jura</strong></span> <span class='ocrx_word' id='word_1_167' title='bbox 1357 1606 1623 1662; x_wconf 83' lang='lat' dir='ltr'><strong>materna</strong></span> <span class='ocrx_word' id='word_1_168' title='bbox 1647 1608 1702 1661; x_wconf 91' lang='lat' dir='ltr'><strong>in</strong></span> <span class='ocrx_word' id='word_1_169' title='bbox 1736 1606 1996 1679; x_wconf 85' lang='lat' dir='ltr'><strong>regnum</strong></span> <span class='ocrx_word' id='word_1_170' title='bbox 2017 1606 2503 1679; x_wconf 88' lang='lat' dir='ltr'><strong>Burgundionum</strong></span> <span class='ocrx_word' id='word_1_171' title='bbox 2535 1607 2868 1663; x_wconf 89' lang='lat' dir='ltr'><strong>vindicante</strong></span> <span class='ocrx_word' id='word_1_172' title='bbox 2893 1626 2906 1675; x_wconf 90' lang='lat'><strong>;</strong></span> <span class='ocrx_word' id='word_1_173' title='bbox 2932 1625 3035 1663; x_wconf 91' lang='lat' dir='ltr'><strong>nec</strong></span> <span class='ocrx_word' id='word_1_174' title='bbox 3067 1624 3185 1662; x_wconf 88' lang='lat' dir='ltr'><strong>non</strong></span> <span class='ocrx_word' id='word_1_175' title='bbox 3218 1606 3351 1662; x_wconf 90' lang='lat' dir='ltr'><strong>lites</strong></span> <span class='ocrx_word' id='word_1_176' title='bbox 3381 1610 3520 1662; x_wconf 72' lang='lat' dir='ltr'><strong>orta:</strong></span> <span class='ocrx_word' id='word_1_177' title='bbox 3548 1613 3691 1661; x_wconf 86' lang='lat' dir='ltr'><strong>sunt</strong></span> 
     </span>
    </p>
   </div>
   <div class='ocr_carea' id='block_1_18' title="bbox 268 1678 3688 1754">
    <p class='ocr_par' dir='ltr' id='par_1_18' title="bbox 268 1678 3688 1754">
     <span class='ocr_line' id='line_1_20' title="bbox 268 1678 3688 1754; baseline -0.001 -17"><span class='ocrx_word' id='word_1_178' title='bbox 268 1683 340 1754; x_wconf 86' lang='lat' dir='ltr'><strong>de</strong></span> <span class='ocrx_word' id='word_1_179' title='bbox 373 1686 551 1754; x_wconf 12' lang='lat' dir='ltr'><strong>parte;</strong></span> <span class='ocrx_word' id='word_1_180' title='bbox 574 1679 736 1752; x_wconf 83' lang='lat' dir='ltr'><strong>regni</strong></span> <span class='ocrx_word' id='word_1_181' title='bbox 772 1681 922 1754; x_wconf 77' lang='lat' dir='ltr'><strong>inter</strong></span> <span class='ocrx_word' id='word_1_182' title='bbox 951 1679 1578 1754; x_wconf 78' lang='lat' dir='ltr'><strong>HenI-icumprimurn,</strong></span> <span class='ocrx_word' id='word_1_183' title='bbox 1605 1678 2176 1754; x_wconf 4' lang='lat' dir='ltr'><strong>Galliarumqregem,</strong></span> <span class='ocrx_word' id='word_1_184' title='bbox 2211 1684 2267 1733; x_wconf 86' lang='lat' dir='ltr'><strong>et</strong></span> <span class='ocrx_word' id='word_1_185' title='bbox 2297 1678 2664 1754; x_wconf 65' lang='lat' dir='ltr'><strong>Cenradurn,</strong></span> <span class='ocrx_word' id='word_1_186' title='bbox 2686 1679 2920 1754; x_wconf 82' lang='lat' dir='ltr'><strong>Henrici</strong></span> <span class='ocrx_word' id='word_1_187' title='bbox 2947 1679 3320 1754; x_wconf 68' lang='lat' dir='ltr'><strong>imperatoris</strong></span> <span class='ocrx_word' id='word_1_188' title='bbox 3361 1682 3688 1754; x_wconf 68' lang='lat' dir='ltr'><strong>parentem.</strong></span> 
     </span>
    </p>
   </div>
   <div class='ocr_carea' id='block_1_19' title="bbox 271 1749 3688 1822">
    <p class='ocr_par' dir='ltr' id='par_1_19' title="bbox 271 1749 3688 1822">
     <span class='ocr_line' id='line_1_21' title="bbox 271 1749 3688 1822; baseline -0.001 -14"><span class='ocrx_word' id='word_1_189' title='bbox 271 1749 393 1808; x_wconf 65' lang='lat' dir='ltr'><strong>Pai</strong></span> <span class='ocrx_word' id='word_1_190' title='bbox 418 1749 666 1807; x_wconf 75' lang='lat' dir='ltr'><strong>tandem</strong></span> <span class='ocrx_word' id='word_1_191' title='bbox 688 1751 950 1805; x_wconf 78' lang='lat' dir='ltr'><strong>confecta</strong></span> <span class='ocrx_word' id='word_1_192' title='bbox 974 1767 1126 1804; x_wconf 88' lang='lat' dir='ltr'><strong>anno</strong></span> <span class='ocrx_word' id='word_1_193' title='bbox 1154 1749 1316 1822; x_wconf 58' lang='lat'><strong>1034,</strong></span> <span class='ocrx_word' id='word_1_194' title='bbox 1344 1749 1743 1822; x_wconf 76' lang='lat' dir='ltr'><strong>haereditatem</strong></span> <span class='ocrx_word' id='word_1_195' title='bbox 1777 1751 1958 1804; x_wconf 82' lang='lat' dir='ltr'><strong>adivit</strong></span> <span class='ocrx_word' id='word_1_196' title='bbox 1987 1749 2310 1822; x_wconf 53' lang='lat' dir='ltr'><strong>Henricus;</strong></span> <span class='ocrx_word' id='word_1_197' title='bbox 2337 1749 2511 1822; x_wconf 85' lang='lat' dir='ltr'><strong>itaut</strong></span> <span class='ocrx_word' id='word_1_198' title='bbox 2539 1749 2764 1822; x_wconf 83' lang='lat' dir='ltr'><strong>noviter</strong></span> <span class='ocrx_word' id='word_1_199' title='bbox 2790 1749 3057 1820; x_wconf 79' lang='lat' dir='ltr'><strong>subjecta</strong></span> <span class='ocrx_word' id='word_1_200' title='bbox 3088 1749 3202 1805; x_wconf 91' lang='lat' dir='ltr'><strong>dici</strong></span> <span class='ocrx_word' id='word_1_201' title='bbox 3251 1749 3509 1822; x_wconf 86' lang='lat' dir='ltr'><strong>potuerit</strong></span> <span class='ocrx_word' id='word_1_202' title='bbox 3551 1751 3688 1822; x_wconf 83' lang='lat' dir='ltr'><strong>Bur-</strong></span> 
     </span>
    </p>
   </div>
   <div class='ocr_carea' id='block_1_20' title="bbox 270 1820 3688 1901">
    <p class='ocr_par' dir='ltr' id='par_1_20' title="bbox 270 1820 3688 1901">
     <span class='ocr_line' id='line_1_22' title="bbox 270 1820 3688 1901; baseline -0.001 -23"><span class='ocrx_word' id='word_1_203' title='bbox 270 1823 494 1897; x_wconf 89' lang='lat' dir='ltr'><strong>gundia</strong></span> <span class='ocrx_word' id='word_1_204' title='bbox 519 1824 924 1901; x_wconf 12' lang='lat' dir='ltr'><strong>circaann‘um</strong></span> <span class='ocrx_word' id='word_1_205' title='bbox 963 1823 1100 1901; x_wconf 59' lang='lat'><strong>1049</strong></span> <span class='ocrx_word' id='word_1_206' title='bbox 1127 1838 1241 1901; x_wconf 82' lang='lat' dir='ltr'><strong>quo</strong></span> <span class='ocrx_word' id='word_1_207' title='bbox 1275 1821 1807 1901; x_wconf 37' lang='lat' dir='ltr'><strong>habenasi’mperii</strong></span> <span class='ocrx_word' id='word_1_208' title='bbox 1827 1820 2238 1901; x_wconf 64' lang='lat' dir='ltr'><strong>tenerescapit</strong></span> <span class='ocrx_word' id='word_1_209' title='bbox 2267 1820 2570 1901; x_wconf 76' lang='lat' dir='ltr'><strong>Henricus.</strong></span> <span class='ocrx_word' id='word_1_210' title='bbox 2606 1821 2752 1901; x_wconf 71' lang='lat' dir='ltr'><strong>Qum</strong></span> <span class='ocrx_word' id='word_1_211' title='bbox 2781 1826 3009 1901; x_wconf 76' lang='lat' dir='ltr'><strong>_au_tem</strong></span> <span class='ocrx_word' id='word_1_212' title='bbox 3068 1820 3474 1901; x_wconf 72' lang='lat' dir='ltr'><strong>Burgundiam</strong></span> <span class='ocrx_word' id='word_1_213' title='bbox 3525 1821 3688 1901; x_wconf 81' lang='lat' dir='ltr'><strong>adire</strong></span> 
     </span>
    </p>
   </div>
   <div class='ocr_carea' id='block_1_21' title="bbox 266 1891 3687 1966">
    <p class='ocr_par' dir='ltr' id='par_1_21' title="bbox 266 1891 3687 1966">
     <span class='ocr_line' id='line_1_23' title="bbox 266 1891 3687 1966; baseline -0.001 -15"><span class='ocrx_word' id='word_1_214' title='bbox 266 1891 383 1951; x_wconf 70' lang='lat' dir='ltr'><strong>non</strong></span> <span class='ocrx_word' id='word_1_215' title='bbox 417 1899 614 1966; x_wconf 86' lang='lat' dir='ltr'><strong>posset</strong></span> <span class='ocrx_word' id='word_1_216' title='bbox 644 1893 946 1959; x_wconf 84' lang='lat' dir='ltr'><strong>Henricus,</strong></span> <span class='ocrx_word' id='word_1_217' title='bbox 983 1891 1339 1966; x_wconf 80' lang='lat' dir='ltr'><strong>colloquium</strong></span> <span class='ocrx_word' id='word_1_218' title='bbox 1372 1891 1738 1947; x_wconf 50' lang='lat' dir='ltr'><strong>habuit’cum</strong></span> <span class='ocrx_word' id='word_1_219' title='bbox 1773 1891 2291 1966; x_wconf 78' lang='lat' dir='ltr'><strong>Burgundionibus</strong></span> <span class='ocrx_word' id='word_1_220' title='bbox 2313 1893 2465 1966; x_wconf 85' lang='lat' dir='ltr'><strong>apud</strong></span> <span class='ocrx_word' id='word_1_221' title='bbox 2499 1893 2746 1964; x_wconf 89' lang='lat' dir='ltr'><strong>Augiam</strong></span> <span class='ocrx_word' id='word_1_222' title='bbox 2780 1893 3057 1964; x_wconf 87' lang='lat' dir='ltr'><strong>Majorem</strong></span> <span class='ocrx_word' id='word_1_223' title='bbox 3094 1909 3168 1947; x_wconf 91' lang='lat' dir='ltr'><strong>an</strong></span> <span class='ocrx_word' id='word_1_224' title='bbox 3194 1891 3340 1947; x_wconf 75' lang='grc'><strong>1048</strong></span> <span class='ocrx_word' id='word_1_225' title='bbox 3375 1907 3389 1948; x_wconf 93' lang='lat'>:</span> <span class='ocrx_word' id='word_1_226' title='bbox 3424 1892 3507 1948; x_wconf 90' lang='lat' dir='ltr'><strong>sic</strong></span> <span class='ocrx_word' id='word_1_227' title='bbox 3528 1893 3687 1947; x_wconf 87' lang='lat' dir='ltr'><strong>enim</strong></span> 
     </span>
    </p>
   </div>
   <div class='ocr_carea' id='block_1_22' title="bbox 267 1962 2790 2036">
    <p class='ocr_par' dir='ltr' id='par_1_22' title="bbox 267 1962 2790 2036">
     <span class='ocr_line' id='line_1_24' title="bbox 267 1962 2790 2036; baseline -0.001 -15"><span class='ocrx_word' id='word_1_228' title='bbox 267 1962 584 2036; x_wconf 79' lang='lat' dir='ltr'><strong>legendum</strong></span> <span class='ocrx_word' id='word_1_229' title='bbox 619 1966 773 2036; x_wconf 85' lang='lat' dir='ltr'><strong>apud</strong></span> <span class='ocrx_word' id='word_1_230' title='bbox 809 1962 1210 2019; x_wconf 76' lang='lat' dir='ltr'><strong>tlermannuin</strong></span> <span class='ocrx_word' id='word_1_231' title='bbox 1244 1963 1641 2036; x_wconf 85' lang='lat' dir='ltr'><strong>Contractum,</strong></span> <span class='ocrx_word' id='word_1_232' title='bbox 1680 1980 1794 2018; x_wconf 88' lang='lat' dir='ltr'><strong>non</strong></span> <span class='ocrx_word' id='word_1_233' title='bbox 1829 1962 2242 2036; x_wconf 75' lang='lat' dir='ltr'><strong>Burdionibus,</strong></span> <span class='ocrx_word' id='word_1_234' title='bbox 2276 1962 2548 2036; x_wconf 26' lang='lat' dir='ltr'><strong>ut’habet</strong></span> <span class='ocrx_word' id='word_1_235' title='bbox 2577 1962 2790 2019; x_wconf 78' lang='lat' dir='ltr'><strong>textus.</strong></span> 
     </span>
    </p>
   </div>
   <div class='ocr_carea' id='block_1_23' title="bbox 325 1983 3685 2108">
    <p class='ocr_par' dir='ltr' id='par_1_23' title="bbox 325 1983 3685 2108">
     <span class='ocr_line' id='line_1_25' title="bbox 365 1983 2790 2036; baseline -0.001 -14"><span class='ocrx_word' id='word_1_236' title='bbox 365 1983 584 2022; x_wconf 83' lang='lat' dir='ltr'><strong>enoum</strong></span> <span class='ocrx_word' id='word_1_237' title='bbox 619 1983 773 2036; x_wconf 90' lang='lat' dir='ltr'><strong>apuu</strong></span> <span class='ocrx_word' id='word_1_238' title='bbox 809 1983 1210 2019; x_wconf 81' lang='lat' dir='ltr'><strong>uermannum</strong></span> <span class='ocrx_word' id='word_1_239' title='bbox 1244 1983 1641 2033; x_wconf 64' lang='lat' dir='ltr'><strong>uentracrum,</strong></span> <span class='ocrx_word' id='word_1_240' title='bbox 1680 1983 1794 2018; x_wconf 89' lang='lat' dir='ltr'><strong>non</strong></span> <span class='ocrx_word' id='word_1_241' title='bbox 1829 1983 2242 2031; x_wconf 81' lang='lat' dir='ltr'><strong>nurannInus,</strong></span> <span class='ocrx_word' id='word_1_242' title='bbox 2276 1983 2341 2017; x_wconf 77' lang='lat' dir='ltr'><strong>ut</strong></span> <span class='ocrx_word' id='word_1_243' title='bbox 2370 1983 2548 2019; x_wconf 77' lang='lat' dir='ltr'><strong>nanet</strong></span> <span class='ocrx_word' id='word_1_244' title='bbox 2577 1983 2790 2019; x_wconf 74' lang='lat' dir='ltr'><strong>test.</strong></span> 
     </span>
     <span class='ocr_line' id='line_1_26' title="bbox 325 1983 3685 2108; baseline -0.001 -16"><span class='ocrx_word' id='word_1_245' title='bbox 325 1983 408 2092; x_wconf 35' lang='grc' dir='ltr'><strong>ἦ.</strong></span> <span class='ocrx_word' id='word_1_246' title='bbox 444 2037 946 2107; x_wconf 88' lang='lat' dir='ltr'><strong>Quadripartitum</strong></span> <span class='ocrx_word' id='word_1_247' title='bbox 980 2041 1070 2091; x_wconf 90' lang='lat' dir='ltr'><strong>est</strong></span> <span class='ocrx_word' id='word_1_248' title='bbox 1101 2051 1269 2106; x_wconf 88' lang='lat' dir='ltr'><strong>opus,</strong></span> <span class='ocrx_word' id='word_1_249' title='bbox 1303 2035 1647 2108; x_wconf 82' lang='lat' dir='ltr'><strong>Tetralogus</strong></span> <span class='ocrx_word' id='word_1_250' title='bbox 1678 2036 1751 2108; x_wconf 88' lang='lat' dir='ltr'><strong>ab</strong></span> <span class='ocrx_word' id='word_1_251' title='bbox 1777 2039 2013 2108; x_wconf 75' lang='lat' dir='ltr'><strong>auctore</strong></span> <span class='ocrx_word' id='word_1_252' title='bbox 2043 2034 2472 2108; x_wconf 89' lang='lat' dir='ltr'><strong>dictum,_quod</strong></span> <span class='ocrx_word' id='word_1_253' title='bbox 2522 2038 2774 2108; x_wconf 76' lang='lat' dir='ltr'><strong>quatuor</strong></span> <span class='ocrx_word' id='word_1_254' title='bbox 2823 2049 3123 2106; x_wconf 86' lang='lat' dir='ltr'><strong>personas,</strong></span> <span class='ocrx_word' id='word_1_255' title='bbox 3187 2034 3390 2108; x_wconf 75' lang='lat' dir='ltr'><strong>Musas</strong></span> <span class='ocrx_word' id='word_1_256' title='bbox 3418 2033 3685 2108; x_wconf 71' lang='lat' dir='ltr'><strong>scilicet,</strong></span> 
     </span>
    </p>
   </div>
   <div class='ocr_carea' id='block_1_24' title="bbox 270 2104 3690 2187">
    <p class='ocr_par' dir='ltr' id='par_1_24' title="bbox 270 2104 3690 2187">
     <span class='ocr_line' id='line_1_27' title="bbox 270 2104 3690 2187; baseline -0.001 -23"><span class='ocrx_word' id='word_1_257' title='bbox 270 2109 506 2187; x_wconf 69' lang='lat' dir='ltr'><strong>Legem,</strong></span> <span class='ocrx_word' id='word_1_258' title='bbox 535 2104 796 2162; x_wconf 76' lang='lat' dir='ltr'><strong>Gratiam</strong></span> <span class='ocrx_word' id='word_1_259' title='bbox 830 2112 887 2187; x_wconf 81' lang='lat' dir='ltr'><strong>et</strong></span> <span class='ocrx_word' id='word_1_260' title='bbox 917 2104 1200 2187; x_wconf 81' lang='lat' dir='ltr'><strong>seipsum,</strong></span> <span class='ocrx_word' id='word_1_261' title='bbox 1234 2123 1360 2187; x_wconf 68' lang='lat' dir='ltr'><strong>qua:</strong></span> <span class='ocrx_word' id='word_1_262' title='bbox 1389 2104 1760 2187; x_wconf 70' lang='lat' dir='ltr'><strong>imperatoris</strong></span> <span class='ocrx_word' id='word_1_263' title='bbox 1790 2105 1992 2187; x_wconf 79' lang='lat' dir='ltr'><strong>laudes</strong></span> <span class='ocrx_word' id='word_1_264' title='bbox 2024 2109 2258 2187; x_wconf 89' lang='lat' dir='ltr'><strong>canant,</strong></span> <span class='ocrx_word' id='word_1_265' title='bbox 2291 2104 2554 2187; x_wconf 67' lang='lat' dir='ltr'><strong>inducat.</strong></span> <span class='ocrx_word' id='word_1_266' title='bbox 2578 2107 2654 2160; x_wconf 82' lang='lat' dir='ltr'><strong>Ex</strong></span> <span class='ocrx_word' id='word_1_267' title='bbox 2675 2123 2743 2164; x_wconf 91' lang='lat' dir='ltr'><strong>eo</strong></span> <span class='ocrx_word' id='word_1_268' title='bbox 2767 2104 2926 2187; x_wconf 77' lang='lat' dir='ltr'><strong>patet</strong></span> <span class='ocrx_word' id='word_1_269' title='bbox 2956 2110 3178 2187; x_wconf 63' lang='lat' dir='ltr'><strong>quanta</strong></span> <span class='ocrx_word' id='word_1_270' title='bbox 3208 2105 3386 2161; x_wconf 89' lang='lat' dir='ltr'><strong>fuerit</strong></span> <span class='ocrx_word' id='word_1_271' title='bbox 3416 2104 3690 2187; x_wconf 69' lang='lat' dir='ltr'><strong>ignoran-</strong></span> 
     </span>
    </p>
   </div>
   <div class='ocr_carea' id='block_1_25' title="bbox 266 2176 3685 2249">
    <p class='ocr_par' dir='ltr' id='par_1_25' title="bbox 266 2176 3685 2249">
     <span class='ocr_line' id='line_1_28' title="bbox 266 2176 3685 2249; baseline -0.001 -16"><span class='ocrx_word' id='word_1_272' title='bbox 266 2176 805 2234; x_wconf 52' lang='lat' dir='ltr'><strong>tia&#39;Germanorum</strong></span> <span class='ocrx_word' id='word_1_273' title='bbox 839 2181 978 2249; x_wconf 83' lang='lat' dir='ltr'><strong>tunc</strong></span> <span class='ocrx_word' id='word_1_274' title='bbox 1009 2176 1295 2249; x_wconf 82' lang='lat' dir='ltr'><strong>temporis</strong></span> <span class='ocrx_word' id='word_1_275' title='bbox 1321 2195 1333 2243; x_wconf 83' lang='lat'><strong>;</strong></span> <span class='ocrx_word' id='word_1_276' title='bbox 1362 2176 1619 2248; x_wconf 85' lang='lat' dir='ltr'><strong>postulat</strong></span> <span class='ocrx_word' id='word_1_277' title='bbox 1650 2177 1804 2233; x_wconf 91' lang='lat' dir='ltr'><strong>enim</strong></span> <span class='ocrx_word' id='word_1_278' title='bbox 1839 2178 1912 2232; x_wconf 90' lang='lat' dir='ltr'><strong>ab</strong></span> <span class='ocrx_word' id='word_1_279' title='bbox 1944 2177 2294 2249; x_wconf 85' lang='lat' dir='ltr'><strong>imperatore</strong></span> <span class='ocrx_word' id='word_1_280' title='bbox 2325 2181 2389 2230; x_wconf 90' lang='lat' dir='ltr'><strong>ut</strong></span> <span class='ocrx_word' id='word_1_281' title='bbox 2420 2176 2604 2249; x_wconf 89' lang='lat' dir='ltr'><strong>legem</strong></span> <span class='ocrx_word' id='word_1_282' title='bbox 2639 2176 3008 2249; x_wconf 81' lang='lat' dir='ltr'><strong>promulgare</strong></span> <span class='ocrx_word' id='word_1_283' title='bbox 3039 2176 3192 2245; x_wconf 83' lang='lat' dir='ltr'><strong>velit,</strong></span> <span class='ocrx_word' id='word_1_284' title='bbox 3246 2194 3362 2249; x_wconf 88' lang='lat' dir='ltr'><strong>qua</strong></span> <span class='ocrx_word' id='word_1_285' title='bbox 3393 2176 3560 2249; x_wconf 83' lang='lat' dir='ltr'><strong>pueri</strong></span> <span class='ocrx_word' id='word_1_286' title='bbox 3593 2177 3685 2230; x_wconf 90' lang='lat' dir='ltr'><strong>di-</strong></span> 
     </span>
    </p>
   </div>
   <div class='ocr_carea' id='block_1_26' title="bbox 264 2247 1582 2304">
    <p class='ocr_par' dir='ltr' id='par_1_26' title="bbox 264 2247 1582 2304">
     <span class='ocr_line' id='line_1_29' title="bbox 264 2247 1582 2304; baseline -0.002 0"><span class='ocrx_word' id='word_1_287' title='bbox 264 2251 414 2304; x_wconf 87' lang='lat' dir='ltr'><strong>vites</strong></span> <span class='ocrx_word' id='word_1_288' title='bbox 447 2249 898 2304; x_wconf 84' lang='lat' dir='ltr'><strong>humanioribus</strong></span> <span class='ocrx_word' id='word_1_289' title='bbox 930 2247 1139 2302; x_wconf 84' lang='lat' dir='ltr'><strong>litteris</strong></span> <span class='ocrx_word' id='word_1_290' title='bbox 1176 2247 1582 2303; x_wconf 85' lang='lat' dir='ltr'><strong>instituantur.</strong></span> 
     </span>
    </p>
   </div>
   <div class='ocr_carea' id='block_1_27' title="bbox 1011 2344 2353 2416">
    <p class='ocr_par' dir='ltr' id='par_1_27' title="bbox 1011 2344 2353 2416">
     <span class='ocr_line' id='line_1_30' title="bbox 1011 2344 2353 2416; baseline 0.002 -25"><span class='ocrx_word' id='word_1_291' title='bbox 1011 2345 1165 2416; x_wconf 56' lang='lat' dir='ltr'><strong>l‘une</strong></span> <span class='ocrx_word' id='word_1_292' title='bbox 1188 2344 1272 2416; x_wconf 82' lang='lat' dir='ltr'><strong>fac</strong></span> <span class='ocrx_word' id='word_1_293' title='bbox 1303 2344 1536 2416; x_wconf 75' lang='lat' dir='ltr'><strong>edictum</strong></span> <span class='ocrx_word' id='word_1_294' title='bbox 1566 2358 1662 2416; x_wconf 75' lang='lat' dir='ltr'><strong>per</strong></span> <span class='ocrx_word' id='word_1_295' title='bbox 1692 2348 1886 2416; x_wconf 72' lang='lat' dir='ltr'><strong>terram</strong></span> <span class='ocrx_word' id='word_1_296' title='bbox 1915 2345 2353 2416; x_wconf 64' lang='lat' dir='ltr'><strong>Teutonicorum,</strong></span> 
     </span>
    </p>
   </div>
   <div class='ocr_carea' id='block_1_28' title="bbox 1013 2405 2295 2464">
    <p class='ocr_par' dir='ltr' id='par_1_28' title="bbox 1013 2405 2295 2464">
     <span class='ocr_line' id='line_1_31' title="bbox 1013 2405 2295 2464; baseline 0.002 -10"><span class='ocrx_word' id='word_1_297' title='bbox 1013 2406 1241 2464; x_wconf 88' lang='lat' dir='ltr'><strong>Quilibet</strong></span> <span class='ocrx_word' id='word_1_298' title='bbox 1273 2410 1330 2454; x_wconf 92' lang='lat' dir='ltr'><strong>ut</strong></span> <span class='ocrx_word' id='word_1_299' title='bbox 1360 2405 1510 2456; x_wconf 87' lang='lat' dir='ltr'><strong>dives</strong></span> <span class='ocrx_word' id='word_1_300' title='bbox 1539 2405 1638 2456; x_wconf 83' lang='lat' dir='ltr'><strong>sibi</strong></span> <span class='ocrx_word' id='word_1_301' title='bbox 1669 2410 1824 2456; x_wconf 89' lang='lat' dir='ltr'><strong>natos</strong></span> <span class='ocrx_word' id='word_1_302' title='bbox 1854 2407 2083 2456; x_wconf 86' lang='lat' dir='ltr'><strong>instruat</strong></span> <span class='ocrx_word' id='word_1_303' title='bbox 2109 2421 2295 2457; x_wconf 86' lang='lat' dir='ltr'><strong>omnes</strong></span> 
     </span>
    </p>
   </div>
   <div class='ocr_carea' id='block_1_29' title="bbox 1015 2467 2280 2532">
    <p class='ocr_par' dir='ltr' id='par_1_29' title="bbox 1015 2467 2280 2532">
     <span class='ocr_line' id='line_1_32' title="bbox 1015 2467 2280 2532; baseline 0.002 -16"><span class='ocrx_word' id='word_1_304' title='bbox 1015 2467 1630 2532; x_wconf 69' lang='lat' dir='ltr'><strong>Lutterulis,_legemque</strong></span> <span class='ocrx_word' id='word_1_305' title='bbox 1661 2483 1810 2532; x_wconf 84' lang='lat' dir='ltr'><strong>suam</strong></span> <span class='ocrx_word' id='word_1_306' title='bbox 1836 2469 2162 2532; x_wconf 87' lang='lat' dir='ltr'><strong>persuadeat</strong></span> <span class='ocrx_word' id='word_1_307' title='bbox 2189 2470 2280 2527; x_wconf 91' lang='lat' dir='ltr'><strong>illi,</strong></span> 
     </span>
    </p>
   </div>
   <div class='ocr_carea' id='block_1_30' title="bbox 1014 2527 2359 2602">
    <p class='ocr_par' dir='ltr' id='par_1_30' title="bbox 1014 2527 2359 2602">
     <span class='ocr_line' id='line_1_33' title="bbox 1014 2527 2359 2602; baseline 0.002 -24"><span class='ocrx_word' id='word_1_308' title='bbox 1014 2531 1077 2602; x_wconf 58' lang='grc' dir='ltr'><strong>ξι</strong></span> <span class='ocrx_word' id='word_1_309' title='bbox 1097 2543 1230 2602; x_wconf 69' lang='lat' dir='ltr'><strong>cum</strong></span> <span class='ocrx_word' id='word_1_310' title='bbox 1263 2527 1594 2602; x_wconf 66' lang='lat' dir='ltr'><strong>principibus</strong></span> <span class='ocrx_word' id='word_1_311' title='bbox 1624 2527 1939 2602; x_wconf 67' lang='lat' dir='ltr'><strong>placitalidit</strong></span> <span class='ocrx_word' id='word_1_312' title='bbox 1966 2535 2183 2602; x_wconf 77' lang='lat' dir='ltr'><strong>venerat</strong></span> <span class='ocrx_word' id='word_1_313' title='bbox 2200 2546 2359 2602; x_wconf 63' lang='lat' dir='ltr'><strong>usus,</strong></span> 
     </span>
    </p>
   </div>
   <div class='ocr_carea' id='block_1_31' title="bbox 1010 2591 2312 2656">
    <p class='ocr_par' dir='ltr' id='par_1_31' title="bbox 1010 2591 2312 2656">
     <span class='ocr_line' id='line_1_34' title="bbox 1010 2591 2312 2656; baseline 0.002 -15"><span class='ocrx_word' id='word_1_314' title='bbox 1010 2593 1246 2656; x_wconf 84' lang='lat' dir='ltr'><strong>Quisque</strong></span> <span class='ocrx_word' id='word_1_315' title='bbox 1268 2591 1393 2656; x_wconf 85' lang='lat' dir='ltr'><strong>suis</strong></span> <span class='ocrx_word' id='word_1_316' title='bbox 1418 2591 1571 2642; x_wconf 89' lang='lat' dir='ltr'><strong>libris</strong></span> <span class='ocrx_word' id='word_1_317' title='bbox 1602 2591 1904 2656; x_wconf 80' lang='lat' dir='ltr'><strong>exemplum</strong></span> <span class='ocrx_word' id='word_1_318' title='bbox 1935 2595 2169 2656; x_wconf 79' lang='lat' dir='ltr'><strong>proferat</strong></span> <span class='ocrx_word' id='word_1_319' title='bbox 2197 2595 2312 2643; x_wconf 90' lang='lat' dir='ltr'><strong>illis.</strong></span> 
     </span>
    </p>
   </div>
   <div class='ocr_carea' id='block_1_32' title="bbox 1008 2655 2279 2719">
    <p class='ocr_par' dir='ltr' id='par_1_32' title="bbox 1008 2655 2279 2719">
     <span class='ocr_line' id='line_1_35' title="bbox 1008 2655 2279 2719; baseline 0.001 -15"><span class='ocrx_word' id='word_1_320' title='bbox 1008 2655 1146 2719; x_wconf 78' lang='lat' dir='ltr'><strong>Solis</strong></span> <span class='ocrx_word' id='word_1_321' title='bbox 1176 2655 1478 2719; x_wconf 67' lang='lat' dir='ltr'><strong>Teutonicis</strong></span> <span class='ocrx_word' id='word_1_322' title='bbox 1501 2655 1835 2719; x_wconf 15' lang='lat' dir='ltr'><strong>vacuumrvel</strong></span> <span class='ocrx_word' id='word_1_323' title='bbox 1864 2655 2020 2719; x_wconf 83' lang='lat' dir='ltr'><strong>turpe</strong></span> <span class='ocrx_word' id='word_1_324' title='bbox 2052 2657 2279 2706; x_wconf 87' lang='lat' dir='ltr'><strong>videtur.</strong></span> 
     </span>
    </p>
   </div>
   <div class='ocr_carea' id='block_1_33' title="bbox 1009 2717 2337 2781">
    <p class='ocr_par' dir='ltr' id='par_1_33' title="bbox 1009 2717 2337 2781">
     <span class='ocr_line' id='line_1_36' title="bbox 1009 2717 2337 2781; baseline -0.001 -14"><span class='ocrx_word' id='word_1_325' title='bbox 1009 2717 1075 2767; x_wconf 89' lang='lat' dir='ltr'><strong>Ut</strong></span> <span class='ocrx_word' id='word_1_326' title='bbox 1104 2717 1334 2766; x_wconf 87' lang='lat' dir='ltr'><strong>doceant</strong></span> <span class='ocrx_word' id='word_1_327' title='bbox 1364 2717 1612 2780; x_wconf 87' lang='lat' dir='ltr'><strong>aliquem,</strong></span> <span class='ocrx_word' id='word_1_328' title='bbox 1645 2718 1746 2766; x_wconf 88' lang='lat' dir='ltr'><strong>nisi</strong></span> <span class='ocrx_word' id='word_1_329' title='bbox 1777 2717 2002 2768; x_wconf 82' lang='lat' dir='ltr'><strong>clericus</strong></span> <span class='ocrx_word' id='word_1_330' title='bbox 2030 2719 2337 2781; x_wconf 86' lang='lat' dir='ltr'><strong>accipiatur.</strong></span> 
     </span>
    </p>
   </div>
   <div class='ocr_carea' id='block_1_34' title="bbox 1102 2997 2816 3078">
    <p class='ocr_par' dir='ltr' id='par_1_34' title="bbox 1102 2997 2816 3078">
     <span class='ocr_line' id='line_1_37' title="bbox 1102 2997 2816 3078; baseline -0.001 -18"><span class='ocrx_word' id='word_1_331' title='bbox 1102 2999 1389 3060; x_wconf 80' lang='lat' dir='ltr'><strong>INCIPIT</strong></span> <span class='ocrx_word' id='word_1_332' title='bbox 1433 3000 1845 3062; x_wconf 78' lang='lat' dir='ltr'><strong>PROLOGUS</strong></span> <span class='ocrx_word' id='word_1_333' title='bbox 1891 2999 1967 3058; x_wconf 90' lang='lat' dir='ltr'><strong>IN</strong></span> <span class='ocrx_word' id='word_1_334' title='bbox 2014 2999 2412 3061; x_wconf 86' lang='lat' dir='ltr'><strong>EPILOGUM</strong></span> <span class='ocrx_word' id='word_1_335' title='bbox 2445 2997 2528 3078; x_wconf 77' lang='lat'><strong>(2)</strong></span> <span class='ocrx_word' id='word_1_336' title='bbox 2567 3000 2816 3061; x_wconf 75' lang='lat' dir='ltr'><strong>REGIS.</strong></span> 
     </span>
    </p>
   </div>
   <div class='ocr_carea' id='block_1_35' title="bbox 338 3129 3672 3206">
    <p class='ocr_par' dir='ltr' id='par_1_35' title="bbox 338 3129 3672 3206">
     <span class='ocr_line' id='line_1_38' title="bbox 338 3129 3672 3206; baseline -0.002 -16"><span class='ocrx_word' id='word_1_337' title='bbox 338 3133 578 3190; x_wconf 89' lang='lat' dir='ltr'><strong>Domino</strong></span> <span class='ocrx_word' id='word_1_338' title='bbox 612 3131 731 3206; x_wconf 90' lang='lat' dir='ltr'><strong>regi</strong></span> <span class='ocrx_word' id='word_1_339' title='bbox 751 3133 863 3188; x_wconf 81' lang='lat' dir='ltr'><strong>ﬁde</strong></span> <span class='ocrx_word' id='word_1_340' title='bbox 895 3136 951 3188; x_wconf 87' lang='lat' dir='ltr'><strong>et</strong></span> <span class='ocrx_word' id='word_1_341' title='bbox 980 3132 1170 3188; x_wconf 82' lang='lat' dir='ltr'><strong>verbis</strong></span> <span class='ocrx_word' id='word_1_342' title='bbox 1191 3131 1497 3199; x_wconf 89' lang='lat' dir='ltr'><strong>catholico,</strong></span> <span class='ocrx_word' id='word_1_343' title='bbox 1528 3130 1754 3185; x_wconf 86' lang='lat' dir='ltr'><strong>actibus</strong></span> <span class='ocrx_word' id='word_1_344' title='bbox 1787 3129 1908 3203; x_wconf 88' lang='lat' dir='ltr'><strong>glo-</strong></span> <span class='ocrx_word' id='word_1_345' title='bbox 1937 3132 1991 3197; x_wconf 81' lang='grc' dir='ltr'><strong>Α</strong></span> <span class='ocrx_word' id='word_1_346' title='bbox 2022 3134 2078 3185; x_wconf 91' lang='lat' dir='ltr'><strong>et</strong></span> <span class='ocrx_word' id='word_1_347' title='bbox 2095 3129 2359 3185; x_wconf 88' lang='lat' dir='ltr'><strong>animum</strong></span> <span class='ocrx_word' id='word_1_348' title='bbox 2381 3131 2452 3186; x_wconf 90' lang='lat' dir='ltr'><strong>ab</strong></span> <span class='ocrx_word' id='word_1_349' title='bbox 2479 3147 2544 3186; x_wconf 89' lang='lat' dir='ltr'><strong>eo</strong></span> <span class='ocrx_word' id='word_1_350' title='bbox 2569 3148 2693 3204; x_wconf 70' lang='lat' dir='ltr'><strong>quae</strong></span> <span class='ocrx_word' id='word_1_351' title='bbox 2721 3130 2822 3185; x_wconf 91' lang='lat' dir='ltr'><strong>tibi</strong></span> <span class='ocrx_word' id='word_1_352' title='bbox 2847 3147 3129 3202; x_wconf 86' lang='lat' dir='ltr'><strong>persuasa</strong></span> <span class='ocrx_word' id='word_1_353' title='bbox 3147 3135 3285 3186; x_wconf 90' lang='lat' dir='ltr'><strong>sunt</strong></span> <span class='ocrx_word' id='word_1_354' title='bbox 3308 3130 3503 3203; x_wconf 88' lang='lat' dir='ltr'><strong>possis</strong></span> <span class='ocrx_word' id='word_1_355' title='bbox 3527 3130 3672 3186; x_wconf 85' lang='lat' dir='ltr'><strong>exci-</strong></span> 
     </span>
    </p>
   </div>
   <div class='ocr_carea' id='block_1_36' title="bbox 261 3218 3670 3292">
    <p class='ocr_par' dir='ltr' id='par_1_36' title="bbox 261 3218 3670 3292">
     <span class='ocr_line' id='line_1_39' title="bbox 261 3218 3670 3292; baseline -0.001 -13"><span class='ocrx_word' id='word_1_356' title='bbox 261 3222 592 3279; x_wconf 88' lang='lat' dir='ltr'><strong>riosissimo</strong></span> <span class='ocrx_word' id='word_1_357' title='bbox 624 3221 902 3276; x_wconf 70' lang='lat' dir='ltr'><strong>Hsmmco</strong></span> <span class='ocrx_word' id='word_1_358' title='bbox 933 3221 1122 3286; x_wconf 91' lang='lat' dir='ltr'><strong>tertio,</strong></span> <span class='ocrx_word' id='word_1_359' title='bbox 1155 3220 1363 3275; x_wconf 60' lang='grc' dir='ltr'><strong>Νηιρο</strong></span> <span class='ocrx_word' id='word_1_360' title='bbox 1395 3219 1749 3274; x_wconf 82' lang='lat' dir='ltr'><strong>famulorum</strong></span> <span class='ocrx_word' id='word_1_361' title='bbox 1803 3218 1911 3274; x_wconf 91' lang='lat' dir='ltr'><strong>mi-</strong></span> <span class='ocrx_word' id='word_1_362' title='bbox 2027 3223 2168 3274; x_wconf 86' lang='lat' dir='ltr'><strong>tare.</strong></span> <span class='ocrx_word' id='word_1_363' title='bbox 2203 3219 2303 3274; x_wconf 86' lang='lat' dir='ltr'><strong>Est</strong></span> <span class='ocrx_word' id='word_1_364' title='bbox 2362 3224 2553 3275; x_wconf 90' lang='lat' dir='ltr'><strong>autem</strong></span> <span class='ocrx_word' id='word_1_365' title='bbox 2608 3219 2929 3292; x_wconf 88' lang='lat' dir='ltr'><strong>tetralogus</strong></span> <span class='ocrx_word' id='word_1_366' title='bbox 2988 3225 3240 3292; x_wconf 89' lang='lat' dir='ltr'><strong>quatuor</strong></span> <span class='ocrx_word' id='word_1_367' title='bbox 3294 3236 3670 3292; x_wconf 86' lang='lat' dir='ltr'><strong>personarum</strong></span> 
     </span>
    </p>
   </div>
   <div class='ocr_carea' id='block_1_37' title="bbox 261 3307 3670 3382">
    <p class='ocr_par' dir='ltr' id='par_1_37' title="bbox 261 3307 3670 3382">
     <span class='ocr_line' id='line_1_40' title="bbox 261 3307 3670 3382; baseline -0.002 -14"><span class='ocrx_word' id='word_1_368' title='bbox 261 3312 462 3368; x_wconf 88' lang='lat' dir='ltr'><strong>nimus</strong></span> <span class='ocrx_word' id='word_1_369' title='bbox 491 3327 756 3376; x_wconf 90' lang='lat' dir='ltr'><strong>suorum,</strong></span> <span class='ocrx_word' id='word_1_370' title='bbox 791 3311 944 3382; x_wconf 90' lang='lat' dir='ltr'><strong>quod</strong></span> <span class='ocrx_word' id='word_1_371' title='bbox 1005 3325 1100 3364; x_wconf 91' lang='lat' dir='ltr'><strong>res</strong></span> <span class='ocrx_word' id='word_1_372' title='bbox 1133 3309 1386 3364; x_wconf 88' lang='lat' dir='ltr'><strong>Hermon</strong></span> <span class='ocrx_word' id='word_1_373' title='bbox 1444 3307 1669 3364; x_wconf 78' lang='lat' dir='ltr'><strong>excelse</strong></span> <span class='ocrx_word' id='word_1_374' title='bbox 1728 3307 1913 3363; x_wconf 89' lang='lat' dir='ltr'><strong>monti</strong></span> <span class='ocrx_word' id='word_1_375' title='bbox 2024 3323 2236 3362; x_wconf 89' lang='lat' dir='ltr'><strong>sermo.</strong></span> <span class='ocrx_word' id='word_1_376' title='bbox 2265 3307 2346 3362; x_wconf 90' lang='lat' dir='ltr'><strong>Ibi</strong></span> <span class='ocrx_word' id='word_1_377' title='bbox 2368 3313 2538 3379; x_wconf 90' lang='lat' dir='ltr'><strong>poeta</strong></span> <span class='ocrx_word' id='word_1_378' title='bbox 2558 3309 2812 3380; x_wconf 91' lang='lat' dir='ltr'><strong>primum</strong></span> <span class='ocrx_word' id='word_1_379' title='bbox 2856 3308 3128 3364; x_wconf 88' lang='lat' dir='ltr'><strong>hortatur</strong></span> <span class='ocrx_word' id='word_1_380' title='bbox 3149 3309 3348 3364; x_wconf 86' lang='lat' dir='ltr'><strong>Musas</strong></span> <span class='ocrx_word' id='word_1_381' title='bbox 3372 3314 3436 3363; x_wconf 90' lang='lat' dir='ltr'><strong>ut</strong></span> <span class='ocrx_word' id='word_1_382' title='bbox 3463 3313 3520 3364; x_wconf 89' lang='lat' dir='ltr'><strong>te</strong></span> <span class='ocrx_word' id='word_1_383' title='bbox 3550 3307 3670 3362; x_wconf 81' lang='lat' dir='ltr'><strong>lau-</strong></span> 
     </span>
    </p>
   </div>
   <div class='ocr_carea' id='block_1_38' title="bbox 260 3396 3666 3471">
    <p class='ocr_par' dir='ltr' id='par_1_38' title="bbox 260 3396 3666 3471">
     <span class='ocr_line' id='line_1_41' title="bbox 260 3396 3666 3471; baseline -0.002 -15"><span class='ocrx_word' id='word_1_384' title='bbox 260 3402 396 3457; x_wconf 89' lang='lat' dir='ltr'><strong>Sion</strong></span> <span class='ocrx_word' id='word_1_385' title='bbox 432 3401 532 3471; x_wconf 90' lang='lat'><strong>(3.)</strong></span> <span class='ocrx_word' id='word_1_386' title='bbox 2024 3396 2415 3452; x_wconf 89' lang='lat' dir='ltr'><strong>dent.Chorus</strong></span> <span class='ocrx_word' id='word_1_387' title='bbox 2440 3397 2741 3453; x_wconf 86' lang='lat' dir='ltr'><strong>Musarum</strong></span> <span class='ocrx_word' id='word_1_388' title='bbox 2763 3397 3058 3453; x_wconf 89' lang='lat' dir='ltr'><strong>benedicit</strong></span> <span class='ocrx_word' id='word_1_389' title='bbox 3079 3402 3135 3453; x_wconf 91' lang='lat' dir='ltr'><strong>et</strong></span> <span class='ocrx_word' id='word_1_390' title='bbox 3155 3397 3358 3452; x_wconf 86' lang='lat' dir='ltr'><strong>laudat</strong></span> <span class='ocrx_word' id='word_1_391' title='bbox 3387 3402 3444 3452; x_wconf 88' lang='lat' dir='ltr'><strong>te</strong></span> <span class='ocrx_word' id='word_1_392' title='bbox 3478 3397 3666 3452; x_wconf 80' lang='lat' dir='ltr'><strong>Domi-</strong></span> 
     </span>
    </p>
   </div>
   <div class='ocr_carea' id='block_1_39' title="bbox 328 3483 3672 3559">
    <p class='ocr_par' dir='ltr' id='par_1_39' title="bbox 328 3483 3672 3559">
     <span class='ocr_line' id='line_1_42' title="bbox 328 3483 3672 3559; baseline -0.001 -15"><span class='ocrx_word' id='word_1_393' title='bbox 328 3495 548 3544; x_wconf 66' lang='lat' dir='ltr'><strong>Sancta:</strong></span> <span class='ocrx_word' id='word_1_394' title='bbox 572 3488 806 3559; x_wconf 87' lang='lat' dir='ltr'><strong>pietatis</strong></span> <span class='ocrx_word' id='word_1_395' title='bbox 825 3492 936 3541; x_wconf 78' lang='lat' dir='ltr'><strong>tuae</strong></span> <span class='ocrx_word' id='word_1_396' title='bbox 969 3484 1327 3541; x_wconf 88' lang='lat' dir='ltr'><strong>accessibilis</strong></span> <span class='ocrx_word' id='word_1_397' title='bbox 1349 3483 1630 3540; x_wconf 89' lang='lat' dir='ltr'><strong>celsitudo</strong></span> <span class='ocrx_word' id='word_1_398' title='bbox 1656 3483 1915 3540; x_wconf 87' lang='lat' dir='ltr'><strong>imbecil-</strong></span> <span class='ocrx_word' id='word_1_399' title='bbox 2024 3502 2166 3540; x_wconf 92' lang='lat' dir='ltr'><strong>num</strong></span> <span class='ocrx_word' id='word_1_400' title='bbox 2199 3502 2416 3557; x_wconf 86' lang='lat' dir='ltr'><strong>regem.</strong></span> <span class='ocrx_word' id='word_1_401' title='bbox 2446 3486 2666 3541; x_wconf 90' lang='lat' dir='ltr'><strong>Deinde</strong></span> <span class='ocrx_word' id='word_1_402' title='bbox 2695 3487 2805 3541; x_wconf 86' lang='lat' dir='ltr'><strong>Lex</strong></span> <span class='ocrx_word' id='word_1_403' title='bbox 2831 3490 2881 3542; x_wconf 91' lang='lat' dir='ltr'><strong>te</strong></span> <span class='ocrx_word' id='word_1_404' title='bbox 2905 3485 3247 3558; x_wconf 89' lang='lat' dir='ltr'><strong>alliequitur</strong></span> <span class='ocrx_word' id='word_1_405' title='bbox 3267 3503 3403 3541; x_wconf 90' lang='lat' dir='ltr'><strong>cum</strong></span> <span class='ocrx_word' id='word_1_406' title='bbox 3434 3485 3528 3541; x_wconf 90' lang='lat' dir='ltr'><strong>his</strong></span> <span class='ocrx_word' id='word_1_407' title='bbox 3549 3501 3672 3540; x_wconf 90' lang='lat' dir='ltr'><strong>con-</strong></span> 
     </span>
    </p>
   </div>
   <div class='ocr_carea' id='block_1_40' title="bbox 262 3573 3666 3647">
    <p class='ocr_par' dir='ltr' id='par_1_40' title="bbox 262 3573 3666 3647">
     <span class='ocr_line' id='line_1_43' title="bbox 262 3573 3666 3647; baseline -0.001 -15"><span class='ocrx_word' id='word_1_408' title='bbox 262 3577 483 3632; x_wconf 89' lang='lat' dir='ltr'><strong>litatem</strong></span> <span class='ocrx_word' id='word_1_409' title='bbox 519 3591 709 3630; x_wconf 89' lang='lat' dir='ltr'><strong>meam</strong></span> <span class='ocrx_word' id='word_1_410' title='bbox 733 3576 891 3641; x_wconf 86' lang='lat' dir='ltr'><strong>facit,</strong></span> <span class='ocrx_word' id='word_1_411' title='bbox 918 3574 1153 3628; x_wconf 90' lang='lat' dir='ltr'><strong>domine</strong></span> <span class='ocrx_word' id='word_1_412' title='bbox 1175 3590 1292 3637; x_wconf 82' lang='lat' dir='ltr'><strong>rex,</strong></span> <span class='ocrx_word' id='word_1_413' title='bbox 1317 3573 1387 3627; x_wconf 91' lang='lat' dir='ltr'><strong>ad</strong></span> <span class='ocrx_word' id='word_1_414' title='bbox 1411 3573 1610 3644; x_wconf 77' lang='lat' dir='ltr'><strong>gratiae</strong></span> <span class='ocrx_word' id='word_1_415' title='bbox 1632 3577 1744 3628; x_wconf 64' lang='lat' dir='ltr'><strong>tua:</strong></span> <span class='ocrx_word' id='word_1_416' title='bbox 1767 3573 1917 3628; x_wconf 89' lang='lat' dir='ltr'><strong>desi-</strong></span> <span class='ocrx_word' id='word_1_417' title='bbox 2024 3573 2174 3630; x_wconf 90' lang='lat' dir='ltr'><strong>siliis</strong></span> <span class='ocrx_word' id='word_1_418' title='bbox 2205 3591 2333 3646; x_wconf 71' lang='lat' dir='ltr'><strong>quae</strong></span> <span class='ocrx_word' id='word_1_419' title='bbox 2365 3575 2510 3629; x_wconf 90' lang='lat' dir='ltr'><strong>satis</strong></span> <span class='ocrx_word' id='word_1_420' title='bbox 2540 3575 2893 3631; x_wconf 89' lang='lat' dir='ltr'><strong>conveniunt</strong></span> <span class='ocrx_word' id='word_1_421' title='bbox 2911 3580 3022 3630; x_wconf 77' lang='lat' dir='ltr'><strong>tuae</strong></span> <span class='ocrx_word' id='word_1_422' title='bbox 3045 3575 3338 3647; x_wconf 86' lang='lat' dir='ltr'><strong>dignitati.</strong></span> <span class='ocrx_word' id='word_1_423' title='bbox 3374 3575 3666 3629; x_wconf 89' lang='lat' dir='ltr'><strong>Postremo</strong></span> 
     </span>
    </p>
   </div>
   <div class='ocr_carea' id='block_1_41' title="bbox 267 3660 3671 3735">
    <p class='ocr_par' dir='ltr' id='par_1_41' title="bbox 267 3660 3671 3735">
     <span class='ocr_line' id='line_1_44' title="bbox 267 3660 3671 3735; baseline -0.001 -15"><span class='ocrx_word' id='word_1_424' title='bbox 267 3665 524 3720; x_wconf 82' lang='lat' dir='ltr'><strong>derabile</strong></span> <span class='ocrx_word' id='word_1_425' title='bbox 545 3664 776 3718; x_wconf 88' lang='lat' dir='ltr'><strong>culmen</strong></span> <span class='ocrx_word' id='word_1_426' title='bbox 801 3660 1686 3732; x_wconf 82' lang='lat' dir='ltr'><strong>festinarezetsicutstellio,qui</strong></span> <span class='ocrx_word' id='word_1_427' title='bbox 1710 3660 1917 3716; x_wconf 89' lang='lat' dir='ltr'><strong>nititur</strong></span> <span class='ocrx_word' id='word_1_428' title='bbox 2024 3662 2222 3718; x_wconf 88' lang='lat' dir='ltr'><strong>Gratia</strong></span> <span class='ocrx_word' id='word_1_429' title='bbox 2279 3662 2405 3718; x_wconf 93' lang='lat' dir='ltr'><strong>miti</strong></span> <span class='ocrx_word' id='word_1_430' title='bbox 2439 3664 2614 3718; x_wconf 64' lang='lat' dir='ltr'><strong>aifatu</strong></span> <span class='ocrx_word' id='word_1_431' title='bbox 2648 3664 2994 3735; x_wconf 82' lang='lat' dir='ltr'><strong>temperabit</strong></span> <span class='ocrx_word' id='word_1_432' title='bbox 3047 3664 3118 3718; x_wconf 86' lang='lat' dir='ltr'><strong>ad</strong></span> <span class='ocrx_word' id='word_1_433' title='bbox 3152 3664 3307 3735; x_wconf 90' lang='lat' dir='ltr'><strong>quod</strong></span> <span class='ocrx_word' id='word_1_434' title='bbox 3341 3669 3399 3719; x_wconf 89' lang='lat' dir='ltr'><strong>te</strong></span> <span class='ocrx_word' id='word_1_435' title='bbox 3458 3664 3567 3718; x_wconf 84' lang='lat' dir='ltr'><strong>Lex</strong></span> <span class='ocrx_word' id='word_1_436' title='bbox 3608 3679 3671 3718; x_wconf 81' lang='lat' dir='ltr'><strong>ex</strong></span> 
     </span>
    </p>
   </div>
   <div class='ocr_carea' id='block_1_42' title="bbox 223 3749 3667 3826">
    <p class='ocr_par' dir='ltr' id='par_1_42' title="bbox 223 3749 3667 3826">
     <span class='ocr_line' id='line_1_45' title="bbox 223 3749 3667 3826; baseline -0.001 -18"><span class='ocrx_word' id='word_1_437' title='bbox 223 3822 226 3826; x_wconf 26' lang='grc' dir='ltr'>ι</span> <span class='ocrx_word' id='word_1_438' title='bbox 261 3753 477 3808; x_wconf 88' lang='lat' dir='ltr'><strong>morari</strong></span> <span class='ocrx_word' id='word_1_439' title='bbox 518 3752 576 3806; x_wconf 91' lang='lat' dir='ltr'><strong>in</strong></span> <span class='ocrx_word' id='word_1_440' title='bbox 618 3751 842 3808; x_wconf 69' lang='lat' dir='ltr'><strong>aedibus</strong></span> <span class='ocrx_word' id='word_1_441' title='bbox 873 3751 1028 3823; x_wconf 91' lang='lat' dir='ltr'><strong>regis</strong></span> <span class='ocrx_word' id='word_1_442' title='bbox 1049 3751 1164 3822; x_wconf 64' lang='lat'><strong>(’1);</strong></span> <span class='ocrx_word' id='word_1_443' title='bbox 1201 3750 1283 3805; x_wconf 92' lang='lat' dir='ltr'><strong>sic</strong></span> <span class='ocrx_word' id='word_1_444' title='bbox 1314 3765 1440 3821; x_wconf 87' lang='lat' dir='ltr'><strong>ego,</strong></span> <span class='ocrx_word' id='word_1_445' title='bbox 1474 3749 1609 3805; x_wconf 91' lang='lat' dir='ltr'><strong>licet</strong></span> <span class='ocrx_word' id='word_1_446' title='bbox 1640 3750 1915 3805; x_wconf 90' lang='lat' dir='ltr'><strong>omnibus</strong></span> <span class='ocrx_word' id='word_1_447' title='bbox 2016 3752 2150 3824; x_wconf 91' lang='lat' dir='ltr'><strong>jure</strong></span> <span class='ocrx_word' id='word_1_448' title='bbox 2182 3751 2463 3807; x_wconf 88' lang='lat' dir='ltr'><strong>incitavit.</strong></span> <span class='ocrx_word' id='word_1_449' title='bbox 2497 3753 2579 3806; x_wconf 88' lang='lat' dir='ltr'><strong>Ad</strong></span> <span class='ocrx_word' id='word_1_450' title='bbox 2611 3752 2730 3806; x_wconf 83' lang='lat' dir='ltr'><strong>haec</strong></span> <span class='ocrx_word' id='word_1_451' title='bbox 2754 3751 3101 3825; x_wconf 84' lang='lat' dir='ltr'><strong>perlegenda</strong></span> <span class='ocrx_word' id='word_1_452' title='bbox 3123 3753 3200 3806; x_wconf 89' lang='lat' dir='ltr'><strong>sit</strong></span> <span class='ocrx_word' id='word_1_453' title='bbox 3229 3757 3422 3808; x_wconf 89' lang='lat' dir='ltr'><strong>tecum</strong></span> <span class='ocrx_word' id='word_1_454' title='bbox 3455 3751 3597 3824; x_wconf 87' lang='lat' dir='ltr'><strong>legis</strong></span> <span class='ocrx_word' id='word_1_455' title='bbox 3617 3757 3667 3805; x_wconf 88' lang='lat' dir='ltr'><strong>et</strong></span> 
     </span>
    </p>
   </div>
   <div class='ocr_carea' id='block_1_43' title="bbox 263 3838 3666 3912">
    <p class='ocr_par' dir='ltr' id='par_1_43' title="bbox 263 3838 3666 3912">
     <span class='ocr_line' id='line_1_46' title="bbox 263 3838 3666 3912; baseline -0.002 -14"><span class='ocrx_word' id='word_1_456' title='bbox 263 3841 453 3898; x_wconf 90' lang='lat' dir='ltr'><strong>modis</strong></span> <span class='ocrx_word' id='word_1_457' title='bbox 483 3843 788 3907; x_wconf 88' lang='lat' dir='ltr'><strong>obscurus,</strong></span> <span class='ocrx_word' id='word_1_458' title='bbox 822 3839 1104 3895; x_wconf 86' lang='lat' dir='ltr'><strong>claritatis</strong></span> <span class='ocrx_word' id='word_1_459' title='bbox 1126 3839 1678 3910; x_wconf 75' lang='lat' dir='ltr'><strong>tuaegaudiatamen</strong></span> <span class='ocrx_word' id='word_1_460' title='bbox 1701 3838 1758 3893; x_wconf 90' lang='lat' dir='ltr'><strong>in</strong></span> <span class='ocrx_word' id='word_1_461' title='bbox 1783 3839 1917 3894; x_wconf 84' lang='lat' dir='ltr'><strong>scri-</strong></span> <span class='ocrx_word' id='word_1_462' title='bbox 2023 3840 2223 3912; x_wconf 69' lang='lat' dir='ltr'><strong>gratiae</strong></span> <span class='ocrx_word' id='word_1_463' title='bbox 2267 3841 2554 3896; x_wconf 85' lang='lat' dir='ltr'><strong>mediator</strong></span> <span class='ocrx_word' id='word_1_464' title='bbox 2607 3842 2777 3896; x_wconf 87' lang='lat' dir='ltr'><strong>Jesus</strong></span> <span class='ocrx_word' id='word_1_465' title='bbox 2834 3841 3102 3896; x_wconf 88' lang='lat' dir='ltr'><strong>Christus</strong></span> <span class='ocrx_word' id='word_1_466' title='bbox 3160 3839 3441 3907; x_wconf 78' lang='lat' dir='ltr'><strong>Salvator,</strong></span> <span class='ocrx_word' id='word_1_467' title='bbox 3504 3841 3666 3910; x_wconf 85' lang='lat' dir='ltr'><strong>cujus</strong></span> 
     </span>
    </p>
   </div>
   <div class='ocr_carea' id='block_1_44' title="bbox 259 3927 3662 4004">
    <p class='ocr_par' dir='ltr' id='par_1_44' title="bbox 259 3927 3662 4004">
     <span class='ocr_line' id='line_1_47' title="bbox 259 3927 3662 4004; baseline -0.001 -19"><span class='ocrx_word' id='word_1_468' title='bbox 259 3931 375 4004; x_wconf 89' lang='lat' dir='ltr'><strong>ptis</strong></span> <span class='ocrx_word' id='word_1_469' title='bbox 400 3929 545 3985; x_wconf 89' lang='lat' dir='ltr'><strong>meis</strong></span> <span class='ocrx_word' id='word_1_470' title='bbox 568 3929 832 3985; x_wconf 88' lang='lat' dir='ltr'><strong>desidero</strong></span> <span class='ocrx_word' id='word_1_471' title='bbox 863 3928 1252 4000; x_wconf 81' lang='lat' dir='ltr'><strong>frequentare.</strong></span> <span class='ocrx_word' id='word_1_472' title='bbox 1273 3927 1342 3982; x_wconf 88' lang='lat' dir='ltr'><strong>Et</strong></span> <span class='ocrx_word' id='word_1_473' title='bbox 1358 3927 1916 3999; x_wconf 89' lang='lat' dir='ltr'><strong>queniam,testante</strong></span> <span class='ocrx_word' id='word_1_474' title='bbox 2026 3944 2272 4001; x_wconf 88' lang='lat' dir='ltr'><strong>regnum</strong></span> <span class='ocrx_word' id='word_1_475' title='bbox 2295 3935 2351 3984; x_wconf 91' lang='lat' dir='ltr'><strong>et</strong></span> <span class='ocrx_word' id='word_1_476' title='bbox 2371 3930 2685 4004; x_wconf 90' lang='lat' dir='ltr'><strong>imperium</strong></span> <span class='ocrx_word' id='word_1_477' title='bbox 2711 3946 2825 3984; x_wconf 91' lang='lat' dir='ltr'><strong>non</strong></span> <span class='ocrx_word' id='word_1_478' title='bbox 2851 3930 3081 3985; x_wconf 79' lang='lat' dir='ltr'><strong>deficiet</strong></span> <span class='ocrx_word' id='word_1_479' title='bbox 3102 3931 3159 3983; x_wconf 92' lang='lat' dir='ltr'><strong>in</strong></span> <span class='ocrx_word' id='word_1_480' title='bbox 3186 3933 3489 3983; x_wconf 72' lang='lat' dir='ltr'><strong>azternum.</strong></span> <span class='ocrx_word' id='word_1_481' title='bbox 3514 3927 3662 3993; x_wconf 86' lang='lat' dir='ltr'><strong>Vale,</strong></span> 
     </span>
    </p>
   </div>
   <div class='ocr_carea' id='block_1_45' title="bbox 260 4016 2824 4090">
    <p class='ocr_par' dir='ltr' id='par_1_45' title="bbox 260 4016 2824 4090">
     <span class='ocr_line' id='line_1_48' title="bbox 260 4016 2824 4090; baseline -0.001 -15"><span class='ocrx_word' id='word_1_482' title='bbox 260 4017 883 4090; x_wconf 82' lang='lat' dir='ltr'><strong>Salomone(5),gloria</strong></span> <span class='ocrx_word' id='word_1_483' title='bbox 904 4023 992 4073; x_wconf 89' lang='lat' dir='ltr'><strong>est</strong></span> <span class='ocrx_word' id='word_1_484' title='bbox 1012 4017 1165 4089; x_wconf 88' lang='lat' dir='ltr'><strong>regis</strong></span> <span class='ocrx_word' id='word_1_485' title='bbox 1189 4016 1538 4089; x_wconf 88' lang='lat' dir='ltr'><strong>investigare</strong></span> <span class='ocrx_word' id='word_1_486' title='bbox 1560 4033 1914 4088; x_wconf 89' lang='lat' dir='ltr'><strong>sermonem,</strong></span> <span class='ocrx_word' id='word_1_487' title='bbox 2025 4017 2268 4074; x_wconf 89' lang='lat' dir='ltr'><strong>Domine</strong></span> <span class='ocrx_word' id='word_1_488' title='bbox 2299 4019 2376 4072; x_wconf 92' lang='lat' dir='ltr'><strong>mi</strong></span> <span class='ocrx_word' id='word_1_489' title='bbox 2412 4035 2509 4074; x_wconf 83' lang='lat' dir='ltr'><strong>rex</strong></span> <span class='ocrx_word' id='word_1_490' title='bbox 2540 4017 2824 4090; x_wconf 88' lang='lat' dir='ltr'><strong>piissime.</strong></span> 
     </span>
    </p>
   </div>
   <div class='ocr_carea' id='block_1_46' title="bbox 261 4104 3132 4179">
    <p class='ocr_par' dir='ltr' id='par_1_46' title="bbox 261 4104 3132 4179">
     <span class='ocr_line' id='line_1_49' title="bbox 261 4104 3132 4179; baseline -0.001 -16"><span class='ocrx_word' id='word_1_491' title='bbox 261 4108 366 4165; x_wconf 84' lang='lat' dir='ltr'><strong>feci</strong></span> <span class='ocrx_word' id='word_1_492' title='bbox 392 4107 516 4176; x_wconf 88' lang='lat' dir='ltr'><strong>tibi,</strong></span> <span class='ocrx_word' id='word_1_493' title='bbox 551 4107 784 4162; x_wconf 90' lang='lat' dir='ltr'><strong>domine</strong></span> <span class='ocrx_word' id='word_1_494' title='bbox 817 4106 898 4160; x_wconf 91' lang='lat' dir='ltr'><strong>mi</strong></span> <span class='ocrx_word' id='word_1_495' title='bbox 931 4122 1048 4174; x_wconf 82' lang='lat' dir='ltr'><strong>rex,</strong></span> <span class='ocrx_word' id='word_1_496' title='bbox 1076 4105 1232 4160; x_wconf 90' lang='lat' dir='ltr'><strong>hunc</strong></span> <span class='ocrx_word' id='word_1_497' title='bbox 1263 4105 1494 4160; x_wconf 89' lang='lat' dir='ltr'><strong>brevem</strong></span> <span class='ocrx_word' id='word_1_498' title='bbox 1517 4104 1912 4177; x_wconf 88' lang='lat' dir='ltr'><strong>Tetralogum,</strong></span> <span class='ocrx_word' id='word_1_499' title='bbox 2551 4107 2800 4178; x_wconf 66' lang='lat' dir='ltr'><strong>Explicit</strong></span> <span class='ocrx_word' id='word_1_500' title='bbox 2826 4105 3132 4179; x_wconf 71' lang='lat' dir='ltr'><strong>protegas.</strong></span> 
     </span>
    </p>
   </div>
   <div class='ocr_carea' id='block_1_47' title="bbox 261 4192 1914 4269">
    <p class='ocr_par' dir='ltr' id='par_1_47' title="bbox 261 4192 1914 4269">
     <span class='ocr_line' id='line_1_50' title="bbox 261 4192 1914 4269; baseline -0.003 -16"><span class='ocrx_word' id='word_1_501' title='bbox 261 4214 376 4269; x_wconf 92' lang='lat' dir='ltr'><strong>quo</strong></span> <span class='ocrx_word' id='word_1_502' title='bbox 398 4201 456 4253; x_wconf 87' lang='lat' dir='ltr'><strong>et</strong></span> <span class='ocrx_word' id='word_1_503' title='bbox 477 4195 962 4252; x_wconf 88' lang='lat' dir='ltr'><strong>curasinsomues</strong></span> <span class='ocrx_word' id='word_1_504' title='bbox 979 4193 1310 4266; x_wconf 65' lang='lat' dir='ltr'><strong>reipublicae</strong></span> <span class='ocrx_word' id='word_1_505' title='bbox 1331 4192 1628 4248; x_wconf 90' lang='lat' dir='ltr'><strong>interdum</strong></span> <span class='ocrx_word' id='word_1_506' title='bbox 1644 4192 1914 4266; x_wconf 90' lang='lat' dir='ltr'><strong>levigare,</strong></span> 
     </span>
    </p>
   </div>
   <div class='ocr_carea' id='block_1_48' title="bbox 1816 4348 2121 4420">
    <p class='ocr_par' dir='ltr' id='par_1_48' title="bbox 1816 4348 2121 4420">
     <span class='ocr_line' id='line_1_51' title="bbox 1816 4348 2121 4420; baseline -0.003 -2"><span class='ocrx_word' id='word_1_507' title='bbox 1816 4348 2121 4420; x_wconf 86' lang='lat' dir='ltr'><strong>POETA.</strong></span> 
     </span>
    </p>
   </div>
   <div class='ocr_carea' id='block_1_49' title="bbox 331 4485 3407 4569">
    <p class='ocr_par' dir='ltr' id='par_1_49' title="bbox 331 4485 3407 4569">
     <span class='ocr_line' id='line_1_52' title="bbox 331 4485 3407 4569; baseline -0.001 -12"><span class='ocrx_word' id='word_1_508' title='bbox 331 4499 519 4556; x_wconf 68' lang='lat' dir='ltr'><strong>Doctae</strong></span> <span class='ocrx_word' id='word_1_509' title='bbox 543 4498 798 4554; x_wconf 88' lang='lat' dir='ltr'><strong>Pierides</strong></span> <span class='ocrx_word' id='word_1_510' title='bbox 834 4485 1244 4552; x_wconf 82' lang='lat' dir='ltr'><strong>memorandas</strong></span> <span class='ocrx_word' id='word_1_511' title='bbox 1275 4495 1428 4552; x_wconf 89' lang='lat' dir='ltr'><strong>edite</strong></span> <span class='ocrx_word' id='word_1_512' title='bbox 1457 4493 1682 4566; x_wconf 88' lang='lat' dir='ltr'><strong>laudes,</strong></span> <span class='ocrx_word' id='word_1_513' title='bbox 1940 4500 1987 4565; x_wconf 89' lang='lat' dir='ltr'><strong>B</strong></span> <span class='ocrx_word' id='word_1_514' title='bbox 2021 4500 2165 4552; x_wconf 89' lang='lat' dir='ltr'><strong>Dum</strong></span> <span class='ocrx_word' id='word_1_515' title='bbox 2197 4496 2456 4550; x_wconf 90' lang='lat' dir='ltr'><strong>mundus</strong></span> <span class='ocrx_word' id='word_1_516' title='bbox 2488 4499 2702 4568; x_wconf 91' lang='lat' dir='ltr'><strong>pereat,</strong></span> <span class='ocrx_word' id='word_1_517' title='bbox 2737 4496 2889 4569; x_wconf 89' lang='lat' dir='ltr'><strong>regis</strong></span> <span class='ocrx_word' id='word_1_518' title='bbox 2919 4495 3205 4568; x_wconf 90' lang='lat' dir='ltr'><strong>sapientia</strong></span> <span class='ocrx_word' id='word_1_519' title='bbox 3234 4497 3407 4553; x_wconf 87' lang='lat' dir='ltr'><strong>vivat.</strong></span> 
     </span>
    </p>
   </div>
   <div class='ocr_carea' id='block_1_50' title="bbox 262 4583 3451 4660">
    <p class='ocr_par' dir='ltr' id='par_1_50' title="bbox 262 4583 3451 4660">
     <span class='ocr_line' id='line_1_53' title="bbox 262 4583 3451 4660; baseline -0.002 -14"><span class='ocrx_word' id='word_1_520' title='bbox 262 4588 444 4647; x_wconf 87' lang='lat' dir='ltr'><strong>Dicite</strong></span> <span class='ocrx_word' id='word_1_521' title='bbox 473 4590 786 4660; x_wconf 85' lang='lat' dir='ltr'><strong>perpetuas</strong></span> <span class='ocrx_word' id='word_1_522' title='bbox 819 4585 1082 4640; x_wconf 77' lang='lat' dir='ltr'><strong>lleinrico</strong></span> <span class='ocrx_word' id='word_1_523' title='bbox 1114 4586 1394 4657; x_wconf 90' lang='lat' dir='ltr'><strong>deprecor</strong></span> <span class='ocrx_word' id='word_1_524' title='bbox 1421 4584 1584 4639; x_wconf 91' lang='lat' dir='ltr'><strong>edas.</strong></span> <span class='ocrx_word' id='word_1_525' title='bbox 2027 4586 2085 4641; x_wconf 90' lang='lat' dir='ltr'><strong>Si</strong></span> <span class='ocrx_word' id='word_1_526' title='bbox 2118 4603 2262 4658; x_wconf 91' lang='lat' dir='ltr'><strong>puer</strong></span> <span class='ocrx_word' id='word_1_527' title='bbox 2282 4589 2338 4640; x_wconf 92' lang='lat' dir='ltr'><strong>et</strong></span> <span class='ocrx_word' id='word_1_528' title='bbox 2360 4583 2595 4657; x_wconf 88' lang='lat' dir='ltr'><strong>juvenis</strong></span> <span class='ocrx_word' id='word_1_529' title='bbox 2624 4584 2707 4640; x_wconf 89' lang='lat' dir='ltr'><strong>sic</strong></span> <span class='ocrx_word' id='word_1_530' title='bbox 2742 4584 2938 4640; x_wconf 80' lang='lat' dir='ltr'><strong>floruit</strong></span> <span class='ocrx_word' id='word_1_531' title='bbox 2966 4585 3241 4641; x_wconf 89' lang='lat' dir='ltr'><strong>omnibus</strong></span> <span class='ocrx_word' id='word_1_532' title='bbox 3280 4586 3451 4655; x_wconf 84' lang='lat' dir='ltr'><strong>actis,</strong></span> 
     </span>
    </p>
   </div>
   <div class='ocr_carea' id='block_1_51' title="bbox 263 4672 3583 4752">
    <p class='ocr_par' dir='ltr' id='par_1_51' title="bbox 263 4672 3583 4752">
     <span class='ocr_line' id='line_1_54' title="bbox 263 4672 3583 4752; baseline -0.002 -17"><span class='ocrx_word' id='word_1_533' title='bbox 263 4678 438 4752; x_wconf 85' lang='lat' dir='ltr'><strong>Regis</strong></span> <span class='ocrx_word' id='word_1_534' title='bbox 469 4683 527 4734; x_wconf 89' lang='lat' dir='ltr'><strong>et</strong></span> <span class='ocrx_word' id='word_1_535' title='bbox 557 4678 912 4732; x_wconf 86' lang='lat' dir='ltr'><strong>immensum</strong></span> <span class='ocrx_word' id='word_1_536' title='bbox 945 4674 1289 4729; x_wconf 88' lang='lat' dir='ltr'><strong>diuturnent</strong></span> <span class='ocrx_word' id='word_1_537' title='bbox 1328 4673 1592 4729; x_wconf 87' lang='lat' dir='ltr'><strong>carmina</strong></span> <span class='ocrx_word' id='word_1_538' title='bbox 1649 4689 1912 4729; x_wconf 86' lang='lat' dir='ltr'><strong>sensum.</strong></span> <span class='ocrx_word' id='word_1_539' title='bbox 2025 4676 2178 4740; x_wconf 87' lang='lat' dir='ltr'><strong>Quos</strong></span> <span class='ocrx_word' id='word_1_540' title='bbox 2213 4673 2376 4728; x_wconf 85' lang='lat' dir='ltr'><strong>dabit</strong></span> <span class='ocrx_word' id='word_1_541' title='bbox 2396 4672 2492 4728; x_wconf 89' lang='lat' dir='ltr'><strong>hic</strong></span> <span class='ocrx_word' id='word_1_542' title='bbox 2524 4673 2749 4729; x_wconf 83' lang='lat' dir='ltr'><strong>fructus</strong></span> <span class='ocrx_word' id='word_1_543' title='bbox 2781 4677 3010 4730; x_wconf 90' lang='lat' dir='ltr'><strong>maturo</strong></span> <span class='ocrx_word' id='word_1_544' title='bbox 3039 4678 3300 4745; x_wconf 74' lang='lat' dir='ltr'><strong>tempore</strong></span> <span class='ocrx_word' id='word_1_545' title='bbox 3327 4673 3583 4730; x_wconf 81' lang='lat' dir='ltr'><strong>ductus?</strong></span> 
     </span>
    </p>
   </div>
   <div class='ocr_carea' id='block_1_52' title="bbox 262 4761 3590 4839">
    <p class='ocr_par' dir='ltr' id='par_1_52' title="bbox 262 4761 3590 4839">
     <span class='ocr_line' id='line_1_55' title="bbox 262 4761 3590 4839; baseline -0.001 -16"><span class='ocrx_word' id='word_1_546' title='bbox 262 4767 449 4839; x_wconf 86' lang='lat' dir='ltr'><strong>Hujus</strong></span> <span class='ocrx_word' id='word_1_547' title='bbox 477 4783 569 4824; x_wconf 87' lang='lat' dir='ltr'><strong>res</strong></span> <span class='ocrx_word' id='word_1_548' title='bbox 603 4765 766 4822; x_wconf 73' lang='lat' dir='ltr'><strong>laetas</strong></span> <span class='ocrx_word' id='word_1_549' title='bbox 798 4763 1112 4819; x_wconf 87' lang='lat' dir='ltr'><strong>millesima</strong></span> <span class='ocrx_word' id='word_1_550' title='bbox 1145 4762 1397 4834; x_wconf 84' lang='lat' dir='ltr'><strong>proferat</strong></span> <span class='ocrx_word' id='word_1_551' title='bbox 1429 4766 1568 4817; x_wconf 82' lang='lat' dir='ltr'><strong>actas</strong></span> <span class='ocrx_word' id='word_1_552' title='bbox 1604 4780 1616 4816; x_wconf 92' lang='lat'><strong>:</strong></span> <span class='ocrx_word' id='word_1_553' title='bbox 2024 4763 2264 4835; x_wconf 90' lang='lat' dir='ltr'><strong>Pangite</strong></span> <span class='ocrx_word' id='word_1_554' title='bbox 2293 4780 2307 4828; x_wconf 86' lang='lat'><strong>;</strong></span> <span class='ocrx_word' id='word_1_555' title='bbox 2341 4761 2642 4818; x_wconf 86' lang='lat' dir='ltr'><strong>materiam</strong></span> <span class='ocrx_word' id='word_1_556' title='bbox 2675 4779 2773 4816; x_wconf 81' lang='lat' dir='ltr'><strong>rex</strong></span> <span class='ocrx_word' id='word_1_557' title='bbox 2797 4767 3033 4834; x_wconf 67' lang='lat' dir='ltr'><strong>praestat</strong></span> <span class='ocrx_word' id='word_1_558' title='bbox 3050 4761 3325 4819; x_wconf 88' lang='lat' dir='ltr'><strong>laudibus</strong></span> <span class='ocrx_word' id='word_1_559' title='bbox 3348 4767 3545 4834; x_wconf 83' lang='lat' dir='ltr'><strong>aptam</strong></span> <span class='ocrx_word' id='word_1_560' title='bbox 3579 4780 3590 4820; x_wconf 84' lang='lat'>:</span> 
     </span>
    </p>
   </div>
   <div class='ocr_carea' id='block_1_53' title="bbox 262 4851 3447 4929">
    <p class='ocr_par' dir='ltr' id='par_1_53' title="bbox 262 4851 3447 4929">
     <span class='ocr_line' id='line_1_56' title="bbox 262 4851 3447 4929; baseline -0.001 -19"><span class='ocrx_word' id='word_1_561' title='bbox 262 4855 379 4911; x_wconf 86' lang='lat' dir='ltr'><strong>Hoc</strong></span> <span class='ocrx_word' id='word_1_562' title='bbox 409 4857 589 4914; x_wconf 89' lang='lat' dir='ltr'><strong>decus</strong></span> <span class='ocrx_word' id='word_1_563' title='bbox 613 4853 833 4929; x_wconf 83' lang='lat' dir='ltr'><strong>ingenii</strong></span> <span class='ocrx_word' id='word_1_564' title='bbox 863 4856 1102 4927; x_wconf 91' lang='lat' dir='ltr'><strong>superet</strong></span> <span class='ocrx_word' id='word_1_565' title='bbox 1131 4851 1246 4907; x_wconf 91' lang='lat' dir='ltr'><strong>duo</strong></span> <span class='ocrx_word' id='word_1_566' title='bbox 1277 4855 1542 4924; x_wconf 87' lang='lat' dir='ltr'><strong>tempora</strong></span> <span class='ocrx_word' id='word_1_567' title='bbox 1573 4852 1780 4907; x_wconf 90' lang='lat' dir='ltr'><strong>mundi</strong></span> <span class='ocrx_word' id='word_1_568' title='bbox 1818 4869 1829 4908; x_wconf 94' lang='lat'>:</span> <span class='ocrx_word' id='word_1_569' title='bbox 2023 4851 2138 4906; x_wconf 89' lang='lat' dir='ltr'><strong>Vos</strong></span> <span class='ocrx_word' id='word_1_570' title='bbox 2169 4851 2384 4906; x_wconf 89' lang='lat' dir='ltr'><strong>dictate</strong></span> <span class='ocrx_word' id='word_1_571' title='bbox 2413 4851 2582 4921; x_wconf 88' lang='lat' dir='ltr'><strong>mihi,</strong></span> <span class='ocrx_word' id='word_1_572' title='bbox 2614 4851 2899 4906; x_wconf 85' lang='lat' dir='ltr'><strong>dictatum</strong></span> <span class='ocrx_word' id='word_1_573' title='bbox 2931 4851 3220 4924; x_wconf 89' lang='lat' dir='ltr'><strong>scripsere</strong></span> <span class='ocrx_word' id='word_1_574' title='bbox 3249 4851 3447 4908; x_wconf 86' lang='lat' dir='ltr'><strong>vestri.</strong></span> 
     </span>
    </p>
   </div>
   <div class='ocr_carea' id='block_1_54' title="bbox 336 5153 3654 5230">
    <p class='ocr_par' dir='ltr' id='par_1_54' title="bbox 336 5153 3654 5230">
     <span class='ocr_line' id='line_1_57' title="bbox 336 5153 3654 5230; baseline -0.001 -19"><span class='ocrx_word' id='word_1_575' title='bbox 336 5154 626 5228; x_wconf 90' lang='lat' dir='ltr'><strong>Principio</strong></span> <span class='ocrx_word' id='word_1_576' title='bbox 659 5156 798 5230; x_wconf 82' lang='lat' dir='ltr'><strong>Regi</strong></span> <span class='ocrx_word' id='word_1_577' title='bbox 831 5155 1234 5212; x_wconf 90' lang='lat' dir='ltr'><strong>benedicimus</strong></span> <span class='ocrx_word' id='word_1_578' title='bbox 1265 5153 1671 5225; x_wconf 89' lang='lat' dir='ltr'><strong>omnipotenti,</strong></span> <span class='ocrx_word' id='word_1_579' title='bbox 2024 5155 2189 5210; x_wconf 88' lang='lat' dir='ltr'><strong>Hunc</strong></span> <span class='ocrx_word' id='word_1_580' title='bbox 2223 5154 2314 5227; x_wconf 90' lang='lat' dir='ltr'><strong>pie</strong></span> <span class='ocrx_word' id='word_1_581' title='bbox 2345 5153 2820 5220; x_wconf 90' lang='lat' dir='ltr'><strong>laudemus,nam</strong></span> <span class='ocrx_word' id='word_1_582' title='bbox 2843 5170 3140 5211; x_wconf 85' lang='lat' dir='ltr'><strong>summam</strong></span> <span class='ocrx_word' id='word_1_583' title='bbox 3163 5153 3356 5211; x_wconf 86' lang='lat' dir='ltr'><strong>laudis</strong></span> <span class='ocrx_word' id='word_1_584' title='bbox 3379 5154 3654 5211; x_wconf 85' lang='lat' dir='ltr'><strong>habemus</strong></span> 
     </span>
    </p>
   </div>
   <div class='ocr_carea' id='block_1_55' title="bbox 265 5242 3537 5317">
    <p class='ocr_par' dir='ltr' id='par_1_55' title="bbox 265 5242 3537 5317">
     <span class='ocr_line' id='line_1_58' title="bbox 265 5242 3537 5317; baseline -0 -17"><span class='ocrx_word' id='word_1_585' title='bbox 265 5244 370 5310; x_wconf 88' lang='lat' dir='ltr'><strong>Qui</strong></span> <span class='ocrx_word' id='word_1_586' title='bbox 404 5250 578 5316; x_wconf 91' lang='lat' dir='ltr'><strong>caput</strong></span> <span class='ocrx_word' id='word_1_587' title='bbox 607 5251 697 5301; x_wconf 89' lang='lat' dir='ltr'><strong>est</strong></span> <span class='ocrx_word' id='word_1_588' title='bbox 727 5261 952 5317; x_wconf 89' lang='lat' dir='ltr'><strong>regum,</strong></span> <span class='ocrx_word' id='word_1_589' title='bbox 1014 5261 1130 5317; x_wconf 86' lang='lat' dir='ltr'><strong>quo</strong></span> <span class='ocrx_word' id='word_1_590' title='bbox 1179 5242 1363 5317; x_wconf 88' lang='lat' dir='ltr'><strong>gloria</strong></span> <span class='ocrx_word' id='word_1_591' title='bbox 1406 5243 1614 5300; x_wconf 89' lang='lat' dir='ltr'><strong>crescit</strong></span> <span class='ocrx_word' id='word_1_592' title='bbox 1657 5259 1858 5299; x_wconf 87' lang='lat' dir='ltr'><strong>eorum</strong></span> <span class='ocrx_word' id='word_1_593' title='bbox 1895 5263 1907 5300; x_wconf 88' lang='lat'>:</span> <span class='ocrx_word' id='word_1_594' title='bbox 2023 5245 2140 5301; x_wconf 88' lang='lat' dir='ltr'><strong>Hoc</strong></span> <span class='ocrx_word' id='word_1_595' title='bbox 2171 5243 2388 5299; x_wconf 89' lang='lat' dir='ltr'><strong>habeat</strong></span> <span class='ocrx_word' id='word_1_596' title='bbox 2414 5259 2652 5311; x_wconf 89' lang='lat' dir='ltr'><strong>munus,</strong></span> <span class='ocrx_word' id='word_1_597' title='bbox 2686 5243 2785 5314; x_wconf 92' lang='lat' dir='ltr'><strong>qui</strong></span> <span class='ocrx_word' id='word_1_598' title='bbox 2819 5248 3026 5316; x_wconf 88' lang='lat' dir='ltr'><strong>regnat</strong></span> <span class='ocrx_word' id='word_1_599' title='bbox 3053 5243 3244 5299; x_wconf 89' lang='lat' dir='ltr'><strong>trinus</strong></span> <span class='ocrx_word' id='word_1_600' title='bbox 3275 5249 3333 5301; x_wconf 89' lang='lat' dir='ltr'><strong>et</strong></span> <span class='ocrx_word' id='word_1_601' title='bbox 3363 5260 3537 5300; x_wconf 87' lang='lat' dir='ltr'><strong>unus.</strong></span> 
     </span>
    </p>
   </div>
   <div class='ocr_carea' id='block_1_56' title="bbox 265 5331 3365 5406">
    <p class='ocr_par' dir='ltr' id='par_1_56' title="bbox 265 5331 3365 5406">
     <span class='ocr_line' id='line_1_59' title="bbox 265 5331 3365 5406; baseline -0 -16"><span class='ocrx_word' id='word_1_602' title='bbox 265 5335 371 5400; x_wconf 89' lang='lat' dir='ltr'><strong>Qui</strong></span> <span class='ocrx_word' id='word_1_603' title='bbox 405 5334 576 5390; x_wconf 88' lang='lat' dir='ltr'><strong>Pater</strong></span> <span class='ocrx_word' id='word_1_604' title='bbox 607 5333 664 5387; x_wconf 93' lang='lat' dir='ltr'><strong>in</strong></span> <span class='ocrx_word' id='word_1_605' title='bbox 698 5333 841 5388; x_wconf 86' lang='lat' dir='ltr'><strong>Nato</strong></span> <span class='ocrx_word' id='word_1_606' title='bbox 872 5334 1089 5405; x_wconf 87' lang='lat' dir='ltr'><strong>pariter</strong></span> <span class='ocrx_word' id='word_1_607' title='bbox 1117 5351 1251 5389; x_wconf 91' lang='lat' dir='ltr'><strong>cum</strong></span> <span class='ocrx_word' id='word_1_608' title='bbox 1285 5331 1601 5388; x_wconf 88' lang='lat' dir='ltr'><strong>Pneumate</strong></span> <span class='ocrx_word' id='word_1_609' title='bbox 1641 5337 1842 5388; x_wconf 89' lang='lat' dir='ltr'><strong>sancto</strong></span> <span class='ocrx_word' id='word_1_610' title='bbox 2026 5336 2100 5390; x_wconf 90' lang='lat' dir='ltr'><strong>At</strong></span> <span class='ocrx_word' id='word_1_611' title='bbox 2135 5351 2233 5389; x_wconf 83' lang='lat' dir='ltr'><strong>rex</strong></span> <span class='ocrx_word' id='word_1_612' title='bbox 2264 5337 2462 5389; x_wconf 88' lang='lat' dir='ltr'><strong>noster</strong></span> <span class='ocrx_word' id='word_1_613' title='bbox 2490 5333 2665 5388; x_wconf 88' lang='lat' dir='ltr'><strong>homo</strong></span> <span class='ocrx_word' id='word_1_614' title='bbox 2693 5332 2915 5388; x_wconf 88' lang='lat' dir='ltr'><strong>ditatus</strong></span> <span class='ocrx_word' id='word_1_615' title='bbox 2946 5338 3182 5406; x_wconf 88' lang='lat' dir='ltr'><strong>perpete</strong></span> <span class='ocrx_word' id='word_1_616' title='bbox 3211 5334 3365 5389; x_wconf 91' lang='lat' dir='ltr'><strong>dono</strong></span> 
     </span>
    </p>
   </div>
   <div class='ocr_carea' id='block_1_57' title="bbox 265 5420 3426 5498">
    <p class='ocr_par' dir='ltr' id='par_1_57' title="bbox 265 5420 3426 5498">
     <span class='ocr_line' id='line_1_60' title="bbox 265 5420 3426 5498; baseline -0.001 -16"><span class='ocrx_word' id='word_1_617' title='bbox 265 5425 411 5498; x_wconf 87' lang='lat' dir='ltr'><strong>Lege</strong></span> <span class='ocrx_word' id='word_1_618' title='bbox 442 5424 554 5480; x_wconf 90' lang='lat' dir='ltr'><strong>sub</strong></span> <span class='ocrx_word' id='word_1_619' title='bbox 580 5428 796 5478; x_wconf 68' lang='lat' dir='ltr'><strong>eterna</strong></span> <span class='ocrx_word' id='word_1_620' title='bbox 831 5422 1109 5478; x_wconf 88' lang='lat' dir='ltr'><strong>Dominus</strong></span> <span class='ocrx_word' id='word_1_621' title='bbox 1141 5422 1406 5494; x_wconf 86' lang='lat' dir='ltr'><strong>regnabit</strong></span> <span class='ocrx_word' id='word_1_622' title='bbox 1436 5425 1493 5475; x_wconf 90' lang='lat' dir='ltr'><strong>et</strong></span> <span class='ocrx_word' id='word_1_623' title='bbox 1514 5420 1688 5477; x_wconf 88' lang='lat' dir='ltr'><strong>ultra.</strong></span> <span class='ocrx_word' id='word_1_624' title='bbox 2023 5422 2253 5479; x_wconf 89' lang='lat' dir='ltr'><strong>Tertius</strong></span> <span class='ocrx_word' id='word_1_625' title='bbox 2284 5420 2613 5486; x_wconf 88' lang='lat' dir='ltr'><strong>Heinricus,</strong></span> <span class='ocrx_word' id='word_1_626' title='bbox 2647 5421 2932 5476; x_wconf 89' lang='lat' dir='ltr'><strong>virtutum</strong></span> <span class='ocrx_word' id='word_1_627' title='bbox 2963 5426 3168 5498; x_wconf 86' lang='lat' dir='ltr'><strong>regnat</strong></span> <span class='ocrx_word' id='word_1_628' title='bbox 3198 5421 3426 5479; x_wconf 87' lang='lat' dir='ltr'><strong>amicus</strong></span> 
     </span>
    </p>
   </div>
   <div class='ocr_carea' id='block_1_58' title="bbox 289 5563 2642 5649">
    <p class='ocr_par' dir='ltr' id='par_1_58' title="bbox 289 5563 2642 5649">
     <span class='ocr_line' id='line_1_61' title="bbox 289 5563 2642 5649; baseline -0.002 -24"><span class='ocrx_word' id='word_1_629' title='bbox 289 5583 293 5588; x_wconf 86' lang='lat'>&#39;</span> <span class='ocrx_word' id='word_1_630' title='bbox 338 5571 412 5649; x_wconf 60' lang='grc' dir='ltr'><strong>(ἓ)</strong></span> <span class='ocrx_word' id='word_1_631' title='bbox 445 5567 778 5649; x_wconf 68' lang='lat' dir='ltr'><strong>Legendnm</strong></span> <span class='ocrx_word' id='word_1_632' title='bbox 811 5563 1210 5639; x_wconf 76' lang='lat' dir='ltr'><strong>Tctralogum.</strong></span> <span class='ocrx_word' id='word_1_633' title='bbox 1947 5583 1988 5649; x_wconf 70' lang='grc' dir='ltr'>α</span> <span class='ocrx_word' id='word_1_634' title='bbox 2100 5568 2175 5649; x_wconf 52' lang='grc' dir='ltr'><strong>μέ)</strong></span> <span class='ocrx_word' id='word_1_635' title='bbox 2211 5566 2479 5649; x_wconf 60' lang='grc' dir='ltr'><strong>Ιξνονρῴ.</strong></span> <span class='ocrx_word' id='word_1_636' title='bbox 2513 5582 2642 5620; x_wconf 83' lang='lat' dir='ltr'><strong>xxv.</strong></span> 
     </span>
    </p>
   </div>
   <div class='ocr_carea' id='block_1_59' title="bbox 338 5637 2640 5720">
    <p class='ocr_par' dir='ltr' id='par_1_59' title="bbox 338 5637 2640 5720">
     <span class='ocr_line' id='line_1_62' title="bbox 338 5637 2640 5720; baseline -0 -24"><span class='ocrx_word' id='word_1_637' title='bbox 338 5637 416 5720; x_wconf 83' lang='lat'><strong>(3)</strong></span> <span class='ocrx_word' id='word_1_638' title='bbox 445 5637 600 5700; x_wconf 73' lang='lat' dir='ltr'><strong>Psal.</strong></span> <span class='ocrx_word' id='word_1_639' title='bbox 633 5654 841 5698; x_wconf 78' lang='lat' dir='ltr'><strong>cxxxu.</strong></span> <span class='ocrx_word' id='word_1_640' title='bbox 1061 5637 1066 5639; x_wconf 59' lang='grc'><strong><em>⁷</em></strong></span> <span class='ocrx_word' id='word_1_641' title='bbox 1951 5637 1988 5649; x_wconf 67' lang='grc'><strong>’⁸</strong></span> <span class='ocrx_word' id='word_1_642' title='bbox 2099 5640 2175 5714; x_wconf 74' lang='grc'><strong>(5)</strong></span> <span class='ocrx_word' id='word_1_643' title='bbox 2208 5637 2478 5696; x_wconf 85' lang='lat' dir='ltr'><strong>Preverb.</strong></span> <span class='ocrx_word' id='word_1_644' title='bbox 2511 5652 2640 5695; x_wconf 82' lang='lat' dir='ltr'><strong>xxx.</strong></span> 
     </span>
    </p>
   </div>
  </div>
