4052 6158
253 382 413 442 1253
1343 373 1893 442 PANEGYRIGUS
1941 375 2254 440 HENRICI
2301 378 2383 439 IlI
2427 374 2592 440 IMP.
3527 377 3686 442 1954

249 512 412 570 Alter
441 514 578 584 post
607 509 908 566 Christum
941 509 1089 583 regit
1117 510 1316 565 orbem
1349 510 1576 566 circiter
1610 510 1810 566 istum.
1945 513 2000 579 Α
2028 511 2097 566 Et
2126 510 2195 566 de
2228 509 2596 583 principibus
2627 525 2960 568 sermonem
2992 514 3249 566 creverat
3279 528 3446 568 usus.

255 603 458 674 Ipsum
490 598 827 664 laudemus,
862 614 996 654 nam
1028 615 1234 654 causas
1267 597 1459 655 laudis
1493 598 1799 654 habemus.
2022 600 2337 672 Nunquam
2371 597 2455 653 sic
2485 597 2658 654 libuit
2689 614 3047 672 quemquam
3083 597 3323 656 laudare
3355 606 3653 673 potentem

252 692 321 746 Et
355 689 495 745 Pius
527 687 839 744 Heinricus
865 704 966 758 per
994 704 1101 742 nos
1129 687 1304 743 modo
1336 688 1413 743 sit
1443 687 1803 755 benedictus,
2025 689 2096 743 Ut
2126 687 2435 744 dominum
2470 705 2691 760 regem,
2725 703 2898 760 quem
2933 688 3127 759 prodit
3158 689 3351 745 nobile
3384 708 3599 748 nomen

251 777 536 834 Versibus
568 776 848 848 inprimis
880 777 1125 847 repetito
1157 776 1396 832 nomine
1429 776 1602 849 regis,
2024 775 2298 842 Heinrici,
2332 780 2597 831 veterum
2628 778 2701 832 de
2733 793 2949 848 magno
2981 779 3240 849 germin
3274 779 3539 836 ductum.

251 867 325 923 Ut
357 865 590 940 quoties
623 865 814 920 sancti
849 869 1095 937 surgant
1125 882 1228 937 pro
1258 881 1392 938 rege
1421 866 1629 934 vocati,
2026 867 2141 921 Rex
2171 864 2276 919 tibi
2311 869 2645 932 cantamus,
2679 864 2788 919 tibi
2821 863 3018 922 laudis
3049 867 3203 924 dona
3229 885 3528 941 paramus.

254 957 375 1012 Rex
399 953 575 1010 toties
605 953 839 1009 Christo
870 953 1094 1026 placeat
1122 955 1193 1009 de
1224 955 1459 1010 nomine
1488 955 1683 1011 misto.
2024 952 2251 1026 Accipe,
2281 954 2354 1007 de
2382 952 2605 1009 nostris
2637 958 2707 1008 ut
2732 951 2893 1008 vivas
2924 959 3193 1012 mortuus
3223 957 3387 1014 actis.

254 1046 375 1101 Rex
404 1042 674 1100 Heinrice
706 1043 823 1098 Deo
856 1059 1056 1116 regum
1091 1041 1480 1100 charissimus
1510 1047 1633 1100 esto
2028 1043 2142 1099 Nos
2169 1058 2408 1115 operam
2440 1040 2750 1108 dabimus,
2786 1058 2902 1114 quo
2934 1046 3120 1116 possit
3149 1047 3340 1104 dicere
3371 1050 3649 1118 mundus,

256 1134 375 1190 Rex
399 1131 672 1188 Heinrice
705 1131 814 1203 piae
848 1131 1234 1187 charissimus
1266 1137 1390 1188 esto
1423 1133 1638 1188 Mariae.
2028 1131 2260 1187 Tertius
2291 1129 2604 1186 Heinricus
2638 1130 2756 1185 fuit
2786 1129 2925 1188 olim
2959 1135 3119 1206 pacis
3151 1137 3398 1195 amicus.

257 1222 376 1277 Rex
405 1219 677 1276 Heinrice
707 1219 841 1275 duci
874 1220 1121 1276 dilectus
1152 1221 1229 1277 sit
1261 1222 1550 1294 Michaeli.
2032 1221 2208 1276 Fama
2239 1219 2332 1275 sui
2363 1218 2559 1274 meriti
2593 1221 2905 1292 superabit
2935 1226 3200 1296 tempora
3233 1228 3459 1285 mundi.

258 1312 379 1366 Rex
409 1308 678 1365 Heinrice
712 1309 866 1380 polis
896 1308 1270 1381 splendescas
1304 1311 1460 1366 fonte
1489 1312 1754 1368 Joannis.
2028 1310 2122 1366 Sic
2152 1309 2258 1366 tibi
2287 1307 2577 1379 "cantabit,
2617 1325 2801 1381 quem
2835 1314 3093 1369 mundus
3125 1315 3315 1372 adhuc
3345 1320 3664 1389 generabit.

257 1400 376 1455 Rex
407 1398 676 1454 Heinrice
704 1402 844 1452 tuus
871 1397 948 1452 sit
968 1399 1194 1469 janitor
1223 1399 1435 1455 aethere
1462 1400 1686 1456 Petrus.
2028 1400 2169 1469 (6-7)
2200 1399 2402 1454 Nonne
2433 1397 2543 1451 tibi
2582 1397 2801 1454 merito
2834 1401 3029 1474 magni
3063 1403 3350 1460 debentur
3378 1406 3650 1480 honores,

258 1488 379 1543 Rex
409 1485 681 1542 Heinrice
710 1485 850 1540 boni
883 1487 1160 1542 te~firmet
1190 1487 1438 1559 epistola
1467 1488 1652 1547 Pauli.
2029 1490 2215 1560 Atque
2246 1490 2407 1543 favor
2437 1485 2670 1558 populi,
2711 1493 2850 1561 post
2881 1491 3079 1546 omnia
3112 1493 3300 1564 portio
3333 1495 3460 1550 coeli
3481 1496 3510 1552 ?

258 1577 380 1632 Rex
411 1575 680 1631 Heinrice
712 1579 846 1629 tuos
876 1576 1140 1630 Andreas
1171 1577 1384 1649 dirigat
1416 1583 1603 1634 actus.
2031 1577 2177 1632 Nam
2207 1576 2422 1632 charus
2454 1573 2678 1646 populo
2715 1576 2940 1649 placuit
2970 1581 3294 1652 saepissime
3326 1583 3558 1640 Christo

257 1667 381 1721 Rex
411 1664 678 1720 Heinrice
713 1679 914 1735 preces
946 1663 1051 1719 hos
1082 1670 1244 1720 curet
1273 1665 1434 1739 virgo
1463 1667 1739 1724 Joannes.
2032 1667 2212 1731 Quem
2241 1681 2435 1737 regem
2469 1663 2608 1719 talis
2639 1665 2928 1721 virtutum
2961 1668 3128 1739 copia
3156 1668 3388 1728 lustrat.

259 1754 382 1810 Rex
406 1753 672 1809 Heinrice
698 1752 956 1808 Thomas
987 1757 1041 1808 te
1071 1758 1256 1809 vertat
1285 1755 1342 1809 in
1368 1772 1540 1811 omne
1559 1757 1713 1828 quod
1733 1757 1922 1812 estfas
2031 1753 2309 1825 Nunquid
2343 1754 2507 1809 abest
2540 1751 2768 1825 aliquid
2804 1757 2959 1826 quod
2992 1757 3143 1828 regis
3175 1759 3362 1830 gloria
3392 1760 3657 1832 quaerat?
3749 1740 3758 1749 ’

260 1843 383 1946 Rex
411 1841 681 1946 Reinrice
713 1845 854 1896 tuus
886 1841 962 1946 sit
990 1843 1195 1946 ductor
1332 1843 1799 1946 alta‘Philippus.
1956 1883 2002 1946 Β
2034 1842 2243 1946 Omnia
2273 1858 2374 1913 spe
2405 1841 2493 1898 vel
2526 1859 2588 1897 re
2618 1850 2910 1946 venerunt
2939 1847 3388 1946 commodaper
3410 1853 3487 1903 te.

262 1933 385 1988 Rex
411 1930 677 1987 Heinrice
708 1948 877 2002 pares
907 1931 1106 1988 Jacobi
1140 1933 1260 1987 sint
1291 1936 1345 1988 te
1380 1933 1751 1990 redimentes.
1956 1930 2002 1946 "
2036 1931 2095 1986 Si
2127 1931 2382 2002 petimus
2420 1947 2644 2003 pacem,
2677 1935 2738 1985 tu
2773 1947 2892 2000 rex,
2929 1935 3295 2004 praestaveris
3327 1934 3491 1990 illam
3518 1954 3531 2003 ;

264 2021 385 2076 Rex
417 2019 683 2074 Heinrice
715 2018 830 2073 Deo
863 2018 1096 2090 placeas
1129 2020 1421 2076 tribuente
1451 2022 1744 2077 Matthzco.
2035 2020 2093 2074 Si
2128 2019 2400 2091 cupimus
2429 2018 2674 2086 bellum,
2709 2023 2770 2074 tu
2804 2037 2901 2076 rex
2935 2022 3303 2078 commiseris
3333 2021 3513 2090 illud;

263 2109 388 2164 Rex
419 2107 684 2163 Heinrice
717 2112 878 2162 tuam
915 2108 1118 2164 Simon
1153 2109 1488 2166 corroboret
1518 2109 1735 2166 aulam.
2036 2108 2198 2172 Quod
2231 2107 2279 2162 si
2311 2107 2644 2172 consilium,
2680 2112 2744 2163 tu
2779 2126 2875 2164 rex
2905 2109 3072 2164 dabis
3101 2109 3240 2165 utile
3273 2110 3528 2167 multum
3557 2128 3570 2166 :

263 2197 387 2253 Rex
419 2194 683 2252 Heinrice
716 2196 870 2268 piam
903 2197 1190 2253 Taddaeus
1222 2197 1319 2252 det
1350 2197 1456 2252 tibi
1490 2198 1687 2254 vitam.
2037 2196 2095 2252 Si
2131 2194 2401 2252 volumus
2428 2196 2716 2262 studium,
2741 2201 2799 2252 tu
2835 2214 2931 2254 rex
2963 2198 3140 2254 decus
3172 2216 3234 2254 es
3264 2199 3619 2255 studiorum.

265 2289 388 2344 Rex
420 2286 686 2344 Heinrice
717 2287 896 2342 Deum
931 2291 1131 2343 teneas
1163 2305 1266 2360 per
1296 2288 1806 2345 Bartholomreum.
2037 2287 2252 2341 Omnes
2284 2285 2598 2340 muniﬁcos
2627 2289 2688 2340 tu
2723 2303 2818 2341 rex
2848 2286 3173 2358 praecellere
3206 2286 3380 2342 nosti.

263 2378 389 2433 Rex
419 2375 683 2432 Heinrice
713 2376 835 2431 vias
866 2377 967 2433 tibi
1002 2380 1290 2450 preparet
1316 2393 1413 2432 ore
1445 2377 1718 2435 Mathias.
1810 2427 1812 2429 .
2038 2375 2192 2429 lnter
2216 2371 2536 2430 clementes
2567 2379 2629 2430 tu
2661 2392 2758 2432 rex
2789 2376 3134 2432 clementior
3165 2381 3380 2432 exstas.

265 2467 388 2522 Rex
421 2465 513 2537 pie
539 2481 673 2520 cum
707 2465 999 2536 Stephano
1032 2465 1113 2521 sis
1144 2463 1310 2521 laetus
1343 2483 1574 2538 semper
1606 2467 1662 2522 in
1697 2467 1837 2536 alto,
2037 2464 2130 2518 Sic
2161 2462 2539 2535 castigandos
2571 2469 2656 2532 tu,
2691 2482 2806 2533 rex,
2841 2467 3063 2522 ratione
3096 2465 3378 2539 ﬂagellas.

265 2556 470 2626 Teque
502 2569 669 2625 pares
694 2553 971 2625 Stephani
1010 2553 1354 2609 benedicant
1384 2555 1586 2610 ordine
1617 2555 1830 2611 cuncti.
2038 2551 2328 2624 Quidquid
2363 2551 2420 2606 in
2450 2551 2733 2611 humanis
2756 2555 3025 2612 consistit
3055 2555 3322 2610 moribus
3352 2555 3526 2625 aequi,

267 2645 394 2700 Rex
425 2643 574 2698 bone
601 2641 876 2698 Silvester
906 2643 1010 2698 tibi
1037 2643 1113 2699 sit
1141 2659 1243 2715 per
1273 2643 1485 2698 smcula
1514 2645 1732 2714 dexter,
2041 2642 2157 2697 Hoc
2192 2642 2343 2697 Deus
2376 2645 2478 2696 aut
2509 2649 2700 2702 totum
2732 2645 2818 2701 vel
2851 2649 3074 2718 partem
3107 2643 3367 2699 condidit
3397 2642 3456 2696 in
3485 2647 3562 2698 te.

268 2734 472 2805 Teque
499 2731 590 2787 sui
623 2731 764 2787 socii
799 2732 1146 2788 benedicant
1173 2731 1377 2787 ordine
1407 2734 1600 2789 cuncti
2042 2732 2227 2795 Quam
2259 2731 2520 2802 prudens
2553 2734 2762 2805 opifex,
2797 2735 2898 2806 qui
2929 2733 3238 2788 commoda
3269 2729 3532 2786 materiei

269 2821 616 2894 Virginibus
648 2820 830 2876 sacris
863 2821 1091 2893 placeas
1124 2837 1193 2876 ex
1225 2821 1500 2877 omnibus
1531 2822 1700 2887 actis,
2042 2819 2228 2890 Elegit
2257 2818 2540 2890 primum,
2574 2822 2644 2877 de
2675 2839 2792 2894 qua
2826 2823 2979 2877 bona
3008 2823 3172 2874 tanta
3203 2823 3466 2892 pararet;

271 2911 496 2966 Omnes
525 2913 580 2965 te
611 2910 794 2965 sancti
827 2911 1122 2966 redimant
1151 2910 1224 2965 de
1255 2909 1498 2966 crimine
1530 2911 1732 2965 mundi
1762 2927 1774 2966 :
2044 2910 2224 2973 Quem
2257 2907 2326 2962 de
2356 2911 2528 2978 gente
2559 2910 2749 2965 virum
2781 2909 3068 2965 Dominus
3090 2907 3448 2964 discerneret
3478 2911 3696 2977 auctor,

273 3000 368 3056 Sit
397 3016 496 3055 rex
527 3003 862 3055 sanctorum
895 3001 1086 3056 fautor
1117 3005 1258 3054 tuus
1290 3002 1467 3070 atque
1497 3003 1732 3055 tuorum
2044 2997 2151 3060 Qui
2185 2995 2328 3051 foret
2357 2996 2601 3067 imperio
2633 2999 2807 3054 modo
2843 3003 2974 3070 post
3004 2997 3124 3052 haec
3158 2996 3346 3070 aptior
3368 2995 3518 3054 isto!

274 3089 409 3144 Haec
440 3087 567 3155 tibi,
603 3103 719 3155 rex,
755 3087 931 3144 Musa:
965 3093 1276 3145 cantamus
1308 3104 1443 3142 voce
1474 3105 1706 3155 sonora,
2047 3087 2275 3151 Forma,
2311 3101 2519 3157 genus,
2555 3087 2818 3158 probitas
2849 3086 3205 3142 concordant
3235 3085 3434 3141 omnia
3462 3087 3610 3160 regi;

272 3180 466 3250 Atque
492 3176 703 3232 chorus
737 3184 934 3234 noster
965 3181 1206 3234 renovat
1235 3180 1336 3230 tua
1379 3176 1639 3232 carmina
1669 3195 1931 3250 semper;
2045 3175 2256 3232 Omnia
2285 3174 2660 3242 conveniunt,
2695 3179 3056 3231 concurrunt
3089 3179 3297 3231 cuncta
3328 3191 3432 3247 per
3458 3174 3647 3245 illum,

274 3267 353 3323 Ut
376 3265 484 3321 tibi
509 3264 638 3322 laus
670 3273 910 3334 crescat,
945 3269 1086 3323 dum
1123 3264 1210 3322 sol
1244 3269 1298 3319 et
1330 3264 1470 3320 luna
1499 3271 1781 3338 patescat,
1965 3250 2008 3316 (Σ
2049 3263 2220 3321 Solus
2241 3263 2414 3318 habet
2437 3267 2647 3330 totum,
2683 3265 2840 3336 quod
2876 3263 3074 3336 plures
3106 3269 3344 3321 auxerat
3373 3263 3534 3320 olim.

271 3356 392 3411 Nos
425 3355 635 3410 damus
665 3354 921 3412 officium
956 3375 1072 3429 quo
1104 3356 1329 3410 crescat
1359 3352 1548 3427 gloria
1580 3373 1798 3426 rerum,
2044 3352 2231 3422 Salve,
2265 3358 2422 3408 certa
2453 3352 2620 3423 quies
2655 3352 3010 3425 populorum
3043 3358 3302 3426 tempore
3335 3360 3533 3410 nostro
3567 3372 3578 3409 :

272 3444 357 3499 Ex
380 3442 593 3518 nostris
624 3443 792 3499 donis
819 3445 1204 3501 manifestant
1232 3443 1407 3498 verba
1438 3443 1716 3516 Maronis,
2043 3441 2230 3507 Salve,
2266 3458 2376 3512 pax
2401 3441 2579 3506 orbis,
2615 3442 2827 3496 mundi
2861 3441 3181 3498 fortissima
3204 3443 3404 3509 turris,

272 3533 423 3599 Quid
454 3532 585 3605 pius
615 3531 812 3601 ans,
845 3535 985 3608 quid
1018 3536 1256 3590 Turnus
1288 3536 1486 3602 posset
1515 3535 1573 3588 in
1609 3535 1809 3592 armis.
2042 3533 2247 3587 Hostes
2279 3530 2545 3586 Ecclesiae
2579 3546 2714 3601 qua;
2746 3531 2961 3587 sternis
2991 3547 3223 3604 semper
3253 3533 3517 3604 abunde;

271 3621 498 3678 Fistula
526 3622 824 3678 Musarum
859 3623 1062 3680 Flacco
1094 3622 1415 3677 dictaverat
1441 3621 1606 3691 odas,
2044 3621 2204 3677 Unde
2234 3621 2324 3676 sui
2356 3619 2564 3692 capitis
2592 3622 2859 3677 mundus
2893 3620 3151 3692 praavidit
3176 3621 3478 3679 honorem.

271 3711 348 3767 Ut
377 3711 748 3768 Moacenatem
780 3712 1012 3770 fecisset
1036 3711 1211 3767 laude
1235 3725 1574 3781 perennem.
2041 3712 2128 3767 Tu
2162 3713 2335 3781 caput
2365 3727 2426 3765 es
2461 3707 2696 3777 mundi,
2731 3712 2906 3782 caput
2935 3714 3024 3765 est
3051 3710 3152 3765 tibi
3182 3714 3372 3767 rector
3399 3711 3650 3786 Olympi,

273 3801 405 3856 Haec
430 3801 629 3857 eadem
662 3801 860 3857 docuit
890 3803 1193 3858 Lucanum
1229 3797 1420 3854 dicere
1451 3799 1627 3866 bella,
2041 3799 2220 3870 Cujus
2254 3799 2520 3854 membra
2549 3797 2710 3868 regis
2733 3799 2896 3874 justo
2926 3798 3322 3856 moderamine
3354 3801 3520 3874 legis.

271 3889 515 3946 Caesaris
548 3893 605 3944 et
635 3891 828 3962 magni
862 3909 989 3964 quae
1012 3892 1228 3946 durant
1262 3885 1470 3943 ultima
1503 3891 1679 3946 saecli.
2042 3888 2211 3945 Tales
2244 3887 2365 3943 vult
2395 3884 2708 3954 Dominus,
2744 3887 2959 3958 quibus
2991 3893 3077 3943 est
3118 3889 3236 3943 haec
3287 3892 3542 3948 maxima
3586 3894 3699 3949 vir-

273 3979 356 4033 Ex
387 3978 602 4034 nostris
630 3979 870 4036 monitis
901 3981 1148 4036 callebat
1172 3977 1396 4033 Statius
1429 3983 1632 4036 auctor
3141 3975 3150 3982 ”
3559 3985 3697 4052 [tus,

274 4067 585 4123 Thebanos
607 4069 853 4139 juvenes
881 4069 1112 4124 miseris
1146 4066 1476 4122 discernere
1509 4067 1786 4124 flammis.
2041 4067 2204 4122 Mens
2235 4063 2477 4120 humilis
2510 4060 2930 4133 multum,cum
2963 4080 3081 4135 qua
3113 4069 3166 4120 te
3191 4065 3459 4123 novimus
3481 4073 3696 4128 ortum.

274 4156 526 4212 Nasonis
552 4157 815 4212 studium
850 4163 1008 4214 totus
1041 4156 1385 4212 recitaverat
1413 4157 1595 4225 orbis,
2041 4155 2332 4211 Cervicem
2366 4167 2610 4225 pronam
2645 4153 2809 4209 decet
2838 4159 3138 4224 acceptare
3170 4173 3464 4212 coronam.

274 4245 356 4300 Ex
388 4244 604 4300 nostris
635 4245 790 4300 curis
821 4244 1048 4301 ornavit
1080 4245 1300 4316 scripta
1327 4244 1553 4317 figuris.
2042 4246 2161 4301 Rex
2194 4243 2436 4298 humilis
2450 4241 2684 4309 crescit,
2717 4243 2945 4314 quoties
2967 4243 3186 4302 oriente
3217 4246 3422 4303 diescit

276 4332 533 4406 Regibus
563 4333 820 4406 antiquis
850 4333 1053 4390 laudes
1084 4333 1452 4391 cantavimus
1482 4333 1645 4390 olim.
2041 4337 2109 4391 Et
2131 4334 2286 4390 cadit
2316 4331 2524 4395 elatus,
2559 4345 2793 4404 semper
2821 4330 3019 4388 saevire
3051 4337 3307 4405 paratus.

1761 4508 2063 4580 EPILOG
2074 4508 2196 4578 US.

276 4663 551 4722 Carmina
571 4665 895 4735 Musarum,
929 4683 1047 4734 rex,
1081 4663 1312 4740 perlege
1343 4683 1528 4739 pauca
1557 4671 1816 4733 tuarum,
1957 4668 2004 4733 D
2040 4663 2140 4720 Hic
2174 4662 2342 4717 nobis
2374 4660 2516 4716 istos
2543 4662 2836 4733 persuasit
2867 4661 3138 4720 claudere
3166 4681 3389 4721 versus.

277 4754 364 4810 Sit
387 4753 549 4810 locus
579 4753 673 4808 hic
705 4753 836 4810 aliis
866 4755 972 4810 tibi
1005 4755 1245 4811 reddere
1275 4754 1479 4810 munia
1510 4755 1725 4811 laudis.
2035 4753 2126 4808 Sis
2159 4751 2390 4806 Christo
2421 4766 2594 4816 curae,
2631 4751 2722 4822 pie
2754 4752 2872 4806 Rex
2903 4752 3213 4824 Caesarque
3245 4755 3459 4810 future.

278 4842 490 4915 Wippo
521 4847 660 4900 tuus
691 4843 948 4900 famulus
979 4844 1027 4900 si
1059 4843 1184 4900 vult
1213 4845 1522 4900 defendere
1553 4849 1806 4914 tempus,
2034 4841 2105 4895 Et
2134 4838 2290 4894 vivas
2321 4855 2501 4894 sanus
2532 4844 2776 4896 centeno
2809 4846 3070 4913 tempore
3103 4858 3307 4898 canus.

278 4930 350 4986 Ut
380 4931 596 4989 scribat
627 4931 768 5006 regi,
801 4933 956 5005 quod
989 4930 1079 4988 lex
1110 4932 1413 4989 dictaverit
1443 4930 1548 4998 illi,

1113 5177 1116 5180 .
1219 5105 1571 5179 CARMEN
1627 5103 1868 5174 LEGIS
1919 5102 2085 5173 PRO
2140 5100 2421 5170 LAUDE
2476 5098 2746 5170 REGIS.

277 5265 360 5320 Ad
394 5265 546 5338 regis
576 5265 780 5322 laudes
813 5267 925 5322 Lex
955 5265 1160 5323 ambas
1186 5265 1358 5340 erigit
1385 5281 1578 5322 aures.
2041 5258 2144 5313 His
2175 5257 2319 5312 mihi
2353 5257 2427 5312 sit
2455 5256 2665 5322 verbis,
2703 5256 2858 5328 quod
2890 5273 3017 5314 rore
3047 5257 3371 5318 virentibus
3402 5259 3599 5318 herbis

280 5351 351 5408 Ut
381 5360 603 5426 segetes
636 5354 868 5427 pluviis,
905 5355 987 5412 sic
1017 5372 1214 5411 cresco
1245 5354 1517 5410 laudibus
1546 5351 1696 5407 istis.
2041 5346 2280 5410 Quando
2310 5345 2436 5400 dies
2465 5345 2622 5399 verni
2657 5347 3013 5417 reparabunt
3042 5348 3255 5420 gaudia
3283 5349 3508 5406 mundi.

279 5442 404 5498 Non
436 5443 568 5516 plus
600 5443 817 5501 mulcet
849 5462 988 5517 apes
1019 5443 1274 5500 mellitos
1304 5443 1563 5498 lambere
1596 5441 1786 5506 ﬂores,
2041 5435 2189 5499 Quid
2221 5433 2408 5489 satius
2439 5434 2598 5506 Legi,
2629 5450 2807 5505 quam
2840 5435 3032 5492 dicere
3062 5436 3204 5493 talia
3234 5439 3400 5513 regi?

278 5532 462 5596 Quam
492 5549 584 5590 me
609 5533 738 5591 laus
768 5534 943 5606 regis,
979 5551 1097 5606 qua
1126 5537 1356 5590 constat
1386 5530 1576 5604 pactio
1608 5528 1772 5601 legis.
2043 5521 2231 5589 Salve,
2266 5522 2372 5578 flos
2403 5523 2621 5593 patriae,
2662 5539 2777 5594 quo
2811 5523 3066 5582 fructum
3097 5527 3258 5599 pacis
3289 5527 3500 5584 habere

348 5665 479 5744 (6-7)
511 5667 573 5726 In
604 5649 715 5730 nis.
748 5668 870 5730 haec
899 5669 968 5728 ad
1005 5668 1334 5748 marginem
1365 5669 1531 5725 erant
1567 5680 1578 5723 :
1613 5664 1824 5724 SUASIO
1855 5675 2043 5722 REGIS.
