4052 6158
467 288 622 383 4255
1702 285 2088 352 WIPPONIS
2134 285 2652 352 PRESBYTERI.
3687 284 3810 352 1256

462 451 588 506 Non
621 449 847 506 dubitat
882 447 1162 513 mundus,
1196 447 1334 520 quia
1368 464 1576 520 regnas
1617 449 1754 505 orbe
1805 449 2120 507 secundus.
2154 451 2205 516 Α
2235 450 2318 504 Ad
2353 449 2524 520 cujus
2558 451 2756 504 votum
2789 446 2891 502 tibi
2923 447 3024 502 dat
3051 445 3335 518 sapientia
3363 450 3564 512 totum,

465 540 600 595 Post
632 539 944 595 Dominum
977 537 1104 592 cceli
1137 538 1352 610 dignus
1385 539 1684 595 mundana
1715 537 1864 594 tueri
1898 556 1910 592 :
2230 540 2352 602 Quo
2385 539 2564 593 decus
2598 535 2829 608 imperii
2861 535 3052 592 valeas
3084 551 3185 608 per
3206 537 3345 606 jura
3376 536 3540 592 tueri.

464 629 652 694 Salve,
688 627 869 699 stirps
898 643 1102 700 regum
1135 626 1366 699 populis
1398 627 1727 683 veneranda
1776 644 1879 700 per
1911 644 2116 682 sevum.
2229 626 2598 699 Congaudete
2628 623 2840 692 simul;
2876 641 2988 680 non
3020 628 3086 678 ut
3115 623 3408 681 discordia
3437 629 3642 698 regnet,

463 716 644 772 Radix
677 733 890 790 magna
921 715 1052 782 fuit,
1087 733 1264 788 quam
1298 733 1499 771 ramus
1527 715 1673 772 talis.
1696 717 1970 785 adauxit;
2229 717 2363 780 Quae
2395 715 2618 770 dudum
2652 713 2813 786 regni
2849 713 3102 770 turbavit
3132 714 3349 786 gaudia
3378 713 3574 770 nostri.

460 804 660 860 Nobile
690 821 928 876 germen
961 810 1128 860 erant
1154 805 1308 876 quod
1342 805 1633 860 mundum
1659 805 1903 862 floribus
1926 810 2118 875 ornat,
2227 806 2371 860 Cum
2404 805 2658 860 dominis
2693 820 2886 860 rerum
2920 803 2998 859 sit
3021 820 3132 876 pax
3163 804 3288 859 sine
3320 805 3436 859 ﬁne
3467 803 3692 860 dierum.

459 893 585 949 Una
612 894 717 948 viri
754 893 936 948 virtus
966 893 1217 948 multum
1252 899 1530 965 praestare
1559 893 1790 963 solebit,
2227 894 2272 949 Ο
2303 899 2536 950 sanctos
2570 909 2760 948 mores
2795 909 2926 948 cum
2961 893 3134 947 matri
3163 893 3360 948 reddis
3393 892 3646 949 honores.

458 982 955 1054 Commendatque
978 982 1152 1038 nimis
1171 983 1432 1055 probitas
1450 983 1630 1040 semel
1649 985 1804 1039 edita
1820 984 2116 1056 quoddam
2227 984 2329 1038 Est
2361 983 2462 1038 tibi
2495 1000 2627 1054 spes
2657 982 2805 1047 vitae,
2837 981 2885 1036 si
2917 981 2993 1036 sit
3023 981 3129 1037 tibi
3160 981 3346 1053 gloria
3376 999 3479 1053 per
3505 986 3576 1036 te.

455 1071 618 1138 Quod
652 1071 873 1127 faciunt
902 1070 1102 1144 plures
1132 1076 1308 1145 caput
1341 1090 1526 1128 unum
1559 1072 1716 1145 regis
1739 1073 2043 1137 habentes,
2227 1073 2284 1128 Si
2321 1072 2459 1144 quid
2493 1076 2634 1139 erat,
2671 1071 2778 1125 rite
2809 1070 2962 1125 Deus
2992 1069 3134 1124 illud
3171 1069 3473 1125 transtulit
3504 1071 3634 1142 ipse.

456 1163 612 1228 Quas
643 1177 953 1218 numerare
984 1160 1182 1218 volens
1214 1161 1425 1217 seriem
1453 1161 1591 1216 facit
1623 1162 1823 1217 ordine
1856 1161 2114 1234 longam.
2228 1161 2367 1216 Exin
2401 1159 2600 1215 nullus
2632 1159 2807 1214 homo
2839 1159 3025 1214 foedus
3054 1158 3373 1214 dissolvere
3406 1159 3604 1230 possit.

455 1251 566 1306 Sed
598 1254 794 1305 tamen
828 1266 897 1304 ex
927 1250 1151 1306 cunctis
1184 1267 1282 1306 sex
1316 1267 1510 1323 regem
1545 1249 2011 1322 magnificabunt
2225 1249 2390 1314 Quod
2423 1249 2577 1304 Deus
2607 1248 2898 1319 adjunxit,
2933 1247 3033 1320 qui
3066 1242 3225 1319 pacis
3258 1248 3414 1303 dona
3438 1248 3657 1304 creavit.

451 1339 712 1394 Virtutes
741 1338 1003 1411 aliasque
1035 1339 1182 1395 satis
1211 1340 1536 1412 pracedere
1572 1344 1809 1394 norunt.
2225 1339 2449 1394 Perstet
2477 1337 2724 1392 dulcedo
2758 1337 3004 1391 materni
3041 1337 3298 1392 nominis
3335 1337 3395 1391 in
3428 1341 3503 1403 te,

455 1429 619 1484 Mens
650 1428 913 1494 humilis,
935 1427 1170 1499 pietatis
1199 1446 1382 1496 amor,
1401 1445 1512 1500 pax
1544 1428 1727 1482 missa
1758 1445 1860 1500 per
1889 1427 2112 1495 orbem,
2225 1427 2371 1481 Cum
2398 1426 2592 1481 valeas
2622 1424 2768 1481 alios
2795 1424 3096 1496 acquirere
3128 1442 3361 1498 semper
3391 1425 3604 1480 amicos

454 1517 740 1573 Nobilitas
770 1522 825 1572 et
855 1519 1041 1571 forma
1071 1519 1302 1582 decens,
1331 1517 1546 1572 ﬁducia
1577 1517 1711 1572 belli
1739 1535 1752 1584 ;
2225 1516 2411 1571 Mater
2438 1515 2496 1568 in
2530 1515 2639 1570 hac
2667 1514 2786 1568 vita
2818 1530 2930 1568 non
2962 1513 3096 1585 plus
3131 1515 3235 1569 tibi
3269 1513 3494 1570 venerit
3526 1513 3654 1568 ulla.

454 1606 570 1660 Has
601 1607 1093 1678 vocopriecipuas
1120 1611 1175 1661 et
1202 1607 1355 1678 regis
1387 1606 1710 1661 honoribus
1741 1610 1908 1678 aptas
2224 1604 2375 1668 Quin
2407 1603 2566 1658 aliud
2599 1603 2789 1658 dicam
2826 1603 2949 1669 tibi,
2988 1621 3109 1670 rex,
3135 1620 3248 1675 ego
3281 1601 3659 1670 consiliatrix,

455 1694 558 1751 llis
587 1711 685 1750 rex
716 1695 1022 1750 Heinricus
1047 1694 1259 1751 Christi
1292 1695 1560 1750 clarescit
1590 1694 1835 1750 amicus.
2226 1693 2340 1748 Lex
2373 1697 2493 1760 tua,
2529 1710 2600 1748 ne
2631 1709 2846 1748 renuas
2879 1697 3009 1763 post
3040 1693 3263 1747 dictum
3297 1708 3759 1758 commemorare;

525 1785 609 1839 Ad
641 1801 771 1839 mea
801 1801 957 1839 nunc
987 1783 1175 1850 venio,
1209 1800 1335 1855 quae
1368 1785 1527 1839 novit
1559 1785 1817 1840 mundus
1850 1783 1908 1838 in
1965 1782 2064 1838 illo
2097 1800 2188 1887 :lB
2221 1783 2366 1838 Cum
2400 1782 2554 1838 Deus
2585 1782 2954 1853 omnipotens
2985 1781 3091 1836 tibi
3125 1785 3320 1837 tutum
3356 1781 3591 1854 fregerit
3619 1780 3798 1845 orbem,

453 1873 604 1928 Sunt
633 1889 766 1930 mea
797 1889 924 1945 quae
953 1873 1165 1940 dicam,
1199 1873 1339 1944 quia
1369 1890 1503 1950 sum
1539 1873 1672 1939 Lex,
1697 1873 1792 1928 ille
1823 1889 1990 1928 meus
2012 1867 2188 1927 rex”
2220 1873 2288 1927 Et
2312 1872 2460 1944 juga
2489 1871 2758 1944 praecepti
2790 1887 2904 1927 non
2937 1871 3112 1926 audet
3143 1875 3405 1926 temnere
3437 1869 3744 1942 quisquam,

451 1961 522 2016 Et
550 1961 650 2034 qui
681 1978 773 2017 me
796 1961 1038 2034 spernit,
1073 1978 1170 2017 rex
1201 1962 1329 2032 ejus
1361 1961 1821 2034 praeliasternit.
2220 1961 2586 2032 Pacatusque
2618 1959 2749 2016 silet
2779 1960 3007 2016 firmato
3041 1959 3253 2015 foedere
3285 1961 3568 2027 mundus,

452 2050 558 2116 Qui
590 2067 722 2106 mea
746 2051 884 2121 jura
914 2049 1072 2120 colit,
1108 2068 1204 2105 rex
1236 2051 1393 2106 hunc
1425 2051 1734 2107 defendere
1767 2050 1943 2108 novit.
2219 2049 2485 2121 Cumque
2516 2066 2619 2121 per
2647 2049 2958 2121 imperium
2992 2052 3094 2103 tua
3115 2050 3290 2120 jussa
3320 2046 3554 2104 volatile
3581 2047 3786 2104 verbum

452 2138 568 2195 Rex
599 2139 828 2195 Christo
859 2139 1072 2194 charus
1098 2158 1111 2208 ;
1145 2139 1372 2195 nullum
1406 2141 1656 2196 vastabit
1686 2157 1894 2196 avarus
2218 2139 2432 2194 Edocet
2461 2138 2708 2210 Augusti
2740 2138 2809 2192 dc
2841 2136 2994 2193 claro
3026 2137 3266 2194 nomine
3297 2137 3604 2209 scriptum.

452 2227 580 2282 Vile
610 2232 773 2300 putat
807 2228 1073 2284 studium
1108 2229 1156 2284 si
1189 2229 1322 2300 quis
1355 2234 1681 2301 comportat
1709 2228 1768 2284 in
1804 2245 1986 2284 unum
2219 2228 2385 2282 Tunc
2419 2227 2506 2282 fac
2537 2226 2790 2282 edictum
2815 2242 2914 2298 per
2941 2229 3153 2280 terram
3181 2226 3654 2291 Teutonicorum,

451 2315 970 2387 Quidquidhabere
987 2319 1450 2389 potest,cumjus
1467 2318 2104 2390 nonquazrathabendi,
2217 2316 2475 2380 Quilibet
2505 2320 2565 2372 ut
2598 2315 2756 2370 dives
2787 2315 2896 2370 sibi
2931 2319 3098 2370 natos
3129 2315 3393 2370 instruat
3426 2331 3626 2371 omnes

454 2404 556 2458 Est
589 2404 752 2459 dives
784 2401 1036 2460 multum
1067 2411 1433 2477 contemptor
1463 2406 1820 2461 divitiarum.
2219 2404 2538 2471 Litterulis,
2571 2404 2875 2477 legemque
2904 2420 3072 2460 suam
3101 2404 3456 2476 persuadeat
3489 2402 3619 2469 illis,

451 2492 812 2550 Aurisurdus
844 2510 1009 2549 amor
1041 2494 1270 2550 miseris
1301 2494 1692 2550 clamantibus
1723 2495 1935 2551 obstat.
2222 2495 2291 2550 Ut
2311 2511 2445 2550 cum
2477 2493 2842 2566 principibus
2873 2492 3189 2566 placitandi
3223 2492 3450 2548 venerit
3482 2509 3639 2557 usus,

452 2580 793 2639 Vendidcrit
824 2581 981 2654 leges
1013 2585 1252 2654 captura
1282 2585 1532 2654 pecunia
1563 2601 1746 2655 reges,
2215 2583 2475 2656 Quisque
2505 2583 2628 2640 suis
2658 2581 2826 2638 libris
2857 2581 3187 2654 exemplum
3222 2581 3483 2654 proferat
3511 2580 3642 2635 illis.

453 2671 523 2725 Et
545 2670 1028 2743 deprincipibus
1052 2672 1246 2742 justos
1280 2672 1571 2728 furabitur
1602 2690 1765 2728 usus.
2218 2673 2478 2728 Moribus
2505 2672 2599 2728 his
2630 2671 2855 2727 dudum
2887 2671 3112 2726 vivebat
3143 2672 3331 2727 Roma
3357 2671 3624 2727 decenter
3653 2687 3664 2722 :

451 2761 523 2814 At
549 2776 646 2815 rex
677 2760 980 2816 Heinricus
1009 2760 1094 2815 vir
1124 2762 1380 2833 prudens
1413 2763 1692 2834 prospicit
1723 2761 1890 2833 illud,
2217 2762 2318 2817 His
2349 2761 2562 2817 studiis
2594 2766 2790 2817 tantos
2821 2760 3012 2834 potuit
3039 2759 3259 2816 vincire
3289 2765 3574 2832 tyrannos
3606 2776 3618 2812 :

452 2847 528 2903 Ut
556 2852 696 2904 tunc
727 2853 888 2904 curet
918 2867 1216 2922 opes,cum
1252 2849 1650 2906 nullumsunt
1671 2851 2074 2922 reprimentes.
2216 2851 2331 2906 Hoc
2362 2856 2596 2908 servant
2623 2850 2752 2906 Itali
2776 2855 2904 2922 post
2936 2850 3126 2922 prima
3155 2849 3488 2920 crepundia
3511 2847 3722 2913 cuncti;

451 2935 568 2992 Nec
590 2943 802 3000 contra
832 2937 1017 3011 legem
1051 2937 1292 2995 flectunt
1320 2939 1562 2995 donaria
1589 2955 1800 3011 regem.
2216 2942 2282 2995 Et
2311 2941 2523 2998 sudare
2556 2940 2772 2997 scholis
2803 2941 3116 2996 mandatur
3147 2941 3270 2994 tota
3292 2939 3578 3010 juventus
3608 2954 3622 2992 :

451 3026 543 3082 Sic
575 3025 714 3081 facit
746 3031 807 3082 ut
839 3027 1043 3083 doctus
1073 3028 1208 3100 quis
1241 3044 1337 3083 rex
1363 3032 1452 3084 est
1483 3029 1705 3083 doctior
1735 3027 1878 3084 illo?
2214 3029 2368 3086 Solis
2401 3030 2736 3087 Teutonicis
2768 3047 3017 3085 vacuum
3051 3027 3137 3084 vel
3175 3032 3348 3099 turpe
3378 3028 3609 3084 videtur

439 3116 591 3182 .Quis
621 3115 813 3172 Caesar
843 3115 1075 3184 melius,
1110 3116 1158 3172 si
1191 3117 1333 3188 quid
1366 3117 1601 3172 rubrica
1630 3117 1858 3182 vetavit,
2213 3119 2286 3174 Ut
2317 3121 2562 3176 doceant
2587 3119 2864 3191 aliquem,
2898 3116 3012 3173 nisi
3043 3117 3291 3172 clericus
3314 3116 3648 3188 accipiatur.

451 3205 610 3260 Scire
639 3204 790 3264 valet
820 3205 1046 3278 primis,
1079 3223 1256 3278 quam
1289 3206 1513 3262 discere
1541 3212 1793 3278 cmpeiat
1823 3207 1992 3263 annis
2131 3193 2173 3258 C
2215 3209 2348 3275 Sed,
2383 3226 2482 3264 rex
2511 3209 2696 3274 docte,
2725 3209 2868 3280 jube
2897 3211 3139 3262 cunctos
3165 3222 3270 3277 per
3302 3222 3488 3279 regna
3517 3204 3711 3268 doceri,

453 3294 610 3351 Felix
640 3294 716 3351 sit
737 3296 964 3368 genitor
995 3295 1286 3351 redivivus
1317 3294 1489 3351 laude
1521 3297 1759 3368 perenni
2038 3329 2044 3337 ι
2214 3295 2284 3351 Ut
2317 3302 2508 3352 tecum
2543 3301 2742 3368 regnet
2773 3293 3060 3368 sapientia
3090 3294 3364 3366 partib—us
3397 3294 3548 3350 istis.

451 3383 752 3439 Conradus
785 3385 974 3439 Caesar
1003 3401 1176 3456 quem
1212 3385 1466 3439 maxima
1497 3401 1675 3440 causa
1705 3385 1940 3455 subivit,
2283 3385 2566 3441 Praeterea
2596 3385 2723 3450 tibi,
2762 3402 2860 3440 rex
2890 3383 3128 3438 mandat
3160 3383 3508 3454 Burgundia
3542 3399 3553 3437 :
3585 3381 3745 3453 Surge

453 3471 524 3527 Ut
555 3472 728 3526 sciret
759 3477 961 3528 natum
995 3472 1208 3528 studiis
1240 3474 1312 3528 ad
1350 3490 1529 3546 regna
1561 3479 1853 3546 paratum,
2211 3476 2401 3546 Atque
2431 3475 2582 3544 veni,
2615 3491 2877 3546 propera,
2913 3471 3138 3528 novit-er
3169 3473 3242 3544 (8)
3277 3471 3549 3544 subjecta
3596 3466 3820 3524 vacillant

453 3559 558 3624 Qui
588 3564 776 3614 rector
807 3560 1082 3630 publicus
1107 3562 1396 3616 mundum
1431 3561 1762 3618 discernere
1795 3569 2011 3635 posset.
2214 3564 2536 3633 Interdum,
2572 3564 2807 3620 domino
2841 3579 2942 3634 per
2971 3567 3240 3633 tempora
3271 3559 3464 3616 multa
3495 3563 3715 3615 remoto.

454 3646 608 3702 Felix
642 3646 717 3703 sit
749 3651 934 3702 mater
962 3650 1339 3704 memorando
1371 3649 1630 3706 carmine
1661 3652 1839 3724 digna
2215 3654 2501 3709 Funditus
2532 3658 2620 3709 est
2651 3669 2850 3707 verum
2882 3655 3150 3707 veterano
3183 3654 3450 3721 tempore
3480 3649 3719 3704 dictum:

451 3734 644 3790 Gisela
673 3735 743 3791 de
773 3735 960 3791 Caroli
992 3737 1311 3808 procedens
1343 3739 1628 3812 sanguine
1661 3739 1876 3812 Magni.
2212 3743 2508 3815 Quidquid
2539 3743 2705 3798 abest
2736 3739 2945 3808 oculis,
2977 3743 3306 3795 removetur
3337 3737 3562 3793 lumine
3590 3734 3769 3791 cordis.

451 3823 595 3879 Nam
629 3825 674 3879 si
709 3829 840 3897 post
870 3825 1157 3882 decimam
1189 3833 1528 3884 numeretur
1559 3829 1714 3884 linea
1737 3836 1942 3901 quarta
2213 3832 2488 3898 Quamvis
2523 3848 2676 3887 nunc
2709 3846 2912 3902 pacem
2939 3833 3128 3884 teneat
3160 3827 3506 3900 Burgundia
3521 3843 3618 3900 per
3640 3829 3706 3886 te,

449 3913 586 3969 Post
617 3913 888 3970 Carolum
919 3915 1196 3988 Magnum
1231 3921 1504 3972 nascetur
1531 3917 1744 3974 nobilis
1776 3919 1920 3992 ipsa.
2211 3925 2518 3977 Auctorem
2551 3920 2712 3994 pacis
2740 3925 2937 3974 tamen
2969 3917 3116 3973 inte
3140 3932 3379 3972 cernere
3411 3914 3628 3988 quaerit,

450 4001 579 4057 Haec
608 4020 843 4076 operam
877 4005 1134 4074 dederat,
1171 4007 1326 4077 quod
1360 4023 1456 4061 rex
1489 4005 1546 4060 in
1580 4005 1705 4079 lege
1735 4008 2009 4064 studebat
2041 4027 2054 4064 :
2211 4012 2279 4066 Et
2308 4012 2466 4084 cupit
2497 4011 2553 4066 in
2589 4009 2740 4083 regis
2774 4026 2882 4064 sua
2907 4007 3133 4062 lumina
3164 4022 3405 4078 pascere
3434 4005 3613 4061 vultu.

449 4091 554 4148 Illa
584 4093 695 4148 sibi
727 4093 916 4166 libros,
940 4099 1310 4165 persuaserat
1342 4111 1468 4151 esse
1490 4094 1786 4168 legendos,
2211 4100 2334 4156 l-luc
2366 4102 2524 4167 ades,
2560 4105 2617 4156 et
2651 4115 2894 4172 regnum
2927 4099 3035 4166 lac,
3070 4101 3124 4152 te
3158 4097 3449 4162 veniente,
3479 4108 3742 4151 serenum.

448 4181 520 4238 Ut
545 4183 733 4238 varios
767 4182 913 4240 ritus
944 4184 1229 4255 dijudicet
1259 4189 1382 4242 arte
1413 4186 1635 4258 peritus
2211 4191 2270 4246 Si
2304 4189 2390 4247 sol
2421 4190 2702 4246 occubuit
2731 4205 2868 4245 cum
2896 4188 3087 4242 Caesar
3119 4202 3302 4259 regna
3335 4185 3593 4257 reliquit,

448 4271 731 4328 Doctrina:
760 4271 957 4330 lumen
994 4273 1369 4330 tenebrosum
1401 4273 1601 4348 dirigit
1625 4276 1823 4335 orbem
2212 4281 2460 4337 Irradias
2491 4279 2761 4353 patriam,
2796 4278 2844 4332 si
2875 4282 2939 4331 tu
2970 4275 3141 4332 modo
3172 4275 3406 4342 viseris,
3441 4273 3613 4328 illam.

446 4359 658 4417 Gentes
690 4362 934 4418 infestas
971 4362 1101 4418 vicit
1134 4363 1398 4419 Romana
1428 4370 1689 4437 potestas
2211 4370 2336 4424 Haec
2366 4370 2504 4425 olim
2539 4385 2752 4442 magno
2783 4363 3062 4421 domuisti
3095 4380 3278 4436 regna
3307 4363 3545 4429 labore;

447 4449 597 4505 Olim
627 4449 909 4519 consiliis,
943 4468 1058 4506 non
1091 4469 1322 4524 semper
1351 4453 1562 4508 vicerat
1597 4456 1798 4511 armis.
2212 4457 2380 4512 Utere
2411 4474 2564 4511 nunc
2595 4455 2849 4529 populis,
2882 4454 3009 4519 tibi,
3044 4470 3162 4520 rex,
3199 4451 3415 4508 servire
3447 4449 3669 4523 paratis.

446 4540 549 4594 Est
579 4539 727 4594 satis
755 4543 1055 4628 expertum
1089 4547 1374 4612 quantum
1410 4542 1699 4614 sapientia
1726 4545 1930 4615 possit,
2132 4563 2178 4628 D
2211 4546 2336 4600 Haec
2369 4546 2457 4600 via
2489 4545 2565 4601 sit
2591 4545 2796 4613 facilis,
2831 4560 3006 4617 quam
3041 4545 3331 4615 praeparat
3362 4541 3550 4596 orbita
3577 4535 3753 4610 pacis:

445 4630 582 4695 Quae
613 4644 716 4700 per
743 4627 859 4682 vim
892 4629 1048 4684 verbi
1086 4629 1263 4684 flectit
1294 4631 1697 4688 moderamina
1730 4635 1913 4705 regni.
2135 4627 2141 4628 ⁷
2212 4635 2334 4690 Huc
2366 4636 2513 4692 bene
2543 4636 2760 4704 venias,
2794 4635 2890 4690 hic
2918 4631 3116 4688 omnia
3149 4645 3433 4703 prospera
3461 4643 3668 4685 cernas.

447 4718 564 4774 Rex
596 4717 808 4774 iterum
841 4715 1018 4774 salve.
1052 4717 1181 4772 Tibi
1215 4717 1344 4774 laus
1377 4719 1455 4775 sit
1487 4736 1622 4776 cum
1655 4721 1934 4793 genitrice

1315 4861 1671 4931 CARMEN
1723 4861 2075 4933 GRATl/E
2129 4864 2290 4935 PRO
2346 4864 2588 4934 REGIS
2629 4862 3010 4934 'UONORE.

518 4997 726 5054 Omnia
757 4998 929 5071 plena
957 4997 1148 5054 bonis.
1183 4999 1275 5056 Sic
1307 5003 1468 5071 Optat
1500 5016 1674 5056 musa
1701 4999 2011 5074 Wipponis
2209 5005 2344 5060 Post
2366 5004 2591 5076 justam
2621 5003 2832 5077 Legem
2863 5005 3189 5058 comeretur
3217 4992 3666 5074 [leg.comitetur]
3693 4988 3804 5043 Gra-

447 5087 577 5143 Haac
607 5105 712 5161 ego
746 5088 856 5144 Lex
887 5089 1070 5144 cecini
1103 5089 1308 5145 devoto
1339 5089 1601 5145 carmine
1629 5089 1773 5161 regi.
3499 5083 3597 5155 [tia
3625 5086 3798 5148 Νεθων

445 5176 615 5241 Audi,
645 5193 780 5248 spes
810 5177 989 5246 orbis,
1024 5178 1165 5250 quid
1200 5178 1399 5233 dicant
1428 5177 1639 5234 intima
1667 5178 1880 5247 cordis,
2207 5183 2278 5236 Et
2309 5188 2442 5254 post
2465 5182 2757 5254 judicium
2788 5180 2964 5236 venia
2997 5178 3262 5235 mulcedo
3293 5179 3582 5249 sequatur.

448 5263 595 5329 Quid
626 5263 763 5319 velit
787 5265 910 5321 haec
940 5267 1139 5332 series,
1170 5284 1318 5339 quas
1348 5265 1752 5322 addat‘Gratia
1778 5265 2003 5324 laudes.
2207 5270 2370 5325 Sicut
2401 5271 2742 5327 vulneribus
2775 5269 3122 5326 medicinam
3149 5267 3297 5322 ferre
3328 5264 3592 5325 solemus,

448 5351 646 5408 Gratia
671 5357 726 5408 te
751 5352 1108 5421 laudat,'tibi
1141 5364 1336 5426 grates
1369 5354 1566 5412 Gratia
1596 5359 1826 5424 cant-at;
2207 5357 2300 5414 Sic
2332 5358 2734 5415 condemnatis
2766 5361 3071 5414 succurrat
3101 5371 3226 5410 mos
3262 5354 3509 5426 pietatis.

448 5442 529 5500 De
559 5457 704 5498 vena
723 5442 948 5497 mentis
978 5440 1251 5498 salientia
1281 5445 1543 5500 carmina
1571 5443 1758 5500 sentis
2209 5446 2321 5503 Lex
2353 5449 2423 5504 ad
2455 5449 2583 5506 vim,
2604 5449 2722 5522 regi
2756 5451 2990 5522 generat
3021 5443 3277 5501 feriendo
3311 5444 3590 5506 nocentes,

522 5567 598 5648 (8)
631 5565 772 5624 Vide
805 5582 985 5642 supra
1011 5566 1471 5627 observationem
1502 5567 1796 5643 proaviam.
