4060 6174
202 312 357 372 1257
1281 310 1805 374 PANEGYRICUi

2009 306 2193 371 lRlCl
2238 310 2320 371 III
2370 308 2533 372 IMP.
3457 317 3612 379 1258

199 444 271 500 Ut
302 443 351 500 si
386 443 599 500 charus
630 443 765 500 item
796 460 895 501 rex
924 445 1077 501 idem
1108 446 1295 519 gratia
1324 446 1551 502 suadet.
1880 440 1935 509 Α
1964 441 2190 516 Pesquc
2223 444 2429 516 pedem
2462 444 2666 500 reddat
2691 462 2703 512 ;
2739 445 2938 501 manui
2972 461 3183 503 manus
3214 445 3394 504 altera
3421 449 3609 520 cedat;

199 533 407 607 Legem
438 534 674 606 scripsit
704 534 899 599 homo,
936 534 1239 591 descendit
1265 536 1451 608 gratia
1481 533 1623 590 ccelo
1658 550 1669 588 :
1958 531 2213 587 Vulnera
2241 531 2584 589 vulneribus
2615 550 2959 606 responsum
2994 535 3236 593 reddere
3263 541 3500 594 certent.

199 623 313 678 Lex
342 623 591 678 servvire
621 624 808 689 docet,
842 623 1131 679 dominari
1162 625 1350 697 gratia
1379 626 1669 679 monstrat
1694 640 1705 687 ;
1960 620 2067 684 Qui
2101 621 2424 677 detestatur
2453 622 2765 695 genitores,
2797 623 2893 679 hic
2921 623 3243 692 moriatur;

200 711 312 765 Lex
343 711 778 778 condemnabit,
810 712 907 767 sed
945 712 1135 783 gratia
1164 710 1525 783 justiﬁeabit.
1959 709 2063 775 Qui
2100 709 2321 765 furtum
2358 710 2546 779 faciet,
2580 712 2707 767 sine
2737 729 2908 784 poma
2938 729 3053 767 non
3087 713 3447 778 remanebit;

198 800 316 855 Hoc
346 799 614 866 dicendo,
648 800 862 856 bonam
894 817 1134 872 prorsus
1165 818 1281 856 non
1314 801 1532 873 denego
1562 799 1751 871 legem
1778 816 1791 865 ;
1958 797 2226 869 Quinque
2240 798 2415 854 boves
2431 816 2615 855 unum
2634 800 3612 871 redimantcumfrauderemotum;

199 889 311 944 Sed
342 887 595 944 laudans
627 888 877 955 veniam,
910 891 1255 944 commendo
1288 889 1523 962 regibus
1556 887 1739 943 illam.
1958 888 2065 953 Qui
2100 888 2326 943 furatur
2356 905 2541 955 ovem,
2577 889 2781 945 reddat
2812 907 2944 946 cum
2975 894 3229 963 quatuor
3257 907 3478 961 unam;

198 977 324 1033 Non
355 976 498 1033 satis
529 994 646 1032 una
675 976 844 1045 valet,
878 978 926 1033 si
960 996 1075 1034 non
1109 982 1307 1033 manet
1338 977 1521 1034 altera
1546 993 1765 1033 secum.
1958 976 2017 1032 Si
2052 976 2359 1033 maledicet
2388 977 2585 1045 homo,
2613 978 2899 1034 moriatur
2928 995 3034 1051 pro
3065 978 3379 1037 maledicto

198 1064 512 1137 Frangitur
540 1065 682 1132 haec,
720 1065 885 1121 fortis
911 1084 923 1134 ;
956 1065 1351 1122 contemnitur
1382 1066 1583 1135 altera,
1618 1064 1811 1121 mollis
1958 1065 2015 1121 Si
2047 1065 2136 1121 lex
2165 1066 2477 1122 verborum
2509 1070 2901 1140 contorquens
2929 1067 3045 1123 tela
3073 1085 3337 1137 suorum,

198 1155 300 1210 Est
328 1155 483 1210 bona
510 1153 842 1226 temperies,
876 1171 1053 1227 quam
1085 1155 1176 1210 lex
1202 1159 1259 1210 et
1288 1156 1478 1229 gratia
1506 1158 1758 1210 miscent
1957 1154 2236 1210 Terrebat
2264 1154 2480 1226 plures,
2515 1159 2571 1211 et
2600 1156 2909 1228 desperare
2932 1156 3138 1231 coegit,

197 1244 294 1299 Hae
327 1243 376 1299 si
410 1244 756 1314 conjunctae,
789 1244 1155 1315 generabunt
1185 1245 1343 1316 pacis
1374 1260 1653 1299 amorem.
1956 1242 2259 1299 Clamabat
2286 1243 2537 1316 populus
2568 1244 2678 1299 sub
2709 1248 2869 1301 tante
2901 1246 3164 1318 pondere
3195 1262 3458 1318 pressus,

198 1332 324 1388 Non
356 1331 530 1386 laudo
560 1332 812 1403 pondus,
847 1332 999 1403 quod
1033 1348 1205 1395 nemo
1229 1330 1377 1387 ferre
1404 1330 1638 1385 valebit.
1955 1332 2324 1388 Vociferabat
2354 1332 2529 1388 homo
2560 1333 2752 1389 fessus
2785 1332 3128 1407 religamine
3156 1334 3325 1403 duro,

202 1420 435 1476 Viribus
464 1419 745 1492 inspectis
778 1420 1044 1476 onerabit
1072 1420 1260 1492 gratia
1288 1418 1507 1491 lapsos.
1956 1421 2075 1476 Hoc
2105 1438 2219 1476 non
2254 1438 2424 1493 posse
2456 1422 2596 1494 pati,
2633 1422 2751 1478 fore
2780 1426 3014 1496 tempus
3038 1423 3164 1495 jam
3197 1422 3538 1480 miserendi.

197 1511 318 1566 Rex
352 1509 633 1564 Dominus
664 1507 813 1576 caeli,
848 1509 1202 1576 miserando,
1228 1507 1545 1580 judiciales
1955 1509 2189 1565 Audivit
2209 1510 2492 1566 Dominus
2524 1510 2867 1580 clamantes,
2900 1514 2958 1567 et
2987 1511 3338 1568 miserorum

195 1599 575 1655 Abscondens
605 1615 831 1671 pcenas,
863 1614 1172 1653 conversos
1203 1598 1455 1670 protegit
1483 1597 1701 1652 hostes.
1957 1598 2279 1671 Respondit
2308 1598 2566 1671 gemitus
2597 1597 2769 1656 solita
2797 1600 3014 1673 pietate
3043 1604 3285 1656 creator.

196 1689 273 1761 (9)
308 1689 473 1744 Hunc
506 1687 923 1760 imitare,peto,
948 1687 1039 1759 pie
1062 1705 1159 1742 rex
1184 1686 1470 1751 Heinrice,
1501 1686 1844 1753 Tonantem,
1954 1686 2128 1742 Venit
2156 1688 2214 1742 in
2243 1687 2399 1743 hunc
2431 1689 2722 1743 mundum
2753 1686 2946 1745 carnis
2974 1687 3202 1745 velatus
3230 1688 3291 1744 in
3323 1689 3555 1763 umbra,

196 1779 306 1843 Qui
341 1777 552 1834 misero
582 1776 788 1850 parcit,
820 1777 1113 1849 parcendo
1144 1775 1389 1831 crimina
1419 1774 1605 1847 punit,
1878 1808 1925 1873 Β
1956 1775 2208 1832 Humani
2239 1777 2469 1847 generis
2490 1777 2780 1841 formator
2809 1781 2867 1833 et
2897 1778 3023 1850 ipse
3045 1778 3400 1851 redemptor.

195 1868 291 1923 Sic
324 1870 640 1938 utrumque
669 1866 890 1920 bonum
924 1865 1127 1920 doceat
1151 1880 1395 1936 regnare
1426 1866 1759 1935 patronum,
1880 1864 1923 1873 “’
1960 1865 2084 1921 Non
2119 1864 2334 1938 repulit
2363 1864 2572 1939 legem,
2608 1867 2708 1922 sed
2732 1867 2967 1938 justum
2999 1867 3148 1923 dans
3179 1869 3580 1938 moderamen,

197 1957 302 2012 Per
328 1972 501 2028 quem
535 1954 627 2010 lex
658 1953 848 2019 feriat,
884 1970 997 2023 quo
1030 1953 1214 2024 legem
1249 1952 1438 2025 gratia
1470 1955 1656 2007 sanet.
1959 1955 2039 2009 Ne
2070 1958 2393 2010 moreretur
2420 1955 2618 2021 homo,
2649 1955 2880 2011 veniam
2904 1972 3039 2011 cum
3072 1954 3198 2029 lege
3225 1956 3435 2014 locavit
3462 1975 3477 2026 ;

195 2045 334 2112 Hoc,
367 2043 714 2109 venerande,
743 2041 846 2097 tibi
879 2040 1207 2114 praedixerit
1240 2041 1380 2096 ordo
1412 2039 1701 2103 sacrandi,
1959 2043 2031 2099 Ut
2063 2061 2198 2099 cum
2221 2043 2311 2099 lex
2343 2049 2591 2100 mortem
2626 2045 2949 2117 promittat,
2981 2045 3172 2119 gratia
3198 2046 3378 2102 vitam
3413 2062 3427 2103 :

195 2134 342 2190 Cum
376 2131 585 2207 praesul
618 2130 880 2204 gladium
912 2129 1154 2186 femoris
1184 2128 1466 2202 vertigine
1492 2128 1694 2201 cingit,
1958 2132 2155 2205 Erigat
2183 2132 2293 2188 hac
2317 2132 2594 2200 humiles,
2626 2138 2694 2188 ut
2722 2132 2968 2205 dissipet
2990 2132 3092 2188 illa
3121 2133 3370 2190 rebelles

196 2224 349 2279 Dum
381 2239 480 2278 rex
509 2221 693 2277 iratus
724 2220 903 2275 fueris
934 2219 1267 2275 miserando
1299 2218 1550 2289 quiesce.
1957 2220 2281 2277 Conversus
2314 2221 2539 2277 veniam
2558 2222 2742 2293 judex
2771 2238 2885 2277 non
2919 2222 3170 2295 abneget
3197 2222 3379 2279 ullus.

198 2317 355 2368 Dura
385 2311 649 2367 foventur
678 2309 870 2381 aquis,
903 2308 1221 2364 durescant
1249 2307 1403 2362 lenia
1436 2306 1688 2361 flammis
1714 2324 1727 2374 ;
1957 2310 2050 2366 Sic
2081 2310 2235 2365 Deus
2263 2310 2631 2382 omnipotens
2663 2327 2766 2382 per
2791 2314 2954 2366 vates
2984 2310 3211 2366 dixerat
3240 2310 3380 2367 olim
3415 2330 3428 2368 :

195 2403 572 2472 Alternatque
599 2399 753 2456 vices
784 2399 1094 2455 moderata:
1117 2398 1220 2469 jus
1249 2395 1514 2452 rationis.
1957 2396 2098 2453 Nolo
2132 2398 2427 2470 peccantis
2458 2402 2727 2467 mortem,
2761 2414 2867 2454 nec
2895 2398 3121 2471 gaudeo
3152 2415 3319 2471 paena
3351 2416 3364 2455 :

196 2492 343 2547 Hinc
375 2492 616 2545 adamas
646 2488 831 2543 durus
862 2485 1118 2543 solvetur
1138 2485 1421 2558 sanguine
1452 2483 1612 2539 molli
1643 2502 1656 2549 ;
1955 2491 2355 2552 Convertatur,
2388 2486 2488 2554 ait,
2522 2486 2695 2555 vivat,
2729 2486 2871 2542 mihi
2908 2486 3120 2545 serviat
3148 2487 3295 2560 ipse,

197 2580 538 2637 Conseritur
565 2578 781 2633 vitrum
814 2575 1026 2633 melius
1056 2592 1160 2647 per
1187 2574 1420 2630 vincula
1450 2573 1672 2647 plumbi
1708 2590 1720 2628 :
1955 2578 2341 2630 Conservatus
2372 2574 2570 2642 homo,
2604 2591 2779 2647 quem
2813 2575 3007 2648 prisca
3034 2576 3096 2631 in
3127 2577 3266 2633 sede
3293 2591 3532 2649 repono.

199 2671 440 2726 Ferrum
472 2683 607 2724 cum
637 2664 778 2721 limo
810 2681 1007 2720 massa
1038 2665 1279 2719 cadente
1312 2662 1602 2734 liquescit.
1956 2664 2123 2719 Nunc
2153 2664 2307 2719 idem
2338 2663 2623 2719 Dominus
2649 2664 2887 2720 veniens
2918 2664 2976 2719 in
3009 2664 3268 2737 tegmine
3298 2666 3493 2722 carnis

197 2759 268 2814 Et
297 2762 505 2814 natura
527 2755 697 2827 jubet
726 2752 942 2809 mutari
973 2752 1166 2809 tristia
1196 2751 1432 2808 blandis
1465 2770 1477 2807 :
1958 2752 2155 2824 Inquit
2186 2769 2198 2807 :
2234 2751 2547 2824 Discipulis
2571 2752 2681 2807 hoc
2712 2752 2949 2817 mando,
2982 2753 3210 2822 discite,
3244 2753 3473 2810 cunctis
3507 2770 3522 2809 :

200 2849 334 2905 Post
364 2846 616 2913 acidum,
650 2842 880 2899 dulcem
914 2846 1149 2915 praestat
1179 2846 1418 2913 gustare
1446 2857 1737 2913 saporem,
1957 2840 2217 2896 Crimina
2242 2841 2582 2913 pmniteant,
2611 2844 2669 2896 et
2689 2841 2809 2896 vita
2836 2845 3070 2913 perpete
3092 2840 3308 2898 vivant.

198 2937 337 2992 Post
369 2933 586 3001 dulces,
619 2932 817 2988 acidos
847 2932 1060 2986 iterum
1093 2930 1447 2986 confundere
1478 2934 1687 3003 gustus
1957 2930 2265 2984 Peccatum
2299 2932 2516 3001 pereat,
2551 2933 2821 3000 peccator
2848 2929 3037 2985 vivere
3067 2930 3276 2986 discat.

196 3027 325 3082 Non
357 3025 477 3080 haec
506 3025 816 3095 propterea
844 3020 976 3090 tibi,
1010 3036 1127 3087 rex,
1160 3035 1398 3073 narrare
1430 3018 1649 3090 paravi,
1957 3017 2065 3082 Qui
2097 3034 2160 3073 se
2188 3018 2492 3085 convertit,
2522 3035 2637 3072 non
2672 3022 2763 3074 est
2792 3018 2886 3073 hic
2914 3018 3016 3089 qui
3048 3019 3161 3074 fuit
3191 3018 3356 3075 olim.

198 3116 273 3171 Ut
301 3119 359 3170 te
389 3112 731 3169 clementem
763 3108 1067 3165 dominum
1100 3107 1378 3180 regnique
1404 3112 1703 3180 parentem
1887 3174 1918 3180 _
1959 3108 2080 3162 Non
2115 3107 2305 3162 dicam
2337 3106 2433 3162 hic
2462 3107 2589 3162 vita
2616 3107 2757 3179 quid
2786 3106 2863 3163 sit
2891 3106 3202 3164 clementia
3227 3125 3398 3165 verax
3433 3126 3446 3164 :

199 3204 343 3270 Quis
375 3202 621 3265 dubitet,
657 3199 759 3255 sed
790 3214 889 3254 eos
921 3198 1019 3269 qui
1050 3174 1438 3268 tantum-lege
1463 3199 1768 3251 moventur
1878 3174 1919 3240 (ἶ
1960 3197 2122 3260 Quod
2154 3197 2337 3269 gratis
2366 3196 2603 3251 dabitur
2631 3174 2941 3252 clementia
2963 3196 3099 3268 jure
3126 3202 3387 3254 vocatur.

199 3292 500 3363 Castigare
527 3289 683 3355 libet,
717 3288 933 3361 quibus
959 3287 1079 3343 haec
1114 3286 1210 3359 pia
1238 3286 1513 3357 dogmata
1542 3286 1729 3341 trado.
1959 3285 2065 3349 Qui
2099 3285 2306 3356 recipit
2335 3286 2637 3353 meritum,
2660 3286 2892 3341 veniam
2924 3285 3058 3357 quis
3089 3286 3300 3343 dixerit
3329 3286 3515 3343 illud?

272 3383 419 3438 Cum
452 3379 606 3435 Deus
636 3377 1008 3448 omnipotens
1030 3375 1089 3430 in
1123 3375 1343 3430 mundo
1375 3376 1584 3430 cuncta
1614 3375 1849 3442 creavit,
1960 3374 2019 3429 Si
2052 3373 2186 3445 quis
2216 3373 2477 3446 peccanti
2509 3390 2784 3429 converso
2814 3372 2940 3429 vult
2968 3374 3255 3442 misereri,

198 3471 376 3529 Solus
404 3469 580 3525 homo
601 3467 752 3523 liber
779 3465 1035 3538 percepit
1062 3466 1216 3521 dona
1245 3463 1515 3520 creantis.
1962 3462 2047 3530 Et,
2082 3478 2327 3534 parcens
2360 3462 2595 3529 misero,
2627 3463 2945 3518 vindictam
2973 3480 3207 3519 sumere
3236 3463 3444 3531 nescit,

194 3563 332 3618 Mox
364 3559 693 3615 libertatem
726 3555 977 3628 primam
1008 3570 1154 3627 vaga
1183 3571 1350 3609 mens
1380 3554 1623 3609 vitiavit.
1963 3551 2066 3606 Hic
2092 3550 2323 3606 veniam
2353 3551 2598 3619 tribuit;
2630 3550 2714 3607 sic
2745 3568 2976 3623 poenam
3008 3552 3195 3623 gratia
3224 3552 3468 3625 spernit.

193 3652 512 3723 Capetum.
542 3645 740 3702 miseri
771 3646 923 3705 dono
956 3643 1200 3699 rationis
1230 3641 1393 3698 abuti
1419 3661 1433 3711 ;
1964 3639 2315 3712 Propitietur
2343 3639 2518 3696 homo
2551 3639 2828 3695 confratri
2855 3639 3102 3696 crimine
3129 3639 3316 3714 lapso.

194 3743 273 3797 Et
302 3736 563 3812 potuisse
594 3734 836 3800 malum,
869 3732 1046 3789 traxit
1074 3736 1305 3799 natura,
1337 3749 1439 3805 per
1469 3749 1665 3787 usum.
1964 3729 2070 3793 Qui
2103 3728 2258 3785 cadit
2286 3733 2344 3784 et
2374 3729 2726 3802 surgit,spes
2756 3732 2845 3784 est
2874 3732 2938 3784 ut
2966 3728 3156 3786 vivere
3186 3731 3391 3803 possit.

194 3832 349 3887 Ecce
381 3827 537 3883 Deus
568 3824 755 3897 legem
787 3821 1197 3895 superaddidit
1226 3820 1335 3876 hoc
1368 3821 1802 3892 reprimentem,
1966 3818 2181 3874 Omnes
2207 3834 2538 3890 peccamus,
2575 3818 2953 3889 peccantibus
2985 3817 3095 3874 hoc
3126 3819 3412 3877 faciamus

194 3918 389 3990 Cujus
417 3919 820 3986 transgressor
848 3928 964 3967 non
997 3910 1330 3983 impunitus
1361 3908 1566 3975 abiret,
1967 3908 2129 3973 Quod
2160 3905 2446 3962 Dominus
2480 3906 2651 3961 nobis
2682 3905 2780 3977 qui
2814 3904 3072 3962 clemens
3103 3910 3193 3963 est
3221 3907 3501 3976 inimicis,

194 4012 287 4065 Ac
318 4020 546 4078 poenam
578 4005 846 4058 metuens
874 4000 1073 4056 redeat
1102 4014 1373 4071 perversa
1402 3996 1672 4053 voluntas
1966 4001 2106 4052 Cum
2138 3994 2366 4051 veniam
2397 3994 2593 4063 laudo,
2626 4011 2742 4049 non
2775 3992 2962 4067 legem
2993 3999 3255 4051 temnere
3284 4012 3501 4069 quare.

196 4094 628 4165 Judiciumque
657 4090 861 4163 probet
886 4105 1063 4161 quam
1097 4087 1174 4144 sit
1203 4103 1442 4160 peccare
1471 4086 1819 4160 malignum.
1970 4086 2085 4141 Lex
2115 4085 2269 4139 bona
2299 4083 2349 4139 si
2378 4083 2608 4139 veniam
2640 4083 2814 4138 dorso
2836 4085 3069 4155 portare
3100 4083 3381 4151 studebit,

199 4186 307 4243 Sic
334 4166 621 4240 Dominus
650 4178 907 4235 clemens
937 4193 1135 4234 servos
1165 4192 1431 4232 revocare
1459 4174 1705 4231 volebat.
1969 4173 2168 4230 Gratia
2196 4177 2337 4228 tunc
2367 4173 2626 4244 prodest,
2662 4188 2797 4228 cum
2829 4171 2922 4227 lex
2951 4173 3315 4244 praecesserit
3340 4172 3524 4231 illam.

200 4276 337 4332 Non
368 4270 504 4327 tulit
526 4268 670 4324 illud
701 4266 899 4334 homo,
933 4264 1146 4337 pcenali
1177 4264 1304 4337 lege
1332 4268 1626 4337 gravatus,
1969 4262 2039 4317 Et
2068 4261 2158 4317 lex
2181 4261 2459 4326 obstanti,
2493 4261 2594 4316 sed
2622 4258 2810 4334 gratia
2840 4260 2920 4315 sit
2949 4261 3215 4317 redeunti
3251 4280 3265 4319 :

201 4365 284 4421 Ut
316 4378 419 4436 per
440 4358 759 4415 vindictam
786 4358 983 4429 posset
1002 4370 1369 4426 compescere
1399 4352 1631 4426 culpam
1668 4371 1681 4421 ;
1971 4352 2065 4406 Sic
2099 4350 2157 4404 in
2192 4354 2440 4422 utroque
2470 4350 2623 4405 bono
2655 4348 2895 4404 dabitur
2923 4349 3244 4406 consistam
3274 4351 3519 4407 mundo.

200 4454 282 4510 Et
313 4449 559 4507 mortale
581 4449 796 4520 jugum
827 4446 966 4501 lassa
995 4444 1215 4500 cervice
1245 4442 1495 4498 dolebat.
2044 4440 2209 4495 Nunc
2240 4438 2345 4493 tibi
2379 4437 2456 4493 sit
2488 4437 2603 4511 regi
2630 4454 2742 4510 pax
2770 4440 2828 4493 et
2854 4436 3167 4495 clementia
3195 4437 3413 4496 Christi
3447 4457 3461 4495 :

200 4541 541 4604 Occidatur,
575 4537 676 4601 ait,
706 4535 816 4603 lex,
852 4534 953 4607 qui
984 4532 1164 4589 semel
1197 4536 1285 4589 est
1314 4531 1629 4599 homicida,
1896 4548 1941 4613 D
1972 4530 2060 4584 Tu
2091 4528 2360 4600 princeps
2392 4526 2551 4582 orbis
2582 4526 2665 4582 sis
2694 4525 2910 4581 Christi
2940 4543 3184 4583 munere
3213 4524 3403 4599 fortis,

201 4633 280 4687 Et
313 4628 412 4702 qui
447 4625 768 4683 mmcbetur
796 4639 931 4680 cum
962 4620 1188 4678 moecha
1220 4638 1350 4677 mox
1383 4619 1673 4692 lapidetur
1706 4638 1718 4687 ;
1975 4619 2061 4672 Tu
2097 4616 2381 4672 Dominus
2412 4615 2577 4688 regni
2606 4615 2766 4671 vivas
2796 4614 2854 4671 in
2888 4632 3027 4688 pace
3057 4617 3323 4688 perenni.

202 4721 370 4777 Dens
402 4733 505 4791 pro
537 4716 708 4771 dente
734 4713 904 4769 cadat
932 4731 944 4780 ;
978 4710 1176 4766 lumen
1210 4726 1313 4783 pro
1344 4708 1568 4764 lumine
1598 4710 1772 4765 vadat
1798 4727 1810 4777 ;
1975 4706 2068 4762 Sic
2096 4704 2223 4761 vult
2250 4705 2465 4777 Wippo
2497 4710 2635 4761 tuus
2657 4721 2793 4760 cum
2826 4704 2942 4760 ﬁdo
2973 4708 3204 4777 pectore
3228 4720 3453 4762 servus.

287 4843 366 4915 (9)
392 4843 451 4897 ln
486 4856 597 4895 ms.
634 4836 900 4910 margine
934 4854 947 4892 :
982 4836 1304 4891 CONSILIUM
1335 4833 1584 4889 Gnarus.

206 4982 3617 5017 ww

1097 5124 1411 5197 VERSUS
1466 5120 1884 5195 WIPPONIS
1936 5120 2053 5192 AD
2106 5117 2468 5193 MENSAM
2520 5117 2768 5189 REGIS

1642 5278 1705 5324 IN
1748 5278 1979 5324 NATALI
2023 5276 2239 5323 DOHINI

1733 5398 2145 5414 ﬂ

204 5511 452 5588 Regalis
483 5515 667 5569 ccetus
697 5509 774 5566 sit
804 5507 864 5564 in
894 5507 1008 5563 isto
1042 5509 1305 5577 tempore
1334 5502 1524 5575 laetus,
1989 5504 2147 5557 Inter
2173 5496 2494 5588 laetandum
2527 5511 2622 5552 res
2653 5496 2870 5588 suadet
2884 5492 3497 5588 commemorandum,

295 5582 417 5669 Quo
447 5601 547 5657 lux
573 5600 631 5655 in
667 5596 917 5654 tenebris
948 5592 1207 5651 exoritur
1234 5589 1465 5668 populis
2062 5588 2225 5658 Quod
2255 5586 2409 5645 Deus
2440 5588 2530 5644 est
2559 5588 2756 5655 natus,
2791 5582 2972 5642 Filius
3002 5585 3128 5659 ipse
3159 5584 3354 5642 datus.

544 5728 811 5791 PATROL.
860 5722 1093 5787 CXLII.
3245 5708 3325 5771 40
