4060 6174
472 311 630 374 1269
1701 305 2094 370 WIPPONIS
2136 303 2657 370 PRESBYTERI.
3633 312 3740 376 l260

473 443 654 500 Parva
683 442 846 498 dedit
875 441 1134 498 Bethlem
1165 440 1238 498 de
1268 457 1480 514 magno
1500 441 1764 514 germine
1793 457 2026 515 panem,
2151 443 2206 508 Α
2237 441 2348 496 Bos
2379 440 2576 496 renuit
2604 441 2802 496 fenum
2833 456 2966 496 eum
2997 439 3141 496 vidit
3168 439 3346 497 nobile
3371 457 3574 515 granum

543 532 651 598 Qui
674 531 885 588 satiare
914 529 1064 586 valet
1093 529 1380 603 quidquid
1408 530 1628 602 ubique
1657 533 1873 586 manet.
2307 531 2378 585 Et
2407 545 2661 602 praesepe
2690 528 2790 585 Dei
2813 535 3092 602 praecavet
3121 547 3184 586 os
3209 531 3366 586 asini.

470 621 688 678 Panem
719 620 790 676 de
818 618 962 676 ccelo
992 618 1248 692 porrexit
1278 619 1466 693 gratia
1497 619 1716 674 mundo
1743 637 1756 688 ;
2229 617 2406 690 Virgo
2438 617 2639 684 Maria,
2671 618 2823 684 vide,
2853 618 3119 676 mirando
3149 619 3282 676 talia
3307 620 3419 678 ride
3446 640 3458 677 :

542 708 717 765 Panis
747 709 913 765 adest
941 709 1108 764 vivus
1139 713 1572 782 perpetuusque
1603 707 1790 764 cibus.
2304 709 2385 762 Ex
2413 711 2468 763 te
2498 723 2602 779 per
2630 708 2875 764 verbum
2907 725 3076 765 cerne
3105 708 3280 764 Deum
3301 708 3546 783 genitum.

473 797 925 856 Fons'salientis
955 815 1144 871 aquae,
1177 797 1404 854 diffusae
1435 796 1644 870 pocula
1669 797 1836 862 vitae;
2234 798 2353 852 Rex
2386 797 2478 869 pie
2509 795 2778 861 caelestis,
2813 797 3032 854 nostris
3061 797 3291 854 illabere
3319 799 3466 855 festis

543 887 688 944 Hinc
718 887 1054 961 quicunque
1087 887 1265 952 bibet,
1299 903 1414 942 non
1443 886 1656 942 iterum
1686 885 1864 940 sitiet.
2305 885 2389 941 Da
2421 887 2674 941 fructum
2707 886 2891 956 pacis,
2925 885 3076 942 sicut
3107 887 3313 960 ubique
3343 887 3489 956 facis,

473 977 662 1035 Mellis
692 977 938 1034 dulcedo
968 994 1074 1051 per
1095 976 1393 1033 Christum
1426 974 1590 1030 ﬂuxit
1618 973 1872 1048 olympo,
2021 998 2029 1006 τ
2236 973 2502 1030 Heinrico
2533 973 2653 1045 regi
2685 973 2945 1047 digneris
2975 975 3273 1048 propitiari

543 1067 618 1123 Ut
646 1067 882 1141 sapiant
915 1064 1118 1122 famuli
1149 1065 1390 1122 delicias
1421 1063 1652 1120 Domini
1681 1081 1694 1132 ;
2308 1063 2375 1118 Ut
2409 1079 2544 1118 cum
2577 1061 2779 1119 laetitia
2809 1063 3109 1136 pertrahat
3136 1064 3338 1120 officia.

1504 1407 2190 1524 PROVEllBlA
2276 1407 2886 1524 WlPl’ON-IS

1093 1625 1330 1686 EDITA
1374 1625 1476 1684 AD
1523 1619 1933 1684 HENRICUM
1977 1619 2378 1682 CUONRADI
2423 1620 2956 1684 IMPERATORIS
3001 1624 3270 1687 FlLlUM

703 1787 892 1861 (Apud
923 1786 1165 1842 Marten.
1198 1785 1379 1856 Ampi.
1415 1783 1630 1839 Collect.
1667 1781 1755 1850 IX,
1793 1781 1950 1847 1095,
1982 1795 2052 1834 ex
2077 1781 2450 1851 manuscriplo
2475 1783 2536 1836 S.
2570 1781 2817 1839 Matthiw
2846 1783 3182 1839 Trevirensz's
3209 1801 3468 1840 annorum
3491 1784 3618 1854 500.)

479 2037 692 2112 Incipit
719 2037 1042 2103 inventum,
1073 2035 1328 2092 referens
1350 2032 1653 2106 proverbia
1680 2035 1938 2088 centum.
2156 2030 2205 2096 B
2307 2026 2414 2085 Ubi
2446 2034 2672 2102 pugnat
2698 2035 2907 2087 sancta
2937 2032 3143 2100 oratio,
3170 2033 3250 2089 ibi
3279 2033 3516 2090 vincitur
3542 2030 3780 2088 tribulatio.

547 2128 721 2184 Decet
749 2142 946 2200 regem
976 2124 1198 2181 discere
1226 2121 1653 2196 legem.Audiat
1683 2138 1781 2177 rex
1811 2119 1964 2192 quod
1988 2135 2130 2190 prae-
2311 2117 2678 2174 Incessanter
2705 2137 2870 2176 orare
2901 2125 2992 2176 est
3021 2121 3234 2178 delicta
3263 2139 3512 2196 purgare.

479 2218 620 2290 cipit
648 2215 758 2272 lex.
791 2215 1004 2286 Legem
1033 2229 1262 2269 servare
1292 2211 1401 2267 hoc
1426 2214 1514 2267 est
1546 2226 1808 2284 regnare.
2313 2206 2463 2261 Bene
2492 2213 2620 2262 orat
2649 2207 2750 2280 qui
2779 2208 2839 2264 in
2871 2210 3042 2266 corde
3068 2209 3278 2283 plorat.

551 2304 769 2362 Notitia
795 2302 1125 2359 litterarum
1154 2301 1256 2356 lux
1284 2303 1374 2356 est
1403 2299 1732 2355 animarum
2308 2295 2608 2367 Jejunium
2635 2299 2780 2354 forte
2805 2297 3016 2354 liberat
3047 2301 3304 2356 secunda
3330 2304 3492 2358 certe.

551 2392 776 2466 Saepius
805 2389 1041 2447 offendit
1068 2387 1169 2462 qui
1198 2388 1398 2444 lumen
1429 2403 1545 2442 non
1577 2387 1842 2443 attendit.
2311 2385 2418 2450 Qui
2441 2401 2556 2440 non
2581 2391 2769 2458 potest
2776 2388 3267 2460 jejunare,discat
3285 2389 3786 2464 eleemosynamdm.

551 2483 659 2549 Qui
689 2481 867 2538 habet
885 2477 1214 2545 scientiam,
1247 2481 1417 2533 ornat
1446 2475 1820 2533 sententiam.
2312 2473 2462 2530 Bene
2483 2474 2762 2546 jubilabit
2793 2477 2890 2549 qui
2923 2494 2958 2532 a
2986 2478 3139 2534 bono
3171 2497 3287 2534 non
3319 2480 3568 2536 cessabit.

549 2571 756 2630 Melior
783 2573 872 2626 est
901 2566 1189 2640 sapientia
1219 2582 1396 2639 quam
1429 2563 1728 2622 saecularis
1759 2562 2036 2636 potentia.
2311 2561 2519 2620 Melius
2549 2568 2637 2619 est
2667 2564 2960 2621 interdum
2993 2567 3254 2625 dormire
3297 2585 3464 2640 quam
3490 2567 3683 2623 diabolo
3707 2581 3790 2621 ser-

552 2660 690 2718 Plus
720 2658 934 2716 unicus
965 2673 1178 2713 sensus
1204 2670 1379 2728 quam
1414 2653 1717 2726 multiplex
1742 2669 1976 2710 census.
2239 2651 2378 2707 vire.

550 2751 652 2806 Est
680 2748 914 2822 sapiens
947 2744 1200 2802 multum
1233 2743 1334 2816 qui
1367 2748 1526 2798 amat
1555 2742 1656 2798 Dei
1687 2740 1930 2796 cultum.
2310 2739 2573 2796 Dormire
2599 2757 2714 2798 non
2745 2741 2998 2798 multum
3039 2744 3326 2802 exhilarat
3353 2745 3577 2802 vultum.

548 2839 653 2895 Vir
681 2837 871 2894 ﬁdelis
903 2838 1222 2892 coronatur
1250 2833 1309 2888 in
1341 2832 1527 2888 caelis.
2311 2829 2416 2894 Qui
2447 2846 2508 2885 se
2538 2829 2756 2886 fatetur
2788 2831 3176 2906 reum,placat
3210 2836 3408 2891 Deum.

554 2929 706 2984 Bene
727 2923 910 2983 credit
939 2923 1040 2997 qui
1072 2922 1366 2978 neminem
1395 2921 1570 2977 laedit.
1870 2931 1872 2934 '
2311 2917 2415 2973 Ubi
2444 2923 2532 2974 est
2559 2936 2692 2974 vera
2723 2920 3084 2992 pcnnitentia,
3117 2923 3200 2978 ibi
3232 2923 3333 2980 Dei
3362 2921 3650 2980 clementia.

555 3016 662 3082 Qui
695 3015 849 3071 fidus
879 3011 1094 3070 seniori
1124 3011 1490 3085 approximat
1519 3010 1746 3066 honori.
2309 3005 2548 3079 Oportet
2575 3008 2732 3064 enim
2761 3026 2996 3081 parcere
3017 3011 3116 3066 diu
3142 3013 3352 3084 positis
3381 3013 3435 3068 in
3465 3027 3676 3068 carcere.

557 3105 666 3173 Qui
695 3101 936 3161 conﬁdit
964 3101 1026 3157 in
1058 3101 1176 3156 Deo
1206 3101 1374 3158 fortis
1403 3105 1492 3156 est
1521 3105 1586 3154 ut
1615 3099 1723 3154 leo.
2309 3095 2492 3152 Valde
2521 3097 2814 3170 decipitur
2841 3099 2943 3171 qui
2965 3116 3276 3173 nunquam
3299 3101 3588 3174 corripitur

558 3195 768 3252 Melius
799 3195 889 3250 est
915 3192 975 3248 in
1007 3190 1124 3247 Deo
1154 3206 1388 3264 sperare
1417 3205 1596 3261 quam
1624 3187 1859 3244 divitias
1889 3202 2132 3260 congre-
2309 3185 2652 3242 Amicabilis
2679 3187 3000 3260 increpatio
3029 3205 3148 3244 non
3179 3195 3273 3247 est
3303 3188 3595 3247 damnatio.

483 3301 640 3360 gare.
2312 3273 2514 3330 Oleum
2546 3276 2866 3347 peccatoris
2891 3275 3020 3333 laus
3049 3283 3142 3334 est
3173 3280 3505 3336 adulatoria.

554 3370 900 3430 Fortissime
929 3385 1064 3457 spes
1095 3367 1396 3457 beatificat
1412 3383 1533 3457 res.
2159 3388 2202 3457 α
2450 3361 2624 3436 longa
2652 3364 3034 3457 ebrietas,_ibi
3066 3368 3264 3424 brevis
3293 3372 3384 3426 est
3409 3369 3596 3441 pietas.

515 3515 521 3524 ,
551 3460 817 3516 Charitas
847 3473 964 3514 non
994 3456 1129 3512 ﬁcta
1157 3449 1280 3512 odit
1309 3454 1544 3511 delicta.
2165 3449 2202 3457 “
2309 3451 2524 3508 Vinum
2557 3451 2810 3510 multum
2841 3459 2900 3510 et
2929 3455 3075 3511 forte
3104 3473 3320 3528 parum
3349 3457 3519 3513 distat
3538 3473 3568 3511 a
3592 3455 3752 3510 morte.

553 3547 660 3616 Qui
693 3545 887 3620 diligit
917 3545 1182 3617 fratrem,
1208 3543 1400 3616 placat
1428 3542 1612 3598 Deum
1643 3545 1702 3598 et
1731 3545 1975 3614 patrem.
2311 3540 2418 3596 Per
2447 3541 2751 3614 crapulam
2783 3543 2898 3598 cibi
2929 3549 2987 3600 et
3016 3549 3194 3616 potus
3224 3547 3377 3619 perit
3404 3545 3564 3601 homo
3585 3545 3727 3598 totus.

555 3638 824 3709 Regnum
855 3632 1136 3690 ccelorum
1167 3648 1284 3687 non
1315 3635 1404 3686 est
1433 3631 1786 3686 invidorum.
2310 3633 2419 3684 Per
2443 3630 2862 3688 moderantiam
2898 3633 3241 3705 pervenitur
3269 3635 3342 3691 ad
3373 3631 3751 3690 abundantiam.

552 3724 764 3783 Melius
791 3725 882 3780 est
909 3719 1208 3777 humiliari
1241 3736 1418 3792 quam
1451 3719 1714 3775 exaltari.
2311 3717 2676 3775 Mediocriter
2704 3719 2876 3792 plura
2905 3722 3120 3795 gaudet
3145 3729 3378 3781 natura.

553 3811 805 3872 Humilis
833 3811 1010 3868 homo
1032 3809 1360 3882 triumphat
1389 3809 1447 3864 in
1481 3809 1674 3864 domo.
2311 3807 2684 3864 Proverbium
2719 3826 2732 3865 :
2764 3811 2841 3866 Ne
2870 3811 3002 3884 quid
3030 3814 3204 3870 nimis
3235 3813 3502 3878 lmdatur
3527 3813 3578 3868 in
3607 3804 3778 3882 primis.

551 3903 662 3970 Qui
689 3903 796 3977 per
821 3901 1007 3958 ardua
1035 3898 1214 3964 vadit,
1245 3897 1460 3970 saepius
1491 3897 1665 3952 cadit.
2308 3895 2550 3952 Juvenis
2581 3898 2886 3956 animosus
2913 3917 3090 3958 senex
3116 3904 3188 3960 fit
3217 3903 3520 3977 gloriosus.

549 3993 673 4050 Viri
701 3992 876 4048 mites
904 3992 1162 4046 renuunt
1187 3986 1340 4043 lites.
2311 3985 2417 4050 Qui
2449 3987 2726 4058 torpescit
2755 3989 2896 4044 dum
2923 3989 3092 4059 calet,
3121 3992 3374 4066 frigidus
3404 3990 3536 4046 nihil
3567 3987 3702 4042 valet.

551 4083 661 4150 Qui
689 4079 925 4138 assidue
947 4077 1230 4144 rixantur,
1261 4093 1296 4132 a
1325 4075 1529 4148 paucis
1559 4080 1853 4132 amantur.
2312 4075 2420 4141 Qui
2450 4082 2615 4132 vacat
2643 4076 2700 4132 in
2725 4078 3055 4151 juventute,
3079 4083 3359 4140 turbatur
3379 4081 3436 4137 in
3464 4078 3730 4138 senectute.

552 4171 738 4228 Malos
763 4185 870 4242 pro
900 4167 1016 4224 Deo
1046 4165 1295 4222 tolerare
1323 4169 1412 4222 est
1442 4181 1736 4236 superare.
2314 4163 2511 4220 Fortes
2540 4165 2646 4220 viri
2675 4169 2952 4224 omnibus
2974 4174 3116 4225 sunt
3145 4171 3306 4228 miri.

551 4260 720 4316 Pacis
753 4258 974 4314 donum
1007 4254 1285 4312 omnibus
1309 4257 1400 4309 est
1427 4254 1669 4309 bonum.
2313 4253 2498 4325 Reges
2527 4259 2584 4310 et
2610 4255 2886 4328 praesides
2915 4275 3030 4314 nou
3063 4259 3233 4316 decet
3261 4277 3390 4317 esse
3419 4257 3643 4315 desides.

553 4349 663 4418 Qui
693 4348 752 4404 in
783 4362 922 4419 pace
953 4344 1276 4402 fundantur
1301 4359 1416 4400 non
1447 4343 1837 4398 eradicantur.
2311 4339 2512 4396 Mundi
2546 4347 2797 4399 rectores
2820 4350 3051 4418 aequent
3071 4364 3209 4404 cum
3235 4350 3469 4404 nomine
3497 4359 3678 4402 mores.

552 4435 895 4495 Incendium
927 4432 1215 4490 bellorum
1247 4431 1542 4504 corruptio
1574 4436 1662 4488 est
1692 4447 1942 4486 morum.
2311 4429 2432 4483 Viri
2463 4431 2824 4502 pontiﬁcales
2855 4435 3076 4490 sanctis
3107 4443 3251 4492 sunt
3279 4435 3544 4512 aequales.

553 4527 739 4583 Homo
760 4521 1012 4596 pudicus
1041 4525 1130 4577 est
1160 4520 1368 4577 animae
1401 4519 1647 4576 amicus.
2311 4518 2517 4574 Medici
2550 4520 2881 4578 animarum
2911 4524 3244 4582 exerhitent
3271 4543 3497 4600 parum.

553 4614 660 4672 Ubi
688 4613 963 4684 frequens
991 4609 1245 4678 luxuria,
1274 4625 1390 4664 non
1423 4609 1610 4664 deerit
1639 4608 1902 4682 penuria.
2311 4611 2522 4664 Contra
2550 4608 2756 4683 lupum
2789 4611 3028 4685 vigilare
3047 4617 3137 4670 est
3167 4621 3377 4690 raptus
3403 4615 3588 4670 vitare.

549 4701 836 4775 Voluptas
866 4699 1168 4756 mundana
1198 4713 1430 4770 semper
1457 4702 1548 4754 est
1577 4715 1744 4753 vana.
2160 4757 2203 4776 ἢ
2312 4697 2416 4763 Qui
2441 4697 2677 4754 viduam
2709 4699 2989 4768 defendit,
3018 4703 3090 4758 ad
3125 4689 3426 4761 Christum
3459 4715 3631 4776 regem
3656 4689 3810 4752 tendit-

795 4788 1147 4846 sententiam
1177 4757 1398 4860 Oportet
1431 4786 1595 4859 sequi
1627 4787 2017 4843 clementiam.
2157 4757 2206 4822 Π
2309 4757 2416 4851 Qui
2447 4787 2705 4844 vindieat
2737 4757 3049 4862 pupillum,
3068 4757 3694 4850 iDeus-coeo‘nat‘illum.

549 4881 760 4940 Melius
789 4883 879 4937 est
907 4877 1204 4934 interdum
1250 4875 1551 4950 ignoscere
1600 4893 1779 4949 quam
1808 4876 2126 4932 vindictam
2310 4875 2639 4950 Pauperum
2671 4878 3002 4935 consolator
3025 4886 3114 4937 est
3141 4885 3373 4938 aeterna:
3404 4882 3525 4936 vitae
3549 4876 3747 4932 amatm'.

481 4986 738 5046 poscere.
2309 4962 2546 5036 Oportet
2576 4982 2776 5023 cavere
2802 4968 3120 5024 vanitatem
3151 4969 3372 5027 videre.

551 5060 658 5124 Qui
692 5059 1025 5125 miseretur,
1051 5055 1510 5112 misericordiam
1545 5057 1948 5128 consequetur.
2309 5051 2419 5108 Cor
2447 5053 2704 5110 incendit
2733 5055 2938 5114 oculus
2967 5063 3032 5114 ut
3063 5058 3352 5132 stipulam
3375 5055 3605 5116 foculus.

550 5147 810 5204 Verbum
839 5147 1100 5203 veritatis
1130 5145 1438 5201 subveniet
1459 5144 1762 5217 judicatis.
2309 5140 2591 5214 Voluptas
2622 5161 2737 5200 non
2767 5145 2892 5202 visa
2921 5145 3096 5203 citius
3125 5147 3238 5203 erit
3267 5147 3433 5204 elisa.

554 5234 760 5291 Falsus
791 5236 848 5291 in
881 5251 978 5290 ore
1009 5239 1162 5290 caret
1192 5234 1431 5290 honore.
2308 5231 2413 5295 Qui
2445 5229 2693 5288 libenter
2722 5235 2940 5290 bonum
2975 5235 3158 5307 audit,
3181 5236 3361 5293 corde
3390 5236 3564 5292 Deum
3591 5220 3784 5304 plaudit-

553 5323 660 5389 Qui
694 5322 946 5378 falsitate
973 5322 1135 5393 vivit,
1168 5321 1366 5378 omnia
1397 5322 1627 5379 occidit.
2309 5319 2516 5376 Melius
2547 5326 2637 5377 est
2667 5339 2982 5395 pauperem
3013 5325 3216 5381 audire
3238 5341 3421 5398 quam
3440 5321 3668 5404 sonitum
3691 5310 3808 5404 13'on

552 5410 660 5478 Qui
691 5414 781 5466 est
804 5409 1010 5467 hilaris
1040 5411 1224 5478 dator,
1259 5411 1415 5467 hunc
1445 5416 1605 5468 amat
1635 5410 1917 5467 Salvator.
2308 5408 2610 5466 Incassum
2644 5411 2891 5468 miseros
2913 5412 3096 5480 audit,
3124 5413 3223 5486 qui
3247 5395 3316 5470 os
3331 5417 3388 5468 et
3408 5424 3606 5468 manus
3619 5395 3806 5461 claudit-

549 5499 757 5558 Omnis
779 5515 990 5556 avarus
1022 5497 1165 5555 nulli
1197 5504 1286 5556 est
1314 5500 1548 5558 charus.
2308 5497 2534 5572 Lingua
2563 5498 2866 5571 placabilis
2897 5500 3056 5576 ligno
3083 5501 3210 5559 vita:
3241 5506 3336 5559 est
3362 5489 3747 5575 comparabilis-

550 5591 712 5660 Bona
739 5589 992 5649 tribuere
1023 5605 1137 5648 non
1165 5593 1250 5648 est
1282 5588 1567 5650 minuere.
2307 5586 2532 5662 Lingua
2561 5587 2766 5647 dolosa
2786 5607 3017 5669 semper
3042 5596 3131 5651 est
3157 5591 3386 5652 odiosa.
