  <div class='ocr_page' id='page_1' title='image "/cluster/home/n/w/nwhite01/storage/ocr_20150623/142/hvd.32044054760020/636.png"; bbox 0 0 4060 6174; ppageno 0'>
   <div class='ocr_carea' id='block_1_1' title="bbox 182 364 332 426">
    <p class='ocr_par' dir='ltr' id='par_1_1' title="bbox 182 364 332 426">
     <span class='ocr_line' id='line_1_1' title="bbox 182 364 332 426; baseline -0.007 -1"><span class='ocrx_word' id='word_1_1' title='bbox 182 364 332 426; x_wconf 71' lang='grc'><strong>1261</strong></span> 
     </span>
    </p>
   </div>
   <div class='ocr_carea' id='block_1_2' title="bbox 251 494 1520 571">
    <p class='ocr_par' dir='ltr' id='par_1_2' title="bbox 251 494 1520 571">
     <span class='ocr_line' id='line_1_2' title="bbox 251 494 1520 571; baseline 0 -17"><span class='ocrx_word' id='word_1_2' title='bbox 251 496 358 566; x_wconf 87' lang='lat' dir='ltr'>Qui</span> <span class='ocrx_word' id='word_1_3' title='bbox 389 494 657 569; x_wconf 76' lang='lat' dir='ltr'><strong>loquitur</strong></span> <span class='ocrx_word' id='word_1_4' title='bbox 689 496 951 554; x_wconf 82' lang='lat' dir='ltr'><strong>modeste</strong></span> <span class='ocrx_word' id='word_1_5' title='bbox 983 498 1131 556; x_wconf 91' lang='lat' dir='ltr'><strong>liber</strong></span> <span class='ocrx_word' id='word_1_6' title='bbox 1158 504 1248 556; x_wconf 90' lang='lat' dir='ltr'><strong>est</strong></span> <span class='ocrx_word' id='word_1_7' title='bbox 1276 516 1309 555; x_wconf 89' lang='lat' dir='ltr'><strong>a</strong></span> <span class='ocrx_word' id='word_1_8' title='bbox 1341 503 1520 571; x_wconf 97' lang='lat' dir='ltr'><strong>peste.</strong></span> 
     </span>
    </p>
   </div>
   <div class='ocr_carea' id='block_1_3' title="bbox 248 586 1557 661">
    <p class='ocr_par' dir='ltr' id='par_1_3' title="bbox 248 586 1557 661">
     <span class='ocr_line' id='line_1_3' title="bbox 248 586 1557 661; baseline 0.001 -18"><span class='ocrx_word' id='word_1_9' title='bbox 248 588 458 643; x_wconf 82' lang='lat' dir='ltr'><strong>Manus</strong></span> <span class='ocrx_word' id='word_1_10' title='bbox 488 586 613 642; x_wconf 91' lang='lat' dir='ltr'><strong>sine</strong></span> <span class='ocrx_word' id='word_1_11' title='bbox 644 603 816 659; x_wconf 88' lang='lat' dir='ltr'><strong>opere</strong></span> <span class='ocrx_word' id='word_1_12' title='bbox 846 589 1204 645; x_wconf 80' lang='lat' dir='ltr'><strong>mendicabit</strong></span> <span class='ocrx_word' id='word_1_13' title='bbox 1233 604 1497 661; x_wconf 81' lang='lat' dir='ltr'><strong>propere.</strong></span> <span class='ocrx_word' id='word_1_14' title='bbox 1556 630 1557 637; x_wconf 57' lang='grc' dir='ltr'><strong>η</strong></span> 
     </span>
    </p>
   </div>
   <div class='ocr_carea' id='block_1_4' title="bbox 248 674 1407 748">
    <p class='ocr_par' dir='ltr' id='par_1_4' title="bbox 248 674 1407 748">
     <span class='ocr_line' id='line_1_4' title="bbox 248 674 1407 748; baseline 0.001 -17"><span class='ocrx_word' id='word_1_15' title='bbox 248 677 530 731; x_wconf 87' lang='lat' dir='ltr'><strong>Manuum</strong></span> <span class='ocrx_word' id='word_1_16' title='bbox 564 674 794 731; x_wconf 82' lang='lat' dir='ltr'><strong>labores</strong></span> <span class='ocrx_word' id='word_1_17' title='bbox 827 681 1105 748; x_wconf 60' lang='lat' dir='ltr'><strong>praestant</strong></span> <span class='ocrx_word' id='word_1_18' title='bbox 1133 678 1407 734; x_wconf 83' lang='lat' dir='ltr'><strong>honores.</strong></span> 
     </span>
    </p>
   </div>
   <div class='ocr_carea' id='block_1_5' title="bbox 248 764 1576 837">
    <p class='ocr_par' dir='ltr' id='par_1_5' title="bbox 248 764 1576 837">
     <span class='ocr_line' id='line_1_5' title="bbox 248 764 1576 837; baseline -0.001 -17"><span class='ocrx_word' id='word_1_19' title='bbox 248 764 353 829; x_wconf 85' lang='lat' dir='ltr'>Qui</span> <span class='ocrx_word' id='word_1_20' title='bbox 389 765 611 835; x_wconf 85' lang='lat' dir='ltr'><strong>bonum</strong></span> <span class='ocrx_word' id='word_1_21' title='bbox 637 768 933 837; x_wconf 80' lang='lat' dir='ltr'><strong>operatur,</strong></span> <span class='ocrx_word' id='word_1_22' title='bbox 966 783 999 819; x_wconf 90' lang='lat' dir='ltr'><strong>a</strong></span> <span class='ocrx_word' id='word_1_23' title='bbox 1032 766 1148 823; x_wconf 91' lang='lat' dir='ltr'><strong>Deo</strong></span> <span class='ocrx_word' id='word_1_24' title='bbox 1180 766 1576 823; x_wconf 85' lang='lat' dir='ltr'><strong>benedicatur.</strong></span> 
     </span>
    </p>
   </div>
   <div class='ocr_carea' id='block_1_6' title="bbox 244 852 1627 926">
    <p class='ocr_par' dir='ltr' id='par_1_6' title="bbox 244 852 1627 926">
     <span class='ocr_line' id='line_1_6' title="bbox 244 852 1627 926; baseline 0 -18"><span class='ocrx_word' id='word_1_25' title='bbox 244 852 398 909; x_wconf 82' lang='lat' dir='ltr'><strong>Beati</strong></span> <span class='ocrx_word' id='word_1_26' title='bbox 436 854 613 926; x_wconf 88' lang='lat' dir='ltr'><strong>pedes</strong></span> <span class='ocrx_word' id='word_1_27' title='bbox 645 852 746 925; x_wconf 89' lang='lat' dir='ltr'><strong>qui</strong></span> <span class='ocrx_word' id='word_1_28' title='bbox 776 853 1021 909; x_wconf 86' lang='lat' dir='ltr'><strong>visitant</strong></span> <span class='ocrx_word' id='word_1_29' title='bbox 1052 855 1420 911; x_wconf 84' lang='lat' dir='ltr'><strong>inﬁrmorum</strong></span> <span class='ocrx_word' id='word_1_30' title='bbox 1453 854 1627 909; x_wconf 72' lang='lat' dir='ltr'><strong>aedes.</strong></span> 
     </span>
    </p>
   </div>
   <div class='ocr_carea' id='block_1_7' title="bbox 246 941 1540 999">
    <p class='ocr_par' dir='ltr' id='par_1_7' title="bbox 246 941 1540 999">
     <span class='ocr_line' id='line_1_7' title="bbox 246 941 1540 999; baseline 0 -2"><span class='ocrx_word' id='word_1_31' title='bbox 246 946 386 998; x_wconf 88' lang='lat' dir='ltr'><strong>Cum</strong></span> <span class='ocrx_word' id='word_1_32' title='bbox 422 947 534 998; x_wconf 88' lang='lat' dir='ltr'><strong>Deo</strong></span> <span class='ocrx_word' id='word_1_33' title='bbox 566 941 866 998; x_wconf 87' lang='lat' dir='ltr'><strong>ambulare</strong></span> <span class='ocrx_word' id='word_1_34' title='bbox 897 948 984 998; x_wconf 89' lang='lat' dir='ltr'><strong>est</strong></span> <span class='ocrx_word' id='word_1_35' title='bbox 1008 943 1265 999; x_wconf 87' lang='lat' dir='ltr'><strong>animam</strong></span> <span class='ocrx_word' id='word_1_36' title='bbox 1299 943 1540 999; x_wconf 88' lang='lat' dir='ltr'><strong>salvare.</strong></span> 
     </span>
    </p>
   </div>
   <div class='ocr_carea' id='block_1_8' title="bbox 242 1029 1830 1105">
    <p class='ocr_par' dir='ltr' id='par_1_8' title="bbox 242 1029 1830 1105">
     <span class='ocr_line' id='line_1_8' title="bbox 242 1029 1830 1105; baseline 0.002 -20"><span class='ocrx_word' id='word_1_37' title='bbox 242 1029 349 1095; x_wconf 87' lang='lat' dir='ltr'><strong>Qui</strong></span> <span class='ocrx_word' id='word_1_38' title='bbox 382 1031 598 1105; x_wconf 83' lang='lat' dir='ltr'><strong>migrat</strong></span> <span class='ocrx_word' id='word_1_39' title='bbox 628 1030 700 1086; x_wconf 91' lang='lat' dir='ltr'><strong>ad</strong></span> <span class='ocrx_word' id='word_1_40' title='bbox 754 1034 1031 1087; x_wconf 65' lang='lat' dir='ltr'><strong>aeternam</strong></span> <span class='ocrx_word' id='word_1_41' title='bbox 1065 1033 1288 1099; x_wconf 88' lang='lat' dir='ltr'><strong>sedem,</strong></span> <span class='ocrx_word' id='word_1_42' title='bbox 1317 1049 1432 1087; x_wconf 89' lang='lat' dir='ltr'><strong>non</strong></span> <span class='ocrx_word' id='word_1_43' title='bbox 1466 1031 1709 1088; x_wconf 77' lang='lat' dir='ltr'><strong>offendit</strong></span> <span class='ocrx_word' id='word_1_44' title='bbox 1738 1049 1830 1104; x_wconf 87' lang='lat' dir='ltr'><strong>pe-</strong></span> 
     </span>
    </p>
   </div>
   <div class='ocr_carea' id='block_1_9' title="bbox 176 1121 333 1175">
    <p class='ocr_par' dir='ltr' id='par_1_9' title="bbox 176 1121 333 1175">
     <span class='ocr_line' id='line_1_9' title="bbox 176 1121 333 1175; baseline 0 0"><span class='ocrx_word' id='word_1_45' title='bbox 176 1121 333 1175; x_wconf 90' lang='lat' dir='ltr'><strong>dem.</strong></span> 
     </span>
    </p>
   </div>
   <div class='ocr_carea' id='block_1_10' title="bbox 244 1208 1822 1282">
    <p class='ocr_par' dir='ltr' id='par_1_10' title="bbox 244 1208 1822 1282">
     <span class='ocr_line' id='line_1_10' title="bbox 244 1208 1822 1282; baseline 0.001 -19"><span class='ocrx_word' id='word_1_46' title='bbox 244 1208 519 1281; x_wconf 89' lang='lat' dir='ltr'><strong>Iniquum</strong></span> <span class='ocrx_word' id='word_1_47' title='bbox 551 1211 640 1263; x_wconf 92' lang='lat' dir='ltr'><strong>est</strong></span> <span class='ocrx_word' id='word_1_48' title='bbox 670 1209 742 1265; x_wconf 92' lang='lat' dir='ltr'><strong>ob</strong></span> <span class='ocrx_word' id='word_1_49' title='bbox 773 1208 1125 1265; x_wconf 80' lang='lat' dir='ltr'><strong>beneficium</strong></span> <span class='ocrx_word' id='word_1_50' title='bbox 1161 1210 1400 1266; x_wconf 86' lang='lat' dir='ltr'><strong>reddere</strong></span> <span class='ocrx_word' id='word_1_51' title='bbox 1442 1208 1822 1282; x_wconf 83' lang='lat' dir='ltr'><strong>supplicium.</strong></span> 
     </span>
    </p>
   </div>
   <div class='ocr_carea' id='block_1_11' title="bbox 244 1295 1748 1371">
    <p class='ocr_par' dir='ltr' id='par_1_11' title="bbox 244 1295 1748 1371">
     <span class='ocr_line' id='line_1_11' title="bbox 244 1295 1748 1371; baseline 0.001 -18"><span class='ocrx_word' id='word_1_52' title='bbox 244 1298 349 1362; x_wconf 92' lang='lat' dir='ltr'>Qui</span> <span class='ocrx_word' id='word_1_53' title='bbox 378 1298 573 1354; x_wconf 90' lang='lat' dir='ltr'><strong>reddit</strong></span> <span class='ocrx_word' id='word_1_54' title='bbox 603 1295 826 1353; x_wconf 88' lang='lat' dir='ltr'><strong>malum</strong></span> <span class='ocrx_word' id='word_1_55' title='bbox 860 1315 964 1371; x_wconf 92' lang='lat' dir='ltr'><strong>pro</strong></span> <span class='ocrx_word' id='word_1_56' title='bbox 989 1300 1139 1356; x_wconf 92' lang='lat' dir='ltr'><strong>bono</strong></span> <span class='ocrx_word' id='word_1_57' title='bbox 1164 1298 1442 1371; x_wconf 88' lang='lat' dir='ltr'><strong>indignus</strong></span> <span class='ocrx_word' id='word_1_58' title='bbox 1464 1303 1555 1354; x_wconf 92' lang='lat' dir='ltr'><strong>est</strong></span> <span class='ocrx_word' id='word_1_59' title='bbox 1577 1299 1748 1355; x_wconf 92' lang='lat' dir='ltr'><strong>dono.</strong></span> 
     </span>
    </p>
   </div>
   <div class='ocr_carea' id='block_1_12' title="bbox 246 1386 1535 1443">
    <p class='ocr_par' dir='ltr' id='par_1_12' title="bbox 246 1386 1535 1443">
     <span class='ocr_line' id='line_1_12' title="bbox 246 1386 1535 1443; baseline 0.001 -2"><span class='ocrx_word' id='word_1_60' title='bbox 246 1386 402 1443; x_wconf 93' lang='lat' dir='ltr'><strong>Bono</strong></span> <span class='ocrx_word' id='word_1_61' title='bbox 434 1387 663 1442; x_wconf 81' lang='lat' dir='ltr'><strong>vincere</strong></span> <span class='ocrx_word' id='word_1_62' title='bbox 699 1386 855 1442; x_wconf 89' lang='lat' dir='ltr'><strong>mala</strong></span> <span class='ocrx_word' id='word_1_63' title='bbox 886 1388 955 1443; x_wconf 88' lang='lat' dir='ltr'><strong>ad</strong></span> <span class='ocrx_word' id='word_1_64' title='bbox 999 1387 1213 1443; x_wconf 82' lang='lat' dir='ltr'><strong>ccelum</strong></span> <span class='ocrx_word' id='word_1_65' title='bbox 1244 1391 1333 1442; x_wconf 91' lang='lat' dir='ltr'><strong>est</strong></span> <span class='ocrx_word' id='word_1_66' title='bbox 1360 1386 1535 1443; x_wconf 89' lang='lat' dir='ltr'><strong>scala.</strong></span> 
     </span>
    </p>
   </div>
   <div class='ocr_carea' id='block_1_13' title="bbox 242 1476 1489 1547">
    <p class='ocr_par' dir='ltr' id='par_1_13' title="bbox 242 1476 1489 1547">
     <span class='ocr_line' id='line_1_13' title="bbox 242 1476 1489 1547; baseline 0.001 -17"><span class='ocrx_word' id='word_1_67' title='bbox 242 1476 440 1531; x_wconf 88' lang='lat' dir='ltr'><strong>Mundi</strong></span> <span class='ocrx_word' id='word_1_68' title='bbox 471 1480 842 1547; x_wconf 83' lang='lat' dir='ltr'><strong>contemptus</strong></span> <span class='ocrx_word' id='word_1_69' title='bbox 873 1493 906 1531; x_wconf 93' lang='lat' dir='ltr'><strong>a</strong></span> <span class='ocrx_word' id='word_1_70' title='bbox 941 1478 1051 1532; x_wconf 92' lang='lat' dir='ltr'><strong>Deo</strong></span> <span class='ocrx_word' id='word_1_71' title='bbox 1081 1482 1170 1533; x_wconf 92' lang='lat' dir='ltr'><strong>est</strong></span> <span class='ocrx_word' id='word_1_72' title='bbox 1200 1476 1489 1532; x_wconf 90' lang='lat' dir='ltr'><strong>inventus.</strong></span> 
     </span>
    </p>
   </div>
   <div class='ocr_carea' id='block_1_14' title="bbox 242 1563 1820 1637">
    <p class='ocr_par' dir='ltr' id='par_1_14' title="bbox 242 1563 1820 1637">
     <span class='ocr_line' id='line_1_14' title="bbox 242 1563 1820 1637; baseline 0.002 -19"><span class='ocrx_word' id='word_1_73' title='bbox 242 1563 347 1629; x_wconf 94' lang='lat' dir='ltr'>Qui</span> <span class='ocrx_word' id='word_1_74' title='bbox 370 1569 530 1620; x_wconf 87' lang='lat' dir='ltr'><strong>amat</strong></span> <span class='ocrx_word' id='word_1_75' title='bbox 558 1564 849 1620; x_wconf 90' lang='lat' dir='ltr'><strong>mundum</strong></span> <span class='ocrx_word' id='word_1_76' title='bbox 877 1568 1242 1636; x_wconf 65' lang='lat' dir='ltr'><strong>praesentem,</strong></span> <span class='ocrx_word' id='word_1_77' title='bbox 1277 1565 1546 1637; x_wconf 85' lang='lat' dir='ltr'><strong>sequitur</strong></span> <span class='ocrx_word' id='word_1_78' title='bbox 1576 1581 1699 1621; x_wconf 90' lang='lat' dir='ltr'><strong>rem</strong></span> <span class='ocrx_word' id='word_1_79' title='bbox 1731 1566 1820 1622; x_wconf 90' lang='lat' dir='ltr'><strong>fu-</strong></span> 
     </span>
    </p>
   </div>
   <div class='ocr_carea' id='block_1_15' title="bbox 163 1653 445 1726">
    <p class='ocr_par' dir='ltr' id='par_1_15' title="bbox 163 1653 445 1726">
     <span class='ocr_line' id='line_1_15' title="bbox 163 1653 445 1726; baseline 0.004 -19"><span class='ocrx_word' id='word_1_80' title='bbox 163 1653 445 1726; x_wconf 89' lang='lat' dir='ltr'><strong>gientem.</strong></span> 
     </span>
    </p>
   </div>
   <div class='ocr_carea' id='block_1_16' title="bbox 237 1741 1821 1815">
    <p class='ocr_par' dir='ltr' id='par_1_16' title="bbox 237 1741 1821 1815">
     <span class='ocr_line' id='line_1_16' title="bbox 237 1741 1821 1815; baseline 0.001 -19"><span class='ocrx_word' id='word_1_81' title='bbox 237 1741 441 1797; x_wconf 80' lang='lat' dir='ltr'><strong>Melius</strong></span> <span class='ocrx_word' id='word_1_82' title='bbox 462 1745 550 1797; x_wconf 91' lang='lat' dir='ltr'><strong>est</strong></span> <span class='ocrx_word' id='word_1_83' title='bbox 569 1757 892 1814; x_wconf 89' lang='lat' dir='ltr'><strong>supernum</strong></span> <span class='ocrx_word' id='word_1_84' title='bbox 923 1741 1236 1798; x_wconf 88' lang='lat' dir='ltr'><strong>consilium</strong></span> <span class='ocrx_word' id='word_1_85' title='bbox 1270 1759 1449 1815; x_wconf 88' lang='lat' dir='ltr'><strong>quam</strong></span> <span class='ocrx_word' id='word_1_86' title='bbox 1478 1742 1657 1814; x_wconf 88' lang='lat' dir='ltr'>hujus</span> <span class='ocrx_word' id='word_1_87' title='bbox 1692 1743 1821 1798; x_wconf 65' lang='lat' dir='ltr'><strong>vita</strong></span> 
     </span>
    </p>
   </div>
   <div class='ocr_carea' id='block_1_17' title="bbox 165 1830 479 1886">
    <p class='ocr_par' dir='ltr' id='par_1_17' title="bbox 165 1830 479 1886">
     <span class='ocr_line' id='line_1_17' title="bbox 165 1830 479 1886; baseline 0 -1"><span class='ocrx_word' id='word_1_88' title='bbox 165 1830 479 1886; x_wconf 78' lang='lat' dir='ltr'><strong>auxilium.</strong></span> 
     </span>
    </p>
   </div>
   <div class='ocr_carea' id='block_1_18' title="bbox 241 1918 1378 2001">
    <p class='ocr_par' dir='ltr' id='par_1_18' title="bbox 241 1918 1378 2001">
     <span class='ocr_line' id='line_1_18' title="bbox 241 1918 1378 2001; baseline 0 -26"><span class='ocrx_word' id='word_1_89' title='bbox 241 1918 490 1975; x_wconf 82' lang='lat' dir='ltr'><strong>Pulchra</strong></span> <span class='ocrx_word' id='word_1_90' title='bbox 520 1922 679 1974; x_wconf 89' lang='lat' dir='ltr'><strong>tenet</strong></span> <span class='ocrx_word' id='word_1_91' title='bbox 708 1918 855 1974; x_wconf 88' lang='lat' dir='ltr'><strong>atria</strong></span> <span class='ocrx_word' id='word_1_92' title='bbox 884 1936 1138 2001; x_wconf 86' lang='lat' dir='ltr'><strong>superna</strong></span> <span class='ocrx_word' id='word_1_93' title='bbox 1169 1920 1378 1992; x_wconf 88' lang='lat' dir='ltr'><strong>patria.</strong></span> 
     </span>
    </p>
   </div>
   <div class='ocr_carea' id='block_1_19' title="bbox 240 2007 1634 2082">
    <p class='ocr_par' dir='ltr' id='par_1_19' title="bbox 240 2007 1634 2082">
     <span class='ocr_line' id='line_1_19' title="bbox 240 2007 1634 2082; baseline 0.001 -19"><span class='ocrx_word' id='word_1_94' title='bbox 240 2008 453 2063; x_wconf 89' lang='lat' dir='ltr'><strong>Tendit</strong></span> <span class='ocrx_word' id='word_1_95' title='bbox 483 2007 643 2063; x_wconf 84' lang='lat' dir='ltr'><strong>filius</strong></span> <span class='ocrx_word' id='word_1_96' title='bbox 664 2012 720 2063; x_wconf 91' lang='lat' dir='ltr'><strong>et</strong></span> <span class='ocrx_word' id='word_1_97' title='bbox 752 2008 930 2063; x_wconf 85' lang='lat' dir='ltr'><strong>frater</strong></span> <span class='ocrx_word' id='word_1_98' title='bbox 959 2009 1059 2081; x_wconf 89' lang='lat' dir='ltr'><strong>qui</strong></span> <span class='ocrx_word' id='word_1_99' title='bbox 1092 2014 1256 2064; x_wconf 89' lang='lat' dir='ltr'><strong>vocat</strong></span> <span class='ocrx_word' id='word_1_100' title='bbox 1285 2008 1418 2064; x_wconf 91' lang='lat' dir='ltr'><strong>illos</strong></span> <span class='ocrx_word' id='word_1_101' title='bbox 1451 2013 1634 2082; x_wconf 86' lang='lat' dir='ltr'><strong>pater.</strong></span> 
     </span>
    </p>
   </div>
   <div class='ocr_carea' id='block_1_20' title="bbox 164 2096 1426 2170">
    <p class='ocr_par' dir='ltr' id='par_1_20' title="bbox 164 2096 1426 2170">
     <span class='ocr_line' id='line_1_20' title="bbox 164 2096 1426 2170; baseline 0 -17"><span class='ocrx_word' id='word_1_102' title='bbox 164 2099 325 2154; x_wconf 85' lang='lat' dir='ltr'><strong>Auro</strong></span> <span class='ocrx_word' id='word_1_103' title='bbox 346 2096 565 2153; x_wconf 67' lang='lat' dir='ltr'><strong>caelesti</strong></span> <span class='ocrx_word' id='word_1_104' title='bbox 596 2101 738 2153; x_wconf 89' lang='lat' dir='ltr'><strong>sunt</strong></span> <span class='ocrx_word' id='word_1_105' title='bbox 767 2114 1002 2169; x_wconf 89' lang='lat' dir='ltr'><strong>semper</strong></span> <span class='ocrx_word' id='word_1_106' title='bbox 1031 2097 1247 2170; x_wconf 88' lang='lat' dir='ltr'><strong>gaudia</strong></span> <span class='ocrx_word' id='word_1_107' title='bbox 1274 2098 1426 2154; x_wconf 88' lang='lat' dir='ltr'><strong>festi.</strong></span> 
     </span>
    </p>
   </div>
   <div class='ocr_carea' id='block_1_21' title="bbox 165 2184 1686 2260">
    <p class='ocr_par' dir='ltr' id='par_1_21' title="bbox 165 2184 1686 2260">
     <span class='ocr_line' id='line_1_21' title="bbox 165 2184 1686 2260; baseline 0.001 -18"><span class='ocrx_word' id='word_1_108' title='bbox 165 2186 318 2252; x_wconf 92' lang='lat' dir='ltr'><strong>Quid</strong></span> <span class='ocrx_word' id='word_1_109' title='bbox 353 2186 507 2259; x_wconf 81' lang='lat' dir='ltr'><strong>fugis</strong></span> <span class='ocrx_word' id='word_1_110' title='bbox 539 2202 608 2241; x_wconf 85' lang='lat' dir='ltr'><strong>ex</strong></span> <span class='ocrx_word' id='word_1_111' title='bbox 638 2184 761 2252; x_wconf 85' lang='lat' dir='ltr'><strong>illo,</strong></span> <span class='ocrx_word' id='word_1_112' title='bbox 796 2186 895 2258; x_wconf 90' lang='lat' dir='ltr'><strong>qui</strong></span> <span class='ocrx_word' id='word_1_113' title='bbox 928 2185 1147 2241; x_wconf 88' lang='lat' dir='ltr'><strong>claudit</strong></span> <span class='ocrx_word' id='word_1_114' title='bbox 1178 2192 1388 2243; x_wconf 90' lang='lat' dir='ltr'><strong>cuncta</strong></span> <span class='ocrx_word' id='word_1_115' title='bbox 1419 2186 1686 2260; x_wconf 84' lang='lat' dir='ltr'><strong>pugillo?</strong></span> 
     </span>
    </p>
   </div>
   <div class='ocr_carea' id='block_1_22' title="bbox 162 2273 1642 2349">
    <p class='ocr_par' dir='ltr' id='par_1_22' title="bbox 162 2273 1642 2349">
     <span class='ocr_line' id='line_1_22' title="bbox 162 2273 1642 2349; baseline -0.001 -16"><span class='ocrx_word' id='word_1_116' title='bbox 162 2276 209 2333; x_wconf 91' lang='grc' dir='ltr'><strong>Ο</strong></span> <span class='ocrx_word' id='word_1_117' title='bbox 243 2275 581 2349; x_wconf 85' lang='lat' dir='ltr'><strong>quicunque</strong></span> <span class='ocrx_word' id='word_1_118' title='bbox 604 2273 748 2329; x_wconf 86' lang='lat' dir='ltr'><strong>velis</strong></span> <span class='ocrx_word' id='word_1_119' title='bbox 780 2279 1035 2330; x_wconf 88' lang='lat' dir='ltr'><strong>mentem</strong></span> <span class='ocrx_word' id='word_1_120' title='bbox 1069 2276 1427 2348; x_wconf 88' lang='lat' dir='ltr'><strong>conjungere</strong></span> <span class='ocrx_word' id='word_1_121' title='bbox 1459 2276 1642 2342; x_wconf 82' lang='lat' dir='ltr'><strong>cmlis,</strong></span> 
     </span>
    </p>
   </div>
   <div class='ocr_carea' id='block_1_23' title="bbox 166 2363 1575 2436">
    <p class='ocr_par' dir='ltr' id='par_1_23' title="bbox 166 2363 1575 2436">
     <span class='ocr_line' id='line_1_23' title="bbox 166 2363 1575 2436; baseline -0.002 -15"><span class='ocrx_word' id='word_1_122' title='bbox 166 2366 297 2430; x_wconf 88' lang='lat' dir='ltr'><strong>Qua</strong></span> <span class='ocrx_word' id='word_1_123' title='bbox 328 2363 749 2435; x_wconf 84' lang='lat' dir='ltr'><strong>residentjusti</strong></span> <span class='ocrx_word' id='word_1_124' title='bbox 778 2368 933 2419; x_wconf 91' lang='lat' dir='ltr'><strong>serto</strong></span> <span class='ocrx_word' id='word_1_125' title='bbox 962 2364 1293 2436; x_wconf 70' lang='lat' dir='ltr'><strong>palmisque</strong></span> <span class='ocrx_word' id='word_1_126' title='bbox 1324 2365 1575 2431; x_wconf 85' lang='lat' dir='ltr'><strong>venusti,</strong></span> 
     </span>
    </p>
   </div>
   <div class='ocr_carea' id='block_1_24' title="bbox 162 2452 1823 2526">
    <p class='ocr_par' dir='ltr' id='par_1_24' title="bbox 162 2452 1823 2526">
     <span class='ocr_line' id='line_1_24' title="bbox 162 2452 1823 2526; baseline 0 -17"><span class='ocrx_word' id='word_1_127' title='bbox 162 2453 371 2510; x_wconf 90' lang='lat' dir='ltr'><strong>Mundi</strong></span> <span class='ocrx_word' id='word_1_128' title='bbox 400 2470 608 2526; x_wconf 90' lang='lat' dir='ltr'><strong>sperne</strong></span> <span class='ocrx_word' id='word_1_129' title='bbox 639 2452 851 2521; x_wconf 91' lang='lat' dir='ltr'><strong>minas,</strong></span> <span class='ocrx_word' id='word_1_130' title='bbox 886 2456 946 2508; x_wconf 88' lang='lat' dir='ltr'><strong>et</strong></span> <span class='ocrx_word' id='word_1_131' title='bbox 975 2470 1069 2509; x_wconf 88' lang='lat' dir='ltr'><strong>res</strong></span> <span class='ocrx_word' id='word_1_132' title='bbox 1113 2453 1259 2526; x_wconf 86' lang='lat' dir='ltr'><strong>pede</strong></span> <span class='ocrx_word' id='word_1_133' title='bbox 1303 2452 1511 2525; x_wconf 90' lang='lat' dir='ltr'><strong>subige</strong></span> <span class='ocrx_word' id='word_1_134' title='bbox 1555 2454 1823 2509; x_wconf 86' lang='lat' dir='ltr'><strong>blandas.</strong></span> 
     </span>
    </p>
   </div>
   <div class='ocr_carea' id='block_1_25' title="bbox 750 2541 1241 2613">
    <p class='ocr_par' dir='ltr' id='par_1_25' title="bbox 750 2541 1241 2613">
     <span class='ocr_line' id='line_1_25' title="bbox 750 2541 1241 2613; baseline -0.004 -15"><span class='ocrx_word' id='word_1_135' title='bbox 750 2543 1024 2613; x_wconf 77' lang='lat' dir='ltr'><strong>Superbia</strong></span> <span class='ocrx_word' id='word_1_136' title='bbox 1056 2541 1190 2597; x_wconf 80' lang='lat' dir='ltr'><strong>dicit</strong></span> <span class='ocrx_word' id='word_1_137' title='bbox 1222 2559 1241 2596; x_wconf 89' lang='lat'><strong><em>:</em></strong></span> 
     </span>
    </p>
   </div>
   <div class='ocr_carea' id='block_1_26' title="bbox 163 2629 1644 2706">
    <p class='ocr_par' dir='ltr' id='par_1_26' title="bbox 163 2629 1644 2706">
     <span class='ocr_line' id='line_1_26' title="bbox 163 2629 1644 2706; baseline -0.001 -17"><span class='ocrx_word' id='word_1_138' title='bbox 163 2634 228 2689; x_wconf 86' lang='lat' dir='ltr'><strong>In</strong></span> <span class='ocrx_word' id='word_1_139' title='bbox 262 2631 488 2688; x_wconf 88' lang='lat' dir='ltr'><strong>cunctis</strong></span> <span class='ocrx_word' id='word_1_140' title='bbox 513 2631 790 2706; x_wconf 86' lang='lat' dir='ltr'><strong>operibus</strong></span> <span class='ocrx_word' id='word_1_141' title='bbox 820 2629 925 2686; x_wconf 91' lang='lat' dir='ltr'><strong>tibi</strong></span> <span class='ocrx_word' id='word_1_142' title='bbox 957 2648 1071 2687; x_wconf 91' lang='lat' dir='ltr'><strong>non</strong></span> <span class='ocrx_word' id='word_1_143' title='bbox 1104 2630 1433 2703; x_wconf 72' lang='lat' dir='ltr'><strong>zequabitur</strong></span> <span class='ocrx_word' id='word_1_144' title='bbox 1464 2630 1644 2687; x_wconf 89' lang='lat' dir='ltr'><strong>ullus.</strong></span> 
     </span>
    </p>
   </div>
   <div class='ocr_carea' id='block_1_27' title="bbox 849 2720 1146 2776">
    <p class='ocr_par' dir='ltr' id='par_1_27' title="bbox 849 2720 1146 2776">
     <span class='ocr_line' id='line_1_27' title="bbox 849 2720 1146 2776; baseline -0.007 0"><span class='ocrx_word' id='word_1_145' title='bbox 849 2720 1094 2776; x_wconf 78' lang='lat' dir='ltr'><strong>Humilis</strong></span> <span class='ocrx_word' id='word_1_146' title='bbox 1128 2737 1146 2773; x_wconf 92' lang='lat'><em>:</em></span> 
     </span>
    </p>
   </div>
   <div class='ocr_carea' id='block_1_28' title="bbox 169 2807 1828 2882">
    <p class='ocr_par' dir='ltr' id='par_1_28' title="bbox 169 2807 1828 2882">
     <span class='ocr_line' id='line_1_28' title="bbox 169 2807 1828 2882; baseline 0 -17"><span class='ocrx_word' id='word_1_147' title='bbox 169 2810 452 2866; x_wconf 90' lang='lat' dir='ltr'><strong>Putridus</strong></span> <span class='ocrx_word' id='word_1_148' title='bbox 482 2827 544 2866; x_wconf 91' lang='lat' dir='ltr'><strong>es</strong></span> <span class='ocrx_word' id='word_1_149' title='bbox 574 2809 811 2877; x_wconf 85' lang='lat' dir='ltr'><strong>vermis,</strong></span> <span class='ocrx_word' id='word_1_150' title='bbox 835 2807 1179 2882; x_wconf 88' lang='lat' dir='ltr'><strong>quid,hamo</strong></span> <span class='ocrx_word' id='word_1_151' title='bbox 1200 2808 1780 2881; x_wconf 90' lang='lat' dir='ltr'><strong>moriture,superbis</strong></span> <span class='ocrx_word' id='word_1_152' title='bbox 1799 2810 1828 2865; x_wconf 75' lang='lat' dir='ltr'><strong>‘I</strong></span> 
     </span>
    </p>
   </div>
   <div class='ocr_carea' id='block_1_29' title="bbox 782 2898 1220 2970">
    <p class='ocr_par' dir='ltr' id='par_1_29' title="bbox 782 2898 1220 2970">
     <span class='ocr_line' id='line_1_29' title="bbox 782 2898 1220 2970; baseline -0.002 -16"><span class='ocrx_word' id='word_1_153' title='bbox 782 2900 974 2956; x_wconf 79' lang='lat' dir='ltr'><strong>Inanis</strong></span> <span class='ocrx_word' id='word_1_154' title='bbox 1000 2898 1177 2970; x_wconf 88' lang='lat' dir='ltr'><strong>gloria</strong></span> <span class='ocrx_word' id='word_1_155' title='bbox 1208 2915 1220 2953; x_wconf 90' lang='lat'><strong>:</strong></span> 
     </span>
    </p>
   </div>
   <div class='ocr_carea' id='block_1_30' title="bbox 166 2987 1827 3061">
    <p class='ocr_par' dir='ltr' id='par_1_30' title="bbox 166 2987 1827 3061">
     <span class='ocr_line' id='line_1_30' title="bbox 166 2987 1827 3061; baseline -0.002 -16"><span class='ocrx_word' id='word_1_156' title='bbox 166 2989 304 3057; x_wconf 85' lang='lat' dir='ltr'><strong>Fac,</strong></span> <span class='ocrx_word' id='word_1_157' title='bbox 339 2992 571 3061; x_wconf 78' lang='lat' dir='ltr'><strong>propter</strong></span> <span class='ocrx_word' id='word_1_158' title='bbox 601 2988 842 3056; x_wconf 79' lang='lat' dir='ltr'><strong>famam,</strong></span> <span class='ocrx_word' id='word_1_159' title='bbox 866 3003 1231 3059; x_wconf 63' lang='lat' dir='ltr'><strong>quacunque</strong></span> <span class='ocrx_word' id='word_1_160' title='bbox 1252 2991 1418 3059; x_wconf 89' lang='lat' dir='ltr'><strong>potes</strong></span> <span class='ocrx_word' id='word_1_161' title='bbox 1447 2987 1601 3042; x_wconf 87' lang='lat' dir='ltr'><strong>bona</strong></span> <span class='ocrx_word' id='word_1_162' title='bbox 1630 3004 1827 3043; x_wconf 88' lang='lat' dir='ltr'><strong>coram</strong></span> 
     </span>
    </p>
   </div>
   <div class='ocr_carea' id='block_1_31' title="bbox 1443 3075 1825 3149">
    <p class='ocr_par' dir='ltr' id='par_1_31' title="bbox 1443 3075 1825 3149">
     <span class='ocr_line' id='line_1_31' title="bbox 1443 3075 1825 3149; baseline 0.008 -19"><span class='ocrx_word' id='word_1_163' title='bbox 1443 3075 1825 3149; x_wconf 89' lang='lat' dir='ltr'><strong>[hominibus.</strong></span> 
     </span>
    </p>
   </div>
   <div class='ocr_carea' id='block_1_32' title="bbox 817 3150 1184 3204">
    <p class='ocr_par' dir='ltr' id='par_1_32' title="bbox 817 3150 1184 3204">
     <span class='ocr_line' id='line_1_32' title="bbox 817 3150 1184 3204; baseline -0.003 0"><span class='ocrx_word' id='word_1_164' title='bbox 817 3150 999 3204; x_wconf 86' lang='lat' dir='ltr'><strong>Timor</strong></span> <span class='ocrx_word' id='word_1_165' title='bbox 1028 3150 1133 3204; x_wconf 88' lang='lat' dir='ltr'><strong>Dei</strong></span> <span class='ocrx_word' id='word_1_166' title='bbox 1160 3167 1184 3203; x_wconf 74' lang='lat'><strong>.-</strong></span> 
     </span>
    </p>
   </div>
   <div class='ocr_carea' id='block_1_33' title="bbox 160 3236 1433 3313">
    <p class='ocr_par' dir='ltr' id='par_1_33' title="bbox 160 3236 1433 3313">
     <span class='ocr_line' id='line_1_33' title="bbox 160 3236 1433 3313; baseline -0.002 -18"><span class='ocrx_word' id='word_1_167' title='bbox 160 3238 314 3313; x_wconf 89' lang='lat' dir='ltr'><strong>Opta</strong></span> <span class='ocrx_word' id='word_1_168' title='bbox 341 3236 512 3293; x_wconf 90' lang='lat' dir='ltr'><strong>celari</strong></span> <span class='ocrx_word' id='word_1_169' title='bbox 543 3238 697 3292; x_wconf 86' lang='lat' dir='ltr'><strong>bona</strong></span> <span class='ocrx_word' id='word_1_170' title='bbox 726 3253 971 3309; x_wconf 65' lang='lat' dir='ltr'><strong>quasque</strong></span> <span class='ocrx_word' id='word_1_171' title='bbox 1002 3236 1155 3292; x_wconf 87' lang='lat' dir='ltr'><strong>soles</strong></span> <span class='ocrx_word' id='word_1_172' title='bbox 1186 3236 1433 3309; x_wconf 87' lang='lat' dir='ltr'><strong>operari.</strong></span> 
     </span>
    </p>
   </div>
   <div class='ocr_carea' id='block_1_34' title="bbox 810 3326 1173 3397">
    <p class='ocr_par' dir='ltr' id='par_1_34' title="bbox 810 3326 1173 3397">
     <span class='ocr_line' id='line_1_34' title="bbox 810 3326 1173 3397; baseline 0 -17"><span class='ocrx_word' id='word_1_173' title='bbox 810 3326 1125 3397; x_wconf 81' lang='lat' dir='ltr'><strong>Hypocrisis</strong></span> <span class='ocrx_word' id='word_1_174' title='bbox 1154 3343 1173 3380; x_wconf 90' lang='lat'><em>:</em></span> 
     </span>
    </p>
   </div>
   <div class='ocr_carea' id='block_1_35' title="bbox 159 3413 1377 3472">
    <p class='ocr_par' dir='ltr' id='par_1_35' title="bbox 159 3413 1377 3472">
     <span class='ocr_line' id='line_1_35' title="bbox 159 3413 1377 3472; baseline -0.003 0"><span class='ocrx_word' id='word_1_175' title='bbox 159 3415 391 3472; x_wconf 85' lang='lat' dir='ltr'><strong>Exteris</strong></span> <span class='ocrx_word' id='word_1_176' title='bbox 422 3419 622 3470; x_wconf 84' lang='lat' dir='ltr'><strong>sancto</strong></span> <span class='ocrx_word' id='word_1_177' title='bbox 648 3416 702 3468; x_wconf 84' lang='lat' dir='ltr'><strong>te</strong></span> <span class='ocrx_word' id='word_1_178' title='bbox 734 3413 1096 3470; x_wconf 89' lang='lat' dir='ltr'><strong>conformare</strong></span> <span class='ocrx_word' id='word_1_179' title='bbox 1127 3415 1377 3470; x_wconf 90' lang='lat' dir='ltr'><strong>studeto.</strong></span> 
     </span>
    </p>
   </div>
   <div class='ocr_carea' id='block_1_36' title="bbox 856 3504 1120 3574">
    <p class='ocr_par' dir='ltr' id='par_1_36' title="bbox 856 3504 1120 3574">
     <span class='ocr_line' id='line_1_36' title="bbox 856 3504 1120 3574; baseline 0.004 -16"><span class='ocrx_word' id='word_1_180' title='bbox 856 3504 1069 3574; x_wconf 85' lang='lat' dir='ltr'><strong>Religio</strong></span> <span class='ocrx_word' id='word_1_181' title='bbox 1098 3521 1120 3558; x_wconf 87' lang='grc'><strong>.·</strong></span> 
     </span>
    </p>
   </div>
   <div class='ocr_carea' id='block_1_37' title="bbox 159 3591 1553 3664">
    <p class='ocr_par' dir='ltr' id='par_1_37' title="bbox 159 3591 1553 3664">
     <span class='ocr_line' id='line_1_37' title="bbox 159 3591 1553 3664; baseline -0.001 -15"><span class='ocrx_word' id='word_1_182' title='bbox 159 3595 255 3651; x_wconf 73' lang='lat' dir='ltr'><strong>Ve</strong></span> <span class='ocrx_word' id='word_1_183' title='bbox 287 3593 434 3649; x_wconf 85' lang='lat' dir='ltr'><strong>foris</strong></span> <span class='ocrx_word' id='word_1_184' title='bbox 457 3592 669 3649; x_wconf 88' lang='lat' dir='ltr'><strong>albatis</strong></span> <span class='ocrx_word' id='word_1_185' title='bbox 698 3592 798 3664; x_wconf 91' lang='lat' dir='ltr'><strong>qui</strong></span> <span class='ocrx_word' id='word_1_186' title='bbox 828 3610 929 3649; x_wconf 92' lang='lat' dir='ltr'><strong>vos</strong></span> <span class='ocrx_word' id='word_1_187' title='bbox 961 3592 1206 3650; x_wconf 90' lang='lat' dir='ltr'><strong>tumulis</strong></span> <span class='ocrx_word' id='word_1_188' title='bbox 1238 3591 1553 3649; x_wconf 88' lang='lat' dir='ltr'><strong>simulatis.</strong></span> 
     </span>
    </p>
   </div>
   <div class='ocr_carea' id='block_1_38' title="bbox 777 3680 1487 3737">
    <p class='ocr_par' dir='ltr' id='par_1_38' title="bbox 777 3680 1487 3737">
     <span class='ocr_line' id='line_1_38' title="bbox 777 3680 1487 3737; baseline -0.004 0"><span class='ocrx_word' id='word_1_189' title='bbox 777 3680 1148 3737; x_wconf 85' lang='lat' dir='ltr'><strong>lnobedientta</strong></span> <span class='ocrx_word' id='word_1_190' title='bbox 1183 3698 1195 3735; x_wconf 93' lang='lat'>:</span> <span class='ocrx_word' id='word_1_191' title='bbox 1482 3686 1487 3691; x_wconf 73' lang='lat'><strong>‘</strong></span> 
     </span>
    </p>
   </div>
   <div class='ocr_carea' id='block_1_39' title="bbox 162 3768 1497 3843">
    <p class='ocr_par' dir='ltr' id='par_1_39' title="bbox 162 3768 1497 3843">
     <span class='ocr_line' id='line_1_39' title="bbox 162 3768 1497 3843; baseline -0.003 -14"><span class='ocrx_word' id='word_1_192' title='bbox 162 3774 313 3839; x_wconf 91' lang='lat' dir='ltr'><strong>Quid</strong></span> <span class='ocrx_word' id='word_1_193' title='bbox 351 3770 522 3827; x_wconf 84' lang='lat' dir='ltr'><strong>faciat</strong></span> <span class='ocrx_word' id='word_1_194' title='bbox 542 3787 625 3839; x_wconf 90' lang='lat' dir='ltr'><strong>se,</strong></span> <span class='ocrx_word' id='word_1_195' title='bbox 656 3771 756 3843; x_wconf 89' lang='lat' dir='ltr'><strong>qui</strong></span> <span class='ocrx_word' id='word_1_196' title='bbox 790 3769 1043 3826; x_wconf 91' lang='lat' dir='ltr'><strong>multum</strong></span> <span class='ocrx_word' id='word_1_197' title='bbox 1074 3768 1242 3826; x_wconf 91' lang='lat' dir='ltr'><strong>vilior</strong></span> <span class='ocrx_word' id='word_1_198' title='bbox 1271 3775 1362 3827; x_wconf 87' lang='lat' dir='ltr'><strong>est</strong></span> <span class='ocrx_word' id='word_1_199' title='bbox 1392 3774 1447 3826; x_wconf 90' lang='lat' dir='ltr'><strong>te</strong></span> <span class='ocrx_word' id='word_1_200' title='bbox 1467 3770 1497 3825; x_wconf 83' lang='lat'><strong>?</strong></span> 
     </span>
    </p>
   </div>
   <div class='ocr_carea' id='block_1_40' title="bbox 835 3859 1152 3932">
    <p class='ocr_par' dir='ltr' id='par_1_40' title="bbox 835 3859 1152 3932">
     <span class='ocr_line' id='line_1_40' title="bbox 835 3859 1152 3932; baseline 0 -18"><span class='ocrx_word' id='word_1_201' title='bbox 835 3859 1107 3932; x_wconf 83' lang='lat' dir='ltr'><strong>Subjectio</strong></span> <span class='ocrx_word' id='word_1_202' title='bbox 1140 3876 1152 3914; x_wconf 90' lang='lat'><strong>:</strong></span> 
     </span>
    </p>
   </div>
   <div class='ocr_carea' id='block_1_41' title="bbox 165 3948 1814 4023">
    <p class='ocr_par' dir='ltr' id='par_1_41' title="bbox 165 3948 1814 4023">
     <span class='ocr_line' id='line_1_41' title="bbox 165 3948 1814 4023; baseline -0.001 -16"><span class='ocrx_word' id='word_1_203' title='bbox 165 3950 448 4023; x_wconf 89' lang='lat' dir='ltr'><strong>Quisquis</strong></span> <span class='ocrx_word' id='word_1_204' title='bbox 460 3966 560 4006; x_wconf 89' lang='lat' dir='ltr'><strong>vos</strong></span> <span class='ocrx_word' id='word_1_205' title='bbox 574 3948 1316 4022; x_wconf 83' lang='lat' dir='ltr'><strong>spernit,Deus,inquit,me</strong></span> <span class='ocrx_word' id='word_1_206' title='bbox 1329 3965 1561 4021; x_wconf 87' lang='lat' dir='ltr'><strong>quoque</strong></span> <span class='ocrx_word' id='word_1_207' title='bbox 1574 3950 1814 4022; x_wconf 88' lang='lat' dir='ltr'><strong>spernit.</strong></span> 
     </span>
    </p>
   </div>
   <div class='ocr_carea' id='block_1_42' title="bbox 866 4038 1129 4094">
    <p class='ocr_par' dir='ltr' id='par_1_42' title="bbox 866 4038 1129 4094">
     <span class='ocr_line' id='line_1_42' title="bbox 866 4038 1129 4094; baseline 0.004 -1"><span class='ocrx_word' id='word_1_208' title='bbox 866 4038 1083 4094; x_wconf 81' lang='lat' dir='ltr'><strong>Invidia</strong></span> <span class='ocrx_word' id='word_1_209' title='bbox 1117 4056 1129 4094; x_wconf 91' lang='lat'>:</span> 
     </span>
    </p>
   </div>
   <div class='ocr_carea' id='block_1_43' title="bbox 166 4126 1586 4201">
    <p class='ocr_par' dir='ltr' id='par_1_43' title="bbox 166 4126 1586 4201">
     <span class='ocr_line' id='line_1_43' title="bbox 166 4126 1586 4201; baseline -0.002 -16"><span class='ocrx_word' id='word_1_210' title='bbox 166 4134 279 4185; x_wconf 89' lang='lat' dir='ltr'><strong>Cur</strong></span> <span class='ocrx_word' id='word_1_211' title='bbox 310 4144 665 4201; x_wconf 88' lang='lat' dir='ltr'><strong>quocunque</strong></span> <span class='ocrx_word' id='word_1_212' title='bbox 695 4126 868 4182; x_wconf 92' lang='lat' dir='ltr'><strong>modo</strong></span> <span class='ocrx_word' id='word_1_213' title='bbox 899 4144 1016 4184; x_wconf 91' lang='lat' dir='ltr'><strong>non</strong></span> <span class='ocrx_word' id='word_1_214' title='bbox 1037 4126 1089 4184; x_wconf 89' lang='lat' dir='ltr'><strong>is</strong></span> <span class='ocrx_word' id='word_1_215' title='bbox 1112 4126 1420 4184; x_wconf 89' lang='lat' dir='ltr'><strong>sublimior</strong></span> <span class='ocrx_word' id='word_1_216' title='bbox 1450 4127 1586 4184; x_wconf 82' lang='lat' dir='ltr'><strong>illo?</strong></span> 
     </span>
    </p>
   </div>
   <div class='ocr_carea' id='block_1_44' title="bbox 767 4216 1223 4287">
    <p class='ocr_par' dir='ltr' id='par_1_44' title="bbox 767 4216 1223 4287">
     <span class='ocr_line' id='line_1_44' title="bbox 767 4216 1223 4287; baseline 0.002 -16"><span class='ocrx_word' id='word_1_217' title='bbox 767 4216 1177 4287; x_wconf 82' lang='lat' dir='ltr'><strong>Congratulatio</strong></span> <span class='ocrx_word' id='word_1_218' title='bbox 1211 4233 1223 4272; x_wconf 91' lang='lat'><strong>:</strong></span> 
     </span>
    </p>
   </div>
   <div class='ocr_carea' id='block_1_45' title="bbox 167 4304 1517 4381">
    <p class='ocr_par' dir='ltr' id='par_1_45' title="bbox 167 4304 1517 4381">
     <span class='ocr_line' id='line_1_45' title="bbox 167 4304 1517 4381; baseline -0.002 -18"><span class='ocrx_word' id='word_1_219' title='bbox 167 4306 485 4381; x_wconf 85' lang='lat' dir='ltr'><strong>Congaude</strong></span> <span class='ocrx_word' id='word_1_220' title='bbox 518 4305 702 4372; x_wconf 88' lang='lat' dir='ltr'><strong>fratri,</strong></span> <span class='ocrx_word' id='word_1_221' title='bbox 740 4305 823 4360; x_wconf 90' lang='lat' dir='ltr'><strong>fer</strong></span> <span class='ocrx_word' id='word_1_222' title='bbox 853 4320 1141 4379; x_wconf 89' lang='lat' dir='ltr'><strong>opemque</strong></span> <span class='ocrx_word' id='word_1_223' title='bbox 1171 4304 1517 4378; x_wconf 79' lang='lat' dir='ltr'><strong>proficienti.</strong></span> 
     </span>
    </p>
   </div>
   <div class='ocr_carea' id='block_1_46' title="bbox 869 4395 1117 4450">
    <p class='ocr_par' dir='ltr' id='par_1_46' title="bbox 869 4395 1117 4450">
     <span class='ocr_line' id='line_1_46' title="bbox 869 4395 1117 4450; baseline -0.008 0"><span class='ocrx_word' id='word_1_224' title='bbox 869 4395 1069 4450; x_wconf 83' lang='lat' dir='ltr'><strong>Odium</strong></span> <span class='ocrx_word' id='word_1_225' title='bbox 1104 4411 1117 4448; x_wconf 93' lang='lat'>:</span> 
     </span>
    </p>
   </div>
   <div class='ocr_carea' id='block_1_47' title="bbox 168 4482 1826 4556">
    <p class='ocr_par' dir='ltr' id='par_1_47' title="bbox 168 4482 1826 4556">
     <span class='ocr_line' id='line_1_47' title="bbox 168 4482 1826 4556; baseline -0.001 -16"><span class='ocrx_word' id='word_1_226' title='bbox 168 4484 433 4549; x_wconf 87' lang='lat' dir='ltr'><strong>Qualiter</strong></span> <span class='ocrx_word' id='word_1_227' title='bbox 460 4483 618 4539; x_wconf 86' lang='lat' dir='ltr'><strong>hunc</strong></span> <span class='ocrx_word' id='word_1_228' title='bbox 649 4484 783 4556; x_wconf 89' lang='lat' dir='ltr'><strong>quis</strong></span> <span class='ocrx_word' id='word_1_229' title='bbox 806 4483 1101 4552; x_wconf 88' lang='lat' dir='ltr'><strong>amet,sibi</strong></span> <span class='ocrx_word' id='word_1_230' title='bbox 1125 4482 1225 4555; x_wconf 89' lang='lat' dir='ltr'><strong>qui</strong></span> <span class='ocrx_word' id='word_1_231' title='bbox 1252 4482 1583 4539; x_wconf 86' lang='lat' dir='ltr'><strong>contrarius</strong></span> <span class='ocrx_word' id='word_1_232' title='bbox 1604 4484 1826 4539; x_wconf 83' lang='lat' dir='ltr'><strong>exstat?</strong></span> 
     </span>
    </p>
   </div>
   <div class='ocr_carea' id='block_1_48' title="bbox 839 4573 1146 4628">
    <p class='ocr_par' dir='ltr' id='par_1_48' title="bbox 839 4573 1146 4628">
     <span class='ocr_line' id='line_1_48' title="bbox 839 4573 1146 4628; baseline -0.007 0"><span class='ocrx_word' id='word_1_233' title='bbox 839 4573 1099 4628; x_wconf 79' lang='lat' dir='ltr'><strong>Charitas</strong></span> <span class='ocrx_word' id='word_1_234' title='bbox 1134 4589 1146 4626; x_wconf 91' lang='lat'>:</span> 
     </span>
    </p>
   </div>
   <div class='ocr_carea' id='block_1_49' title="bbox 174 4662 1599 4735">
    <p class='ocr_par' dir='ltr' id='par_1_49' title="bbox 174 4662 1599 4735">
     <span class='ocr_line' id='line_1_49' title="bbox 174 4662 1599 4735; baseline -0.003 -14"><span class='ocrx_word' id='word_1_235' title='bbox 174 4670 364 4723; x_wconf 86' lang='lat' dir='ltr'><strong>Verus</strong></span> <span class='ocrx_word' id='word_1_236' title='bbox 394 4681 560 4721; x_wconf 89' lang='lat' dir='ltr'><strong>amor</strong></span> <span class='ocrx_word' id='word_1_237' title='bbox 588 4665 783 4721; x_wconf 86' lang='lat' dir='ltr'><strong>fratris</strong></span> <span class='ocrx_word' id='word_1_238' title='bbox 813 4663 1001 4719; x_wconf 88' lang='lat' dir='ltr'><strong>brevis</strong></span> <span class='ocrx_word' id='word_1_239' title='bbox 1026 4667 1116 4719; x_wconf 89' lang='lat' dir='ltr'><strong>est</strong></span> <span class='ocrx_word' id='word_1_240' title='bbox 1146 4662 1406 4735; x_wconf 89' lang='lat' dir='ltr'><strong>impletio</strong></span> <span class='ocrx_word' id='word_1_241' title='bbox 1436 4662 1599 4735; x_wconf 79' lang='lat' dir='ltr'><strong>legis.</strong></span> 
     </span>
    </p>
   </div>
   <div class='ocr_carea' id='block_1_50' title="bbox 837 4755 1164 4810">
    <p class='ocr_par' dir='ltr' id='par_1_50' title="bbox 837 4755 1164 4810">
     <span class='ocr_line' id='line_1_50' title="bbox 837 4755 1164 4810; baseline -0.006 0"><span class='ocrx_word' id='word_1_242' title='bbox 837 4755 1113 4810; x_wconf 89' lang='lat' dir='ltr'><strong>Detractio</strong></span> <span class='ocrx_word' id='word_1_243' title='bbox 1146 4771 1164 4807; x_wconf 89' lang='lat'><em>:</em></span> 
     </span>
    </p>
   </div>
   <div class='ocr_carea' id='block_1_51' title="bbox 174 4840 1762 4914">
    <p class='ocr_par' dir='ltr' id='par_1_51' title="bbox 174 4840 1762 4914">
     <span class='ocr_line' id='line_1_51' title="bbox 174 4840 1762 4914; baseline -0.003 -14"><span class='ocrx_word' id='word_1_244' title='bbox 174 4844 312 4908; x_wconf 88' lang='lat' dir='ltr'><strong>Quis</strong></span> <span class='ocrx_word' id='word_1_245' title='bbox 342 4843 554 4900; x_wconf 89' lang='lat' dir='ltr'><strong>toleret</strong></span> <span class='ocrx_word' id='word_1_246' title='bbox 575 4843 744 4899; x_wconf 87' lang='lat' dir='ltr'><strong>sileat</strong></span> <span class='ocrx_word' id='word_1_247' title='bbox 772 4841 1086 4899; x_wconf 87' lang='lat' dir='ltr'><strong>venialium</strong></span> <span class='ocrx_word' id='word_1_248' title='bbox 1120 4841 1275 4914; x_wconf 91' lang='lat' dir='ltr'><strong>quod</strong></span> <span class='ocrx_word' id='word_1_249' title='bbox 1302 4844 1596 4913; x_wconf 86' lang='lat' dir='ltr'><strong>perpetrat</strong></span> <span class='ocrx_word' id='word_1_250' title='bbox 1626 4840 1762 4896; x_wconf 85' lang='lat' dir='ltr'><strong>ille?</strong></span> 
     </span>
    </p>
   </div>
   <div class='ocr_carea' id='block_1_52' title="bbox 752 4932 1249 5003">
    <p class='ocr_par' dir='ltr' id='par_1_52' title="bbox 752 4932 1249 5003">
     <span class='ocr_line' id='line_1_52' title="bbox 752 4932 1249 5003; baseline -0.008 -13"><span class='ocrx_word' id='word_1_251' title='bbox 752 4934 903 4990; x_wconf 82' lang='lat' dir='ltr'><strong>Iusta</strong></span> <span class='ocrx_word' id='word_1_252' title='bbox 932 4932 1199 5003; x_wconf 82' lang='lat' dir='ltr'><strong>correptio</strong></span> <span class='ocrx_word' id='word_1_253' title='bbox 1232 4949 1249 4985; x_wconf 92' lang='lat'><strong><em>:</em></strong></span> 
     </span>
    </p>
   </div>
   <div class='ocr_carea' id='block_1_53' title="bbox 176 5020 1831 5095">
    <p class='ocr_par' dir='ltr' id='par_1_53' title="bbox 176 5020 1831 5095">
     <span class='ocr_line' id='line_1_53' title="bbox 176 5020 1831 5095; baseline -0.002 -17"><span class='ocrx_word' id='word_1_254' title='bbox 176 5022 414 5078; x_wconf 86' lang='lat' dir='ltr'><strong>Occulte</strong></span> <span class='ocrx_word' id='word_1_255' title='bbox 439 5038 741 5095; x_wconf 84' lang='lat' dir='ltr'><strong>nunquam</strong></span> <span class='ocrx_word' id='word_1_256' title='bbox 774 5022 952 5077; x_wconf 92' lang='lat' dir='ltr'><strong>debes</strong></span> <span class='ocrx_word' id='word_1_257' title='bbox 982 5020 1403 5093; x_wconf 88' lang='lat' dir='ltr'><strong>reprehendere</strong></span> <span class='ocrx_word' id='word_1_258' title='bbox 1453 5036 1831 5093; x_wconf 89' lang='lat' dir='ltr'><strong>quemquam.</strong></span> 
     </span>
    </p>
   </div>
   <div class='ocr_carea' id='block_1_54' title="bbox 179 5113 1680 5271">
    <p class='ocr_par' dir='ltr' id='par_1_54' title="bbox 179 5113 1680 5271">
     <span class='ocr_line' id='line_1_54' title="bbox 966 5128 1078 5166; baseline -0.009 0"><span class='ocrx_word' id='word_1_259' title='bbox 966 5128 1030 5166; x_wconf 90' lang='lat' dir='ltr'><strong>ra</strong></span> <span class='ocrx_word' id='word_1_260' title='bbox 1060 5129 1078 5165; x_wconf 90' lang='lat'><strong><em>:</em></strong></span> 
     </span>
     <span class='ocr_line' id='line_1_55' title="bbox 179 5113 1680 5271; baseline -0.003 -15"><span class='ocrx_word' id='word_1_261' title='bbox 179 5200 294 5257; x_wconf 84' lang='lat' dir='ltr'><strong>Cur</strong></span> <span class='ocrx_word' id='word_1_262' title='bbox 323 5216 442 5255; x_wconf 93' lang='lat' dir='ltr'><strong>non</strong></span> <span class='ocrx_word' id='word_1_263' title='bbox 475 5198 735 5269; x_wconf 91' lang='lat' dir='ltr'><strong>obsistis,</strong></span> <span class='ocrx_word' id='word_1_264' title='bbox 769 5215 903 5255; x_wconf 92' lang='lat' dir='ltr'><strong>cum</strong></span> <span class='ocrx_word' id='word_1_265' title='bbox 936 5113 1075 5271; x_wconf 56' lang='lat' dir='ltr'><strong>quid</strong></span> <span class='ocrx_word' id='word_1_266' title='bbox 1111 5196 1231 5253; x_wconf 87' lang='lat' dir='ltr'><strong>fieri</strong></span> <span class='ocrx_word' id='word_1_267' title='bbox 1266 5196 1368 5252; x_wconf 88' lang='lat' dir='ltr'><strong>tibi</strong></span> <span class='ocrx_word' id='word_1_268' title='bbox 1404 5213 1518 5253; x_wconf 92' lang='lat' dir='ltr'><strong>non</strong></span> <span class='ocrx_word' id='word_1_269' title='bbox 1551 5196 1680 5252; x_wconf 84' lang='lat' dir='ltr'><strong>vis?</strong></span> 
     </span>
    </p>
   </div>
   <div class='ocr_carea' id='block_1_55' title="bbox 842 5288 1171 5345">
    <p class='ocr_par' dir='ltr' id='par_1_55' title="bbox 842 5288 1171 5345">
     <span class='ocr_line' id='line_1_56' title="bbox 842 5288 1171 5345; baseline -0.009 -1"><span class='ocrx_word' id='word_1_270' title='bbox 842 5288 1125 5345; x_wconf 84' lang='lat' dir='ltr'><strong>Patientia</strong></span> <span class='ocrx_word' id='word_1_271' title='bbox 1159 5303 1171 5341; x_wconf 90' lang='lat'><strong>:</strong></span> 
     </span>
    </p>
   </div>
   <div class='ocr_carea' id='block_1_56' title="bbox 180 5372 1693 5451">
    <p class='ocr_par' dir='ltr' id='par_1_56' title="bbox 180 5372 1693 5451">
     <span class='ocr_line' id='line_1_57' title="bbox 180 5372 1693 5451; baseline -0.003 -19"><span class='ocrx_word' id='word_1_272' title='bbox 180 5375 328 5443; x_wconf 91' lang='lat' dir='ltr'>Quid</span> <span class='ocrx_word' id='word_1_273' title='bbox 362 5394 478 5436; x_wconf 88' lang='lat' dir='ltr'><strong>non</strong></span> <span class='ocrx_word' id='word_1_274' title='bbox 507 5395 611 5451; x_wconf 91' lang='lat' dir='ltr'><strong>pro</strong></span> <span class='ocrx_word' id='word_1_275' title='bbox 642 5378 872 5435; x_wconf 88' lang='lat' dir='ltr'><strong>Christo</strong></span> <span class='ocrx_word' id='word_1_276' title='bbox 903 5376 1116 5433; x_wconf 89' lang='lat' dir='ltr'><strong>toleres</strong></span> <span class='ocrx_word' id='word_1_277' title='bbox 1147 5393 1250 5449; x_wconf 93' lang='lat' dir='ltr'><strong>pro</strong></span> <span class='ocrx_word' id='word_1_278' title='bbox 1280 5379 1335 5431; x_wconf 91' lang='lat' dir='ltr'><strong>te</strong></span> <span class='ocrx_word' id='word_1_279' title='bbox 1366 5373 1642 5432; x_wconf 84' lang='lat' dir='ltr'><strong>cruciﬁxo</strong></span> <span class='ocrx_word' id='word_1_280' title='bbox 1665 5372 1693 5427; x_wconf 86' lang='lat'><strong>?</strong></span> 
     </span>
    </p>
   </div>
   <div class='ocr_carea' id='block_1_57' title="bbox 838 5466 1167 5522">
    <p class='ocr_par' dir='ltr' id='par_1_57' title="bbox 838 5466 1167 5522">
     <span class='ocr_line' id='line_1_58' title="bbox 838 5466 1167 5522; baseline -0.006 0"><span class='ocrx_word' id='word_1_281' title='bbox 838 5466 1123 5522; x_wconf 82' lang='lat' dir='ltr'><strong>Protcrvia</strong></span> <span class='ocrx_word' id='word_1_282' title='bbox 1156 5481 1167 5519; x_wconf 91' lang='lat'><strong>:</strong></span> 
     </span>
    </p>
   </div>
   <div class='ocr_carea' id='block_1_58' title="bbox 185 5554 1352 5629">
    <p class='ocr_par' dir='ltr' id='par_1_58' title="bbox 185 5554 1352 5629">
     <span class='ocr_line' id='line_1_59' title="bbox 185 5554 1352 5629; baseline -0.003 -19"><span class='ocrx_word' id='word_1_283' title='bbox 185 5554 452 5614; x_wconf 87' lang='lat' dir='ltr'><strong>Peccanti</strong></span> <span class='ocrx_word' id='word_1_284' title='bbox 483 5572 714 5629; x_wconf 86' lang='lat' dir='ltr'><strong>semper</strong></span> <span class='ocrx_word' id='word_1_285' title='bbox 744 5556 827 5613; x_wconf 83' lang='lat' dir='ltr'><strong>sis</strong></span> <span class='ocrx_word' id='word_1_286' title='bbox 856 5557 1042 5612; x_wconf 91' lang='lat' dir='ltr'><strong>durus</strong></span> <span class='ocrx_word' id='word_1_287' title='bbox 1075 5558 1133 5610; x_wconf 92' lang='lat' dir='ltr'><strong>et</strong></span> <span class='ocrx_word' id='word_1_288' title='bbox 1162 5568 1352 5627; x_wconf 87' lang='lat' dir='ltr'><strong>asper.</strong></span> 
     </span>
    </p>
   </div>
   <div class='ocr_carea' id='block_1_59' title="bbox 255 5655 1530 5743">
    <p class='ocr_par' dir='ltr' id='par_1_59' title="bbox 255 5655 1530 5743">
     <span class='ocr_line' id='line_1_60' title="bbox 255 5655 1530 5743; baseline -0.003 -24"><span class='ocrx_word' id='word_1_289' title='bbox 255 5660 374 5743; x_wconf 82' lang='grc'>(10)</span> <span class='ocrx_word' id='word_1_290' title='bbox 404 5661 649 5732; x_wconf 83' lang='lat' dir='ltr'><strong>Quando</strong></span> <span class='ocrx_word' id='word_1_291' title='bbox 681 5661 966 5720; x_wconf 89' lang='lat' dir='ltr'><strong>nimirum</strong></span> <span class='ocrx_word' id='word_1_292' title='bbox 998 5663 1089 5719; x_wconf 89' lang='lat' dir='ltr'><strong>est</strong></span> <span class='ocrx_word' id='word_1_293' title='bbox 1116 5655 1530 5718; x_wconf 82' lang='lat' dir='ltr'><strong>involuntaria.</strong></span> 
     </span>
    </p>
   </div>
   <div class='ocr_carea' id='block_1_60' title="bbox 1653 364 2123 427">
    <p class='ocr_par' dir='ltr' id='par_1_60' title="bbox 1653 364 2123 427">
     <span class='ocr_line' id='line_1_61' title="bbox 1653 364 2123 427; baseline 0.002 -2"><span class='ocrx_word' id='word_1_294' title='bbox 1653 364 2123 427; x_wconf 82' lang='lat' dir='ltr'><strong>PROVERBIA.</strong></span> 
     </span>
    </p>
   </div>
   <div class='ocr_carea' id='block_1_61' title="bbox 1863 499 1917 566">
    <p class='ocr_par' dir='ltr' id='par_1_61' title="bbox 1863 499 1917 566">
     <span class='ocr_line' id='line_1_62' title="bbox 1863 499 1917 566; baseline 0 0"><span class='ocrx_word' id='word_1_295' title='bbox 1863 499 1917 566; x_wconf 79' lang='grc' dir='ltr'>Α</span> 
     </span>
    </p>
   </div>
   <div class='ocr_carea' id='block_1_62' title="bbox 3438 373 3594 433">
    <p class='ocr_par' dir='ltr' id='par_1_62' title="bbox 3438 373 3594 433">
     <span class='ocr_line' id='line_1_63' title="bbox 3438 373 3594 433; baseline 0.006 -2"><span class='ocrx_word' id='word_1_296' title='bbox 3438 373 3594 433; x_wconf 76' lang='grc'><strong>1262</strong></span> 
     </span>
    </p>
   </div>
   <div class='ocr_carea' id='block_1_63' title="bbox 2564 499 2967 556">
    <p class='ocr_par' dir='ltr' id='par_1_63' title="bbox 2564 499 2967 556">
     <span class='ocr_line' id='line_1_64' title="bbox 2564 499 2967 556; baseline -0.002 -1"><span class='ocrx_word' id='word_1_297' title='bbox 2564 499 2920 556; x_wconf 77' lang='lat' dir='ltr'><strong>Mansuetudo</strong></span> <span class='ocrx_word' id='word_1_298' title='bbox 2954 515 2967 554; x_wconf 89' lang='lat'><strong>:</strong></span> 
     </span>
    </p>
   </div>
   <div class='ocr_carea' id='block_1_64' title="bbox 1941 587 3420 662">
    <p class='ocr_par' dir='ltr' id='par_1_64' title="bbox 1941 587 3420 662">
     <span class='ocr_line' id='line_1_65' title="bbox 1941 587 3420 662; baseline 0.005 -20"><span class='ocrx_word' id='word_1_299' title='bbox 1941 588 2157 661; x_wconf 84' lang='lat' dir='ltr'><strong>Argue,</strong></span> <span class='ocrx_word' id='word_1_300' title='bbox 2190 602 2353 660; x_wconf 84' lang='lat' dir='ltr'><strong>coge,</strong></span> <span class='ocrx_word' id='word_1_301' title='bbox 2385 602 2543 660; x_wconf 86' lang='lat' dir='ltr'><strong>roga,</strong></span> <span class='ocrx_word' id='word_1_302' title='bbox 2578 587 2900 656; x_wconf 78' lang='lat' dir='ltr'><strong>Timotheo,</strong></span> <span class='ocrx_word' id='word_1_303' title='bbox 2935 589 3220 662; x_wconf 87' lang='lat' dir='ltr'><strong>sagaciter</strong></span> <span class='ocrx_word' id='word_1_304' title='bbox 3248 590 3420 649; x_wconf 89' lang='lat' dir='ltr'><strong>insta.</strong></span> 
     </span>
    </p>
   </div>
   <div class='ocr_carea' id='block_1_65' title="bbox 2545 686 3005 743">
    <p class='ocr_par' dir='ltr' id='par_1_65' title="bbox 2545 686 3005 743">
     <span class='ocr_line' id='line_1_66' title="bbox 2545 686 3005 743; baseline 0.007 -3"><span class='ocrx_word' id='word_1_305' title='bbox 2545 686 2736 741; x_wconf 84' lang='lat' dir='ltr'><strong>Timor</strong></span> <span class='ocrx_word' id='word_1_306' title='bbox 2757 688 2957 742; x_wconf 81' lang='lat' dir='ltr'><strong>mentis</strong></span> <span class='ocrx_word' id='word_1_307' title='bbox 2986 705 3005 743; x_wconf 93' lang='grc'><strong>.·</strong></span> 
     </span>
    </p>
   </div>
   <div class='ocr_carea' id='block_1_66' title="bbox 1941 773 3453 848">
    <p class='ocr_par' dir='ltr' id='par_1_66' title="bbox 1941 773 3453 848">
     <span class='ocr_line' id='line_1_67' title="bbox 1941 773 3453 848; baseline 0.005 -19"><span class='ocrx_word' id='word_1_308' title='bbox 1941 773 2064 829; x_wconf 91' lang='lat' dir='ltr'><strong>Scit</strong></span> <span class='ocrx_word' id='word_1_309' title='bbox 2092 774 2249 831; x_wconf 91' lang='lat' dir='ltr'><strong>Deus</strong></span> <span class='ocrx_word' id='word_1_310' title='bbox 2280 773 2406 846; x_wconf 91' lang='lat' dir='ltr'><strong>ipse</strong></span> <span class='ocrx_word' id='word_1_311' title='bbox 2436 773 2577 846; x_wconf 91' lang='lat' dir='ltr'><strong>quid</strong></span> <span class='ocrx_word' id='word_1_312' title='bbox 2608 777 2716 841; x_wconf 90' lang='lat' dir='ltr'><strong>est,</strong></span> <span class='ocrx_word' id='word_1_313' title='bbox 2749 774 2910 831; x_wconf 92' lang='lat' dir='ltr'><strong>nullo</strong></span> <span class='ocrx_word' id='word_1_314' title='bbox 2940 776 3012 833; x_wconf 92' lang='lat' dir='ltr'><strong>de</strong></span> <span class='ocrx_word' id='word_1_315' title='bbox 3034 777 3235 848; x_wconf 84' lang='lat' dir='ltr'><strong>judice</strong></span> <span class='ocrx_word' id='word_1_316' title='bbox 3264 794 3453 836; x_wconf 90' lang='lat' dir='ltr'><strong>cures.</strong></span> 
     </span>
    </p>
   </div>
   <div class='ocr_carea' id='block_1_67' title="bbox 2578 875 2941 945">
    <p class='ocr_par' dir='ltr' id='par_1_67' title="bbox 2578 875 2941 945">
     <span class='ocr_line' id='line_1_68' title="bbox 2578 875 2941 945; baseline 0.011 -18"><span class='ocrx_word' id='word_1_317' title='bbox 2578 875 2899 945; x_wconf 79' lang='lat' dir='ltr'><strong>Satisfactio</strong></span> <span class='ocrx_word' id='word_1_318' title='bbox 2928 892 2941 931; x_wconf 85' lang='lat'><strong>:</strong></span> 
     </span>
    </p>
   </div>
   <div class='ocr_carea' id='block_1_68' title="bbox 1938 970 3204 1041">
    <p class='ocr_par' dir='ltr' id='par_1_68' title="bbox 1938 970 3204 1041">
     <span class='ocr_line' id='line_1_69' title="bbox 1938 970 3204 1041; baseline 0.004 -17"><span class='ocrx_word' id='word_1_319' title='bbox 1938 970 2312 1041; x_wconf 88' lang='lat' dir='ltr'><strong>Suspiciosus</strong></span> <span class='ocrx_word' id='word_1_320' title='bbox 2341 972 2477 1040; x_wconf 89' lang='lat' dir='ltr'><strong>eris,</strong></span> <span class='ocrx_word' id='word_1_321' title='bbox 2512 970 2561 1027; x_wconf 90' lang='lat' dir='ltr'><strong>si</strong></span> <span class='ocrx_word' id='word_1_322' title='bbox 2593 988 2706 1027; x_wconf 92' lang='lat' dir='ltr'><strong>non</strong></span> <span class='ocrx_word' id='word_1_323' title='bbox 2742 972 2955 1027; x_wconf 88' lang='lat' dir='ltr'><strong>delicta</strong></span> <span class='ocrx_word' id='word_1_324' title='bbox 2982 972 3204 1030; x_wconf 80' lang='lat' dir='ltr'><strong>fateris.</strong></span> 
     </span>
    </p>
   </div>
   <div class='ocr_carea' id='block_1_69' title="bbox 2622 1061 2914 1116">
    <p class='ocr_par' dir='ltr' id='par_1_69' title="bbox 2622 1061 2914 1116">
     <span class='ocr_line' id='line_1_70' title="bbox 2622 1061 2914 1116; baseline 0.003 -1"><span class='ocrx_word' id='word_1_325' title='bbox 2622 1061 2865 1116; x_wconf 81' lang='lat' dir='ltr'><strong>Tristitia</strong></span> <span class='ocrx_word' id='word_1_326' title='bbox 2894 1080 2914 1115; x_wconf 89' lang='lat'><strong><em>:</em></strong></span> 
     </span>
    </p>
   </div>
   <div class='ocr_carea' id='block_1_70' title="bbox 1936 1148 3467 1225">
    <p class='ocr_par' dir='ltr' id='par_1_70' title="bbox 1936 1148 3467 1225">
     <span class='ocr_line' id='line_1_71' title="bbox 1936 1148 3467 1225; baseline 0.005 -23"><span class='ocrx_word' id='word_1_327' title='bbox 1936 1148 2058 1212; x_wconf 93' lang='lat' dir='ltr'><strong>Quo</strong></span> <span class='ocrx_word' id='word_1_328' title='bbox 2088 1149 2343 1221; x_wconf 85' lang='lat' dir='ltr'><strong>gaudere</strong></span> <span class='ocrx_word' id='word_1_329' title='bbox 2372 1151 2535 1221; x_wconf 88' lang='lat' dir='ltr'><strong>potes</strong></span> <span class='ocrx_word' id='word_1_330' title='bbox 2563 1149 2663 1221; x_wconf 87' lang='lat' dir='ltr'><strong>qui</strong></span> <span class='ocrx_word' id='word_1_331' title='bbox 2694 1148 2876 1222; x_wconf 87' lang='lat' dir='ltr'><strong>gratis</strong></span> <span class='ocrx_word' id='word_1_332' title='bbox 2905 1154 2989 1207; x_wconf 91' lang='lat' dir='ltr'><strong>tot</strong></span> <span class='ocrx_word' id='word_1_333' title='bbox 3019 1152 3173 1209; x_wconf 87' lang='lat' dir='ltr'><strong>mala</strong></span> <span class='ocrx_word' id='word_1_334' title='bbox 3203 1152 3467 1225; x_wconf 80' lang='lat' dir='ltr'><strong>perfers?</strong></span> 
     </span>
    </p>
   </div>
   <div class='ocr_carea' id='block_1_71' title="bbox 2442 1238 3079 1311">
    <p class='ocr_par' dir='ltr' id='par_1_71' title="bbox 2442 1238 3079 1311">
     <span class='ocr_line' id='line_1_72' title="bbox 2442 1238 3079 1311; baseline 0.006 -18"><span class='ocrx_word' id='word_1_335' title='bbox 2442 1238 2715 1294; x_wconf 86' lang='lat' dir='ltr'><strong>Gaudium</strong></span> <span class='ocrx_word' id='word_1_336' title='bbox 2743 1241 3036 1311; x_wconf 87' lang='lat' dir='ltr'><strong>spirituale</strong></span> <span class='ocrx_word' id='word_1_337' title='bbox 3065 1258 3079 1297; x_wconf 90' lang='lat'><strong>:</strong></span> 
     </span>
    </p>
   </div>
   <div class='ocr_carea' id='block_1_72' title="bbox 1935 1323 3589 1404">
    <p class='ocr_par' dir='ltr' id='par_1_72' title="bbox 1935 1323 3589 1404">
     <span class='ocr_line' id='line_1_73' title="bbox 1935 1323 3589 1404; baseline 0.005 -24"><span class='ocrx_word' id='word_1_338' title='bbox 1935 1323 2051 1380; x_wconf 90' lang='lat' dir='ltr'><strong>Cur</strong></span> <span class='ocrx_word' id='word_1_339' title='bbox 2081 1326 2252 1382; x_wconf 91' lang='lat' dir='ltr'><strong>modo</strong></span> <span class='ocrx_word' id='word_1_340' title='bbox 2285 1326 2591 1382; x_wconf 85' lang='lat' dir='ltr'><strong>contristat</strong></span> <span class='ocrx_word' id='word_1_341' title='bbox 2612 1327 2768 1399; x_wconf 91' lang='lat' dir='ltr'><strong>quod</strong></span> <span class='ocrx_word' id='word_1_342' title='bbox 2799 1345 2915 1383; x_wconf 90' lang='lat' dir='ltr'><strong>non</strong></span> <span class='ocrx_word' id='word_1_343' title='bbox 2940 1328 3047 1385; x_wconf 91' lang='lat' dir='ltr'><strong>tibi</strong></span> <span class='ocrx_word' id='word_1_344' title='bbox 3068 1330 3286 1402; x_wconf 87' lang='lat' dir='ltr'><strong>gaudia</strong></span> <span class='ocrx_word' id='word_1_345' title='bbox 3306 1331 3589 1404; x_wconf 83' lang='lat' dir='ltr'><strong>praestat?</strong></span> 
     </span>
    </p>
   </div>
   <div class='ocr_carea' id='block_1_73' title="bbox 2456 1425 3067 1496">
    <p class='ocr_par' dir='ltr' id='par_1_73' title="bbox 2456 1425 3067 1496">
     <span class='ocr_line' id='line_1_74' title="bbox 2456 1425 3067 1496; baseline 0.005 -17"><span class='ocrx_word' id='word_1_346' title='bbox 2456 1425 2655 1496; x_wconf 88' lang='lat' dir='ltr'><strong>Torpor</strong></span> <span class='ocrx_word' id='word_1_347' title='bbox 2683 1429 2769 1480; x_wconf 86' lang='lat' dir='ltr'><strong>vet</strong></span> <span class='ocrx_word' id='word_1_348' title='bbox 2798 1426 3024 1495; x_wconf 86' lang='lat' dir='ltr'><strong>ignavia</strong></span> <span class='ocrx_word' id='word_1_349' title='bbox 3047 1444 3067 1482; x_wconf 88' lang='lat'><strong><em>:</em></strong></span> 
     </span>
    </p>
   </div>
   <div class='ocr_carea' id='block_1_74' title="bbox 1933 1510 3135 1587">
    <p class='ocr_par' dir='ltr' id='par_1_74' title="bbox 1933 1510 3135 1587">
     <span class='ocr_line' id='line_1_75' title="bbox 1933 1510 3135 1587; baseline 0.005 -21"><span class='ocrx_word' id='word_1_350' title='bbox 1933 1510 2076 1567; x_wconf 87' lang='lat' dir='ltr'><strong>Visu</strong></span> <span class='ocrx_word' id='word_1_351' title='bbox 2109 1511 2358 1584; x_wconf 90' lang='lat' dir='ltr'><strong>privaris</strong></span> <span class='ocrx_word' id='word_1_352' title='bbox 2388 1512 2437 1568; x_wconf 91' lang='lat' dir='ltr'><strong>si</strong></span> <span class='ocrx_word' id='word_1_353' title='bbox 2468 1514 2743 1569; x_wconf 91' lang='lat' dir='ltr'><strong>continue</strong></span> <span class='ocrx_word' id='word_1_354' title='bbox 2772 1512 3135 1587; x_wconf 80' lang='lat' dir='ltr'><strong>lacrymaris.</strong></span> 
     </span>
    </p>
   </div>
   <div class='ocr_carea' id='block_1_75' title="bbox 2452 1612 3075 1669">
    <p class='ocr_par' dir='ltr' id='par_1_75' title="bbox 2452 1612 3075 1669">
     <span class='ocr_line' id='line_1_76' title="bbox 2452 1612 3075 1669; baseline 0.005 -3"><span class='ocrx_word' id='word_1_355' title='bbox 2452 1612 2677 1667; x_wconf 73' lang='lat' dir='ltr'><strong>Virtutis</strong></span> <span class='ocrx_word' id='word_1_356' title='bbox 2706 1614 3026 1669; x_wconf 77' lang='lat' dir='ltr'><strong>exercitatio</strong></span> <span class='ocrx_word' id='word_1_357' title='bbox 3056 1631 3075 1669; x_wconf 89' lang='lat'><strong><em>:</em></strong></span> 
     </span>
    </p>
   </div>
   <div class='ocr_carea' id='block_1_76' title="bbox 1934 1699 3500 1774">
    <p class='ocr_par' dir='ltr' id='par_1_76' title="bbox 1934 1699 3500 1774">
     <span class='ocr_line' id='line_1_77' title="bbox 1934 1699 3500 1774; baseline 0.004 -20"><span class='ocrx_word' id='word_1_358' title='bbox 1934 1700 2091 1755; x_wconf 87' lang='lat' dir='ltr'><strong>Mors</strong></span> <span class='ocrx_word' id='word_1_359' title='bbox 2118 1699 2275 1756; x_wconf 90' lang='lat' dir='ltr'><strong>venit</strong></span> <span class='ocrx_word' id='word_1_360' title='bbox 2302 1699 2525 1773; x_wconf 88' lang='lat' dir='ltr'><strong>absque</strong></span> <span class='ocrx_word' id='word_1_361' title='bbox 2557 1704 2810 1769; x_wconf 89' lang='lat' dir='ltr'><strong>mora,tu</strong></span> <span class='ocrx_word' id='word_1_362' title='bbox 2843 1706 3010 1758; x_wconf 89' lang='lat' dir='ltr'><strong>nocte</strong></span> <span class='ocrx_word' id='word_1_363' title='bbox 3037 1701 3249 1774; x_wconf 88' lang='lat' dir='ltr'><strong>dieque</strong></span> <span class='ocrx_word' id='word_1_364' title='bbox 3274 1701 3500 1761; x_wconf 85' lang='lat' dir='ltr'><strong>labora.</strong></span> 
     </span>
    </p>
   </div>
   <div class='ocr_carea' id='block_1_77' title="bbox 2624 1798 2892 1869">
    <p class='ocr_par' dir='ltr' id='par_1_77' title="bbox 2624 1798 2892 1869">
     <span class='ocr_line' id='line_1_78' title="bbox 2624 1798 2892 1869; baseline 0 -14"><span class='ocrx_word' id='word_1_365' title='bbox 2624 1798 2845 1869; x_wconf 77' lang='lat' dir='ltr'><strong>Vagatio</strong></span> <span class='ocrx_word' id='word_1_366' title='bbox 2879 1816 2892 1855; x_wconf 91' lang='lat'>:</span> 
     </span>
    </p>
   </div>
   <div class='ocr_carea' id='block_1_78' title="bbox 1850 1869 3241 1956">
    <p class='ocr_par' dir='ltr' id='par_1_78' title="bbox 1850 1869 3241 1956">
     <span class='ocr_line' id='line_1_79' title="bbox 1850 1869 3241 1956; baseline 0.001 -13"><span class='ocrx_word' id='word_1_367' title='bbox 1850 1869 1899 1934; x_wconf 84' lang='lat' dir='ltr'><strong>B</strong></span> <span class='ocrx_word' id='word_1_368' title='bbox 1939 1887 2056 1943; x_wconf 87' lang='lat' dir='ltr'><strong>Hoc</strong></span> <span class='ocrx_word' id='word_1_369' title='bbox 2090 1887 2323 1943; x_wconf 88' lang='lat' dir='ltr'><strong>discede</strong></span> <span class='ocrx_word' id='word_1_370' title='bbox 2353 1887 2497 1956; x_wconf 86' lang='lat' dir='ltr'><strong>loco,</strong></span> <span class='ocrx_word' id='word_1_371' title='bbox 2533 1886 2695 1943; x_wconf 91' lang='lat' dir='ltr'><strong>locus</strong></span> <span class='ocrx_word' id='word_1_372' title='bbox 2726 1886 2823 1944; x_wconf 89' lang='lat' dir='ltr'><strong>ille</strong></span> <span class='ocrx_word' id='word_1_373' title='bbox 2854 1888 3080 1945; x_wconf 88' lang='lat' dir='ltr'><strong>beatior</strong></span> <span class='ocrx_word' id='word_1_374' title='bbox 3108 1889 3241 1946; x_wconf 90' lang='lat' dir='ltr'><strong>isto.</strong></span> 
     </span>
    </p>
   </div>
   <div class='ocr_carea' id='block_1_79' title="bbox 2590 1986 2924 2043">
    <p class='ocr_par' dir='ltr' id='par_1_79' title="bbox 2590 1986 2924 2043">
     <span class='ocr_line' id='line_1_80' title="bbox 2590 1986 2924 2043; baseline 0.009 -3"><span class='ocrx_word' id='word_1_375' title='bbox 2590 1986 2879 2042; x_wconf 82' lang='lat' dir='ltr'><strong>Stabilitas</strong></span> <span class='ocrx_word' id='word_1_376' title='bbox 2910 2004 2924 2043; x_wconf 90' lang='lat'><strong>:</strong></span> 
     </span>
    </p>
   </div>
   <div class='ocr_carea' id='block_1_80' title="bbox 1938 1994 3455 2151">
    <p class='ocr_par' dir='ltr' id='par_1_80' title="bbox 1938 1994 3455 2151">
     <span class='ocr_line' id='line_1_81' title="bbox 2590 1994 2924 2043; baseline 0.009 -3"><span class='ocrx_word' id='word_1_377' title='bbox 2590 1994 2879 2042; x_wconf 71' lang='lat' dir='ltr'><strong>Stabilitas</strong></span> <span class='ocrx_word' id='word_1_378' title='bbox 2910 2004 2924 2043; x_wconf 85' lang='lat'><strong>:</strong></span> 
     </span>
     <span class='ocr_line' id='line_1_82' title="bbox 1938 2073 3455 2151; baseline 0.003 -20"><span class='ocrx_word' id='word_1_379' title='bbox 1938 2076 2085 2131; x_wconf 88' lang='lat' dir='ltr'><strong>Cum</strong></span> <span class='ocrx_word' id='word_1_380' title='bbox 2117 2074 2195 2130; x_wconf 90' lang='lat' dir='ltr'><strong>sit</strong></span> <span class='ocrx_word' id='word_1_381' title='bbox 2227 2073 2441 2147; x_wconf 89' lang='lat' dir='ltr'><strong>ubique</strong></span> <span class='ocrx_word' id='word_1_382' title='bbox 2471 2075 2645 2142; x_wconf 90' lang='lat' dir='ltr'><strong>Deus,</strong></span> <span class='ocrx_word' id='word_1_383' title='bbox 2681 2092 2919 2132; x_wconf 86' lang='lat' dir='ltr'><strong>maneas</strong></span> <span class='ocrx_word' id='word_1_384' title='bbox 2950 2077 3169 2151; x_wconf 91' lang='lat' dir='ltr'><strong>ubique</strong></span> <span class='ocrx_word' id='word_1_385' title='bbox 3200 2077 3455 2151; x_wconf 87' lang='lat' dir='ltr'><strong>quietus.</strong></span> 
     </span>
    </p>
   </div>
   <div class='ocr_carea' id='block_1_81' title="bbox 2575 2176 2939 2245">
    <p class='ocr_par' dir='ltr' id='par_1_81' title="bbox 2575 2176 2939 2245">
     <span class='ocr_line' id='line_1_83' title="bbox 2575 2176 2939 2245; baseline 0.005 -16"><span class='ocrx_word' id='word_1_386' title='bbox 2575 2176 2889 2245; x_wconf 83' lang='lat' dir='ltr'><strong>Desperatio</strong></span> <span class='ocrx_word' id='word_1_387' title='bbox 2918 2192 2939 2231; x_wconf 87' lang='lat'><strong><em>:</em></strong></span> 
     </span>
    </p>
   </div>
   <div class='ocr_carea' id='block_1_82' title="bbox 1936 2262 3343 2338">
    <p class='ocr_par' dir='ltr' id='par_1_82' title="bbox 1936 2262 3343 2338">
     <span class='ocr_line' id='line_1_84' title="bbox 1936 2262 3343 2338; baseline 0.002 -21"><span class='ocrx_word' id='word_1_388' title='bbox 1936 2263 2059 2318; x_wconf 85' lang='lat' dir='ltr'><strong>Non</strong></span> <span class='ocrx_word' id='word_1_389' title='bbox 2089 2278 2315 2334; x_wconf 86' lang='lat' dir='ltr'><strong>surges,</strong></span> <span class='ocrx_word' id='word_1_390' title='bbox 2349 2263 2583 2335; x_wconf 89' lang='lat' dir='ltr'><strong>penitus</strong></span> <span class='ocrx_word' id='word_1_391' title='bbox 2609 2263 2830 2334; x_wconf 90' lang='lat' dir='ltr'><strong>peccati</strong></span> <span class='ocrx_word' id='word_1_392' title='bbox 2862 2262 3015 2319; x_wconf 93' lang='lat' dir='ltr'><strong>male</strong></span> <span class='ocrx_word' id='word_1_393' title='bbox 3045 2269 3343 2338; x_wconf 85' lang='lat' dir='ltr'><strong>gravatus.</strong></span> 
     </span>
    </p>
   </div>
   <div class='ocr_carea' id='block_1_83' title="bbox 2557 2351 2966 2423">
    <p class='ocr_par' dir='ltr' id='par_1_83' title="bbox 2557 2351 2966 2423">
     <span class='ocr_line' id='line_1_85' title="bbox 2557 2351 2966 2423; baseline 0.007 -18"><span class='ocrx_word' id='word_1_394' title='bbox 2557 2351 2685 2423; x_wconf 89' lang='lat' dir='ltr'><strong>Spei</strong></span> <span class='ocrx_word' id='word_1_395' title='bbox 2712 2351 2916 2421; x_wconf 82' lang='lat' dir='ltr'><strong>ﬁducia</strong></span> <span class='ocrx_word' id='word_1_396' title='bbox 2946 2370 2966 2408; x_wconf 91' lang='grc'><strong>.-</strong></span> 
     </span>
    </p>
   </div>
   <div class='ocr_carea' id='block_1_84' title="bbox 1936 2438 3412 2512">
    <p class='ocr_par' dir='ltr' id='par_1_84' title="bbox 1936 2438 3412 2512">
     <span class='ocr_line' id='line_1_86' title="bbox 1936 2438 3412 2512; baseline 0.004 -18"><span class='ocrx_word' id='word_1_397' title='bbox 1936 2440 2086 2494; x_wconf 90' lang='lat' dir='ltr'><strong>Dant</strong></span> <span class='ocrx_word' id='word_1_398' title='bbox 2108 2438 2212 2494; x_wconf 88' lang='lat' dir='ltr'><strong>tibi</strong></span> <span class='ocrx_word' id='word_1_399' title='bbox 2245 2456 2410 2511; x_wconf 91' lang='lat' dir='ltr'><strong>spem</strong></span> <span class='ocrx_word' id='word_1_400' title='bbox 2441 2439 2619 2495; x_wconf 68' lang='lat' dir='ltr'><strong>veniae</strong></span> <span class='ocrx_word' id='word_1_401' title='bbox 2650 2444 2888 2512; x_wconf 86' lang='lat' dir='ltr'><strong>peccata</strong></span> <span class='ocrx_word' id='word_1_402' title='bbox 2918 2441 3165 2499; x_wconf 90' lang='lat' dir='ltr'><strong>remissa</strong></span> <span class='ocrx_word' id='word_1_403' title='bbox 3196 2443 3412 2500; x_wconf 72' lang='lat' dir='ltr'><strong>Mariae.</strong></span> 
     </span>
    </p>
   </div>
   <div class='ocr_carea' id='block_1_85' title="bbox 2594 2538 2919 2610">
    <p class='ocr_par' dir='ltr' id='par_1_85' title="bbox 2594 2538 2919 2610">
     <span class='ocr_line' id='line_1_87' title="bbox 2594 2538 2919 2610; baseline 0.003 -16"><span class='ocrx_word' id='word_1_404' title='bbox 2594 2538 2874 2610; x_wconf 84' lang='lat' dir='ltr'><strong>Cupiditas</strong></span> <span class='ocrx_word' id='word_1_405' title='bbox 2905 2557 2919 2595; x_wconf 87' lang='lat'><strong>:</strong></span> 
     </span>
    </p>
   </div>
   <div class='ocr_carea' id='block_1_86' title="bbox 1936 2624 3274 2702">
    <p class='ocr_par' dir='ltr' id='par_1_86' title="bbox 1936 2624 3274 2702">
     <span class='ocr_line' id='line_1_88' title="bbox 1936 2624 3274 2702; baseline 0.004 -21"><span class='ocrx_word' id='word_1_406' title='bbox 1936 2624 2263 2700; x_wconf 87' lang='lat' dir='ltr'><strong>Multiplica</strong></span> <span class='ocrx_word' id='word_1_407' title='bbox 2293 2625 2484 2690; x_wconf 87' lang='lat' dir='ltr'><strong>fenus,</strong></span> <span class='ocrx_word' id='word_1_408' title='bbox 2506 2642 2612 2681; x_wconf 87' lang='lat' dir='ltr'><strong>nec</strong></span> <span class='ocrx_word' id='word_1_409' title='bbox 2644 2626 3004 2684; x_wconf 87' lang='lat' dir='ltr'><strong>mendicabis</strong></span> <span class='ocrx_word' id='word_1_410' title='bbox 3032 2644 3274 2702; x_wconf 88' lang='lat' dir='ltr'><strong>egenus.</strong></span> 
     </span>
    </p>
   </div>
   <div class='ocr_carea' id='block_1_87' title="bbox 2450 2715 3070 2788">
    <p class='ocr_par' dir='ltr' id='par_1_87' title="bbox 2450 2715 3070 2788">
     <span class='ocr_line' id='line_1_89' title="bbox 2450 2715 3070 2788; baseline 0 -16"><span class='ocrx_word' id='word_1_411' title='bbox 2450 2715 2652 2772; x_wconf 81' lang='lat' dir='ltr'><strong>Mundi</strong></span> <span class='ocrx_word' id='word_1_412' title='bbox 2691 2723 3025 2788; x_wconf 79' lang='lat' dir='ltr'><strong>contemptus</strong></span> <span class='ocrx_word' id='word_1_413' title='bbox 3050 2736 3070 2771; x_wconf 73' lang='lat'><strong>.-</strong></span> 
     </span>
    </p>
   </div>
   <div class='ocr_carea' id='block_1_88' title="bbox 1935 2802 3498 2879">
    <p class='ocr_par' dir='ltr' id='par_1_88' title="bbox 1935 2802 3498 2879">
     <span class='ocr_line' id='line_1_90' title="bbox 1935 2802 3498 2879; baseline 0.003 -20"><span class='ocrx_word' id='word_1_414' title='bbox 1935 2802 2325 2870; x_wconf 88' lang='lat' dir='ltr'><strong>Quantumvis</strong></span> <span class='ocrx_word' id='word_1_415' title='bbox 2355 2802 2591 2870; x_wconf 86' lang='lat' dir='ltr'><strong>habeas,</strong></span> <span class='ocrx_word' id='word_1_416' title='bbox 2625 2802 2705 2857; x_wconf 91' lang='lat' dir='ltr'><strong>nil</strong></span> <span class='ocrx_word' id='word_1_417' title='bbox 2737 2803 2874 2859; x_wconf 90' lang='lat' dir='ltr'><strong>hinc</strong></span> <span class='ocrx_word' id='word_1_418' title='bbox 2903 2804 3184 2861; x_wconf 91' lang='lat' dir='ltr'><strong>moriture</strong></span> <span class='ocrx_word' id='word_1_419' title='bbox 3214 2809 3498 2879; x_wconf 89' lang='lat' dir='ltr'><strong>reportas.</strong></span> 
     </span>
    </p>
   </div>
   <div class='ocr_carea' id='block_1_89' title="bbox 2593 2891 2940 2949">
    <p class='ocr_par' dir='ltr' id='par_1_89' title="bbox 2593 2891 2940 2949">
     <span class='ocr_line' id='line_1_91' title="bbox 2593 2891 2940 2949; baseline 0.009 -3"><span class='ocrx_word' id='word_1_420' title='bbox 2593 2891 2889 2949; x_wconf 84' lang='lat' dir='ltr'><strong>Obduratio</strong></span> <span class='ocrx_word' id='word_1_421' title='bbox 2920 2912 2940 2949; x_wconf 91' lang='lat'><strong><em>:</em></strong></span> 
     </span>
    </p>
   </div>
   <div class='ocr_carea' id='block_1_90' title="bbox 1937 2979 3082 3056">
    <p class='ocr_par' dir='ltr' id='par_1_90' title="bbox 1937 2979 3082 3056">
     <span class='ocr_line' id='line_1_92' title="bbox 1937 2979 3082 3056; baseline 0.002 -19"><span class='ocrx_word' id='word_1_422' title='bbox 1937 2981 2101 3037; x_wconf 90' lang='lat' dir='ltr'><strong>Unde</strong></span> <span class='ocrx_word' id='word_1_423' title='bbox 2134 2986 2265 3036; x_wconf 91' lang='lat' dir='ltr'><strong>tuos</strong></span> <span class='ocrx_word' id='word_1_424' title='bbox 2298 2980 2507 3053; x_wconf 88' lang='lat' dir='ltr'><strong>pascis,</strong></span> <span class='ocrx_word' id='word_1_425' title='bbox 2543 2983 2645 3036; x_wconf 86' lang='lat' dir='ltr'><strong>tua</strong></span> <span class='ocrx_word' id='word_1_426' title='bbox 2673 2979 2722 3035; x_wconf 91' lang='lat' dir='ltr'><strong>si</strong></span> <span class='ocrx_word' id='word_1_427' title='bbox 2754 2981 3082 3056; x_wconf 83' lang='lat' dir='ltr'><strong>dispergis?</strong></span> 
     </span>
    </p>
   </div>
   <div class='ocr_carea' id='block_1_91' title="bbox 2549 3070 2970 3127">
    <p class='ocr_par' dir='ltr' id='par_1_91' title="bbox 2549 3070 2970 3127">
     <span class='ocr_line' id='line_1_93' title="bbox 2549 3070 2970 3127; baseline 0.007 -3"><span class='ocrx_word' id='word_1_428' title='bbox 2549 3070 2923 3127; x_wconf 78' lang='lat' dir='ltr'><strong>Misericordia</strong></span> <span class='ocrx_word' id='word_1_429' title='bbox 2950 3089 2970 3126; x_wconf 89' lang='lat'><strong><em>:</em></strong></span> 
     </span>
    </p>
   </div>
   <div class='ocr_carea' id='block_1_92' title="bbox 1938 3159 3548 3234">
    <p class='ocr_par' dir='ltr' id='par_1_92' title="bbox 1938 3159 3548 3234">
     <span class='ocr_line' id='line_1_94' title="bbox 1938 3159 3548 3234; baseline 0.003 -19"><span class='ocrx_word' id='word_1_430' title='bbox 1938 3160 1993 3215; x_wconf 85' lang='lat' dir='ltr'><strong>Si</strong></span> <span class='ocrx_word' id='word_1_431' title='bbox 2024 3160 2163 3233; x_wconf 90' lang='lat' dir='ltr'><strong>quid</strong></span> <span class='ocrx_word' id='word_1_432' title='bbox 2196 3159 2376 3215; x_wconf 91' lang='lat' dir='ltr'><strong>babes</strong></span> <span class='ocrx_word' id='word_1_433' title='bbox 2406 3159 2652 3227; x_wconf 90' lang='lat' dir='ltr'><strong>tribuas,</strong></span> <span class='ocrx_word' id='word_1_434' title='bbox 2686 3162 2789 3215; x_wconf 89' lang='lat' dir='ltr'><strong>tua</strong></span> <span class='ocrx_word' id='word_1_435' title='bbox 2818 3159 2896 3215; x_wconf 90' lang='lat' dir='ltr'><strong>sit</strong></span> <span class='ocrx_word' id='word_1_436' title='bbox 2924 3160 3031 3217; x_wconf 89' lang='lat' dir='ltr'><strong>tibi</strong></span> <span class='ocrx_word' id='word_1_437' title='bbox 3060 3160 3224 3234; x_wconf 87' lang='lat' dir='ltr'><strong>larga</strong></span> <span class='ocrx_word' id='word_1_438' title='bbox 3259 3161 3548 3220; x_wconf 80' lang='lat' dir='ltr'><strong>voluntas.</strong></span> 
     </span>
    </p>
   </div>
   <div class='ocr_carea' id='block_1_93' title="bbox 2514 3249 2995 3321">
    <p class='ocr_par' dir='ltr' id='par_1_93' title="bbox 2514 3249 2995 3321">
     <span class='ocr_line' id='line_1_95' title="bbox 2514 3249 2995 3321; baseline 0.008 -19"><span class='ocrx_word' id='word_1_439' title='bbox 2514 3249 2707 3314; x_wconf 81' lang='lat' dir='ltr'><strong>Fraus,</strong></span> <span class='ocrx_word' id='word_1_440' title='bbox 2735 3250 2949 3321; x_wconf 81' lang='lat' dir='ltr'><strong>furtum</strong></span> <span class='ocrx_word' id='word_1_441' title='bbox 2982 3267 2995 3306; x_wconf 74' lang='grc' dir='ltr'><strong>ε</strong></span> 
     </span>
    </p>
   </div>
   <div class='ocr_carea' id='block_1_94' title="bbox 1924 3336 3544 3414">
    <p class='ocr_par' dir='ltr' id='par_1_94' title="bbox 1924 3336 3544 3414">
     <span class='ocr_line' id='line_1_96' title="bbox 1924 3336 3544 3414; baseline 0.002 -20"><span class='ocrx_word' id='word_1_442' title='bbox 1924 3339 2051 3395; x_wconf 90' lang='lat' dir='ltr'><strong>Non</strong></span> <span class='ocrx_word' id='word_1_443' title='bbox 2087 3343 2174 3395; x_wconf 86' lang='lat' dir='ltr'><strong>est</strong></span> <span class='ocrx_word' id='word_1_444' title='bbox 2206 3338 2360 3411; x_wconf 92' lang='lat' dir='ltr'><strong>quod</strong></span> <span class='ocrx_word' id='word_1_445' title='bbox 2391 3337 2617 3393; x_wconf 88' lang='lat' dir='ltr'><strong>tribuas</strong></span> <span class='ocrx_word' id='word_1_446' title='bbox 2639 3337 2667 3392; x_wconf 85' lang='lat'><strong>?</strong></span> <span class='ocrx_word' id='word_1_447' title='bbox 2693 3336 2867 3394; x_wconf 85' lang='lat' dir='ltr'><strong>Furto</strong></span> <span class='ocrx_word' id='word_1_448' title='bbox 2898 3338 2987 3396; x_wconf 90' lang='lat' dir='ltr'><strong>vel</strong></span> <span class='ocrx_word' id='word_1_449' title='bbox 3025 3339 3228 3397; x_wconf 88' lang='lat' dir='ltr'><strong>fraude</strong></span> <span class='ocrx_word' id='word_1_450' title='bbox 3259 3340 3544 3414; x_wconf 89' lang='lat' dir='ltr'><strong>requiras.</strong></span> 
     </span>
    </p>
   </div>
   <div class='ocr_carea' id='block_1_95' title="bbox 2564 3429 2936 3485">
    <p class='ocr_par' dir='ltr' id='par_1_95' title="bbox 2564 3429 2936 3485">
     <span class='ocr_line' id='line_1_97' title="bbox 2564 3429 2936 3485; baseline 0.011 -4"><span class='ocrx_word' id='word_1_451' title='bbox 2564 3429 2888 3484; x_wconf 85' lang='lat' dir='ltr'><strong>lnnocentia</strong></span> <span class='ocrx_word' id='word_1_452' title='bbox 2916 3446 2936 3485; x_wconf 92' lang='grc'><strong>.·</strong></span> 
     </span>
    </p>
   </div>
   <div class='ocr_carea' id='block_1_96' title="bbox 1924 3515 3273 3591">
    <p class='ocr_par' dir='ltr' id='par_1_96' title="bbox 1924 3515 3273 3591">
     <span class='ocr_line' id='line_1_98' title="bbox 1924 3515 3273 3591; baseline 0.001 -17"><span class='ocrx_word' id='word_1_453' title='bbox 1924 3519 2163 3574; x_wconf 70' lang='lat' dir='ltr'><strong>Praestat</strong></span> <span class='ocrx_word' id='word_1_454' title='bbox 2195 3515 2357 3591; x_wconf 87' lang='lat' dir='ltr'><strong>nulla</strong></span> <span class='ocrx_word' id='word_1_455' title='bbox 2389 3515 2513 3571; x_wconf 88' lang='lat' dir='ltr'><strong>dari</strong></span> <span class='ocrx_word' id='word_1_456' title='bbox 2542 3533 2722 3589; x_wconf 89' lang='lat' dir='ltr'><strong>quam</strong></span> <span class='ocrx_word' id='word_1_457' title='bbox 2752 3519 2810 3573; x_wconf 93' lang='lat' dir='ltr'><strong>te</strong></span> <span class='ocrx_word' id='word_1_458' title='bbox 2839 3516 3042 3575; x_wconf 85' lang='lat' dir='ltr'><strong>fraude</strong></span> <span class='ocrx_word' id='word_1_459' title='bbox 3071 3518 3273 3575; x_wconf 82' lang='lat' dir='ltr'><strong>furari.</strong></span> 
     </span>
    </p>
   </div>
   <div class='ocr_carea' id='block_1_97' title="bbox 2293 3613 3199 3672">
    <p class='ocr_par' dir='ltr' id='par_1_97' title="bbox 2293 3613 3199 3672">
     <span class='ocr_line' id='line_1_99' title="bbox 2293 3613 3199 3672; baseline 0.003 -3"><span class='ocrx_word' id='word_1_460' title='bbox 2293 3614 2536 3669; x_wconf 84' lang='lat' dir='ltr'><strong>Fallacia</strong></span> <span class='ocrx_word' id='word_1_461' title='bbox 2563 3620 2614 3670; x_wconf 87' lang='lat' dir='ltr'><strong>et</strong></span> <span class='ocrx_word' id='word_1_462' title='bbox 2644 3613 2992 3671; x_wconf 85' lang='lat' dir='ltr'><strong>mendacium</strong></span> <span class='ocrx_word' id='word_1_463' title='bbox 3018 3615 3154 3672; x_wconf 88' lang='lat' dir='ltr'><strong>dicit</strong></span> <span class='ocrx_word' id='word_1_464' title='bbox 3186 3634 3199 3672; x_wconf 90' lang='lat'><strong>:</strong></span> 
     </span>
    </p>
   </div>
   <div class='ocr_carea' id='block_1_98' title="bbox 1927 3702 3375 3778">
    <p class='ocr_par' dir='ltr' id='par_1_98' title="bbox 1927 3702 3375 3778">
     <span class='ocr_line' id='line_1_100' title="bbox 1927 3702 3375 3778; baseline 0 -16"><span class='ocrx_word' id='word_1_465' title='bbox 1927 3704 2141 3762; x_wconf 80' lang='lat' dir='ltr'><strong>Perfice</strong></span> <span class='ocrx_word' id='word_1_466' title='bbox 2172 3702 2424 3761; x_wconf 90' lang='lat' dir='ltr'><strong>fallendo</strong></span> <span class='ocrx_word' id='word_1_467' title='bbox 2455 3702 2610 3775; x_wconf 90' lang='lat' dir='ltr'><strong>quod</strong></span> <span class='ocrx_word' id='word_1_468' title='bbox 2644 3719 2759 3758; x_wconf 90' lang='lat' dir='ltr'><strong>non</strong></span> <span class='ocrx_word' id='word_1_469' title='bbox 2789 3702 2877 3759; x_wconf 91' lang='lat' dir='ltr'><strong>vis</strong></span> <span class='ocrx_word' id='word_1_470' title='bbox 2906 3720 3042 3760; x_wconf 90' lang='lat' dir='ltr'><strong>vera</strong></span> <span class='ocrx_word' id='word_1_471' title='bbox 3065 3703 3375 3778; x_wconf 90' lang='lat' dir='ltr'><strong>loquendo.</strong></span> 
     </span>
    </p>
   </div>
   <div class='ocr_carea' id='block_1_99' title="bbox 2626 3793 3275 3855">
    <p class='ocr_par' dir='ltr' id='par_1_99' title="bbox 2626 3793 3275 3855">
     <span class='ocr_line' id='line_1_101' title="bbox 2626 3793 3275 3855; baseline 0.002 -8"><span class='ocrx_word' id='word_1_472' title='bbox 2626 3793 2831 3848; x_wconf 86' lang='lat' dir='ltr'><strong>Veritas</strong></span> <span class='ocrx_word' id='word_1_473' title='bbox 2865 3810 2877 3848; x_wconf 93' lang='lat'><strong>:</strong></span> <span class='ocrx_word' id='word_1_474' title='bbox 3269 3849 3275 3855; x_wconf 76' lang='grc'><strong><em>,</em></strong></span> 
     </span>
    </p>
   </div>
   <div class='ocr_carea' id='block_1_100' title="bbox 1930 3879 3423 3956">
    <p class='ocr_par' dir='ltr' id='par_1_100' title="bbox 1930 3879 3423 3956">
     <span class='ocr_line' id='line_1_102' title="bbox 1930 3879 3423 3956; baseline 0.001 -17"><span class='ocrx_word' id='word_1_475' title='bbox 1930 3884 2007 3939; x_wconf 90' lang='lat' dir='ltr'><strong>Os</strong></span> <span class='ocrx_word' id='word_1_476' title='bbox 2037 3883 2190 3955; x_wconf 89' lang='lat' dir='ltr'><strong>quod</strong></span> <span class='ocrx_word' id='word_1_477' title='bbox 2223 3881 2504 3937; x_wconf 89' lang='lat' dir='ltr'><strong>mentitur</strong></span> <span class='ocrx_word' id='word_1_478' title='bbox 2534 3879 2741 3935; x_wconf 81' lang='lat' dir='ltr'><strong>animae</strong></span> <span class='ocrx_word' id='word_1_479' title='bbox 2774 3897 2932 3937; x_wconf 91' lang='lat' dir='ltr'><strong>mors</strong></span> <span class='ocrx_word' id='word_1_480' title='bbox 2962 3898 3092 3938; x_wconf 88' lang='lat' dir='ltr'><strong>esse</strong></span> <span class='ocrx_word' id='word_1_481' title='bbox 3123 3884 3423 3956; x_wconf 89' lang='lat' dir='ltr'><strong>probatur.</strong></span> 
     </span>
    </p>
   </div>
   <div class='ocr_carea' id='block_1_101' title="bbox 2475 3975 3034 4045">
    <p class='ocr_par' dir='ltr' id='par_1_101' title="bbox 2475 3975 3034 4045">
     <span class='ocr_line' id='line_1_103' title="bbox 2475 3975 3034 4045; baseline -0.002 -13"><span class='ocrx_word' id='word_1_482' title='bbox 2475 3975 2684 4032; x_wconf 83' lang='lat' dir='ltr'><strong>Ventris</strong></span> <span class='ocrx_word' id='word_1_483' title='bbox 2714 3976 2987 4045; x_wconf 79' lang='lat' dir='ltr'><strong>ingluvies</strong></span> <span class='ocrx_word' id='word_1_484' title='bbox 3014 3996 3034 4031; x_wconf 89' lang='lat'><strong><em>:</em></strong></span> 
     </span>
    </p>
   </div>
   <div class='ocr_carea' id='block_1_102' title="bbox 1930 4062 3221 4136">
    <p class='ocr_par' dir='ltr' id='par_1_102' title="bbox 1930 4062 3221 4136">
     <span class='ocr_line' id='line_1_104' title="bbox 1930 4062 3221 4136; baseline -0.004 -12"><span class='ocrx_word' id='word_1_485' title='bbox 1930 4072 1974 4124; x_wconf 81' lang='grc' dir='ltr'><strong>Λ</strong></span> <span class='ocrx_word' id='word_1_486' title='bbox 2001 4070 2216 4124; x_wconf 89' lang='lat' dir='ltr'><strong>factore</strong></span> <span class='ocrx_word' id='word_1_487' title='bbox 2264 4064 2419 4122; x_wconf 86' lang='lat' dir='ltr'><strong>datis</strong></span> <span class='ocrx_word' id='word_1_488' title='bbox 2450 4082 2553 4119; x_wconf 89' lang='lat' dir='ltr'><strong>cur</strong></span> <span class='ocrx_word' id='word_1_489' title='bbox 2581 4080 2697 4119; x_wconf 92' lang='lat' dir='ltr'><strong>non</strong></span> <span class='ocrx_word' id='word_1_490' title='bbox 2728 4062 2919 4136; x_wconf 90' lang='lat' dir='ltr'><strong>epulis</strong></span> <span class='ocrx_word' id='word_1_491' title='bbox 2950 4063 3221 4120; x_wconf 86' lang='lat' dir='ltr'><strong>satiaris?</strong></span> 
     </span>
    </p>
   </div>
   <div class='ocr_carea' id='block_1_103' title="bbox 2406 4160 3092 4217">
    <p class='ocr_par' dir='ltr' id='par_1_103' title="bbox 2406 4160 3092 4217">
     <span class='ocr_line' id='line_1_105' title="bbox 2406 4160 3092 4217; baseline -0.003 0"><span class='ocrx_word' id='word_1_492' title='bbox 2406 4161 2762 4217; x_wconf 82' lang='lat' dir='ltr'><strong>Parcimonia</strong></span> <span class='ocrx_word' id='word_1_493' title='bbox 2791 4160 3044 4217; x_wconf 86' lang='lat' dir='ltr'><strong>ciborum</strong></span> <span class='ocrx_word' id='word_1_494' title='bbox 3075 4180 3092 4215; x_wconf 88' lang='lat'><strong><em>:</em></strong></span> 
     </span>
    </p>
   </div>
   <div class='ocr_carea' id='block_1_104' title="bbox 1930 4239 3547 4324">
    <p class='ocr_par' dir='ltr' id='par_1_104' title="bbox 1930 4239 3547 4324">
     <span class='ocr_line' id='line_1_106' title="bbox 1930 4239 3547 4324; baseline -0.001 -13"><span class='ocrx_word' id='word_1_495' title='bbox 1930 4256 2107 4311; x_wconf 87' lang='lat' dir='ltr'><strong>Parce</strong></span> <span class='ocrx_word' id='word_1_496' title='bbox 2140 4252 2476 4324; x_wconf 89' lang='lat' dir='ltr'><strong>quibusque</strong></span> <span class='ocrx_word' id='word_1_497' title='bbox 2504 4250 2671 4319; x_wconf 87' lang='lat' dir='ltr'><strong>cibis,</strong></span> <span class='ocrx_word' id='word_1_498' title='bbox 2705 4239 3011 4323; x_wconf 51' lang='lat' dir='ltr'><strong>pereas&#39;ne</strong></span> <span class='ocrx_word' id='word_1_499' title='bbox 3041 4266 3177 4307; x_wconf 92' lang='lat' dir='ltr'><strong>cum</strong></span> <span class='ocrx_word' id='word_1_500' title='bbox 3208 4250 3547 4310; x_wconf 90' lang='lat' dir='ltr'><strong>Sodomitis.</strong></span> 
     </span>
    </p>
   </div>
   <div class='ocr_carea' id='block_1_105' title="bbox 2520 4349 2996 4421">
    <p class='ocr_par' dir='ltr' id='par_1_105' title="bbox 2520 4349 2996 4421">
     <span class='ocr_line' id='line_1_107' title="bbox 2520 4349 2996 4421; baseline 0.002 -17"><span class='ocrx_word' id='word_1_501' title='bbox 2520 4352 2713 4421; x_wconf 85' lang='lat' dir='ltr'><strong>Inepta</strong></span> <span class='ocrx_word' id='word_1_502' title='bbox 2745 4349 2947 4406; x_wconf 51' lang='lat' dir='ltr'><strong>latitia</strong></span> <span class='ocrx_word' id='word_1_503' title='bbox 2976 4367 2996 4405; x_wconf 92' lang='lat'><strong><em>:</em></strong></span> 
     </span>
    </p>
   </div>
   <div class='ocr_carea' id='block_1_106' title="bbox 1932 4436 3325 4511">
    <p class='ocr_par' dir='ltr' id='par_1_106' title="bbox 1932 4436 3325 4511">
     <span class='ocr_line' id='line_1_108' title="bbox 1932 4436 3325 4511; baseline -0.003 -14"><span class='ocrx_word' id='word_1_504' title='bbox 1932 4443 2044 4499; x_wconf 86' lang='lat' dir='ltr'><strong>Fac</strong></span> <span class='ocrx_word' id='word_1_505' title='bbox 2074 4440 2265 4497; x_wconf 89' lang='lat' dir='ltr'><strong>socios</strong></span> <span class='ocrx_word' id='word_1_506' title='bbox 2295 4438 2546 4511; x_wconf 88' lang='lat' dir='ltr'><strong>gaudere</strong></span> <span class='ocrx_word' id='word_1_507' title='bbox 2574 4441 2709 4494; x_wconf 90' lang='lat' dir='ltr'><strong>tuos</strong></span> <span class='ocrx_word' id='word_1_508' title='bbox 2738 4436 3045 4510; x_wconf 89' lang='lat' dir='ltr'><strong>risumque</strong></span> <span class='ocrx_word' id='word_1_509' title='bbox 3075 4454 3325 4495; x_wconf 89' lang='lat' dir='ltr'><strong>movere.</strong></span> 
     </span>
    </p>
   </div>
   <div class='ocr_carea' id='block_1_107' title="bbox 2470 4534 3058 4593">
    <p class='ocr_par' dir='ltr' id='par_1_107' title="bbox 2470 4534 3058 4593">
     <span class='ocr_line' id='line_1_109' title="bbox 2470 4534 3058 4593; baseline -0.002 -1"><span class='ocrx_word' id='word_1_510' title='bbox 2470 4534 2776 4592; x_wconf 84' lang='lat' dir='ltr'><strong>Moderatus</strong></span> <span class='ocrx_word' id='word_1_511' title='bbox 2810 4550 3012 4593; x_wconf 81' lang='lat' dir='ltr'><strong>mceror</strong></span> <span class='ocrx_word' id='word_1_512' title='bbox 3040 4554 3058 4591; x_wconf 92' lang='lat'><strong><em>:</em></strong></span> 
     </span>
    </p>
   </div>
   <div class='ocr_carea' id='block_1_108' title="bbox 1855 4611 3471 4698">
    <p class='ocr_par' dir='ltr' id='par_1_108' title="bbox 1855 4611 3471 4698">
     <span class='ocr_line' id='line_1_110' title="bbox 1855 4611 3471 4698; baseline -0.003 -13"><span class='ocrx_word' id='word_1_513' title='bbox 1855 4611 1901 4676; x_wconf 83' lang='lat' dir='ltr'><strong>D</strong></span> <span class='ocrx_word' id='word_1_514' title='bbox 1935 4629 2096 4685; x_wconf 92' lang='lat' dir='ltr'><strong>Unde</strong></span> <span class='ocrx_word' id='word_1_515' title='bbox 2126 4627 2229 4681; x_wconf 91' lang='lat' dir='ltr'><strong>tibi</strong></span> <span class='ocrx_word' id='word_1_516' title='bbox 2264 4625 2440 4695; x_wconf 90' lang='lat' dir='ltr'><strong>risus,</strong></span> <span class='ocrx_word' id='word_1_517' title='bbox 2473 4640 2608 4679; x_wconf 90' lang='lat' dir='ltr'><strong>cum</strong></span> <span class='ocrx_word' id='word_1_518' title='bbox 2640 4622 2721 4680; x_wconf 91' lang='lat' dir='ltr'><strong>sis</strong></span> <span class='ocrx_word' id='word_1_519' title='bbox 2753 4622 2932 4679; x_wconf 91' lang='lat' dir='ltr'><strong>miser</strong></span> <span class='ocrx_word' id='word_1_520' title='bbox 2960 4623 3055 4681; x_wconf 92' lang='lat' dir='ltr'><strong>hic</strong></span> <span class='ocrx_word' id='word_1_521' title='bbox 3086 4624 3471 4698; x_wconf 86' lang='lat' dir='ltr'><strong>peregrinus?</strong></span> 
     </span>
    </p>
   </div>
   <div class='ocr_carea' id='block_1_109' title="bbox 2522 4721 2977 4793">
    <p class='ocr_par' dir='ltr' id='par_1_109' title="bbox 2522 4721 2977 4793">
     <span class='ocr_line' id='line_1_111' title="bbox 2522 4721 2977 4793; baseline 0 -17"><span class='ocrx_word' id='word_1_522' title='bbox 2522 4721 2929 4793; x_wconf 85' lang='lat' dir='ltr'><strong>Multiloquium</strong></span> <span class='ocrx_word' id='word_1_523' title='bbox 2959 4739 2977 4776; x_wconf 89' lang='lat'><strong><em>:</em></strong></span> 
     </span>
    </p>
   </div>
   <div class='ocr_carea' id='block_1_110' title="bbox 1940 4808 3274 4885">
    <p class='ocr_par' dir='ltr' id='par_1_110' title="bbox 1940 4808 3274 4885">
     <span class='ocr_line' id='line_1_112' title="bbox 1940 4808 3274 4885; baseline -0.005 -14"><span class='ocrx_word' id='word_1_524' title='bbox 1940 4816 2044 4871; x_wconf 88' lang='lat' dir='ltr'><strong>Est</strong></span> <span class='ocrx_word' id='word_1_525' title='bbox 2074 4812 2155 4869; x_wconf 91' lang='lat' dir='ltr'><strong>nil</strong></span> <span class='ocrx_word' id='word_1_526' title='bbox 2188 4810 2406 4885; x_wconf 88' lang='lat' dir='ltr'><strong>peccati</strong></span> <span class='ocrx_word' id='word_1_527' title='bbox 2442 4808 2820 4882; x_wconf 89' lang='lat' dir='ltr'><strong>perplurima,</strong></span> <span class='ocrx_word' id='word_1_528' title='bbox 2855 4808 2905 4864; x_wconf 91' lang='lat' dir='ltr'><strong>si</strong></span> <span class='ocrx_word' id='word_1_529' title='bbox 2938 4810 3110 4879; x_wconf 89' lang='lat' dir='ltr'><strong>bona,</strong></span> <span class='ocrx_word' id='word_1_530' title='bbox 3148 4810 3274 4866; x_wconf 86' lang='lat' dir='ltr'><strong>fari.</strong></span> 
     </span>
    </p>
   </div>
   <div class='ocr_carea' id='block_1_111' title="bbox 2447 4908 3077 4964">
    <p class='ocr_par' dir='ltr' id='par_1_111' title="bbox 2447 4908 3077 4964">
     <span class='ocr_line' id='line_1_113' title="bbox 2447 4908 3077 4964; baseline 0.003 -2"><span class='ocrx_word' id='word_1_531' title='bbox 2447 4908 2691 4963; x_wconf 88' lang='lat' dir='ltr'><strong>Discreta</strong></span> <span class='ocrx_word' id='word_1_532' title='bbox 2722 4908 3030 4964; x_wconf 79' lang='lat' dir='ltr'><strong>taciturnos</strong></span> <span class='ocrx_word' id='word_1_533' title='bbox 3063 4924 3077 4964; x_wconf 89' lang='lat'><strong>:</strong></span> 
     </span>
    </p>
   </div>
   <div class='ocr_carea' id='block_1_112' title="bbox 1939 4994 3360 5072">
    <p class='ocr_par' dir='ltr' id='par_1_112' title="bbox 1939 4994 3360 5072">
     <span class='ocr_line' id='line_1_114' title="bbox 1939 4994 3360 5072; baseline -0.004 -16"><span class='ocrx_word' id='word_1_534' title='bbox 1939 5000 2253 5072; x_wconf 89' lang='lat' dir='ltr'><strong>Nunquam</strong></span> <span class='ocrx_word' id='word_1_535' title='bbox 2284 4994 2496 5051; x_wconf 70' lang='lat' dir='ltr'><strong>vitabis</strong></span> <span class='ocrx_word' id='word_1_536' title='bbox 2527 4994 2757 5066; x_wconf 86' lang='lat' dir='ltr'><strong>culpam</strong></span> <span class='ocrx_word' id='word_1_537' title='bbox 2790 4994 2841 5050; x_wconf 89' lang='lat' dir='ltr'><strong>si</strong></span> <span class='ocrx_word' id='word_1_538' title='bbox 2873 4995 3060 5051; x_wconf 88' lang='lat' dir='ltr'><strong>multa</strong></span> <span class='ocrx_word' id='word_1_539' title='bbox 3079 4994 3360 5068; x_wconf 91' lang='lat' dir='ltr'><strong>loquaris.</strong></span> 
     </span>
    </p>
   </div>
   <div class='ocr_carea' id='block_1_113' title="bbox 2566 5083 2966 5140">
    <p class='ocr_par' dir='ltr' id='par_1_113' title="bbox 2566 5083 2966 5140">
     <span class='ocr_line' id='line_1_115' title="bbox 2566 5083 2966 5140; baseline 0 -2"><span class='ocrx_word' id='word_1_540' title='bbox 2566 5083 2922 5140; x_wconf 85' lang='lat' dir='ltr'><strong>Immunditia</strong></span> <span class='ocrx_word' id='word_1_541' title='bbox 2953 5100 2966 5138; x_wconf 91' lang='lat'>:</span> 
     </span>
    </p>
   </div>
   <div class='ocr_carea' id='block_1_114' title="bbox 1942 5170 3488 5248">
    <p class='ocr_par' dir='ltr' id='par_1_114' title="bbox 1942 5170 3488 5248">
     <span class='ocr_line' id='line_1_116' title="bbox 1942 5170 3488 5248; baseline -0.001 -13"><span class='ocrx_word' id='word_1_542' title='bbox 1942 5180 2067 5235; x_wconf 91' lang='lat' dir='ltr'><strong>Non</strong></span> <span class='ocrx_word' id='word_1_543' title='bbox 2090 5181 2177 5233; x_wconf 89' lang='lat' dir='ltr'><strong>est</strong></span> <span class='ocrx_word' id='word_1_544' title='bbox 2195 5174 2368 5248; x_wconf 89' lang='lat' dir='ltr'><strong>culpa</strong></span> <span class='ocrx_word' id='word_1_545' title='bbox 2398 5172 2591 5246; x_wconf 85' lang='lat' dir='ltr'><strong>gravis</strong></span> <span class='ocrx_word' id='word_1_546' title='bbox 2612 5172 2828 5243; x_wconf 79' lang='lat' dir='ltr'><strong>quaevis</strong></span> <span class='ocrx_word' id='word_1_547' title='bbox 2853 5170 3096 5245; x_wconf 89' lang='lat' dir='ltr'><strong>pollutio</strong></span> <span class='ocrx_word' id='word_1_548' title='bbox 3129 5173 3243 5247; x_wconf 88' lang='grc'><strong>(10)</strong></span> <span class='ocrx_word' id='word_1_549' title='bbox 3274 5174 3488 5233; x_wconf 87' lang='lat' dir='ltr'><strong>carnis.</strong></span> 
     </span>
    </p>
   </div>
   <div class='ocr_carea' id='block_1_115' title="bbox 2490 5272 3041 5338">
    <p class='ocr_par' dir='ltr' id='par_1_115' title="bbox 2490 5272 3041 5338">
     <span class='ocr_line' id='line_1_117' title="bbox 2490 5272 3041 5338; baseline 0.002 -12"><span class='ocrx_word' id='word_1_550' title='bbox 2490 5272 2782 5338; x_wconf 86' lang='lat' dir='ltr'><strong>Integritas</strong></span> <span class='ocrx_word' id='word_1_551' title='bbox 2810 5272 2996 5327; x_wconf 88' lang='lat' dir='ltr'><strong>carnis</strong></span> <span class='ocrx_word' id='word_1_552' title='bbox 3027 5288 3041 5327; x_wconf 91' lang='lat'>:</span> 
     </span>
    </p>
   </div>
   <div class='ocr_carea' id='block_1_116' title="bbox 1945 5357 3226 5436">
    <p class='ocr_par' dir='ltr' id='par_1_116' title="bbox 1945 5357 3226 5436">
     <span class='ocr_line' id='line_1_118' title="bbox 1945 5357 3226 5436; baseline -0.003 -15"><span class='ocrx_word' id='word_1_553' title='bbox 1945 5362 2248 5421; x_wconf 87' lang='lat' dir='ltr'><strong>Clauditur</strong></span> <span class='ocrx_word' id='word_1_554' title='bbox 2278 5359 2519 5417; x_wconf 89' lang='lat' dir='ltr'><strong>incestis</strong></span> <span class='ocrx_word' id='word_1_555' title='bbox 2548 5357 2799 5414; x_wconf 64' lang='lat' dir='ltr'><strong>caelestis</strong></span> <span class='ocrx_word' id='word_1_556' title='bbox 2823 5360 3012 5431; x_wconf 88' lang='lat' dir='ltr'><strong>janua</strong></span> <span class='ocrx_word' id='word_1_557' title='bbox 3043 5361 3226 5436; x_wconf 88' lang='lat' dir='ltr'><strong>regni.</strong></span> 
     </span>
    </p>
   </div>
   <div class='ocr_carea' id='block_1_117' title="bbox 2624 5457 2923 5515">
    <p class='ocr_par' dir='ltr' id='par_1_117' title="bbox 2624 5457 2923 5515">
     <span class='ocr_line' id='line_1_119' title="bbox 2624 5457 2923 5515; baseline 0.013 -4"><span class='ocrx_word' id='word_1_558' title='bbox 2624 5457 2873 5513; x_wconf 68' lang='lat' dir='ltr'><strong>Luxuria</strong></span> <span class='ocrx_word' id='word_1_559' title='bbox 2903 5475 2923 5515; x_wconf 86' lang='lat'><strong><em>:</em></strong></span> 
     </span>
    </p>
   </div>
   <div class='ocr_carea' id='block_1_118' title="bbox 1946 5544 3207 5619">
    <p class='ocr_par' dir='ltr' id='par_1_118' title="bbox 1946 5544 3207 5619">
     <span class='ocr_line' id='line_1_120' title="bbox 1946 5544 3207 5619; baseline -0.003 -9"><span class='ocrx_word' id='word_1_560' title='bbox 1946 5554 2115 5610; x_wconf 88' lang='lat' dir='ltr'><strong>Utere</strong></span> <span class='ocrx_word' id='word_1_561' title='bbox 2148 5545 2427 5605; x_wconf 85' lang='lat' dir='ltr'><strong>luxuria?</strong></span> <span class='ocrx_word' id='word_1_562' title='bbox 2457 5544 2652 5601; x_wconf 90' lang='lat' dir='ltr'><strong>nescis</strong></span> <span class='ocrx_word' id='word_1_563' title='bbox 2684 5561 2810 5619; x_wconf 83' lang='lat' dir='ltr'><strong>quae</strong></span> <span class='ocrx_word' id='word_1_564' title='bbox 2840 5545 2959 5603; x_wconf 91' lang='lat' dir='ltr'><strong>vita</strong></span> <span class='ocrx_word' id='word_1_565' title='bbox 2989 5547 3207 5606; x_wconf 89' lang='lat' dir='ltr'><strong>futura.</strong></span> 
     </span>
    </p>
   </div>
  </div>
