4060 6174
257 314 408 380 1273

1468 313 1672 375 ACTA
1714 310 2002 375 SYNODI
2049 310 2439 373 ATREBAT.

3496 318 3652 385 1274

255 420 621 510 descendisse
652 470 681 500 «
709 446 930 506 donum
962 472 985 503 ι
1032 447 1191 519 dicit,
1240 465 1356 505 non
1406 452 1462 505 te
1516 444 1891 512 scandalizet,
1922 445 1977 513 Α
2009 444 2299 503 malorum
2330 446 2487 504 vitiis
2518 448 2881 504 attenuatur:
2917 445 3125 517 «Quia,
3159 466 3348 526 neque
3368 452 3467 527 qui
3489 452 3653 529 plan.

257 542 388 616 quia
436 556 571 595 cum
620 538 920 595 descendit
963 556 996 594 a
1025 540 1213 608 Patre,
1249 538 1551 594 descendit
1579 541 1634 593 et
1666 554 1699 592 a
1727 534 1890 601 Filio,

258 630 388 705 quia
406 629 532 702 ipse
562 629 671 684 ait:
698 629 857 701 «Ego
880 632 936 684 et
956 628 1124 684 Pater
1141 645 1324 684 unum
1348 644 1555 684 sumus
1578 627 1759 699 (Joan.
1776 624 1893 696 x).»

255 722 386 779 Jure
417 718 595 792 igitur
625 717 710 773 ait
757 716 1072 789 Apostolus
1112 718 1263 791 quod
1304 738 1330 766 ‹‹
1363 717 1489 788 ipse
1516 715 1592 771 sit
1614 716 1814 786 justus
1841 718 1897 768 et

247 808 576 884 justiﬁcans
604 830 631 856 »
663 808 836 879 (Rom.
869 806 954 878 ιιι)
987 806 1203 874 omnia,
1219 823 1332 862 non
1366 802 1753 876 comparative
1771 802 1896 875 qui-

255 902 378 956 dem
394 898 615 969 justus,
635 900 700 951 ut
722 895 909 968 possit
930 896 1128 968 augeri
1149 894 1235 950 vel
1259 893 1469 960 minui,
1493 893 1594 949 sed
1621 891 1896 946 immuta-

255 987 442 1046 biliter
472 991 529 1042 et
558 984 950 1042 essentialiter
971 985 1193 1056 justus.

319 1077 733 1132 Verumtamen
765 1073 900 1130 talis
933 1078 988 1129 et
1014 1078 1212 1130 tantus
1242 1073 1341 1129 Dei
1372 1071 1574 1135 Filius,
1598 1070 1750 1127 sicut
1773 1085 1898 1125 nar-

256 1171 341 1223 rat
368 1164 741 1237 evangelista,
773 1162 931 1219 venit
959 1162 1018 1218 in
1059 1162 1291 1219 Galilma
1352 1161 1410 1215 in
1463 1160 1777 1217 Jordanem
1826 1160 1896 1213 ad

255 1256 628 1323 Joannem,ut
659 1252 1051 1329 baptizaretur
1080 1252 1153 1307 ab
1184 1251 1541 1322 eo.Cui,cum
1570 1266 1638 1304 ex
1659 1247 1901 1303 inﬁrmi-

256 1344 388 1399 tatis
410 1342 645 1416 propria
675 1342 1034 1398 conscientia
1065 1340 1457 1396 ministerium
1491 1341 1804 1403 recusaret,
1821 1337 1901 1392 ait

254 1431 535 1489 Dominus
560 1448 572 1485 :
608 1454 635 1480 ‹‹
657 1431 793 1487 Sine
828 1431 1023 1498 modo;
1049 1431 1133 1486 sic
1163 1430 1319 1485 enim
1351 1430 1515 1485 decet
1534 1445 1641 1484 nos
1664 1444 1899 1483 omnem

246 1520 538 1596 justitiam
555 1520 796 1592 implere
810 1518 1018 1592 (Matth.
1034 1519 1141 1591 ιιι).
1154 1542 1180 1567 υ
1194 1519 1341 1584 Quid
1363 1518 1560 1574 enim?
1576 1521 1636 1571 In
1652 1533 1767 1589 quo
1779 1520 1904 1572 erat

251 1611 426 1668 totius
448 1608 751 1683 plenitudo
773 1608 1041 1681 justitize,
1058 1614 1113 1663 et
1136 1607 1582 1663 immutabiliter
1598 1611 1654 1662 et
1675 1607 1901 1661 incom-

249 1697 614 1774 parabiliterj
622 1700 791 1753 ustus
805 1697 1200 1768 etjustiﬁcans
1212 1696 1409 1753 omnia
1421 1694 1835 1766 erat;nunquid
1851 1692 1899 1748 ei

249 1788 470 1861 aliquid
486 1785 1022 1860 aperfectajustitia
1036 1786 1254 1855 deerat,
1270 1791 1335 1841 ut
1347 1785 1419 1841 ad
1437 1784 1794 1857 implendam
1803 1784 1901 1853 ju-

248 1878 473 1935 stitiam
495 1875 815 1932 materialis
837 1893 1001 1948 aquae
1025 1875 1262 1931 fluentis
1285 1880 1342 1931 et
1362 1873 1714 1948 baptizantis
1737 1872 1904 1927 mini-

248 1966 425 2025 sterio
446 1964 772 2038 indigeret?
795 1964 969 2020 Porro
985 1963 1033 2020 si
1054 1964 1163 2020 hoc
1184 1963 1555 2037 baptismatis
1578 1961 1902 2017 ministerio

248 2058 316 2113 ad
340 2054 1045 2128 supplendamjustitiam
1066 2054 1383 2126 indigebat,
1408 2070 1521 2108 non
1547 2051 1906 2124 perfecteju-

248 2144 864 2216 stus,necjustiﬁcans
886 2143 1085 2198 omnia
1107 2141 1581 2198 erat.Nihilenim
1604 2139 1900 2212 impletur,

248 2236 358 2292 nisi
395 2234 493 2291 cui
521 2235 591 2289 de
618 2250 855 2288 summa
884 2230 1270 2304 plenitudinis
1318 2229 1538 2302 aliquid
1573 2229 1743 2285 desit.
1777 2228 1902 2283 Ple-

249 2325 457 2380 nitudo
481 2322 637 2378 enim
661 2325 1022 2378 crementum
1045 2338 1159 2375 non
1186 2324 1378 2392 potest
1399 2319 1903 2391 accipere.Justus

248 2414 427 2488 igitur
462 2429 578 2467 non
610 2411 861 2484 perfecte
891 2415 1050 2478 erat;
1080 2409 1236 2481 quod
1268 2409 1429 2464 nefas
1461 2412 1548 2463 est
1578 2408 1648 2463 de
1680 2407 1903 2478 Deoju-

247 2503 466 2559 dicare.
499 2500 557 2555 Si
595 2504 795 2554 autem
844 2499 1046 2569 justus
1106 2498 1311 2565 fuerat,
1344 2496 1489 2552 nihil
1525 2514 1558 2551 a
1585 2496 1900 2568 baptismo,

248 2610 362 2665 quo
385 2606 557 2647 suam
582 2586 882 2661 suppleret
895 2586 1211 2658 justitiam,
1236 2585 1498 2657 accipere
1520 2588 1763 2658 poterat,
1798 2584 1902 2639 sed

246 2676 715 2745 immutabiliter,
749 2680 805 2732 et
834 2677 1103 2748 perfecte,
1137 2680 1193 2731 et
1224 2692 1455 2731 summe
1494 2675 1697 2745 justus
1744 2678 1901 2741 erat;

246 2770 428 2845 igitur
458 2765 741 2840 baptizari
773 2782 888 2820 non
925 2764 1243 2836 indigebat.
1289 2767 1402 2818 Cur
1444 2779 1580 2835 ergo
1625 2762 1853 2817 dicebat
1887 2778 1900 2817 :

245 2884 273 2911 «
308 2860 406 2915 Sic
437 2858 604 2913 decet
636 2871 741 2910 nos
772 2870 1007 2909 omnem
1038 2851 1283 2924 implere
1305 2849 1661 2923 justitiam,»
1676 2851 1776 2922 qui
1800 2867 1905 2906 nec

242 2946 533 3021 baptizari
564 2943 886 3015 indigebat,
920 2954 1025 2996 nec
1047 2940 1435 3012 justitia,qua
1466 2939 1676 3012 plenus
1697 2940 1906 2995 redun-

244 3037 449 3103 dabat,
475 3050 591 3105 quo
615 3029 987 3103 suppleretur
1012 3047 1112 3101 per
1134 3029 1492 3100 baptismum
1516 3028 1802 3083 habebat?
1818 3030 1906 3083 In-

245 3124 495 3197 digebat
525 3124 697 3189 certe,
730 3136 846 3174 non
879 3118 1012 3187 sibi,
1042 3119 1144 3174 sed
1186 3118 1371 3173 nobis.
1404 3117 1702 3173 Justitiam
1750 3135 1904 3190 quaa-

2002 540 2106 604 tat,
2140 537 2363 610 aliquid
2395 540 2505 604 est,
2534 553 2718 609 neque
2748 536 2849 609 qui
2876 536 3045 611 rigat,
3071 540 3171 595 sed
3201 542 3303 613 qui
3333 542 3654 603 incremen-

2004 630 2130 682 tum
2163 628 2281 694 dat,
2316 627 2471 682 Deus
2501 626 2547 700 (ι
2576 629 2700 683 Cor.
2731 626 2833 698 ιιι).
2870 649 2897 676 ››
2930 627 3094 685 Unde
3137 633 3194 685 et
3222 630 3347 703 ipse
3379 634 3654 693 minister

2006 733 2184 789 super
2212 715 2570 788 baptizatum
2603 732 2719 772 non
2749 716 2915 772 dicit:
2942 717 3123 791 «Ego,
3149 720 3270 788 sed,
3300 722 3448 778 Deus
3470 725 3654 781 omni-

2005 805 2417 878 potens,Pater
2446 804 2677 860 Domini
2710 806 2893 861 nostri
2923 807 3060 862 Jesu
3083 807 3319 878 Christi,
3343 811 3443 883 qui
3479 821 3531 868 te
3561 831 3655 887 ge-

2007 895 2231 951 neravit
2260 912 2329 950 ex
2359 911 2509 967 aqua
2541 899 2592 949 et
2622 894 2842 967 Spiritu
2877 900 3097 963 sancto,
3123 898 3342 970 quique
3366 900 3528 957 dedit
3547 902 3653 959 tibi

2007 984 2414 1040 remissionem
2475 984 2739 1039 omnium
2798 989 3189 1056 peccatorum,
3222 988 3348 1060 ipse
3384 994 3442 1046 te
3470 989 3657 1048 linivit

2008 1073 2325 1130 chrismate
2374 1073 2579 1129 salutis
2626 1074 2682 1128 in
2723 1074 2903 1129 vitam
2962 1079 3259 1132 aeternam.
3294 1100 3323 1127 »
3350 1079 3473 1144 Qua
3502 1081 3559 1136 in
3595 1099 3655 1139 re

2009 1162 2385 1236 perspicuum
2417 1168 2506 1218 est
2535 1163 2674 1234 quia
2702 1162 2820 1217 vita
2852 1163 3104 1219 ministri
3131 1165 3275 1222 nihil
3306 1168 3656 1243 derogathis

2010 1252 2109 1325 qui
2141 1252 2211 1307 de
2241 1252 2460 1325 Spiritu
2492 1256 2693 1307 sancto
2723 1253 3063 1325 concipiunt
3094 1254 3365 1312 virtutem
3397 1259 3656 1315 sanctiﬁ-

2011 1341 2276 1408 cationis,
2312 1341 2632 1412 praesertim
2678 1357 2812 1397 cum
2857 1342 3009 1398 inter
3057 1347 3293 1402 caeteros
3339 1347 3658 1421 discipulos

2009 1429 2040 1486 J
2047 1430 2223 1486 udam
2249 1429 2510 1486 futurum
2527 1430 2759 1486 Domini
2780 1432 3121 1489 traditorem
3154 1434 3482 1506 baptizasse
3501 1436 3656 1510 lega-

2012 1537 2182 1587 mus;
2217 1525 2272 1575 et
2299 1536 2432 1574 cum
2478 1519 2865 1592 rebaptizatos
2914 1538 3119 1578 omnes
3149 1539 3184 1578 a
3213 1524 3520 1597 discipulis
3545 1527 3657 1583 Do-

2012 1608 2156 1663 mini
2184 1608 2384 1676 fuisse,
2402 1625 2550 1681 quos
2578 1608 2834 1665 Joannes
2866 1610 3129 1683 Baptista
3151 1611 3207 1668 in
3231 1629 3385 1685 aqua
3408 1615 3662 1687 baptiza-

2009 1696 2483 1765 verat,sciamus;
2510 1696 2735 1752 nullum
2760 1702 2977 1766 tamen,
2991 1716 3164 1771 quem
3178 1701 3203 1755 Ι
3211 1702 3357 1757 udas
3371 1702 3660 1776 baptizas-

2013 1789 2120 1851 set,
2140 1785 2345 1841 iterato
2363 1786 2521 1841 fonte
2543 1786 2808 1842 ablutum
2835 1789 3177 1860 reperimus.
3203 1790 3350 1847 Nam
3372 1792 3423 1848 si
3450 1793 3663 1866 impro-

2011 1875 2085 1930 ba
2104 1875 2220 1930 vita
2242 1876 2535 1931 traditoris
2567 1876 2863 1932 nocuisset
2884 1878 3271 1951 baptizandis,
3288 1896 3661 1953 nequaquam

2013 1963 2128 2031 ille,
2162 1964 2259 2036 qui
2309 1981 2513 2021 omnes
2560 1968 2795 2021 venerat
2839 1965 3084 2036 salvare,
3118 1972 3417 2039 pateretur
3463 1970 3521 2025 in
3564 1968 3663 2026 illo

2013 2052 2135 2108 solo
2157 2053 2450 2125 baptisma
2470 2053 2681 2124 perire.
2713 2055 2825 2110 Sed
2849 2055 2988 2127 quia
3018 2055 3241 2111 malitia
3266 2056 3531 2135 hominis.
3547 2074 3663 2114 non

2013 2145 2203 2214 potest
2236 2142 2581 2198 imminuere
2610 2143 2817 2198 divinae
2843 2161 2991 2217 opus
3021 2145 3271 2213 virtutis,
3299 2144 3489 2202 noluit
3510 2164 3667 2220 repe-

2012 2234 2132 2285 tere
2161 2231 2315 2302 quod
2349 2230 2524 2286 homo
2552 2231 3002 2299 ministraverat,
3035 2233 3287 2305 Spiritus
3333 2236 3664 2293 sanctiﬁca-

2010 2324 2188 2374 verat.
2228 2319 2421 2395 Porro,
2453 2322 2706 2375 testante
2749 2320 2945 2376 divina
2975 2321 3297 2393 Scriptura,
3331 2324 3666 2382 audivimus

2012 2423 2179 2481 reges
2207 2424 2452 2480 magnos
2486 2408 2664 2465 fuisse
2696 2410 2752 2464 in
2782 2410 3129 2478 Jerusalem,
3160 2412 3260 2483 qui
3293 2413 3668 2471 administra-

2011 2498 2154 2552 bant
2212 2514 2303 2552 res
2362 2498 2648 2568 quasdam
2721 2499 3078 2570 pertinentes
3128 2501 3200 2555 ad
3262 2501 3665 2575 Babyloniam,

2013 2585 2298 2658 quosdam
2367 2603 2499 2642 vero
2577 2588 2731 2643 cives
2806 2588 3133 2662 Babylonia:
3220 2591 3666 2648 administrasse

2013 2692 2106 2730 res
2162 2674 2510 2731 Jerusalem.
2559 2676 2653 2731 Sic
2710 2677 2907 2749 itaque
2963 2677 3232 2735 novimus
3288 2679 3441 2734 cives
3502 2681 3666 2736 bona:

2013 2763 2266 2818 civitatis
2298 2763 2743 2821 administrasse
2775 2782 2867 2822 res
2905 2765 3071 2821 malae
3102 2767 3378 2835 civitatis,
3411 2772 3469 2824 et
3495 2784 3666 2825 econ-

2013 2856 2105 2906 tra
2133 2852 2284 2907 cives
2317 2851 2482 2906 malae
2514 2853 2765 2909 civitatis
2796 2854 3243 2912 administrasse
3276 2873 3368 2913 res
3399 2857 3563 2913 bonae
3594 2858 3668 2914 ci-

2011 2940 2229 2995 vitatis.
2271 2941 2329 2994 Si
2379 2957 2516 3013 ergo
2546 2943 2877 3013 respublica
2904 2944 3068 2999 bona:
3101 2946 3351 3003 civitatis
3382 2963 3486 3019 per
3514 2948 3667 3004 cives

2014 3028 2340 3101 Babylonia:
2363 3029 2487 3086 sine
2506 3030 2594 3085 sui
2624 3033 2995 3104 corruptione
3027 3034 3430 3091 administrari
3454 3037 3663 3108 potuit,

2020 3122 2237 3189 quanto
2269 3119 2457 3192 magis
2491 3126 2926 3177 sacramentum
2949 3122 3103 3194 quod
3121 3123 3237 3179 vim
3261 3125 3667 3182 sanctiﬁcatio-

246 3186 417 3270 rebat
450 3186 711 3283 implere,
730 3226 845 3264 non
868 3224 1058 3273 suam,
1075 3207 1174 3263 sed
1209 3207 1652 3262 nostram.Nam
1678 3223 1909 3279 semper
1938 3186 1981 3253 C
2021 3207 2112 3262 nis
2139 3208 2603 3279 perinvisibilem
2627 3210 2810 3265 sancti
2835 3211 3088 3283 Spiritus
3109 3214 3507 3285 operationem
3529 3230 3665 3271 con-

245 3301 306 3356 in
330 3303 551 3355 aeterno
574 3298 702 3369 ejus
724 3294 969 3352 consilio
994 3295 1213 3350 mansit
1232 3294 1462 3368 generis
1484 3294 1728 3350 humani
1752 3311 1913 3366 repa-

244 3385 775 3455 ratio,et,discretis
788 3382 1195 3456 spiritualibus
1207 3387 1705 3440 sacramentorum
1721 3385 1915 3440 obser-

247 3476 663 3549 vantiis,quod
687 3475 1062 3548 profuturum
1094 3477 1151 3529 et
1182 3474 1576 3529 necessarium
1600 3475 1670 3529 ad
1700 3478 1909 3530 nostrae

247 3564 641 3639 reparationis
662 3567 787 3621 erat
808 3564 1103 3633 eii‘ectum,
1126 3562 1234 3617 hoc
1258 3580 1360 3634 per
1381 3579 1592 3618 manus
1613 3562 1911 3635 dispensac

243 3660 444 3712 torum
476 3652 784 3709 visibiliter
810 3650 997 3707 voluit
1026 3650 1448 3718 administrari,
1469 3651 1568 3707 sed
1602 3650 1907 3707 invisibili-

242 3749 349 3811 ter,
387 3752 669 3816 operante
701 3740 922 3815 Spiritu
955 3743 1176 3807 sancto,
1211 3738 1464 3812 impleri.

311 3833 499 3904 Cujus
522 3831 605 3886 rei
627 3831 816 3904 gratia
838 3828 1095 3902 plurima
1116 3829 1177 3884 in
1202 3832 1406 3884 sancta
1433 3826 1689 3884 Ecclesia
1718 3829 1905 3902 provi-

239 3923 356 3979 dus
386 3917 679 3978 Dominus
710 3918 967 3974 instituit
1018 3920 1404 3983 sacramenta,
1433 3917 1506 3988 [ο]
1541 3917 1757 3989 quibus
1788 3917 1905 3989 pri-

240 4026 408 4064 mum
442 4007 519 4063 ad
544 4006 1002 4079 regenerationis
1029 4005 1376 4078 mysterium
1410 4004 1664 4060 instituit
1686 4005 1903 4077 baptis—

240 4097 421 4154 matis
455 4095 838 4152 usum.Porro
863 4093 1222 4167 baptismum
1255 4092 1680 4161 Graece,Latine
1700 4095 1906 4149 linclio

241 4186 687 4259 interpretatur,
704 4183 843 4255 quia
861 4182 939 4238 ibi
956 4183 1130 4239 homo
1149 4182 1356 4256 spiritu
1388 4182 1588 4256 gratiae
1611 4181 1668 4237 in
1694 4182 1905 4239 melius

242 4274 605 4331 immutatur
633 4277 690 4329 et
717 4272 889 4345 longe
938 4271 1098 4328 aliud
1153 4288 1330 4345 quam
1387 4272 1578 4328 fuerat
1634 4272 1901 4328 efﬁcitur.

244 4366 418 4422 Prius
442 4363 603 4420 enim
623 4361 756 4417 fcedi
775 4378 1011 4417 eramus
1042 4362 1408 4417 deformitate
1429 4364 1823 4434 peccatorum,
1845 4362 1904 4417 in

245 4453 378 4527 ipsa
406 4452 694 4509 tinctione
730 4450 1030 4506 reddimur
1058 4450 1287 4522 pulchri
1318 4449 1685 4505 dealbatione
1715 4450 1902 4507 virtu-

2021 3297 2180 3370 cipit,
2205 3314 2237 3352 a
2258 3299 2451 3370 pravis
2478 3299 2764 3354 ministris
2785 3317 2894 3356 non
2915 3302 3329 3374 corrumpitur,
3354 3317 3487 3358 cum
3508 3302 3665 3360 aliud

2022 3386 2098 3441 sit
2131 3388 2284 3459 quod
2317 3387 2569 3443 exterius
2603 3389 2815 3461 agitur,
2847 3389 3153 3447 exhibente
3185 3391 3475 3461 ministro,
3509 3392 3667 3448 aliud

2021 3476 2176 3547 quod
2208 3477 2453 3531 interius
2481 3477 2824 3545 viviﬁcatur,
2859 3478 3158 3536 animante
3187 3480 3408 3552 Spiritu
3441 3486 3663 3539 sancto.

2019 3564 2158 3620 Inde
2189 3569 2276 3620 est
2306 3566 2483 3636 quod,
2516 3583 2649 3621 cum
2678 3566 2933 3623 Joannes
2964 3567 3023 3622 in
3054 3568 3361 3643 Evangelio
3401 3570 3618 3627 diceret
3650 3588 3663 3626 :

2027 3672 2047 3702 ι
2082 3653 2228 3718 Quia
2253 3653 2566 3710 audierunt
2597 3655 2867 3711 Pharisaei
2900 3657 3054 3729 quod
3102 3658 3277 3713 Jesus
3310 3659 3663 3731 baptizabat,

2018 3743 2287 3815 quamvis
2344 3743 2468 3817 ipse
2521 3745 3028 3819 noqbaptizaret,
3063 3747 3163 3802 sed
3214 3747 3485 3821 discipuli
3536 3750 3666 3821 ejus

2018 3831 2204 3903 (Joan.
2239 3831 2339 3903 1v),
2376 3854 2403 3881 ››
2436 3832 2494 3886 in
2528 3832 2634 3888 hoc
2676 3834 2994 3905 quamdam
3026 3837 3321 3907 operantis
3347 3837 3447 3893 Dei
3478 3842 3535 3894 et
3563 3838 3663 3895 ad-

2017 3920 2423 3975 ministratorii
2447 3919 2620 3976 ofﬁcii
2654 3920 3066 3978 discretionem
3089 3922 3273 3979 voluit
3296 3924 3540 3999 intelligi
3558 3945 3572 3996 ;
3588 3928 3667 3983 vi-

2016 4008 2224 4064 delicet
2243 4013 2326 4075 ut,
2352 4009 2410 4063 in
2441 4025 2507 4064 eo
2537 4009 2691 4080 quod
2720 4010 2925 4065 Jesum
2952 4011 3093 4067 dicit
3117 4012 3432 4086 baptizare,
3464 4016 3663 4071 invisi-

2014 4096 2192 4152 bilem
2225 4097 2431 4153 divinae,
2458 4098 2689 4153 virtutis
2734 4099 2993 4155 insinuet
3037 4102 3474 4173 operationem;
3508 4104 3567 4159 in
3597 4120 3664 4162 eo

2014 4202 2145 4241 vero
2173 4202 2287 4258 quo
2311 4186 2573 4242 subdidit
2596 4204 2608 4242 :
2648 4176 2957 4259 «quamvis
2986 4189 3160 4246 Jesus
3183 4207 3296 4246 non
3321 4191 3660 4264 baptizaret,

2014 4276 2115 4330 sed
2148 4275 2419 4348 discipuli
2452 4276 2637 4346 ejus,»
2660 4293 2775 4332 non
2804 4278 2873 4333 de
2904 4283 3178 4351 operante
3208 4281 3439 4349 virtute,
3466 4282 3569 4337 sed
3591 4283 3663 4339 de

2013 4362 2225 4419 visibili
2257 4364 2700 4437 exsequentium
2724 4366 3230 4424 administratione
3250 4368 3471 4424 dictum
3492 4370 3662 4427 intel-

2012 4452 2509 4526 ligatur.lgiturin
2534 4454 2901 4526 baptizandis
2925 4456 3195 4512 ﬁdelibus
3216 4457 3376 4514 aliud
3399 4462 3489 4515 est
3503 4461 3660 4532 quod

242 4543 596 4615 tum.Cujus
619 4540 962 4613 mysterium
990 4557 1105 4595 non
1130 4539 1317 4605 aliter,
1333 4539 1446 4595 nisi
1466 4539 1576 4595 sub
1599 4539 1904 4595 Trinitatis
1939 4558 1981 4623 θ
2014 4541 2382 4598 invisibiliter
2409 4541 2659 4598 efﬁcitur
2689 4560 2792 4615 per
2820 4544 3103 4616 Spiritum
3134 4547 3660 4619 operantem,aliud

244 4629 749 4705 designatione,id
767 4634 875 4696 est,
891 4628 1099 4695 Patris,
1117 4631 1173 4682 et
1206 4626 1424 4695 Filii,et
1445 4627 1696 4700 Spiritus
1718 4629 1903 4684 sancti

242 4717 780 4794 cognominatione,
814 4716 1158 4790 completur.
1192 4715 1354 4772 Unde
1394 4716 1679 4772 Dominus
1711 4717 1782 4772 ad
1815 4718 1902 4773 di-

241 4808 508 4881 scipulos
542 4826 554 4864 :
593 4830 619 4857 ‹‹
642 4811 746 4874 Ite,
769 4805 980 4879 inquit,
1005 4806 1204 4861 docete
1233 4821 1438 4861 omnes
1467 4808 1689 4877 gentes,
1714 4806 1903 4878 bapti-

241 4902 446 4955 zantes
505 4914 607 4953 eos
655 4896 713 4951 in
770 4896 1008 4951 nomine
1055 4894 1262 4961 Patris,
1297 4899 1353 4949 et
1381 4894 1529 4961 Filii,
1563 4898 1619 4949 et
1647 4894 1899 4966 Spiritus

240 4987 430 5044 sancti
454 4987 680 5060 (Matth.
704 4984 921 5056 xxvui).
934 5009 959 5033 η
974 4983 1135 5048 Quod
1150 4983 1387 5055 quidem
1403 4982 1745 5055 mysterium
1760 5001 1794 5038 a
1806 5000 1895 5039 se-

138 5100 141 5103 '
238 5076 411 5133 cretis
456 5074 792 5145 virtutibus,
825 5072 911 5129 vel
947 5091 980 5129 a
1029 5072 1213 5128 sacris
1265 5074 1697 5126 sacramentum
1748 5070 1895 5127 dici-

234 5169 371 5235 tur;
406 5154 726 5239 quod'ideo
758 5179 935 5236 penes
966 5160 1283 5217 Ecclesiam
1336 5160 1633 5216 fructuose
1677 5159 1889 5233 agitur,

237 5254 377 5327 quia
401 5258 645 5327 sanctus
666 5252 724 5307 in
746 5269 811 5307 eo
835 5252 1195 5307 descendens
1216 5249 1468 5323 Spiritus
1490 5249 1763 5305 eumdem
1795 5267 1892 5304 sa-

237 5324 526 5399 cramenti
558 5341 807 5397 latenter
835 5344 1108 5412 operatur
1136 5341 1427 5396 effectum.
1466 5337 1628 5393 Unde
1657 5355 1758 5394 seu
1792 5354 1894 5411 per

236 5432 447 5500 bonos,
464 5448 569 5487 seu
592 5447 695 5504 per
724 5429 909 5485 malos
932 5430 1235 5485 ministros
1259 5428 1413 5483 intra
1442 5427 1758 5483 Ecciesiam
1777 5427 1890 5483 dis-

236 5523 753 5594 pensetur,tamen
778 5519 917 5591 quia
934 5518 1187 5591 Spiritus
1220 5521 1459 5574 sanctus
1488 5516 1885 5590 mysticeillud

230 5608 512 5679 viviﬁcat,
555 5625 661 5665 nec
707 5608 996 5665 bonorum
1056 5606 1283 5663 meritis
1342 5604 1751 5678 ampliﬁcatur,
1784 5622 1889 5663 nec

2016 4631 2170 4703 quod
2192 4630 2498 4686 visibiliter
2516 4631 2824 4688 exhibetur
2842 4650 2947 4706 per
2976 4634 3314 4692 ministrum
3337 4637 3660 4711 obsequen~

2015 4723 2155 4775 tem.

2084 4808 2246 4874 Quod
2279 4810 2472 4864 autem
2506 4811 2997 4888 permaterialem
3048 4829 3263 4885 aquam
3294 4814 3657 4886 baptismum

2010 4897 2201 4963 datur,
2236 4897 2357 4952 haec
2388 4899 2543 4961 ratio.
2566 4890 2655 4977 est
2689 4917 2701 4954 :
2735 4889 2917 4977 voluit
2947 4902 3103 4957 enim
3154 4902 3440 4959 Dominus
3470 4908 3535 4960 ut
3566 4921 3658 4962 res

2008 4984 2107 5040 illa
2134 4985 2442 5042 invisibilis
2455 4975 3024 5065 percong'iiuentem,
3045 4991 3140 5045 sed
3170 4988 3423 5063 profecto
3445 4996 3654 5050 tracta-

2006 5073 2205 5141 bilem,
2241 5092 2362 5130 rem
2393 5062 2704 5147 eti‘visibile
2765 5062 3198 5148 impenderetur
3253 5079 3607 5139 elementum
3637 5103 3650 5154 ;

2004 5180 2182 5235 super
2210 5164 2364 5235 quod
2396 5165 2647 5236 Spiritus
2680 5170 2920 5221 sanctus
2947 5167 3239 5223 ferebatur
3270 5171 3327 5225 in
3344 5172 3649 5246 principio.

2003 5251 2147 5306 Nam
2181 5252 2334 5308 sicut
2364 5269 2466 5324 per
2496 5270 2707 5325 aquam
2731 5259 3017 5327 purgatur
3043 5258 3297 5314 exterius
3328 5262 3651 5334 corpus,ita

2002 5339 2249 5396 latenter
2277 5342 2405 5413 ejus
2436 5342 2710 5413 mysterio
2739 5343 3084 5414 puriﬁcatur
3108 5352 3163 5402 et
3192 5348 3447 5405 animus.
3482 5354 3648 5407 lnvo~

2002 5433 2128 5484 cato
2159 5429 2315 5484 enim
2350 5428 2798 5496 Deo,deseendit
2828 5431 3078 5504 Spiritus
3109 5441 3349 5493 sanctus
3368 5438 3439 5494 de
3462 5438 3644 5505 cmlis,

2001 5521 2076 5586 et,
2113 5508 2413 5573 medicatis
2444 5519 2634 5591 aquis,
2670 5521 2996 5578 sanctiﬁcat
3024 5540 3122 5579 eas
3147 5525 3219 5581 de
3251 5527 3648 5599 semetipso,et

2000 5607 2295 5680 accipiunt
2326 5606 2443 5665 vim
2474 5609 2860 5683 purgationis,
2894 5614 2961 5667 ut
2992 5612 3050 5668 in
3081 5612 3167 5671 eis
3197 5630 3331 5671 caro
3359 5618 3417 5672 et
3447 5615 3644 5674 animo.
