4052 6158
417 275 574 342 12Ἱὸ

1377 271 1723 336 GERARDI
1765 269 1789 334 Ι
1835 271 2437 342 CAMEHACENSIS
2478 277 2851 344 EPISCOPI.

3661 290 3802 355 H76

417 411 648 472 delictis
677 407 1336 487 inquinata'mundetur.
1351 406 1422 463 Et
1433 405 1538 475 sic,
1552 405 1610 462 in
1635 410 1822 464 morte
1841 403 2057 465 Christi
2091 406 2147 476 Α
2176 413 2347 483 cepta
2357 415 2554 470 tenere
2571 411 2784 483 dicitis,
2804 418 2860 472 ct
2875 413 2968 474 his
2985 415 3280 476 contraria
3306 416 3655 492 praedicatis.
3673 422 3805 484 Nam

415 505 546 562 etin
569 503 988 561 resurrectione
1007 501 1158 572 ejus,
1185 498 1446 571 potentia
1460 497 1837 570 baptismatis
1855 513 2064 553 novam

2173 504 2232 557 et
2261 502 2621 575 evangelista
2649 503 2824 560 refert
2851 506 2989 578 quia
3017 529 3048 558 «
3078 506 3252 566 Jesus
3281 509 3442 566 venit
3471 515 3531 568 et
3558 512 3804 586 discipuli

415 598 740 651 creaturam
773 591 969 648 condit
996 607 1065 646 ex
1100 593 1311 654 vetere,
1347 591 1412 642 ut
1443 587 1500 642 in
1533 586 1974 643 renascentibus
2007 591 2066 643 et
2173 590 2304 662 ejus
2334 591 2393 646 in
2424 591 2711 660 Judmam,
2743 596 2800 649 et
2855 595 2935 650 ibi
2993 597 3416 654 demorabatur
3463 616 3602 656 cum
3639 601 3733 670 eis,
3760 610 3807 660 et

414 699 573 739 mors
603 681 815 738 Christi
867 683 1138 752 operetur
1174 681 1234 734 et
1279 677 1418 744 vita,
1453 674 1681 732 dicente
1710 675 1881 732 beato
1911 677 2060 748 Apo-

359 795 362 799 ’
411 771 560 828 stola
592 787 605 827 :
643 793 670 822 «
692 773 778 826 An
809 769 1092 842 ignoratis
1123 767 1263 840 quia
1293 765 1628 838 quicunque
1659 765 1934 836 baptizati
1967 782 2061 820 su-

409 878 544 918 mus
558 861 616 917 in
639 859 1102 922 CbristoJesu,in
1122 859 1308 912 morte
1329 854 1518 926 ipsius
1535 854 1808 926 baptizati
1823 853 2060 910 sumus?

406 949 736 1024 consepulti
765 951 924 1007 enim
955 965 1163 1004 sumus
1195 963 1327 1001 cum
1360 943 1456 1000 illo
1491 960 1592 1016 per
1614 943 1972 1015 baptismum
1997 944 2056 998 in

405 1044 614 1109 morte,
646 1045 713 1096 ut
742 1039 1032 1112 quomodo
1063 1035 1314 1092 surrexit
1353 1033 1630 1089 Christus.
1669 1049 1772 1104 per
1808 1031 2054 1103 gloriam

403 1129 612 1196 Patris,
632 1131 715 1185 ita
729 1133 786 1185 et
816 1145 924 1184 nos
953 1129 1010 1182 in
1038 1126 1290 1182 novitate
1321 1124 1445 1178 vitae
1472 1120 1844 1177 ambulemus
1875 1121 2050 1193 (Rom.

397 1222 538 1288 v1).»
563 1218 725 1275 Unde
754 1218 1078 1282 notandum
1109 1215 1333 1288 quia,in
1363 1210 1736 1284 baptismatis
1769 1209 2054 1284 regula,et

401 1326 562 1366 mors
587 1308 891 1364 intervenit
918 1305 1315 1360 interfectione
1338 1301 1581 1376 peccati,
1606 1303 1662 1355 et
1681 1298 2047 1371 sepulturam

398 1402 734 1458 triduanam
768 1400 1030 1453 imitatur
1050 1396 1204 1450 trina
1235 1391 1616 1457 demersio,et
1645 1390 1717 1444 ab
1748 1388 1918 1460 aquis
1939 1386 2052 1444 ele-

395 1490 550 1546 vatio
573 1488 930 1561 resurgentis
952 1486 1138 1540 instar
1157 1488 1246 1539 est
1265 1483 1336 1538 de
1357 1478 1644 1552 sepulcro.
1669 1477 1887 1534 Deinde
1912 1493 2046 1532 vero

397 1577 550 1635 sacri
579 1575 914 1633 chrismatis
937 1572 1210 1629 unctione
1235 1567 1606 1642 perfunditur
1635 1565 1925 1634 infans,ex
1945 1582 2043 1620 cu-

386 1667 492 1739 jus
525 1666 761 1724 nomine
788 1663 1054 1723 Christus
1084 1661 1380 1726 dicitur,et
1396 1658 1572 1714 homo
1596 1659 1724 1728 post
1745 1655 2042 1712 lavacrum

2172 679 2506 752 baptizabat
2535 683 2716 749 (Joan.
2739 683 2845 755 111).
2881 707 2908 735 ››
2941 685 3047 750 Qui
3073 687 3359 760 baptismi
3393 697 3805 748 sacramentum

2169 773 2227 824 et
2247 771 2706 842 regenerationis
2727 775 3045 846 potentiam
3073 777 3290 844 sanxit,
3307 779 3552 850 quando
3571 779 3642 836 de
3656 779 3808 838 latere

2167 859 2297 929 ejus
2321 861 2688 931 proﬂuerunt
2717 863 2958 936 sanguis
2989 865 3418 938 redemptionis
3450 870 3511 923 et
3539 884 3691 940 aqua
3723 869 3805 926 ba-

2167 948 2484 1018 ptismatis.
2514 951 2680 1006 Unde
2725 951 2982 1008 Joannes
3031 953 3336 1026 apostolus
3372 971 3388 1009 :
3434 978 3462 1005 «
3497 955 3646 1012 Tres
3671 961 3804 1026 sunt,

2165 1035 2378 1109 inquit,
2395 1039 2490 1110 qui
2515 1040 2920 1096 testimonium
2943 1042 3348 1110 dantinterra,
3367 1043 3802 1118 spiritus,aqua,

2161 1131 2221 1181 et
2250 1129 2493 1200 sanguis
2518 1132 2570 1197 (I
2593 1130 2750 1185 Joan.
2783 1132 2860 1197 v).
2891 1152 2917 1178 ››
2947 1131 3152 1186 Petrus
3181 1148 3338 1200 vero,
3377 1133 3476 1188 cui
3509 1135 3803 1205 primatum

2161 1213 2429 1272 Ecclesiae
2459 1216 2748 1274 Dominus
2779 1218 3123 1288 contulerat,
3147 1221 3290 1276 dum
3321 1221 3695 1278 credentium
3714 1241 3802 1279 nu-

2159 1320 2391 1360 merum
2415 1307 2743 1378 promissus
2764 1309 2954 1364 sancti
2977 1309 3231 1382 Spiritus
3252 1309 3509 1382 replevit
3519 1311 3802 1380 adventus,

2156 1393 2271 1448 tria
2289 1393 2472 1460 millia
2497 1394 2806 1452 hominum
2838 1413 2946 1454 sua
2975 1399 3390 1469 praadicatione
3406 1415 3804 1457 conversorum

2154 1498 2312 1554 aqua
2337 1484 2714 1556 baptismatis
2742 1487 3118 1553 consecravit,
3142 1485 3300 1542 sicut
3331 1487 3532 1546 Lucas
3553 1492 3802 1557 testatur,

2154 1569 2360 1626 dicens
2383 1587 2396 1626 ε
2434 1593 2461 1620 ‹‹
2487 1571 2590 1627 His
2621 1571 2839 1628 auditis
2861 1575 3199 1645 compuncti
3221 1579 3364 1630 sunt
3387 1577 3662 1646 corde,et
3678 1577 3806 1634 dixe-

2152 1661 2376 1715 runtad
2392 1660 2626 1716 Petrum
2643 1665 2702 1716 et
2718 1661 2974 1734 reliquos
2995 1661 3320 1734 apostolos:
3345 1664 3504 1730 Quid
3519 1665 3802 1733 faciemus,

395 1757 816 1812 sanctiﬁcatu‘r.
851 1755 996 1810 Nam
1039 1752 1192 1808 sicut
1221 1750 1279 1805 in
1327 1747 1622 1820 baptismo
1669 1750 2038 1848 peccatorpm
2069 1783 2117 1848 Β
2149 1747 2261 1803 viri
2301 1748 2558 1805 fratres?
2593 1749 2794 1806 Petrus
2847 1767 2982 1807 vero
3039 1751 3112 1807 ad
3167 1749 3300 1808 illos
3332 1768 3346 1806 :
3385 1753 3803 1824 Paenitentiam,

392 1845 662 1902 remissio
693 1845 886 1912 datur,
920 1843 1000 1898 ita
1029 1857 1132 1913 per
1163 1838 1496 1894 unctionem
1525 1835 1777 1908 Spiritus
1798 1834 2036 1890 adhibe-

389 1938 506 1990 tur.
529 1935 664 2001 Quae
683 1933 818 1990 licet
847 1929 1156 1987 carnaliter
1183 1923 2040 1997 administretur,spiritualiter

387 2026 586 2077 tamen
615 2020 876 2093 proﬁcit;
903 2019 1056 2074 sicut
1084 2021 1139 2072 et
1169 2016 1300 2088 ipsa
1327 2012 1698 2087 baptismatis
1729 2013 1936 2086 gratia,
1951 2014 2035 2068 vi-

387 2109 578 2167 sibilis
607 2113 775 2164 actus
805 2107 1084 2180 est,quod
1112 2106 1172 2160 in
1199 2121 1353 2176 aqua
1384 2103 1700 2176 mergitur;
1735 2103 1834 2158 sed
1866 2103 2035 2175 spiri-

385 2198 564 2256 tualis
621 2198 893 2263 efﬁcitdr,
945 2196 1098 2269 quod
1159 2193 1389 2250 delictis
1447 2191 1787 2248 mandatur.
1823 2191 2033 2248 Manus

384 2288 680 2362 impositio
709 2287 840 2343 ideo
870 2287 938 2341 ﬁt
967 2289 1032 2340 ut
1055 2301 1158 2357 per
1205 2280 1670 2337 benedictionem
1716 2281 2031 2338 advocatus

383 2379 662 2435 invitetur
704 2375 958 2449 Spiritus
1000 2377 1259 2430 sanctus.
1293 2371 1456 2426 Tunc
1487 2370 1644 2425 enim
1671 2368 2028 2438 Paracletus,

382 2471 514 2542 post
538 2467 822 2524 mundata
848 2479 1110 2536 corpora,
1145 2460 1333 2517 libens
1364 2476 1399 2514 a
1429 2459 1594 2514 Patre
1619 2459 1940 2527 descendit,
1975 2465 2032 2516 et

380 2557 547 2630 quasi
580 2571 758 2629 super
785 2552 1062 2626 baptismi
1095 2565 1307 2623 aquam
1339 2547 1492 2604 velut
1519 2563 1697 2619 super
1716 2547 2028 2619 pristinam

380 2647 579 2704 sedem
622 2659 1044 2717 recognoscens
1076 2639 1342 2713 quiescit.
1390 2637 1538 2692 Nam
1589 2635 1802 2709 legitur
1839 2639 1980 2710 quia
2011 2657 2024 2694 :

378 2757 408 2787 ‹‹
439 2741 501 2792 ln
531 2735 817 2810 principio
845 2733 1095 2806 Spiritus
1127 2731 1226 2786 Dei
1277 2728 1571 2784 ferebatur
1615 2741 1793 2798 super
1841 2743 2028 2801 aquas

378 2824 588 2900 (Cenes.
620 2827 682 2895 ι).
721 2847 742 2875 ι

439 2916 558 2972 Hoc
571 2918 660 2973 est
673 2913 930 2988 primum
944 2912 1154 2966 nostris
1168 2905 1552 2980 reparationis
1564 2911 2022 2974 sacramentum,

376 3005 448 3062 ad
481 3003 638 3078 quod
669 2999 1138 3060 conﬁrmandum
1168 2996 1474 3061 Dominus,
1498 2992 1720 3050 nullius
1753 2994 2022 3068 indigens

2149 1836 2365 1909 inquit,
2400 1839 2648 1911 agite,et
2677 1839 3004 1912 baptizatur
3030 1841 3451 1914 unusquisque
3482 1845 3804 1900 vestrumin

2147 1927 2388 1982 nomine
2415 1927 2554 1984 Jesu
2587 1927 2803 1984 Christi
2833 1929 2892 1984 in
2923 1929 3333 1986 remissionem
3355 1936 3806 2004 peccatorum,et

2146 2015 2447 2089 accipietis
2477 2017 2763 2089 Spiritum
2795 2021 3062 2074 sanctum
3099 2018 3242 2090 (Act.
3276 2022 3362 2088 11).
3401 2042 3431 2070 »
3463 2019 3622 2078 Aliis
3646 2023 3802 2079 etiam

2143 2103 2418 2176 pluribus
2443 2106 2636 2162 verbis
2673 2105 3086 2163 exhortabatur
3114 2123 3215 2163 eos
3259 2107 3514 2166 dicens:
3550 2133 3582 2161 «
3617 2111 3802 2168 Salva-

2144 2193 2292 2250 mini
2320 2211 2355 2250 a
2383 2196 2754 2268 generatione
2803 2195 2918 2252 ista
2962 2212 3142 2268 prava
3189 2197 3407 2270 (Ibid.).
3445 2221 3476 2248 »
3510 2199 3626 2265 Qui
3683 2217 3800 2274 ergo

2141 2289 2487 2357 receperunt
2516 2301 2846 2341 sermonem
2875 2285 3003 2356 ejus
3033 2286 3315 2360 baptizati
3347 2291 3520 2357 sunt,
3556 2294 3618 2346 et
3645 2307 3806 2364 appo.

2141 2374 2268 2430 sitae
2300 2379 2440 2430 sunt
2467 2374 2678 2432 animae
2707 2375 2765 2430 in
2798 2373 2898 2431 illa
2925 2375 3018 2432 die
3039 2374 3273 2432 circiter
3295 2377 3414 2434 tria
3433 2377 3652 2435 millia.
3668 2380 3800 2437 Pau-

2139 2461 2236 2519 lus
2267 2464 2462 2530 etiam,
2498 2464 2667 2536 cujus
2697 2479 2798 2520 vos
2827 2464 3154 2520 doctrinam
3188 2469 3392 2523 tenere
3421 2468 3798 2540 proﬁtemini,

2139 2553 2348 2608 divina:
2378 2553 2606 2625 injuriae
2638 2553 2826 2626 poenis
2847 2555 3106 2621 affectus,
3127 2555 3200 2610 ab
3223 2555 3460 2612 Anania
3479 2557 3800 2630 baptizatus

2135 2647 2264 2711 est;
2297 2641 2400 2714 qui
2433 2645 2490 2698 et
2518 2641 2644 2714 ipse
2668 2643 3043 2714 postmodum
3075 2643 3355 2716 Crispum
3406 2650 3467 2702 et
3513 2646 3720 2704 Caium
3749 2651 3797 2704 et

2137 2730 2443 2804 Stephants
2457 2731 2698 2787 domum
2713 2747 2775 2786 se
2791 2731 3116 2804 baptizasse
3127 2733 3291 2788 dicit.
3303 2733 3624 2808 Philippus
3633 2737 3796 2792 etiam

2134 2821 2485 2877 Eunuchum
2517 2821 2800 2877 Candacis
2829 2821 3061 2895 reginae,
3094 2822 3168 2878 ab
3201 2822 3545 2880 Jerusalem
3570 2825 3797 2882 redeun-

2132 2913 2274 2977 tem,
2308 2911 2368 2964 in
2401 2927 2553 2982 aqua
2584 2909 2918 2982 baptizavit,
2939 2909 3092 2965 sicut
3117 2909 3296 2966 Liber
3324 2912 3774 2982 Apostolicusin

2131 2999 2287 3055 dicat
2315 3001 2450 3068 (Act.
2485 2997 2628 3070 vm).
2663 2999 2848 3064 Quam
2879 2999 2953 3054 ab
2980 2997 3262 3071 apostolis
3296 3001 3683 3058 traditionem
3705 3019 3789 3058 ca-

374 3094 719 3152 remissione
736 3090 955 3164 peccati
971 3103 1076 3144 nec
1098 3085 1353 3142 remedio
1375 3083 1880 3149 renascendi,cum
1903 3101 2018 3139 non
2054 3151 2088 3164 ﬂ
2128 3087 2188 3144 th
2199 3088 2348 3145 olica
2377 3087 2567 3144 adhuc
2599 3090 2790 3143 servat
2815 3086 3090 3144 Ecclesia,

372 3151 613 3241 haberet
643 3151 798 3255 qudd
846 3179 1015 3252 aquis
1061 3176 1349 3249 potuisset
1387 3173 1680 3240 mandari,
1711 3178 1909 3230 tamen
1942 3175 2015 3231 ad
2047 3151 2090 3218 C
2200 3178 2365 3235 Unde
2397 3175 2693 3250 colligitur
2721 3175 2878 3248 quia,
2903 3175 3231 3249 quamlibet
3254 3176 3421 3246 juste
3441 3183 3502 3234 et
3522 3179 3785 3236 innocen-

370 3273 655 3331 Joannem
685 3269 856 3343 aquis
886 3264 1214 3324 Jordauicis
1245 3262 1650 3335 baptizandus,
1681 3261 1832 3317 sicut
1851 3279 2019 3319 evan-

371 3361 581 3436 gelista
608 3359 796 3426 docet,
828 3354 1140 3414 festinavit.
1172 3352 1274 3406 Cui
1322 3351 1616 3407 recusanti
1657 3351 1739 3405 ait
1769 3367 1782 3406 :
1819 3373 1848 3401 ‹‹
1881 3353 2018 3410 Sine

370 3449 664 3516 modo,sic
683 3447 840 3504 enim
863 3446 1026 3501 decet
1056 3459 1162 3498 nos
1191 3457 1426 3496 omnem
1457 3437 1700 3512 implere
1719 3441 2016 3512 justitiam

371 3539 591 3612 (Matth.
623 3539 750 3604 111);
780 3557 808 3586 »
843 3550 909 3589 ac
957 3533 1004 3588 si
1063 3531 1280 3585 diceret
1311 3543 1324 3582 ε
1359 3525 1699 3598 Exemplum
1762 3529 2018 3600 praebere

371 3627 567 3684 omnis
588 3624 860 3697 justitize,
893 3625 958 3676 ut
984 3617 1253 3676 videlicet
1298 3616 1529 3672 discant
1571 3633 1776 3672 omnes
1815 3617 2014 3676 ﬁdeles

371 3715 666 3772 neminem
681 3726 853 3785 posse
868 3711 1090 3782 absque
1106 3705 1400 3779 baptismo
1407 3705 1717 3776 justiﬁcari
1729 3708 2015 3778 ,quamvis

372 3806 711 3862 innocenter
753 3818 820 3856 ac
857 3799 1019 3872 juste
1071 3796 1242 3852 vivat.
1274 3793 1530 3850 Joannes
1558 3810 1692 3850 vero
1723 3795 1805 3852 ait
1835 3811 1849 3852 :
1891 3817 1912 3844 ι
1945 3799 2016 3854 Et

371 3911 479 3969 ego
511 3891 843 3949 nesciebam
875 3904 1008 3944 eum
1043 3886 1222 3955 (Joan.
1247 3886 1364 3954 1);»
1387 3899 1453 3939 ac
1483 3883 1532 3938 si
1564 3883 1818 3940 diceret:
1855 3885 2017 3958 Igno-

369 3982 573 4040 rabam
603 3997 737 4038 eum
768 3979 1058 4051 primum;
1093 3975 1194 4031 sed
1225 3973 1429 4029 videns
1457 3989 1592 4029 eum
1625 3973 1736 4028 sibi
1769 3973 2015 4032 retinere

366 4065 1022 4146 baptismum,intellexi
1049 4063 1188 4137 quia
1211 4063 1307 4118 hic
1337 4063 1461 4117 erat
1491 4061 1590 4133 qui
1616 4061 2015 4134 baptizaturus

365 4167 490 4220 erat
519 4161 579 4216 in
617 4159 838 4232 Spiritu
887 4157 1109 4218 sancto,
1142 4157 1200 4208 et
1229 4152 1332 4223 [in]
1365 4150 1771 4207 remissionem
1814 4169 2015 4225 pecca-

365 4255 580 4308 torum.
613 4249 776 4305 Sicut
806 4246 932 4318 ipse
962 4243 1138 4300 dixit:
1172 4265 1199 4292 «
1236 4240 1424 4313 Super
1455 4255 1627 4312 quem
1661 4241 1874 4298 videris
1891 4243 2016 4315 Spi-

363 4340 544 4396 ritum
576 4335 1022 4394 descendentem
1053 4337 1110 4387 et
1140 4333 1474 4386 manentem
1505 4344 1682 4400 super
1711 4345 1793 4396 se,
1815 4329 1910 4386 ille
1928 4335 2016 4387 est

364 4428 466 4501 qui
489 4426 746 4499 baptizat
767 4423 826 4478 in
849 4421 1070 4494 Spiritu
1093 4422 1295 4476 sancto
1320 4417 1584 4489 (lbid.).»
1609 4419 1794 4484 Quare
1815 4423 2014 4475 notan-

2123 3271 2214 3324 ter
2228 3267 2363 3340 quis
2386 3265 2652 3322 videatur
2677 3264 2887 3336 vivere,
2906 3263 3115 3321 salvari
3133 3269 3334 3322 tamen
3361 3267 3598 3340 absque
3612 3269 3778 3324 divini

2123 3356 2306 3414 fontis
2329 3355 2554 3412 lavacro
2575 3370 2692 3410 non
2711 3353 3135 3426 possit.Verum
3150 3357 3461 3428 utcunque
3483 3355 3777 3430 originalis

2125 3444 2330 3518 culpae,
2352 3448 2453 3500 aut
2473 3442 2718 3516 propriae
2739 3443 2984 3498 actionis
3007 3446 3169 3498 reatu
3188 3447 3468 3500 teneatur
3489 3446 3776 3510 astrictus,

2121 3537 2321 3590 tamen
2339 3533 2496 3589 fonte
2513 3533 2770 3598 renatus,
2785 3531 3064 3598 mundus,
3079 3534 3136 3586 et
3155 3533 3342 3588 totius
3363 3535 3594 3605 peccati
3617 3534 3772 3590 sorde

2123 3626 2432 3696 purgatus,
2465 3620 2608 3676 adeo
2641 3620 2953 3676 innovatur
2981 3623 3065 3686 ut,
3095 3621 3198 3692 qui
3259 3621 3424 3678 ﬁlius
3478 3623 3694 3678 diaboli
3721 3623 3769 3676 in

2125 3710 2282 3767 fonte
2315 3709 2713 3776 descenderat,
2747 3707 2905 3765 ﬁlius
2935 3709 3034 3764 Dei
3067 3713 3310 3766 renatus
3343 3712 3632 3768 ascendat
3655 3711 3768 3784 ;qui

2126 3798 2284 3855 ﬁlius
2316 3796 2808 3871 praevaricationis
2837 3797 3240 3865 descenderat,
3269 3797 3434 3855 ﬁlius
3457 3799 3769 3856 reconcilia~

2127 3887 2308 3944 tionis
2367 3886 2664 3942 ascendat.
2699 3886 2792 3953 Et,
2841 3890 2906 3941 ut
2949 3890 3162 3942 cuncta
3216 3885 3524 3960 colligam,
3559 3887 3766 3962 qualem

2125 3976 2386 4049 primum
2419 3973 2718 4030 hominem
2750 3990 2819 4029 ex
2847 3973 3108 4048 virginea
3159 3977 3328 4031 terra:
3382 3993 3587 4034 massa
3625 3977 3768 4032 ﬁnxit

2125 4063 2413 4137 sapientia
2441 4063 2726 4130 Creantis,
2759 4061 2932 4119 talem
2964 4061 3140 4118 etiam
3189 4063 3352 4120 hunc
3378 4082 3450 4122 ex
3482 4066 3768 4139 puriﬁcato

2125 4153 2304 4210 fontis
2336 4156 2498 4209 utero
2529 4153 2804 4224 produxit
2831 4150 3143 4208 clementia
3174 4153 3765 4228 Redemptoris.0uod

2125 4247 2330 4299 contra
2371 4240 2636 4298 inﬁdeles
2686 4242 2906 4314 garrire
2965 4239 3178 4310 solent,
3231 4242 3496 4300 dicentes
3527 4245 3764 4316 primum

2123 4332 2444 4400 hominem,
2478 4331 2528 4386 si
2562 4347 2678 4386 non
2702 4333 3016 4404 peccasset,
3046 4330 3514 4388 immortalitatis
3542 4347 3766 4388 munere

2124 4421 2450 4488 donatum;
2508 4419 2690 4476 istum
2761 4437 2913 4486 vero,
2973 4419 3304 4491 quamlibet
3355 4422 3524 4492 juste
3579 4427 3636 4478 et
3687 4421 3763 4476 in.

363 4516 505 4572 dum
533 4517 624 4570 est
651 4513 790 4584 quia
819 4507 1184 4582 impossibile
1213 4511 1300 4562 est
1332 4521 1690 4578 quemquam
1721 4507 1792 4562 ad
1824 4509 2010 4580 perfe-
2043 4523 2089 4588 ι)
2121 4513 2395 4565 nocenter
2444 4507 2614 4575 vivat,
2665 4524 3042 4580 nequaquam
3093 4512 3291 4564 tamen
3341 4526 3518 4582 posse
3577 4508 3765 4566 mortis

363 4609 522 4662 ctum
535 4601 778 4673 justitiaa
802 4600 928 4656 sine
950 4595 1348 4670 regenerantis
1369 4611 1533 4666 aquae
1557 4595 1833 4666 mysterio
1854 4597 2009 4670 aspi-

362 4710 512 4761 rare,
546 4688 798 4746 maxime
841 4703 976 4744 cum
1029 4701 1204 4756 opera
1243 4683 1492 4754 justitiae
1551 4681 1702 4738 hanc
1758 4686 2009 4757 gratiam

360 4781 624 4839 Cornelio
655 4774 994 4835 Caesariensi
1027 4774 1166 4830 dare
1197 4790 1310 4828 non
1331 4771 1650 4843 potuerint,
1675 4773 1857 4829 donec
1874 4791 2010 4831 eum

361 4889 496 4928 cum
527 4868 688 4928 omni
719 4865 944 4922 familia
973 4879 1081 4922 sua
1113 4860 1354 4918 salutari
1405 4861 1564 4916 unda
1605 4861 1810 4918 Petrus
1843 4863 2010 4919 inno-

359 4961 530 5028 vavit,
564 4975 742 5032 super
770 4972 918 5029 quos
943 4953 1195 5026 Spiritus
1225 4953 1465 5007 sanctus
1494 4953 1627 5006 ante
1647 4951 2009 5024 baptismum

360 5049 624 5105 inaudito
656 5045 971 5120 praeeuntis
1001 5041 1201 5116 gratia:
1247 5036 1512 5110 exemplo
1543 5039 1772 5106 cecidit,
1807 5047 1870 5094 ut
1899 5039 2010 5098 hac

362 5137 674 5193 manifesta
701 5135 802 5191 Dei
831 5133 1045 5188 virtute
1070 5130 1368 5185 animatus
1399 5126 1606 5182 Petrus
1637 5144 1880 5200 regnum
1905 5129 2008 5186 Dei

359 5225 635 5298 gentibus
675 5223 946 5294 aperiret,
978 5235 1154 5292 quem
1203 5234 1338 5273 cum
1399 5214 1621 5270 caeteris
1678 5215 2004 5290 discipulis,

362 5329 435 5370 ne
481 5313 543 5369 in
599 5312 753 5367 viam
811 5309 1075 5382 gentium
1126 5307 1334 5375 abiret,
1367 5304 1652 5360 Dominus
1701 5310 1834 5362 ante
1874 5323 2006 5362 mo-

362 5407 586 5460 nuerat.

431 5491 593 5556 Quod
616 5505 750 5546 cum
775 5489 856 5544 ita
875 5487 971 5554 sit,
987 5484 1244 5558 profecto
1269 5485 1325 5539 in
1356 5483 1465 5540 hoc
1493 5481 1654 5539 vobis
1683 5497 2009 5556 repugnare

362 5577 775 5642 convincimini
803 5575 958 5648 quod
985 5571 1316 5645 evangelica
1332 5589 1434 5629 vos
1455 5576 1511 5629 et
1538 5571 1856 5644 apostolica
1871 5590 2012 5648 prae-

2119 4597 2302 4652 vitare
2371 4597 2690 4668 jacturam,
2769 4600 2828 4653 et
2901 4596 3030 4652 ideo
3113 4597 3372 4654 multum
3457 4614 3766 4672 repugnare

2120 4703 2154 4742 a
2207 4701 2364 4752 vero,
2418 4688 2485 4740 ut
2565 4683 2760 4758 qualis
2843 4684 2940 4741 ille
3023 4683 3215 4742 fuerat
3296 4686 3488 4743 factus
3541 4705 3576 4742 a
3631 4687 3766 4742 Con-

2120 4775 2327 4842 ditore,
2359 4772 2496 4829 talis
2526 4777 2584 4830 et
2611 4773 2707 4830 hic
2736 4778 3110 4848 regeneretur
3147 4791 3215 4830 ex
3250 4775 3432 4832 fonte.
3467 4776 3652 4840 Quam
3680 4793 3770 4832 eo-

2119 4879 2252 4917 rum
2284 4863 2732 4935 rcpugnantiam
2768 4861 2934 4918 facile
2961 4866 3051 4918 est
3073 4863 3292 4919 inﬂecti
3314 4863 3386 4920 ad
3420 4880 3764 4937 consequen-

2118 4952 2284 5019 tiam,
2317 4951 2366 5007 si
2397 4951 2531 5022 quis
2557 4950 2764 5006 divinaa
2795 4951 3029 5024 pietatis
3057 4950 3376 5008 consilium
3405 4953 3768 5010 considerem

2117 5041 2394 5112 potuerit.
2426 5040 2572 5096 Nam
2601 5057 2670 5096 ex
2699 5057 2816 5096 uno
2835 5040 3158 5112 eodemque
3187 5040 3346 5096 fonte
3377 5041 3590 5098 divinae
3609 5042 3768 5098 ratio-

2118 5127 2212 5184 nis
2232 5129 2626 5196 descendit,et
2647 5129 2800 5201 quod
2823 5126 2990 5192 illum
3013 5128 3411 5186 immortalem
3429 5129 3767 5186 mirabiliter

2117 5221 2428 5284 creaverat,
2453 5221 2510 5272 et
2539 5217 2696 5290 quod
2730 5217 2910 5274 istum
2938 5223 3120 5273 morte
3169 5218 3494 5275 obnoxium
3545 5218 3761 5275 miseri-

2117 5305 2370 5364 corditer
2389 5306 2821 5363 reformaverat.
2856 5307 3031 5364 Porro
3053 5306 3223 5364 facile
3239 5309 3430 5365 fuerat
3449 5309 3627 5366 istum
3657 5308 3760 5362 im-

2119 5395 2494 5452 mortalitatis
2514 5396 2701 5470 gloria
2729 5397 2934 5452 donari
2957 5399 3242 5469 tanquam
3264 5401 3323 5453 et
3342 5395 3530 5464 illum,
3555 5397 3603 5454 si
3625 5395 3758 5450 fuis-

2119 5489 2207 5542 set
2235 5485 2295 5541 in
2327 5485 2570 5542 consilio
2603 5487 3013 5544 Creantis.Sed
3037 5486 3356 5559 quia,dum
3386 5485 3550 5542 illum
3583 5484 3755 5540 libera

2117 5573 2386 5632 voluntas
2416 5579 2473 5631 et
2503 5575 2872 5633 mortalitatis
2905 5575 3190 5634 securitas
3221 5575 3462 5649 decepit,
3486 5591 3587 5648 per
3613 5588 3749 5646 pra:-
