4052 6158
503 252 656 318 12-79

1457 252 1799 317 GERABDI
1845 253 1868 316 Ι
1913 252 2509 320 ΟΑΜΕΒΑΟΕΝΒΙΞ
2553 258 2926 326 EPISCOPI.

3675 277 3786 344 1280

497 395 705 463 sponte
735 407 839 465 per
866 388 1157 465 passionis
1187 386 1528 464 mysterium
1561 408 1771 465 corpus
1817 410 1990 450 suum
2040 411 2142 467 pro
2168 386 2229 458 Α
2257 392 2427 466 quasi
2457 389 2568 451 hoc
2597 399 2800 453 contra
2829 400 3097 456 naturam
3119 403 3274 459 esset
3290 397 3794 479 hominum(videlicet

495 483 666 538 nobis
697 481 755 538 in
791 485 1034 537 mortem
1065 481 1388 536 traditurus
1419 486 1562 549 erat,
1597 483 1748 538 sicut
1785 484 2144 558 evangelista

493 572 687 639 refert,
717 594 744 621 «
777 570 1014 642 Accepit
1066 587 1299 642 panem,
1352 575 1409 626 et
1458 572 1772 642 benedixit,
1827 591 1892 629 ac
1947 575 2138 647 fregit,

492 661 766 734 deditque
805 659 1110 731 discipulis
1155 660 1298 728 suis,
1334 661 1534 717 dicens
1569 680 1582 717 :
1617 661 1863 727 Sumite,
1895 663 2004 719 hoc
2052 668 2141 720 est

488 767 699 823 corpus
729 749 1241 806 meum.Similiter
1269 753 1325 805 et
1357 750 1592 806 calicem
1625 752 1937 823 accipiens,
1964 754 2136 808 bene-

485 839 648 908 dixit,
672 843 730 895 ct
760 839 920 895 dedit
949 838 1256 910 discipulis
1287 840 1431 900 suis,
1457 840 1688 896 dicens:
1709 841 1895 896 Bibite
1928 858 1994 896 ex
2027 842 2134 898 hoc

484 928 811 999 omnes,hic
839 932 926 983 est
957 928 1104 983 calix
1138 929 1274 982 Novi
1310 929 1688 993 Tcstamenti,
1714 930 1811 1000 qui
1847 947 1948 1001 pro
1979 931 2130 986 mul-

481 1019 557 1074 tis
574 1018 852 1073 fundctur
869 1018 923 1072 in
940 1017 1345 1072 remissionem
1363 1022 1728 1089 peccatorum
1747 1020 1956 1090 (Matth.
1977 1038 2127 1088 xxv1;

479 1112 655 1164 Marc.
690 1126 842 1175 xxn;
879 1109 1002 1162 Luc.
1043 1107 1202 1174 xxu).
1241 1129 1268 1156 ››
1303 1108 1464 1171 Quod
1497 1125 1628 1162 vero
1670 1109 1869 1164 subdit
1903 1127 1916 1164 :
1951 1133 1979 1160 ‹‹
2013 1111 2129 1166 Hoc

476 1198 648 1253 facite
670 1197 730 1252 in
762 1214 951 1252 meam
983 1197 1732 1262 commemorationem,»ad
1769 1197 1875 1253 hoc
1909 1201 2126 1271 retulit,

477 1288 633 1360 quod
663 1305 765 1359 per
796 1286 1187 1340 ministerium
1221 1286 1588 1341 sacerdotum
1614 1288 1871 1358 quotidie
1894 1306 1927 1344 a
1951 1290 2126 1346 ﬁdeli-

475 1377 584 1432 bus
617 1376 736 1432 fieri
794 1377 1110 1442 mandavit,
1145 1376 1284 1430 dum
1339 1376 1631 1447 passionis
1681 1395 1797 1432 sum
1843 1381 2126 1436 memoria

474 1467 744 1538 agitur,et
781 1466 890 1520 sub
923 1467 1288 1520 sacramento
1320 1465 1822 1521 communicandis
1844 1470 2035 1524 carnis
2067 1475 2123 1525 et

473 1555 781 1626 sanguinis
811 1553 980 1626 panis
1020 1556 1258 1608 sanctus
1307 1556 1363 1607 et
1410 1553 1559 1608 calix
1610 1561 2000 1613 consecratur.
2034 1560 2117 1614 Ad

469 1645 622 1700 hanc
670 1642 994 1716 spiritalem
1050 1641 1411 1707 alimoniam,
1445 1644 1514 1698 ad
1550 1643 1657 1698 hoc
1699 1647 2008 1717 mysticum
2063 1653 2118 1704 et

2253 484 2577 540 humanam
2608 502 2844 542 carnem
2876 486 2935 543 in
2968 489 3159 546 cibum
3201 499 3440 563 sumere)
3484 497 3625 569 quasi
3663 498 3716 554 de
3751 519 3793 558 re

2251 573 2597 630 difﬁcillima
2644 579 2700 630 et
2746 575 3092 649 impossibili
3143 581 3449 639 dixerunt:
3482 607 3507 634 «
3549 585 3705 643 Durus
3735 596 3796 646 est

2249 661 2344 717 hic
2392 680 2620 731 sermo;
2675 664 2778 735 qui
2828 670 3014 736 potest
3062 685 3195 724 eum
3244 671 3478 727 audire?
3529 696 3552 721 ››
3599 675 3725 732 Unde
3757 686 3797 734 et

2247 751 2564 808 Dominus:
2590 777 2616 804 «
2652 753 2736 819 Si,
2769 753 2982 826 inquit,
3000 756 3258 813 videritis
3289 758 3487 815 Filium
3515 761 3798 822 hominisas-

2245 842 2590 897 cendentem
2623 843 2721 898 ubi
2755 846 2880 898 erat
2909 844 3102 915 prius:
3129 870 3156 896 ‹‹
3191 847 3663 906 Subaudientemm
3681 855 3796 909 Tunc

2242 929 2515 986 videbitis
2543 932 2680 1003 quia
2711 949 2826 987 non
2858 949 2922 987 eo
2955 935 3124 990 modo
3156 953 3272 1008 quo
3299 938 3508 1009 putatis
3537 956 3692 995 meam
3717 960 3800 998 car-

2242 1036 2376 1074 nem
2413 1020 2784 1076 credentibus
2814 1021 3121 1091 distribﬁo,
3156 1025 3256 1080 sed
3287 1025 3520 1097 spiritali
3548 1030 3699 1100 gratia
3732 1049 3796 1087 me

2241 1107 2357 1164 illis
2389 1109 2600 1177 dando,
2636 1109 2798 1181 ipsos
2828 1110 2884 1164 in
2931 1129 3125 1168 meum
3159 1131 3369 1186 corpus
3414 1118 3736 1186 transfundo;
3760 1126 3798 1176 et

2238 1195 2360 1252 haec
2390 1197 2580 1269 gratia
2602 1216 2718 1253 non
2752 1200 3119 1255 consumitur
3149 1203 3442 1259 morsibus
3473 1221 3563 1260 nec
3591 1207 3796 1264 dentibus

2233 1287 2463 1352 teritur,
2492 1288 2590 1342 sed
2625 1287 2917 1344 interioris
2949 1289 3205 1345 hominis
3248 1291 3458 1363 palato,
3486 1293 3581 1348 hoc
3620 1300 3710 1361 est,
3735 1314 3796 1352 ra-

2234 1375 2393 1431 tione
2437 1381 2494 1432 et
2541 1376 2835 1432 intellectu
2886 1379 3098 1434 mentis
3148 1381 3480 1452 percipitur.
3527 1407 3550 1429 ››
3593 1383 3720 1440 Unde
3756 1392 3797 1441 et

2232 1466 2570 1520 communio
2603 1466 2891 1521 Dominici
2924 1467 3204 1539 corporis,
3225 1469 3378 1524 sicut
3407 1488 3570 1543 supra
3586 1472 3797 1540 diximus,

2229 1553 2427 1609 Graeco
2460 1554 2835 1624 quidem,sed
2871 1555 3090 1612 Latinis
3124 1557 3339 1613 usitato
3362 1576 3610 1616 sermone
3635 1563 3800 1618 Eucha-

2229 1643 2416 1712 ristia,
2453 1644 2507 1698 id
2541 1649 2648 1709 est,
2685 1645 2823 1700 bona
2850 1647 3032 1716 gratia
3062 1646 3411 1717 appellatur.
3447 1649 3655 1705 Videtur
3688 1652 3798 1706 enim

469 1735 732 1790 divinum
766 1733 1006 1804 epulum
1041 1749 1148 1787 nos
1180 1731 1465 1786 Dominus
1519 1732 1743 1799 invitat,
1775 1738 2115 1808 tantamque
2146 1765 2195 1831 B
2230 1738 2473 1788 sanctus
2505 1732 2600 1788 ille
2637 1734 2830 1805 panis,
2858 1751 2970 1806 quo
3002 1751 3215 1807 corpus
3247 1736 3475 1792 Domini
3503 1745 3800 1795 consecratur

467 1823 877 1879 necessitatem
910 1820 1179 1876 sumendi
1204 1821 1382 1892 hujus
1401 1821 1661 1876 alimenti
1683 1823 1851 1878 nobis
1873 1823 2113 1893 indicat,

464 1917 530 1969 ut
559 1912 729 1968 aliter
757 1912 812 1966 in
849 1912 1016 1966 nobis
1047 1912 1224 1966 vitam
1258 1911 1472 1966 habere
1503 1928 1616 1966 non
1649 1913 1965 1983 possimus,
2000 1916 2113 1971 nisi

461 2019 695 2059 carnem
729 2002 856 2074 ejus
888 2000 1436 2087 manducaverimus
1467 2005 1523 2055 ct
1571 2002 1917 2073 sanguinem
1953 2004 2112 2061 bibe-

460 2110 670 2148 I‘lmUS.

530 2182 642 2237 Sed
675 2181 922 2235 fortasse
973 2177 1207 2249 aliquis,
1262 2179 1440 2233 nimis
1489 2179 1799 2236 carnaliter
1851 2181 1959 2236 hoc
2007 2199 2109 2238 au-

458 2270 645 2337 diens,
675 2269 912 2340 objiciat
942 2268 1234 2322 neminem
1269 2285 1441 2339 posse
1472 2268 1648 2322 vitam
1681 2268 1895 2325 habere
1927 2271 1982 2325 in
2017 2288 2107 2327 se-

459 2359 733 2430 metipso,
763 2374 895 2412 cum
929 2356 1194 2412 Christus
1227 2373 1482 2422 carnem,
1517 2373 1694 2428 quam
1727 2359 1960 2430 proprio
1975 2377 2108 2432 ges-

459 2447 619 2502 tabat
650 2463 908 2518 corpore,
943 2444 1162 2500 nemini
1196 2445 1479 2500 edendam
1505 2461 1798 2518 erogasse,
1828 2449 1928 2502 sed
1978 2466 2106 2520 per-

457 2536 605 2592 fecto
631 2538 688 2590 et
712 2535 937 2606 integro
969 2550 1209 2604 corpore
1239 2532 1450 2587 coelum
1482 2538 1818 2605 penetrasse
1849 2535 2104 2608 legatur;

457 2630 560 2680 aut
589 2629 763 2691 certe,
799 2623 953 2696 quod
987 2623 1148 2677 nefas
1181 2623 1336 2677 dictu
1379 2627 1485 2690 est,
1520 2623 1836 2679 Dominum
1887 2626 1946 2681 in
1996 2627 2105 2684 hoc

453 2715 628 2770 verbo
659 2711 893 2786 culpam
927 2711 1215 2767 mendacii
1261 2711 1534 2778 subiisse,
1563 2730 1695 2768 cum
1729 2713 1893 2769 multi
1924 2717 2103 2774 vitam

455 2803 514 2859 in
547 2821 609 2859 se
639 2803 852 2858 habere
885 2801 1176 2867 videntur,
1211 2802 1309 2873 qui
1336 2817 1570 2857 carnem
1605 2806 1706 2856 aut
1754 2805 2102 2875 sanguinem

453 2892 582 2962 eius
615 2895 884 2965 gustasse
914 2890 1230 2962 aliquando
1262 2907 1324 2946 se
1354 2907 1464 2945 non
1502 2878 1916 2948 meminerunt.
1939 2895 2100 2958 Quod

452 2998 580 3049 nos,
613 2981 728 3036 Deo
759 2978 1004 3051 volente,
1037 2977 1140 3033 tali
1172 2979 1344 3033 modo
1376 2976 1676 3034 solvimus.
1698 2980 1951 3036 Possunt
1981 2984 2104 3054 qui-

450 3071 584 3127 dem
615 3068 884 3125 homines
913 3067 1039 3122 sine
1070 3066 1178 3122 hoc
1209 3067 1336 3122 cibo
1351 3066 1730 3138 temporalem
1749 3068 1898 3125 hanc
1918 3070 2099 3127 vitam

2226 1824 2283 1876 et
2314 1821 2621 1877 visibiliter
2651 1838 2750 1876 ore
2781 1822 3130 1894 percipitur;
3165 1824 3269 1879 sed
3321 1825 3499 1880 virtus
3528 1825 3616 1881 Dei
3654 1826 3797 1896 Verbi,

2225 1910 2283 1964 id
2317 1915 2408 1966 est
2439 1909 2734 1978 divinitas,
2769 1929 2885 1983 qua
2916 1911 3112 1967 anima
3137 1913 3510 1986 percipientis
3539 1915 3799 1971 sanctiﬁca-

2224 2003 2341 2067 tur,
2378 1999 2556 2054 videri
2593 2017 2707 2055 non
2739 2004 2947 2072 potest.
2983 2002 3262 2057 Ascendit
3293 2019 3428 2076 ergo
3457 2003 3690 2060 Christus
3713 2022 3798 2077 per-

2224 2088 2373 2144 fecto
2407 2104 2643 2160 corpore
2674 2106 2802 2156 suo,
2832 2093 2889 2144 et
2932 2088 3168 2162 reliquit
3216 2092 3389 2146 nobis
3440 2098 3798 2149 sacramentum

2221 2178 2483 2250 corporis
2515 2178 2629 2233 sui.
2660 2179 2922 2250 Denique
2961 2195 3032 2234 ne
3063 2184 3342 2252 putarent
3370 2181 3478 2237 sibi
3509 2181 3563 2237 in
3592 2183 3684 2238 isto
3707 2182 3798 2236 cibo

2221 2271 2276 2321 et
2305 2272 2446 2339 potu
2479 2267 2560 2322 sic
2591 2265 2851 2338 promitti
2887 2267 3059 2323 vitam
3081 2273 3360 2324 aeternam
3380 2274 3443 2324 ut
3463 2270 3578 2341 jam
3608 2287 3694 2326 nec
3711 2288 3799 2327 cor-

2219 2373 2357 2427 pore
2411 2359 2775 2412 morerentur
2821 2373 2953 2412 cum
3001 2357 3294 2414 dixisset:
3332 2381 3360 2408 ‹‹
3400 2359 3504 2423 Qui
3554 2360 3802 2415 manducet

2219 2462 2411 2500 meam
2439 2461 2669 2501 carnem
2702 2463 2714 2512 ;
2753 2466 2781 2494 ››
2833 2447 3110 2501 continuo
3164 2447 3516 2520 subjunxit:
3567 2472 3590 2498 «
3637 2449 3691 2503 Et
3727 2466 3801 2521 ego

2217 2535 2611 2591 ressuscitabo
2641 2551 2777 2590 eum
2819 2534 2876 2590 in
2929 2535 3248 2591 novissimo
3301 2537 3395 2592 die
3430 2537 3615 2609 (llud).
3648 2561 3669 2585 »
3696 2538 3802 2592 Nam

2215 2623 2317 2696 qui
2351 2623 2523 2696 digne
2573 2640 2808 2680 carnem
2839 2623 3051 2679 Christi
3103 2625 3387 2694 comedit,
3421 2631 3472 2680 et
3520 2625 3800 2698 sanguinem

2213 2713 2343 2782 ejus
2371 2712 2535 2780 bibit,
2569 2711 2705 2767 licet
2737 2717 3005 2769 mortuus
3030 2729 3294 2784 corpore,
3316 2714 3490 2770 habet
3516 2713 3718 2770 interim
3743 2729 3804 2769 se

2213 2803 2476 2858 cundum
2525 2801 2798 2873 spiritum
2849 2800 3026 2857 vitam
3075 2806 3378 2858 eternam.
3414 2803 3568 2868 Quod
3611 2819 3720 2858 vero
3748 2802 3801 2856 ad

2212 2908 2424 2963 corpus
2457 2889 2686 2962 attinet,
2720 2905 2826 2945 nec
2857 2889 3053 2963 ipsum
3083 2891 3204 2947 vita
3232 2897 3450 2948 aeterna
3478 2891 3801 2960 fraudabitur,

2212 2980 2351 3052 quia
2381 2978 2827 3035 resuscitabitur
2852 2978 2911 3034 in
2943 2979 3264 3036 novissimo
3293 2981 3408 3052 die,
3428 2979 3572 3036 ultra
3590 2981 3697 3051 jam
3714 2994 3801 3033 non

2211 3067 2585 3122 moriturum.
2616 3066 2732 3121 Hoc
2765 3065 2947 3138 igitur
2974 3067 3146 3122 modo
3191 3067 3471 3123 Veritatis
3499 3082 3672 3123 sermo
3710 3065 3802 3120 sine

449 3160 510 3215 in
555 3156 822 3232 praesenti
872 3155 1082 3211 saeculo
1131 3155 1382 3223 habere;
1416 3159 1688 3210 (sternam
1739 3174 1870 3213 vero
1918 3159 2097 3214 vitam
2131 3135 2172 3202 (ἶ
2211 3155 2385 3227 culpa
2416 3153 2702 3210 mendacii
2734 3154 2865 3220 fuit,
2899 3153 3102 3210 dicens
3139 3155 3438 3211 neminem
3468 3155 3632 3211 vitam
3671 3153 3716 3208 in
3757 3169 3801 3208 se

449 3249 662 3305 habere
693 3250 1143 3318 nequeunt,quze
1177 3243 1318 3300 solis
1340 3243 1610 3299 ﬁdelibus
1633 3261 1866 3301 carnem
1891 3251 1947 3302 et
1963 3265 2096 3304 san-

447 3337 688 3412 guinem
720 3335 931 3391 Christi
964 3333 1137 3406 digne
1159 3334 1528 3390 sumentibus
1546 3335 2097 3405 promittitur.Unde

449 3430 505 3483 et
530 3427 655 3498 ipse
685 3425 871 3480 dicit:
915 3423 1096 3478 «Nisi
1144 3423 1632 3478 manducaveritis
1682 3441 1914 3479 carnem
1967 3425 2093 3481 Filii

446 3514 790 3579 hominis,et
818 3511 1081 3567 biberitis
1114 3513 1241 3583 ejus
1275 3512 1769 3584 sanguinem,non
1803 3513 2095 3572 habebitis

447 3603 624 3658 vitam
656 3601 715 3655 in
745 3599 909 3655 vobis
940 3601 1114 3672 (Joan.
1149 3601 1248 3670 vr),
1286 3624 1314 3648 ››
1345 3601 1520 3656 vitam
1565 3600 1831 3658 videlicet
1861 3603 2092 3674 animae,

447 3691 643 3762 ipsum
675 3688 990 3756 Christum,
1026 3689 1122 3760 qui
1163 3688 1298 3744 alibi
1346 3689 1488 3744 dicit
1522 3709 1534 3746 :
1569 3712 1597 3739 ‹‹
1629 3691 1747 3761 Ego
1795 3707 1928 3746 sum
1980 3692 2091 3764 via,

444 3778 678 3849 veritas,
699 3782 755 3832 et
783 3778 900 3832 vita
931 3777 1262 3850 (Joan.x1v).
1285 3801 1309 3826 »
1343 3778 1549 3833 Filium
1583 3796 1712 3834 vero
1745 3779 2001 3835 hominis
2031 3797 2094 3837 se

445 3866 696 3936 dicebat,
727 3867 897 3938 cujus
928 3883 1138 3939 corpus
1171 3867 1428 3938 quotidie
1460 3885 1562 3939 per
1605 3868 1932 3924 sacerdotes
1989 3870 2093 3925 im-

443 3956 698 4012 molatur
726 3956 782 4010 in
817 3954 1005 4010 altari.
1041 3957 1120 4012 De
1151 3973 1266 4028 quo
1305 3955 1622 4028 Apostolus
1670 3957 1752 4011 ait
1783 3974 1795 4010 :
1832 3981 1857 4005 «
1894 3957 2089 4026 Panis,

442 4063 616 4118 quem
648 4045 1198 4117 frangimus,nonne
1215 4061 1426 4117 corpus
1442 4043 1673 4099 Domini
1705 4045 1895 4100 cst?Et
1919 4046 2090 4118 calix,

440 4134 533 4190 cui
563 4135 986 4201 benedicimus,
1009 4149 1201 4189 nonne
1231 4133 1754 4188 excommunicatio
1786 4135 2092 4207 sanguinis

440 4223 670 4279 Domini
701 4222 826 4278 est?
860 4245 886 4271 ››
920 4223 966 4288 (1
997 4224 1116 4278 Cor.
1152 4225 1228 4288 x).
1267 4221 1428 4277 Unde
1459 4238 1592 4276 cum
1619 4222 1902 4277 Dominus
1936 4224 2088 4280 dice-

439 4316 527 4368 ret
558 4330 570 4367 :
608 4334 635 4362 ‹‹
665 4312 783 4384 Ego
815 4329 946 4366 sum
977 4312 1148 4383 panis
1179 4310 1472 4383 vivus,qui
1504 4311 1574 4366 de
1602 4309 1744 4366 cmlo
1776 4311 2047 4368 descendi
2074 4333 2087 4383 ;

440 4402 490 4457 si
509 4401 643 4474 quis
658 4401 1098 4456 manducaverit
1115 4416 1182 4454 ex
1208 4399 1312 4455 hoc
1339 4417 1504 4472 pane,
1528 4400 1677 4455 vivet
1708 4399 1764 4454 in
1784 4405 2086 4468 aeternum,

2206 3242 2562 3313 habere,nisi
2595 3243 2694 3315 qui
2726 3243 3228 3298 communicandas
3262 3244 3458 3300 carnis
3487 3245 3606 3315 ejus
3630 3247 3679 3298 et
3698 3259 3799 3298 san-

2205 3332 2404 3405 guinis
2436 3330 2798 3404 spiritalibus
2829 3331 3127 3388 alimentis
3160 3337 3518 3404 pasceretur.

2276 3423 2509 3477 Poterat
2537 3437 2668 3476 vero
2699 3419 2845 3475 illud
2876 3421 3130 3477 inﬁrmis
3160 3422 3531 3478 auditoribus
3558 3420 3676 3476 huic
3701 3433 3802 3474 sen-

2205 3510 2400 3566 tentia:
2431 3509 2788 3565 contrarium
2821 3509 3002 3565 videri
3037 3511 3188 3582 quod
3223 3511 3690 3566 subditur:«Caro
3714 3522 3800 3560 non

2205 3600 2443 3672 prodest
2471 3599 2795 3671 quidquam
2819 3600 3144 3671 (Joan.v1),»
3176 3615 3314 3654 cum
3343 3599 3605 3672 superius
3621 3595 3800 3653 nullum

2204 3689 2384 3744 vitam
2416 3687 2630 3743 habere
2655 3688 2714 3742 in
2745 3704 2808 3743 se
2839 3687 3083 3744 dixisset
3107 3687 3232 3744 sine
3265 3689 3626 3760 perceptione
3651 3683 3798 3741 carnis

2205 3793 2345 3832 suae.
2408 3776 2519 3832 Sed
2580 3775 2664 3831 ita
2717 3775 3162 3850 intelligendum
3214 3781 3366 3833 est:
3430 3777 3485 3833 Si
3543 3771 3798 3832 carnaliter

2201 3865 2379 3921 verba
2409 3882 2538 3920 mea
2564 3863 2887 3936 intelligere
2913 3865 3110 3932 vultis,
3144 3872 3206 3920 ut
3261 3866 3348 3922 sic
3396 3881 3617 3922 carnem
3645 3875 3794 3918 meum

2203 3955 2355 4010 sicut
2404 3954 2585 4010 alium
2629 3953 2826 4009 cibum
2874 3954 3261 4022 manducetis,
3307 3971 3443 4011 caro
3491 3951 3625 4010 nihil
3667 3947 3796 4004 vobis

2203 4043 2459 4114 prodest.
2493 4065 2519 4090 ν

2273 4131 2382 4195 Qui
2413 4129 2568 4187 enim
2602 4134 2792 4203 potest
2821 4131 2903 4187 ita
2931 4149 3106 4188 suum
3131 4147 3350 4204 corpus
3376 4125 3799 4206 pertotecclesias

2201 4219 2260 4275 in
2296 4224 2413 4276 toto
2444 4219 2580 4275 orbe
2611 4219 2856 4276 diffusas
2889 4219 3183 4288 distribui,
3217 4238 3326 4293 per
3351 4226 3474 4278 tam
3513 4221 3800 4276 innumera-

2201 4307 2349 4364 biles
2379 4306 2625 4381 populos
2676 4312 2733 4363 et
2780 4307 2956 4382 longa
3002 4313 3287 4381 tempora,
3333 4308 3577 4382 singulis
3619 4303 3800 4362 diebIIS.

2202 4397 2452 4470 singulis
2482 4397 2824 4453 hominibus
2855 4398 3210 4454 sumendum
3264 4398 3566 4465 distribui,
3595 4400 3645 4452 et
3685 4407 3802 4448 nun-

439 4490 753 4563 litigabant
783 4489 968 4543 Judaei
1020 4489 1091 4543 ad
1145 4489 1390 4544 invicem
1439 4489 1736 4544 dicentes:
1791 4489 2090 4552 Quomodo
2126 4505 2170 4570 D
2204 4503 2382 4558 quam
2411 4486 2704 4541 deﬁcere?

440 4582 631 4651 potest
661 4577 756 4631 hic
783 4576 952 4632 nobis
979 4576 1115 4631 dare
1147 4593 1380 4632 carnem
1411 4595 1580 4633 suam
1609 4578 1680 4632 ad
1732 4578 2093 4633 manducan-

439 4665 614 4722 dum?
647 4688 674 4714 ››
710 4665 886 4738 (Joan.
910 4665 1008 4736 γι).
1029 4666 1152 4720 Non
1185 4665 1340 4720 enim
1373 4667 1528 4721 hunc
1559 4683 1769 4738 panem
1803 4666 2091 4741 intellige-

440 4756 604 4822 bant,
637 4754 943 4811 audientes
969 4770 1203 4810 carnem
1235 4754 1752 4831 exhorrescebant;
1787 4773 1902 4811 non
1935 4755 2092 4811 enim

439 4848 606 4900 erant
637 4845 900 4900 membra
931 4843 1167 4910 Christi,
1201 4843 1414 4920 idcirco
1459 4844 2008 4899 scandalizabantur
2033 4844 2090 4898 in

439 4950 611 4989 carne
640 4934 873 4990 Christi.
899 4933 1008 4988 Sed
1043 4937 1099 4988 et
1127 4949 1260 4986 cum
1288 4931 1581 5006 discipuli,
1601 4932 1775 4988 verba
1806 4934 1934 5004 ejus
1967 4950 2090 4988 car-

440 5022 648 5078 naliter
672 5023 1043 5095 accipientes,
1076 5008 1332 5077 dicerent
1364 5037 1376 5076 :
1413 5045 1438 5072 «
1478 5021 1669 5076 Durus
1702 5025 1790 5077 est
1837 5021 1932 5077 hic
1972 5038 2092 5076 ser-

441 5126 558 5176 mo,
605 5112 738 5183 quis
789 5115 980 5183 potest
1022 5128 1156 5166 eum
1207 5110 1510 5166 audire?»
1547 5110 1730 5182 (lbid.)
1769 5110 2092 5182 Respondit

440 5197 728 5254 Dominus
760 5217 772 5254 :
807 5223 834 5249 ‹‹
869 5201 985 5254 Hoc
1016 5216 1116 5254 vos
1149 5198 1547 5254 scandalizat?
1576 5199 1622 5255 si
1659 5216 1795 5271 ergo
1830 5198 2092 5255 videritis

441 5285 654 5342 Filium
672 5287 1350 5343 hominisasccudcntem
1377 5289 1474 5343 ubi
1495 5287 1793 5360 eratprius
1826 5289 2031 5360 (Ibid.);
2063 5311 2090 5339 ››

441 5393 729 5449 suspensa
758 5381 815 5431 et
846 5375 1014 5448 quasi
1065 5376 1346 5432 defectiva
1399 5367 1584 5433 oratio
1638 5378 1767 5433 fuit.
1804 5377 2095 5433 Putabant

439 5465 597 5521 enim
629 5463 900 5537 discipuli
937 5462 1232 5519 Christum
1256 5457 1659 5539 carnem,quia
1683 5467 1925 5523 indutus
1945 5470 2089 5533 erat,

440 5552 839 5637 particulatim
871 5552 1117 5608 incisam
1150 5552 1520 5611 credentibus
1551 5556 2094 5625 distributurum,et

2277 4577 2400 4641 Quo
2459 4580 2661 4631 contra
2727 4575 2892 4632 vobis
2963 4576 3414 4648 respondemus,
3473 4575 3607 4630 dum
3667 4569 3801 4625 ﬁdem

2203 4664 2596 4738 evangelicam
2626 4668 2685 4721 et
2715 4665 3090 4722 traditionem
3122 4664 3511 4738 apostolicam
3553 4678 3645 4716 vos
3671 4653 3800 4714 fateri

2203 4752 2499 4808 audimus.
2551 4753 2807 4810 Verbum
2857 4755 3012 4826 quod
3071 4755 3129 4809 in
3179 4753 3472 4827 principio
3518 4754 3631 4807 erat
3677 4742 3798 4818 apud

2202 4841 2409 4910 Deum,
2442 4841 2500 4897 id
2534 4858 2665 4897 caro
2699 4842 2916 4898 factum
2947 4843 3004 4897 in
3041 4845 3154 4898 ﬁne
3182 4832 3799 4915 temporum,quomodo

2203 4933 2391 4985 totum
2423 4947 2558 4986 cum
2589 4931 2756 4988 Patre
2786 4931 2896 4987 fuit
2924 4948 3174 5005 semper,
3206 4936 3264 4986 et
3309 4936 3500 4987 totum
3546 4945 3605 4986 se
3631 4920 3800 4982 clausit

2202 5019 2262 5073 in
2294 5023 2457 5075 utero
2509 5020 2817 5092 Virginis?
2847 5019 2895 5076 si
2946 5025 3107 5076 totus
3155 5019 3212 5075 in
3262 5021 3524 5093 Virgine,
3555 5010 3796 5089 quomodo

2198 5111 2360 5164 totus
2399 5126 2535 5164 cum
2582 5109 2766 5166 Patre.
2801 5111 2908 5167 Sed
2959 5109 3098 5166 audi
3145 5113 3318 5166 tanta;
3374 5106 3598 5165 virtutis
3624 5103 3794 5175 myste-

2200 5197 2376 5252 rium.
2410 5199 2776 5256 Ascensurus
2808 5199 2867 5254 in
2917 5198 3128 5256 caelum
3174 5199 3272 5254 Dei
3325 5198 3506 5254 Filius
3541 5187 3796 5262 discipulis

2201 5303 2304 5359 pro
2350 5287 2615 5350 discessu
2669 5289 2797 5360 ejus
2845 5287 3111 5344 sollicitis
3166 5289 3460 5360 promittit
3505 5301 3565 5342 se
3603 5293 3795 5338 mansu-

2201 5392 2332 5430 rum
2364 5393 2498 5432 cum
2531 5376 2614 5432 eis
2646 5377 2921 5433 omnibus
2967 5377 3173 5433 diebus
3223 5393 3413 5449 usque
3462 5375 3530 5430 ad
3577 5381 3797 5426 consum-

2202 5465 2518 5522 mationem
2572 5465 2790 5534 saeculi,
2840 5466 3054 5538 quibus
3101 5466 3272 5539 paulo
3323 5469 3460 5522 ante
3504 5455 3796 5536 praedixerat

2203 5571 2265 5610 se
2295 5554 2377 5611 ire
2407 5555 2478 5612 ad
2509 5555 2761 5612 Patrem.
2796 5556 2957 5622 Quod
2989 5555 3227 5627 quidem
3273 5555 3560 5627 refugeret
3605 5545 3796 5604 credam
