4060 6174
226 320 248 379 l
259 313 378 379 Q85

1442 312 1647 374 ACTA
1692 306 1981 374 SYNODI
2024 306 2415 373 ATREBAT.

3482 314 3638 381 4286

225 468 332 507 non
359 424 708 503 discedebat
737 446 809 503 de
837 446 1079 520 templo.
1115 447 1377 519 Denique
1408 446 1695 502 Dominus
1725 445 1873 501 duo-
1907 445 1952 511 Α
1991 460 2319 500 sermonem
2367 445 2581 501 faceret
2626 445 2698 501 ad
2730 444 3033 520 pOpulum,
3067 465 3133 504 ac
3162 448 3485 507 divinitatis
3520 469 3639 508 sue

235 535 436 596 dcnnis
453 551 613 607 puer,
630 536 933 608 ignorante
951 540 1136 592 matre
1151 540 1207 592 et
1224 534 1798 608 cognatis,remansit
1816 533 1877 590 in

240 626 464 700 templo.
488 624 650 681 Unde
675 624 800 697 ipse
824 625 1258 697 requirentibus
1281 624 1388 680 ait:
1408 645 1435 675 ‹‹
1453 625 1600 690 Quid
1614 629 1703 679 est
1723 624 1878 696 quod

240 733 326 773 me
349 712 694 787 querebatis
712 714 740 769 ?
759 713 1119 769 Nesciebatis
1146 714 1286 785 quia
1314 712 1374 768 in
1405 712 1500 767 his
1531 730 1657 785 que
1691 713 1878 767 Patris

238 804 345 862 mei
376 807 535 874 sunt,
568 806 793 876 oportet
830 819 923 858 me
971 819 1099 859 esse
1119 803 1147 857 ‘?
1174 825 1202 851 ››
1232 804 1382 871 (Luc.
1419 802 1506 873 Π.)
1553 790 1878 874 Appropin-

239 896 447 967 quante
459 908 593 948 vero
605 891 749 947 hora
760 893 1054 964 passionis
1068 890 1637 964 sue,Jerosolymam
1650 890 1879 959 adiens,

240 972 428 1040 statim
451 981 689 1037 intravit
710 981 769 1035 in
802 980 1113 1052 templum,
1131 981 1379 1037 formam
1403 980 1574 1037 nobis
1597 979 1878 1053 religiose

238 1069 707 1135 conversationis,
736 1086 913 1141 quam
945 1070 1112 1141 sequi
1153 1070 1496 1135 debeamus,
1544 1069 1878 1137 ostendens,

236 1158 497 1217 videlicet
525 1163 611 1227 ut,
635 1175 770 1213 cum
802 1158 1105 1231 oppidum,
1136 1162 1240 1214 aut
1269 1158 1600 1226 castellum,
1630 1158 1752 1215 sive
1781 1157 1882 1214 ali-

236 1266 404 1323 quem
434 1248 651 1317 locum,
684 1248 784 1303 ubi
818 1248 1030 1304 domus
1079 1248 1361 1304 Orationis
1408 1252 1525 1304 Deo
1557 1248 1636 1304 sit
1678 1263 1881 1304 conse-

240 1341 412 1407 crata,
447 1336 832 1410 ingredimur,
864 1336 1029 1409 prius
1058 1337 1130 1392 ad
1175 1334 1339 1392 illam
1386 1336 1662 1393 festinare
1708 1336 1881 1392 debe-

238 1444 388 1493 mus,
408 1425 511 1483 ubi
534 1426 815 1482 orationis
838 1430 1049 1481 nostre
1077 1430 1211 1481 vota
1240 1425 1548 1491 solventes,
1568 1425 1885 1499 nosmetip-

236 1532 331 1573 sos
343 1516 461 1571 Deo
475 1514 1289 1587 commendemus.lngressus
1301 1514 1482 1589 igitur
1495 1517 1553 1571 in
1573 1515 1882 1587 templum,

236 1604 406 1677 cepit
438 1604 648 1676 ejicere
677 1605 996 1660 vendentes
1038 1605 1098 1659 in
1138 1620 1206 1659 eo
1237 1608 1293 1660 et
1321 1609 1602 1676 ementes,
1634 1604 1837 1661 dicens
1870 1623 1883 1661 :

237 1693 521 1749 «Domus
573 1709 723 1758 mea,
776 1693 989 1749 domus
1038 1692 1321 1749 orationis
1366 1698 1454 1749 est
1501 1694 1651 1762 (Luc.
1682 1695 1821 1765 nx).
1856 1717 1885 1743 ››

1986 536 2352 589 sacramenta
2382 535 2636 607 pandere
2662 536 3022 609 dignaretur.
3052 537 3214 593 Unde
3247 538 3380 595 licet
3410 539 3638 596 nullum

1987 620 2179 677 locum
2210 639 2414 679 vacare
2444 640 2477 678 a
2502 625 2812 696 presentia
2842 625 3167 697 majestatis
3198 627 3327 696 ejus
3358 628 3637 699 sciemus,

1986 709 2046 764 in
2080 710 2188 766 hac
2220 716 2417 767 tamen
2451 712 2797 784 presentius
2826 718 3001 785 atque
3032 714 3269 770 uberius
3299 732 3419 771 sue
3442 717 3641 789 gratie

1988 799 2271 855 beneﬁcia
2318 801 2651 872 petentibus
2699 802 2923 871 tribuit,
2961 802 3057 857 ubi
3106 803 3366 876 corporis
3411 805 3538 876 ejus
3588 811 3646 862 et

1988 888 2296 960 sanguinis
2328 894 2700 946 sacrosancta
2724 891 3003 963 mysteria
3032 891 3404 948 celebrantur
3431 898 3489 949 et
3516 893 3644 950 lau-

1990 977 2092 1031 des
2119 977 2325 1032 divine
2357 983 2415 1034 et
2443 983 2575 1035 vota
2622 979 2947 1036 solvuntur.
2980 984 3045 1035 In
3090 982 3310 1055 templo
3358 982 3644 1039 Dominus

1989 1065 2285 1122 Salomoni
2308 1068 2366 1123 in
2390 1069 2545 1124 nube
2575 1069 2770 1142 glorie
2801 1087 2919 1126 sue
2942 1071 3233 1142 apparuit,
3253 1071 3454 1128 dicens
3474 1089 3537 1129 se
3563 1072 3646 1128 ibi

1990 1155 2327 1226 petentibus
2355 1157 2630 1212 daturum
2662 1158 2992 1231 cuicunque
3021 1158 3418 1216 tribulationis
3457 1164 3515 1217 et
3542 1177 3645 1217 an-

1990 1244 2197 1316 gustie
2230 1246 2577 1315 remedium,
2600 1250 2657 1302 et
2676 1252 2880 1303 contra
2903 1253 3280 1321 tempestates
3305 1254 3363 1305 et
3392 1249 3649 1306 mortali-

1988 1336 2194 1402 tatem,
2227 1335 2506 1392 adversus
2552 1335 2813 1409 gladium
2863 1342 2922 1392 et
2961 1338 3198 1406 famem,
3234 1338 3556 1395 siccitatem
3588 1338 3650 1396 et

1993 1438 2228 1478 omnem
2260 1424 2664 1497 intemperiem
2698 1425 2868 1495 aeris,
2904 1426 3193 1498 quidquid
3232 1427 3312 1483 ibi
3346 1445 3379 1483 a
3402 1428 3649 1501 petenti‘

1992 1512 2105 1567 bus
2127 1517 2502 1584 quereretur,
2528 1514 2799 1570 effectum
2828 1514 2929 1570 Dei
2951 1515 3139 1589 gratia
3167 1519 3649 1589 prestaret.Quo-

1994 1600 2135 1657 tidie
2164 1606 2317 1657 certe
2349 1602 2634 1658 Dominus
2656 1608 2916 1659 sanctam
2947 1603 3329 1676 spiritualiter
3358 1604 3536 1661 intrat
3563 1622 3650 1662 ec-

1995 1688 2252 1757 clesiam,
2282 1708 2396 1746 non
2433 1692 2586 1764 quod
2612 1691 2691 1746 ibi
2726 1692 3031 1749 altitudine
3061 1708 3386 1762 murorum,
3421 1697 3521 1750 aut
3548 1711 3647 1750 va-

232 1782 453 1838 Domus
484 1780 587 1837 illa
616 1781 716 1838 Dei
747 1783 818 1837 ad
854 1782 960 1837 hoc
991 1799 1025 1837 a
1045 1781 1353 1837 Salomone
1379 1782 1656 1855 primum,
1681 1788 1737 1839 et
1759 1800 1889 1856 pos-
1915 1814 1964 1880 Β
1998 1779 2197 1834 rietate
2228 1781 2695 1880 pavimentorum
2743 1780 3100 1850 delectetur;
3135 1783 3234 1838 sed
3285 1783 3426 1856 quia
3472 1784 3551 1839 ibi
3583 1784 3650 1840 ﬁt

230 1877 323 1927 tea
352 1888 389 1927 a
416 1870 558 1926 Jesu
590 1871 889 1926 sacerdote
925 1875 982 1927 et
1030 1870 1346 1927 Zorobabcl
1396 1877 1730 1929 constructa
1760 1873 1887 1928 fue-

230 1965 341 2029 rat,
374 1977 496 2016 non
522 1960 678 2032 quod
714 1960 864 2015 Deus
897 1960 955 2014 in
989 1960 1341 2015 manufactis
1370 1961 1604 2033 templis
1634 1961 1885 2028 habitet;

230 2050 330 2107 sed
364 2054 432 2106 ut
463 2049 545 2104 ibi
594 2065 806 2105 nomen
857 2050 986 2120 ejus
1029 2049 1415 2116 invocaretur,
1447 2049 1646 2122 ibique
1674 2051 1888 2107 devote

231 2138 424 2212 plebis
458 2138 752 2195 orationes
801 2137 1049 2204 audiret,
1093 2142 1228 2193 vota
1269 2138 1609 2212 susciperet,
1646 2156 1891 2196 munera

228 2232 285 2284 et
315 2228 614 2284 orationes
645 2231 990 2299 acceptaret.
1024 2228 1103 2283 De
1136 2244 1251 2300 quo
1283 2227 1456 2299 paqu
1488 2234 1619 2301 post
1646 2245 1888 2301 evange-

228 2314 367 2373 lista
389 2316 564 2372 dicit:
586 2338 613 2366 α
633 2316 780 2380 Quia
801 2321 1173 2372 accesserunt
1192 2317 1263 2372 ad
1283 2333 1417 2373 eum
1444 2317 1576 2373 ceci
1600 2324 1656 2373 et
1673 2316 1888 2389 claudi,

227 2409 289 2460 et
306 2405 538 2461 curavit
558 2421 657 2461 eos
679 2405 739 2460 in
772 2404 988 2478 templo
1020 2405 1248 2478 (Matth.
1276 2405 1412 2477 xxr).
1441 2428 1469 2455 »
1491 2406 1704 2477 Ejectis
1730 2422 1892 2461 nam-

228 2510 345 2566 que
393 2493 663 2566 indignis
711 2498 767 2549 et
813 2494 1284 2566 profanatoribus
1333 2494 1556 2567 templi,
1609 2511 1788 2550 cecos
1836 2498 1894 2550 et

227 2582 481 2638 claudos
515 2582 575 2637 in
605 2598 671 2638 eo
702 2583 967 2651 sanavit;
1000 2600 1116 2638 non
1146 2583 1301 2655 quod
1351 2582 1410 2638 in
1454 2583 1666 2655 platea,
1688 2586 1800 2639 'aut
1831 2584 1891 2638 in

227 2671 471 2727 civitate
521 2670 842 2727 curationis
893 2670 942 2726 ei
998 2673 1185 2744 gratia
1237 2672 1557 2742 defuisset;
1590 2672 1692 2728 sed
1737 2677 1895 2728 certa

224 2778 414 2818 causa
448 2759 712 2833 mysterii
757 2777 875 2815 sue
905 2760 1139 2815 virtutis
1168 2760 1489 2832 potentiam
1521 2761 1796 2829 exercuit,
1833 2766 1896 2817 ut

226 2851 500 2923 profecto
532 2849 863 2905 ostenderet
893 2853 1100 2919 preter
1127 2847 1435 2904 ecclesiam
1459 2850 1678 2905 nemini
1701 2849 1894 2906 locum

223 2944 439 3013 patere
472 2938 702 3003 salutis,
736 2938 837 3008 [et]
866 2936 1048 2991 istum
1080 2952 1208 2992 esse
1252 2936 1467 3003 locum,
1499 2937 1558 2993 in
1608 2954 1723 3009 quo
1758 2939 1895 2993 ube-

223 3028 359 3084 rius
396 3026 599 3082 divina
628 3025 910 3080 beneﬁcia
930 3025 1327 3096 querentibus
1356 3026 1669 3081 donantur.
1690 3027 1753 3082 In
1788 3026 1897 3081 hoc

1996 1872 2317 1924 conventus
2338 1868 2633 1939 ﬁdelium;
2658 1871 2735 1926 ibi
2762 1876 2955 1944 grates
2974 1888 3078 1944 pro
3099 1871 3325 1945 largitis
3347 1873 3649 1930 beneﬁciis

1997 1973 2031 2011 a
2060 1958 2331 2014 ﬁdelibus
2374 1949 2619 2032 accipit;
2653 1960 2903 2033 hymnos
2942 1966 3001 2016 et
3029 1962 3254 2019 cantica
3299 1962 3647 2035 spiritualia,

1995 2051 2054 2101 et
2082 2047 2298 2103 devote
2330 2047 2521 2103 laudis
2553 2048 2838 2105 sacriﬁcia
2859 2050 3123 2123 suscipit,
3147 2055 3206 2107 et
3230 2054 3433 2107 sancta
3451 2067 3651 2125 corpo-

1998 2137 2080 2191 ris
2106 2137 2197 2192 sui
2221 2141 2278 2193 et
2294 2138 2601 2211 sanguinis
2623 2138 2714 2193 sui
2732 2140 3085 2194 commercia
3108 2140 3333 2197 tribuit.
3352 2141 3649 2197 Postremo

1999 2227 2188 2282 Lucas
2218 2228 2289 2282 ad
2339 2227 2729 2299 Theophilum
2772 2229 3055 2295 scribens,
3088 2228 3170 2284 ait
3198 2229 3337 2301 quia
3369 2229 3650 2286 Dominus

1997 2313 2168 2369 Jesus
2208 2338 2235 2365 «
2268 2319 2401 2386 post
2449 2314 2784 2386 passionem
2816 2332 3007 2379 suam,
3056 2316 3361 2389 discipulis
3387 2318 3648 2391 seipsum

2000 2403 2198 2458 vivum
2230 2403 2477 2476 prebuit
2507 2404 2566 2459 in
2597 2403 2800 2460 multis
2830 2404 3211 2477 argumentis,
3235 2422 3340 2478 per
3361 2406 3487 2463 dies
3513 2424 3655 2480 qua-

2000 2492 2270 2565 draginta
2299 2508 2587 2565 apparens
2611 2492 2696 2549 eis
2726 2497 2782 2549 et
2811 2492 3059 2565 loquens
3084 2494 3154 2550 de
3183 2511 3362 2569 regno
3387 2495 3487 2553 Dei
3514 2496 3651 2566 (Act.

2001 2585 2145 2653 xm).
2179 2604 2206 2630 ››
2241 2582 2388 2648 Quid
2434 2585 2524 2638 est
2565 2581 2723 2654 loqui
2771 2583 2843 2638 de
2890 2600 3069 2656 regno
3099 2583 3216 2655 Dei,
3250 2584 3365 2640 nisi
3395 2585 3466 2641 de
3495 2588 3654 2641 statu

2003 2669 2289 2739 Ecclesie,
2323 2688 2450 2743 que
2480 2687 2726 2744 regnum
2758 2671 2973 2727 dicitur
3006 2673 3126 2740 Dei,
3160 2673 3477 2729 ordinare?

2076 2759 2262 2832 Igitur
2282 2760 2432 2830 quod
2458 2760 2753 2831 congestis
2774 2759 3067 2830 lapidibus
3084 2761 3325 2816 domum
3348 2761 3655 2833 Dei,quam

2005 2864 2112 2904 nos
2165 2846 2468 2903 ecclesiam
2528 2848 2924 2915 nominamus,
2982 2848 3346 2919 fabricatam,
3392 2850 3657 2924 nihilque

2005 2942 2272 2993 sanctum
2306 2952 2375 2991 ex
2404 2953 2471 2992 ea
2490 2935 2721 3008 lapidea
2743 2937 2987 2993 materia
3007 2938 3235 2994 trahere
3256 2938 3314 2994 in
3342 2956 3405 2996 se
3427 2943 3661 2996 conten-

2006 3026 2165 3093 ditis,
2196 3029 2255 3081 et
2300 3025 2429 3081 ideo
2475 3025 2623 3080 nihil
2675 3025 2943 3093 differre;
2976 3026 3120 3098 quin
3157 3027 3225 3102 in
3257 3025 3572 3084 domiciliis
3601 3031 3681 3099 et,

220 3114 597 3191 publicanus
627 3104 894 3186 peccatur
922 3112 1172 3178 advenit,
1196 3113 1558 3185 justiﬁcatus
1591 3115 1779 3171 rediit.
1822 3120 1897 3171 De
1935 3183 1968 3191 _
2007 3114 2250 3188 privatis
2272 3114 2680 3170 mansionibus
2702 3114 2909 3171 vestris
2928 3114 3218 3171 orationes
3236 3115 3399 3171 facte
3424 3119 3657 3172 tantum

220 3183 342 3263 hoc
377 3204 560 3261 etiam
592 3183 732 3259 dicit
762 3202 932 3258 Liber
955 3183 1371 3274 apostolorum,
1403 3204 1541 3276 quia
1569 3226 1597 3255 «
1629 3205 1896 3271 Quotidie
1926 3183 1970 3251 (ἶ
2006 3183 2237 3260 valeant
2266 3207 2553 3276 quantum
2584 3207 2642 3260 et
2672 3204 2730 3259 in
2751 3203 2969 3276 templo
2990 3208 3193 3260 sancto
3218 3204 3352 3273 Dei;
3377 3205 3658 3262 adversus

220 3293 643 3369 perdurabant
691 3291 1048 3347 unanimiter
1095 3292 1155 3347 in
1206 3292 1424 3365 templo
1468 3295 1719 3366 (Actxn).
1754 3317 1782 3344 »
1833 3295 1900 3350 Et

221 3378 415 3458 paulo
438 3386 572 3461 post
596 3399 609 3437 :
638 3404 665 3432 «
687 3382 893 3437 Petrus
914 3385 970 3436 et
989 3381 1244 3463 oannes
1265 3384 1656 3439 ascenderunt
1676 3384 1736 3439 in
1759 3388 1901 3440 tem-

222 3474 405 3547 plum
435 3472 510 3527 ad
542 3471 748 3527 horam
776 3470 1057 3526 orationis
1088 3487 1301 3527 nonam
1330 3471 1463 3543 (Act.
1498 3474 1604 3541 ιιι).
1629 3495 1657 3524 ››
1685 3473 1764 3529 De
1789 3473 1899 3529 hoc

220 3562 531 3618 Dominus
560 3560 678 3615 ait:
712 3582 741 3609 «
775 3559 898 3615 Duo
931 3559 1198 3616 homines
1246 3562 1636 3617 ascenderunt
1663 3562 1721 3617 in
1752 3566 1898 3618 tem-

220 3652 430 3725 plum,
486 3653 553 3705 ut
599 3653 835 3704 orarent
884 3649 1034 3721 (Luc.
1082 3653 1261 3716 xvni).
1300 3673 1328 3701 »
1382 3651 1555 3706 Porro
1603 3651 1897 3722 inﬁrmus,

221 3758 416 3815 quem
454 3739 736 3794 diuturno
766 3737 1046 3810 languore
1069 3739 1465 3795 tabescentem
1498 3740 1783 3797 Dominus
1812 3758 1902 3797 sa-

221 3834 483 3888 naverat
531 3844 707 3900 super
760 3827 1118 3900 probaticam
1170 3827 1478 3901 piscinam,
1524 3846 1646 3885 sue
1692 3830 1902 3888 salutis

219 3924 545 3978 auctorem
600 3933 974 3989 nequaquam
1022 3933 1337 3990 agnoscere
1384 3919 1572 3991 potuit
1621 3920 1677 3975 in
1730 3921 1904 3977 turba

219 4010 572 4073 sedentem,
607 4006 790 4062 donec
820 4021 954 4061 eum
985 4004 1157 4061 Jesus
1185 4004 1409 4062 invenit
1438 4007 1497 4062 in
1528 4008 1767 4080 templo,
1798 4009 1903 4065 ibi’-

219 4116 343 4173 que
380 4113 451 4154 se
496 4095 833 4167 recognosci
866 4094 1067 4162 voluit,
1102 4098 1300 4167 aperte
1335 4096 1569 4164 docens,
1602 4102 1667 4152 ut
1697 4096 1745 4153 si
1776 4113 1903 4171 gra-

215 4188 374 4244 tiam
411 4183 748 4241 Conditoris
788 4183 969 4239 nostri
1003 4199 1352 4255 cognoscere
1382 4188 1438 4240 et
1467 4185 1539 4240 ad
1573 4186 1700 4257 ejus
1727 4187 1902 4243 visio-

216 4294 367 4334 nem
405 4272 824 4330 desideramus
846 4272 1164 4345 pervenire,
1187 4272 1598 4345 confugiamus
1619 4274 1804 4330 devoti
1830 4276 1901 4331 ad

216 4362 541 4438 templum
573 4361 695 4429 Dei,
721 4360 818 4417 ubi
842 4359 924 4415 illi
947 4361 1016 4416 de
1041 4361 1329 4434 perceptis
1360 4362 1658 4418 beneﬁciis
1688 4363 1905 4436 gratias

215 4470 435 4529 agere,
475 4456 537 4508 et
566 4450 637 4506 de
677 4449 1066 4523 percipiendis
1104 4466 1343 4517 exorare,
1369 4456 1728 4524 satagamus,
1765 4469 1905 4509 nos-

2008 3292 2129 3348 hec
2160 3292 2529 3349 considerare
2575 3296 2801 3365 oportet
2849 3310 2953 3349 cur
2996 3293 3277 3349 Dominus
3304 3297 3467 3351 tanto
3496 3292 3658 3349 cultu

2004 3382 2450 3438 tabernaculum
2475 3382 2706 3437 federis
2727 3382 2837 3437 sibi
2861 3399 2964 3455 per
2983 3383 3219 3455 Moysen
3233 3382 3417 3454 jussit
3438 3382 3582 3451 ﬁeri,
3599 3382 3658 3438 in

2009 3489 2144 3545 quo,
2177 3471 2526 3545 posthabitis
2555 3473 2779 3528 ceteris
2827 3472 3102 3527 omnibus
3149 3472 3313 3540 locis,
3346 3470 3660 3544 specialius

2008 3562 2194 3633 gloria
2222 3562 2350 3633 ejus
2382 3565 2751 3634 apparuerat.
2770 3561 2969 3634 ibique
2993 3561 3370 3635 singulariter
3392 3561 3452 3616 in
3484 3560 3659 3616 rebus

2009 3651 2205 3707 dubiis
2236 3649 2564 3717 consultus,
2579 3651 2806 3723 judicia
2825 3655 2882 3707 et
2909 3650 3097 3724 legem
3130 3649 3270 3706 ﬁliis
3297 3649 3474 3706 Israel
3495 3665 3662 3722 expo-

2009 3745 2225 3797 suerat.
2252 3740 2415 3796 Unde
2436 3744 2493 3795 et
2512 3740 2824 3812 Apostolus
2849 3741 2920 3795 ad
2946 3740 3276 3796 Corinthios
3299 3739 3379 3794 ait
3406 3756 3418 3795 :
3445 3762 3473 3790 «
3497 3739 3657 3794 Nun-

2009 3830 2150 3904 quid
2173 3847 2288 3886 non
2312 3829 2540 3885 habetis
2559 3829 2765 3884 domos
2786 3830 2856 3884 ad
2878 3829 3354 3884 manducandum
3379 3832 3435 3884 et
3454 3827 3659 3883 biben-

2010 3922 2174 3988 dum,
2208 3924 2309 3974 aut
2338 3918 2640 3974 ecclesiam
2679 3918 2775 3972 Dei
2806 3916 3231 3987 contemnitis?
3263 3936 3291 3965 »
3321 3916 3370 3984 (1
3400 3916 3523 3972 Cor.
3554 3916 3658 3989 x1.)

2009 4010 2079 4065 Et
2124 4007 2298 4081 paulo
2330 4011 2462 4080 post
2494 4023 2507 4062 :
2540 4029 2569 4056 «
2605 4006 2824 4078 Itaque,
2858 4006 3064 4062 fratres
3107 4004 3242 4073 mei,
3276 4003 3487 4076 inquit,
3521 4020 3657 4060 cum

2009 4096 2334 4153 convenitis
2365 4095 2437 4150 ad
2468 4095 2965 4162 manducandum,
3001 4094 3247 4149 invicem
3292 4096 3655 4165 exspectate;

2012 4185 2060 4241 si
2093 4185 2225 4257 quis
2256 4188 2449 4239 autem
2481 4183 2685 4253 esurit,
2706 4184 2863 4239 domi
2891 4182 3222 4250 manducet,
3242 4185 3311 4237 ut
3338 4198 3453 4237 non
3485 4181 3678 4253 inju-i

2012 4275 2233 4330 dicium
2290 4272 2646 4329 conveniatis
2704 4272 2910 4343 (lbz'd.).
2957 4292 2983 4323 π
3048 4272 3408 4328 Monstrante
3466 4270 3661 4343 itaque

2013 4362 2210 4431 Paulo,
2245 4367 2549 4436 propterea
2577 4362 2957 4419 convenimus
2987 4362 3059 4418 ad
3090 4360 3396 4418 ecclesiam
3440 4363 3506 4416 ut
3533 4377 3660 4416 ore-

2015 4470 2149 4508 mus
2174 4457 2230 4509 et
2260 4453 2685 4508 manducemus
2716 4467 2940 4507 coenam
2973 4449 3225 4506 Domini.
3256 4450 3381 4505 Duo
3411 4448 3662 4505 audistis

216 4559 345 4617 que
381 4546 559 4615 ipsos
585 4537 873 4611 templum
919 4538 1041 4605 Dei,
1074 4537 1133 4592 in
1184 4556 1299 4611 quo
1331 4539 1786 4596 misericorditer
1811 4558 1905 4598 ve-
1938 4554 1984 4618 ι)
2017 4558 2121 4597 cur
2148 4541 2451 4598 conveniat
2472 4540 2725 4613 populus
2747 4541 2819 4595 ad
2842 4538 3146 4597 ecclesiam
3172 4556 3186 4608 ;
3216 4554 3402 4594 unum
3424 4554 3493 4594 ex
3516 4536 3666 4594 anti-

214 4634 384 4701 nire,
420 4634 488 4687 et
520 4627 885 4684 mansionem
918 4627 1104 4683 facere
1134 4627 1433 4700 dignetur,
1453 4645 1777 4702 preparare
1803 4647 1904 4686 cu-

214 4737 469 4779 remus.

296 4811 448 4867 Hec
482 4823 717 4880 semper
737 4804 1043 4863 familiaris
1066 4807 1252 4861 fuerat
1273 4807 1632 4862 consuetudo
1654 4807 1905 4874 Domini,

214 4905 290 4957 ut
339 4900 411 4955 in
448 4912 873 4970 quamcunque
904 4894 1196 4951 civitatem
1233 4895 1553 4963 introisset,
1588 4896 1788 4952 statim
1820 4896 1909 4951 dio

214 4990 504 5047 verteret
553 4985 612 5041 in
652 4984 958 5058 templum.
993 4983 1157 5040 Unde
1203 4984 1458 5040 Joannes
1506 4984 1905 5058 evangelista:

219 5102 250 5131 ‹‹
286 5072 578 5135 Perrexit
604 5074 779 5130 Jesus
807 5073 867 5129 in
899 5077 1160 5129 montem
1190 5072 1413 5142 Oliveti,
1437 5077 1494 5129 et
1522 5072 1780 5129 diluculo
1811 5073 1912 5130 ite-

213 5186 365 5226 rum
400 5163 575 5222 venit
606 5163 665 5219 in
694 5161 979 5235 templum
1016 5163 1189 5235 (Joan.
1214 5164 1358 5232 VIII).
1382 5185 1410 5213 »
1438 5163 1508 5218 Et
1534 5163 1720 5220 Lucas
1742 5180 1910 5220 evan-

212 5257 456 5333 gelista
485 5270 500 5309 :
532 5275 559 5304 ‹‹
594 5253 836 5310 Intravit
862 5253 1035 5310 Jesus
1066 5253 1389 5308 secundum
1424 5253 1907 5310 consuetudinem

211 5348 278 5405 in
341 5359 748 5420 synagogam,
781 5346 838 5399 et
885 5342 1138 5398 surrexit
1185 5341 1375 5415 legere
1425 5342 1570 5415 (Luc.
1605 5344 1703 5415 ιν).
1740 5364 1769 5391 ››
1800 5342 1908 5399 Ubi

212 5436 412 5493 audis
438 5448 829 5505 synagogam,
857 5429 1142 5504 templum
1167 5428 1444 5502 intellige,
1466 5430 1565 5485 ubi
1589 5435 1908 5486 conventus

208 5525 592 5599 Judeorum
640 5523 783 5578 erat.
830 5522 956 5577 Hec
1003 5536 1235 5592 semper
1280 5519 1526 5575 Domino
1573 5519 1911 5593 gratissima

208 5615 405 5675 sedes
443 5610 662 5684 fuerat,
696 5610 840 5668 adeo
887 5613 952 5666 ut
1001 5609 1059 5667 in
1110 5624 1238 5666 eam
1289 5623 1522 5685 semper
1550 5608 1904 5689 ingrediens,

2017 4648 2134 4703 qua
2155 4630 2486 4698 traditione,
2511 4634 2575 4685 ut
2587 4630 2812 4701 judicia
2837 4646 3030 4685 rerum
3056 4632 3114 4685 et
3143 4627 3504 4701 cognitiones
3523 4625 3667 4682 acci-

2017 4720 2176 4793 piat;
2211 4719 2459 4775 alterum
2500 4736 2569 4775 ex
2614 4719 2770 4775 Novo
2815 4720 3211 4789 Testamento,
3243 4722 3309 4773 ut
3350 4717 3667 4772 manducet

2018 4825 2229 4882 corpus
2259 4808 2490 4863 Christi.
2525 4807 2779 4880 Utraque
2825 4808 2981 4863 enim
3031 4807 3351 4879 querimus
3381 4805 3452 4860 ad
3483 4802 3665 4860 eccle-

2018 4898 2187 4967 siam,
2204 4897 2451 4954 scilicet:
2472 4897 2611 4953 utin
2628 4914 2695 4953 ea
2715 4895 3468 4969 audiamusjudicianostra
3489 4891 3662 4962 mala,

2019 4987 2139 5043 sive
2166 4987 2337 5051 bona,
2371 4990 2430 5041 et
2477 4986 2865 5059 cognitionem
2905 4985 3027 5054 Dei,
3058 4988 3116 5041 et
3145 4989 3211 5040 ut
3240 4983 3664 5039 manducemus

2018 5092 2230 5148 corpus
2267 5074 2503 5131 Christi.
2538 5075 2683 5142 Quia
2724 5090 2857 5130 vero
2888 5074 3129 5147 quidam
3159 5073 3267 5129 viri
3299 5088 3524 5129 comam
3555 5088 3664 5127 nu-

2016 5165 2291 5233 triebant,
2337 5168 2394 5219 et
2424 5163 2698 5221 mulieres
2725 5164 2942 5219 nudato
2975 5163 3161 5236 capite
3188 5161 3577 5235 procedebant
3603 5160 3664 5216 in

2017 5252 2344 5321 ecclesiam,
2376 5251 2693 5326 gloriantes
2727 5253 2783 5308 in
2816 5252 3099 5323 crinibus,
3136 5251 3293 5323 quod
3324 5267 3439 5307 non
3470 5249 3665 5307 solum

2020 5342 2392 5399 inhonestum
2415 5347 2558 5409 erat,
2577 5343 2678 5399 sed
2703 5342 2874 5398 etiam
2904 5340 3387 5415 concupiscentie
3410 5340 3667 5396 fomenta

2018 5432 2351 5504 prestabat,
2375 5432 2446 5488 ab
2478 5431 2584 5487 hac
2613 5431 3037 5489 consuetudine
3065 5429 3376 5504 Apostolus
3397 5446 3495 5487 eos
3516 5444 3668 5486 com-

2019 5536 2283 5595 pescens,
2316 5520 2582 5577 dicebat:
2608 5544 2634 5571 ‹‹
2661 5521 2832 5578 Decet
2853 5519 3157 5577 mulierem
3188 5536 3305 5575 non
3334 5517 3583 5575 velatam
3604 5516 3665 5573 in

2017 5609 2264 5668 ecclesia
2292 5625 2456 5668 orare
2494 5610 2717 5687 Deum;
2752 5626 2855 5668 nec
2902 5610 3051 5689 ipsa
3075 5614 3286 5681 natura
3333 5608 3499 5671 docet
3538 5621 3691 5684 voa,.
