4094 6158
444 202 599 267 1987
676 274 679 281 _

1402 198 1753 267 GERARDI
1794 202 1819 265 Ι
1863 198 2459 271 CAMERACENSIS
2504 210 2878 278 EPISCOPI.

3634 230 3761 299 4288‘

441 340 592 412 quod
627 340 714 394 vir
745 338 982 413 quidem
1032 336 1080 393 si
1112 352 1339 393 comam
1374 336 1614 426 nutriat,
1647 336 1972 426 ignominia
2001 340 2090 426 est
2115 338 2170 405 Α
2199 340 2379 399 altare
2408 346 2672 416 Domino,
2691 353 2749 404 et
2770 349 2980 408 tollens
2998 353 3069 409 de
3098 353 3396 426 pecoribus
3418 361 3472 413 et
3492 360 3757 424 volneribus

440 428 523 483 illi
558 446 569 483 :
609 428 819 484 mulier
866 444 997 483 vero
1029 427 1078 482 si
1127 442 1354 482 comam
1402 425 1643 493 nutriat,
1676 423 1861 498 gloria
1883 429 1974 480 est
2003 424 2087 480 illi
2200 433 2460 500 mundis,
2486 435 2698 493 obtulit
2723 438 3059 497 holocausta
3089 423 3263 517 super
3291 448 3762 528 eum,odoratusque

439 518 644 590 (lbid.).
707 540 736 568 ››

794 517 1053 588 Denique
1110 516 1371 610 beatum_
1405 514 1703 610 I-eran-um
1772 518 2087 610 martyrem
2196 524 2288 610 est
2317 521 2603 582 Dominus
2630 527 2867 585 odorem
2888 514 3189 589 suavitatis
3217 534 3570 610 (Oeneavm).
3595 514 3765 599 nSiini.

438 608 512 680 (si
543 625 673 664 vere
720 612 1008 701 martyres
1054 606 1291 662 creditis
1341 605 1550 701 debere
1596 604 1838 701 imitari)
1886 604 2087 701 audire
2194 607 2329 701 liter
2349 614 2406 665 et
2429 612 2746 683 Abraham,
2772 617 2928 674 Isaac
2950 624 3006 674 et
3023 604 3350 687 Jacob.Qui
3372 604 3765 701 Jacob'egressus

434 714 536 753 vos
565 700 812 770 oportet,
847 696 947 769 qui
975 696 1218 751 domum
1250 697 1463 752 sanctae
1490 693 1725 750 Caecilia:
1758 698 1971 750 sanctae
1998 711 2086 751 ec-

435 786 621 843 clesia:
654 786 876 843 nomini
925 786 1155 842 dicavit.
1190 785 1352 842 Unde
1400 785 1601 841 doctor
1647 784 1916 857 egregius
1965 786 2082 840 Au-

2193 697 2267 755 de
2298 698 2600 770 Bersabee,
2629 704 2775 761 vidit
2800 707 3015 764 scalam
3045 727 3080 765 a
3100 714 3254 767 terra
3278 712 3448 770 cmlos
3475 697 3636 789 usque
3657 722 3764 776 emi-

2192 791 2451 858 nentem,
2483 807 2587 864 per
2616 810 2795 866 quam
2827 798 3063 871 angelos
3092 799 3194 855 Dei
3228 802 3586 860 ascendentes
3609 810 3657 861 et
3672 808 3767 864 des-

430 877 725 950 gustinus,
761 878 823 934 in
854 876 1079 950 psalmo
1112 894 1255 932 Lxxx
1279 894 1292 932 :
1320 898 1347 926 «
1382 875 1512 930 Haec
1545 891 1670 965 quas
1701 877 2085 965 exstruuntur
2191 879 2525 947 cendentes,
2550 881 2745 955 ipsum
2790 885 2966 942 etiam
2997 888 3304 945 Dominum
3338 889 3641 963 loquentem
3664 896 3762 965 sibi,

430 968 501 1025 ad
532 971 769 1040 tempus
817 970 887 1024 ad
921 966 1253 1041 recipienda
1292 982 1535 1038 corpora
1575 963 1664 1019 vel
1695 963 1957 1019 vivorum
1991 962 2080 1019 vel

429 1063 797 1116 mortuorum
852 1057 1180 1115 necessaria
1226 1060 1387 1123 sunt,
1421 1055 1523 1111 sed
1566 1058 1831 1126 tempore
1878 1057 2079 1126 praete-

427 1154 617 1207 reunt.
651 1149 927 1223 Nunquid
951 1153 1085 1222 post
1108 1146 1402 1219 judicium
1436 1145 1535 1200 Dei
1567 1144 1712 1201 istas
1743 1142 1992 1199 fabricas
2017 1142 2076 1198 in

426 1239 639 1297 calum
687 1237 1055 1297 levabimus?
1086 1236 1220 1292 sine
1268 1235 1361 1290 his
1409 1239 1608 1290 tamen
1639 1232 1750 1289 hoc
1795 1237 2074 1306 tempore,

425 1347 552 1403 quas
587 1330 658 1385 ad
690 1327 1112 1401 possidendum
1156 1325 1365 1382 corium
1398 1323 1708 1397 pertinent,
1740 1340 1910 1397 agere
1958 1342 2073 1381 non

424 1418 767 1491 poterimus.
803 1441 831 1467 ››
863 1418 1035 1473 Ροιϊο
1068 1416 1193 1488 ipsa
1221 1415 1435 1471 domus
1466 1413 1682 1470 idcirco
1726 1413 2072 1470 vocabulum

423 1507 598 1565 habet
625 1507 904 1572 ccclesim,
937 1506 1075 1579 quia
1104 1504 1363 1562 continet
1393 1503 1724 1571 Ecclesiam,
1760 1503 1816 1557 id
1853 1508 1942 1560 est
1972 1522 2072 1577 po-

421 1597 626 1668 pulum
658 1601 1039 1654 convocatum
1071 1595 1145 1650 ab
1191 1611 1279 1662 eo,
1313 1593 1413 1665 qui
1444 1593 1581 1649 facit
1623 1593 1931 1650 unanimes
1963 1594 2072 1650 ha-

420 1690 603 1745 bitare
633 1689 693 1744 in
725 1688 920 1744 domo.
943 1688 1080 1752 Qum
1099 1684 1227 1740 ideo
1251 1683 1650 1775 sanctiticatur
1677 1684 1749 1739 ab
1775 1683 2067 1775 episcopo,
2101 1711 2147 1775 Β

420 1785 482 1835 ut
507 1779 566 1835 in
597 1794 666 1835 ea
693 1776 833 1833 velit
857 1792 985 1833 esse
1016 1775 1300 1830 adventus
1325 1772 1688 1845 angelorum,
1716 1777 1773 1829 et
1797 1772 2066 1830 homines

416 1869 473 1925 in
505 1886 635 1925 eam
662 1867 1026 1923 introeuntes
1054 1864 1124 1919 ab
1147 1862 1306 1917 omni
1329 1861 1707 1934 turpiloquio,
1728 1866 1785 1917 et
1806 1862 2065 1918 scurrili-

414 1962 551 2026 tate,
583 1962 643 2013 et
673 1955 866 2011 inutili
899 1953 1247 2027 cogitatione
1277 1951 1475 2007 norint
1499 1966 1560 2007 se
1593 1951 1911 2007 continere.
1943 1954 2065 2008 Au-

413 2048 577 2103 diant
607 2045 707 2119 qui
740 2046 962 2101 intrant
1008 2041 1312 2099 ecclesiam
1347 2040 1501 2112 quod
1550 2039 1773 2095 audivit
1813 2041 2060 2113 Moyses,

411 2137 647 2209 quando
663 2134 845 2189 voluit
864 2132 1049 2188 visere
1071 2131 1283 2185 rubum
1308 2129 1604 2185 ardentem
1628 2146 1642 2197 ;
1662 2133 1717 2185 et
1741 2130 2059 2203 Dominus}:

411 2226 493 2281 Ne
536 2223 867 2297 apprOpies,
898 2219 1111 2292 inquit,
1143 2218 1279 2285 huc,
1313 2217 1471 2273 solve
1498 2216 1956 2276 calceamentum
1989 2222 2062 2277 de

410 2314 660 2386 pedibus
688 2310 846 2378 tuis;
878 2309 1041 2365 locus
1071 2306 1228 2362 enim
1259 2306 1315 2360 in
1347 2323 1463 2378 quo
1493 2310 1633 2375 stas,
1666 2312 1823 2385 terra
1858 2315 2061 2366 sancta

409 2406 498 2458 est
527 2399 720 2475 (Exod.
753 2398 859 2470 ιιι).
896 2420 924 2448 ››
956 2397 1023 2453 Et
1064 2394 1307 2468 angelus
1337 2394 1407 2449 ad
1438 2394 1614 2451 Josue
1647 2412 1659 2449 :
1690 2419 1716 2445 «
1751 2396 1936 2465 Solve,
1969 2400 2056 2455 in-

408 2490 557 2564 quit,
590 2488 1048 2545 calceamentum
1081 2485 1151 2539 de
1182 2482 1466 2556 pedibus;
1490 2482 1652 2539 locus
1673 2485 1828 2540 enim
1860 2487 1918 2543 in
1941 2504 2056 2560 quo

406 2584 529 2636 stas
558 2582 715 2634 terra
743 2581 947 2633 sancta
986 2578 1075 2629 est
1120 2573 1249 2641 (los.
1281 2571 1355 2642 v).
1395 2594 1424 2620 ››
1460 2572 1525 2627 Et
1569 2573 1881 2645 Apostolus
1929 2576 2052 2634 ait:

405 2691 433 2719 ‹‹
465 2666 776 2740 Templum
806 2663 962 2720 enim
1006 2661 1107 2717 Dei
1154 2665 1421 2717 sanctum
1453 2665 1559 2730 est,
1593 2663 1747 2734 quod
1781 2664 1922 2721 estis
1952 2683 2055 2723 vos

405 2759 454 2830 (Ι
483 2758 604 2813 Cor.
659 2758 766 2824 III).
801 2775 830 2802 »
864 2753 1153 2809 Intrantes
1200 2750 1378 2823 igitur
1426 2750 1666 2807 domum
1715 2751 1837 2820 Dei,
1868 2755 2053 2812 eccle-

403 2847 575 2916 siam,
595 2844 696 2901 ubi
726 2842 1010 2899 Dominus
1032 2844 1089 2896 et
1117 2838 1308 2912 angeli
1340 2840 1470 2911 ejus
1501 2844 1658 2911 sunt,
1693 2847 1917 2913 oportet
1945 2862 2051 2903 nos

401 2951 608 2991 exuere
638 2938 880 2990 mortuae
911 2929 1157 2986 actionis
1177 2926 1607 2997 calceamentis,
1626 2932 1684 2985 et
1702 2932 1957 3004 cogitare
1979 2935 2051 2991 de

400 3022 835 3081 conversatione
856 3018 1216 3092 angelorum,
1234 3022 1292 3073 et
1311 3017 1382 3073 de
1398 3018 1707 3089 praesentia
1726 3022 2049 3092 majestatis

399 3114 521 3183 Dei,
544 3117 601 3169 et
622 3111 880 3169 assiduis
910 3107 1146 3181 hymnis
1175 3110 1232 3162 et
1260 3106 1506 3179 psalmis
1536 3108 1943 3179 spiritualibus
1966 3113 2048 3169 in-

397 3219 599 3259 vocare
629 3217 843 3258 nomen
869 3197 1123 3263 Domini,
1149 3200 1212 3251 ut
1243 3194 1387 3251 illud
1408 3197 1769 3269 compleatur
1798 3199 1855 3255 in
1878 3202 2047 3259 nobis

395 3293 553 3367 quod
598 3291 681 3347 ait
727 3287 1038 3345 Psalmista
1069 3302 1081 3340 :
1117 3309 1145 3335 «
1179 3285 1474 3342 Gonﬁrma
1517 3285 1646 3355 hoc,
1682 3287 1856 3356 Deus,
1888 3291 2043 3363 quod

395 3385 669 3455 operatus
694 3395 757 3434 es
788 3378 846 3432 in
878 3375 1045 3433 nobis
1076 3392 1109 3430 a
1137 3373 1355 3447 templo
1387 3379 1588 3431 sancto
1618 3379 1738 3444 tuo,
1770 3380 1925 3449 quod
1958 3386 2046 3437 est

394 3472 453 3526 in
485 3468 814 3527 Jerusalem
846 3465 1014 3537 (Psal.
1050 3463 1239 3536 vau).
1274 3485 1302 3513 n

915 3553 1008 3610 IV.
1040 3554 1114 3607 De
1141 3569 1294 3608 sacro
1324 3554 1515 3609 altari.

462 3646 626 3712 Quod
658 3649 852 3701 autem
901 3642 971 3699 de
1022 3657 1227 3698 mensa
1272 3641 1501 3697 Domini
1548 3648 1604 3700 et
1651 3645 1722 3699 de
1756 3646 2039 3703 materiali

390 3739 688 3792 structura
716 3735 846 3806 ejus
876 3729 1106 3788 fabulas
1138 3729 1379 3803 ﬁngitis,
1401 3732 1554 3803 quod
1588 3733 1735 3788 nihil
1758 3733 1914 3791 aliud
1940 3736 2037 3805 sit,

390 3826 504 3882 nisi
535 3840 776 3881 acervus
805 3822 1090 3896 lapidum,
1109 3824 1166 3876 et
1186 3819 1313 3899 ideo
1340 3820 1497 3876 inani
1528 3821 1827 3895 religionis
1848 3825 2039 3882 ofﬁcio

386 3914 550 3972 illam
580 3911 878 3982 venerari;
911 3928 1029 3967 non
1060 3915 1148 3966 est
1178 3926 1283 3965 vox
1314 3908 1428 3965 ista
1457 3910 1733 3981 hominis,
1779 3914 1880 3969 sed
1914 3914 2038 3971 dia-

385 4005 523 4075 boli,
549 4019 685 4060 cum
709 4002 909 4059 nullus
930 4001 1006 4058 sit
1026 4000 1191 4056 locus
1214 4000 1272 4055 in
1295 4000 1431 4057 orbe
1462 4000 1637 4069 alius,
1660 4002 1760 4057 ubi
1780 4001 2039 4077 legitime

383 4093 714 4152 veneranda
770 4091 1030 4164 corporis
1089 4092 1218 4161 ejus
1277 4094 1334 4145 et
1392 4090 1701 4163 sanguinis
1756 4090 2038 4149 libamina

383 4186 604 4255 queant
632 4180 981 4238 sanctiﬁcari
1006 4197 1019 4246 ;
1044 4178 1230 4235 nescit
1251 4179 1409 4235 enim
1431 4179 1621 4236 crucis
1651 4181 2034 4256 pretium,qui

383 4290 499 4330 non
529 4271 713 4328 credit
742 4287 978 4326 manere
1008 4269 1066 4324 in
1090 4267 1257 4324 altari
1278 4267 1520 4325 cmleste
1551 4270 1916 4342 mysterium.
1938 4271 2034 4328 Al-

380 4366 504 4419 tare
534 4361 606 4416 de
635 4366 792 4416 terra
823 4359 1106 4414 Dominus
1137 4374 1237 4430 per
1268 4357 1503 4432 Moysen
1549 4358 1659 4413 sibi
1692 4358 1816 4414 fieri
1866 4360 2033 4416 insti-

2188 968 2355 1025 vidit.
2380 970 2485 1035 Qui
2513 988 2684 1029 mane
2706 989 3056 1049 exsurgens:
3088 998 3108 1025 ε
3131 978 3300 1045 Vere,
3324 978 3524 1052 inquit,
3541 981 3764 1041 Dominus

2187 1061 2280 1113 est
2296 1058 2356 1114 in
2379 1059 2503 1116 loco
2528 1061 2663 1130 isto,
2684 1067 2742 1119 et
2761 1081 2864 1137 ego
2886 1067 3235 1123 nesciebam.
3263 1068 3600 1141 Pavensque,
3624 1070 3763 1136 Quam

2185 1147 2468 1204 terribilis
2498 1153 2606 1216 est,
2658 1151 2868 1224 inquit,
2902 1153 3062 1211 locus
3111 1155 3221 1212 iste
3247 1156 3260 1212 l
3295 1173 3409 1212 non
3438 1157 3523 1214 hic
3546 1163 3622 1215 est
3644 1160 3762 1217 aliud

2185 1237 2302 1294 nisi
2334 1239 2545 1296 domus
2576 1239 2679 1295 Dei
2711 1245 2767 1296 et
2795 1248 2961 1314 porta
3008 1243 3155 1301 coeli.
3191 1246 3449 1319 Surgens
3494 1264 3613 1322 ergo
3638 1266 3766 1309 mane

2182 1327 2321 1383 tulit
2343 1326 2619 1401 lapidem,
2641 1347 2814 1403 quem
2833 1338 3219 1405 supposuerat
3239 1334 3417 1408 lapidi
3438 1353 3555 1401 suo,
3568 1343 3615 1393 et
3632 1342 3766 1397 erexit

2182 1415 2242 1471 in
2266 1416 2530 1486 titulum,
2547 1418 2915 1493 fundensque
2936 1420 3126 1478 oleum
3149 1423 3402 1496 desuper
3419 1426 3560 1481 vovit
3581 1428 3767 1485 Domino

2184 1506 2401 1579 (Ibid).,
2430 1508 2646 1579 XXVIII).
2676 1530 2703 1557 ››
2732 1509 2934 1581 Ibique
2964 1511 3221 1566 decimas
3249 1515 3309 1568 et.
3333 1512 3547 1570 hostias
3573 1515 3765 1584 obtulit;

2181 1596 2251 1650 ad
2288 1596 2460 1666 cujus
2492 1596 2679 1653 instar
2705 1597 2896 1654 adhuc
2926 1598 2984 1654 in
3018 1603 3221 1655 sancta
3249 1599 3492 1656 ecclesia
3514 1601 3623 1657 oleo
3644 1620 3769 1660 sacro

2181 1683 2390 1739 altaria
2418 1690 2845 1757 perunguntur.
2878 1687 2957 1743 De
2982 1687 3091 1743 hoc
3121 1687 3411 1744 Dominus
3439 1689 3494 1745 in
3522 1690 3769 1765 Evangelio

2176 1773 2320 1828 dicit
2353 1791 2365 1829 :
2401 1797 2427 1823 ‹‹
2462 1774 2520 1829 Si
2553 1774 2724 1831 offers
2757 1793 2973 1834 munus
3002 1780 3171 1831 tuum
3204 1778 3277 1832 ad
3313 1777 3509 1848 altare,
3539 1783 3590 1834 et
3614 1779 3679 1835 ibi
3702 1797 3767 1836 re-

2175 1862 2451 1917 cordatus
2481 1862 2661 1918 fueris
2694 1865 2849 1936 quod
2882 1865 3057 1920 frater
3085 1868 3229 1921 tuus
3259 1865 3440 1923 habet
3475 1866 3671 1941 aliquid
3694 1870 3768 1925 ad-

2173 1967 2412 2007 versum
2444 1956 2519 2018 te,
2571 1950 2835 2026 relinque
2866 1953 2946 2009 ibi
2978 1971 3198 2010 munus
3233 1958 3406 2011 tuum
3438 1956 3632 2028 (Malm.
3658 1960 3720 2025 v).
3746 1981 3766 2007 ιο

2173 2041 2241 2096 Et
2271 2039 2411 2096 alibi
2438 2058 2451 2095 :
2477 2065 2504 2090 ‹‹
2531 2042 2700 2109 Quid,
2726 2041 2940 2115 inquit,
2963 2044 3159 2114 majus
3182 2048 3275 2100 est
3296 2045 3533 2113 donum,
3552 2064 3614 2102 an
3632 2045 3769 2102 altare

2171 2131 2329 2202 quod
2379 2129 2708 2187 sanctificat
2756 2132 3022 2187 donum?
3053 2154 3080 2182 »
3110 2134 3324 2204 (Ibid.,
3359 2137 3540 2204 xinI.)
3583 2136 3651 2191 De
3688 2135 3767 2190 hoc

2171 2220 2361 2276 Lucas
2388 2219 2467 2276 ait
2491 2238 2505 2275 :
2536 2244 2563 2269 ‹‹
2598 2220 2744 2286 Quia
2773 2221 2912 2276 dum
2941 2221 3256 2278 Zacharias
3277 2224 3590 2281 sacerdotio
3617 2224 3772 2297 funge-

2168 2313 2332 2365 retur
2351 2309 2409 2365 in
2431 2308 2668 2381 templo,
2693 2309 2934 2383 angelus
2958 2311 3186 2366 Domini
3210 2314 3484 2385 apparuit
3502 2314 3568 2382 ei,
3587 2317 3722 2369 stans
3744 2330 3769 2367 ι

2167 2399 2388 2454 dextris
2415 2397 2616 2456 altaris
2642 2398 2869 2455 incensi
2889 2400 3036 2470 (Luc.
3065 2403 3126 2469 ι).
3146 2423 3175 2450 »
3207 2402 3281 2457 Et
3308 2402 3558 2459 Joannes
3582 2402 3635 2458 in
3658 2404 3771 2476 Apo-

2166 2486 2386 2560 calypsi
2419 2505 2433 2543 :
2468 2510 2495 2538 «
2527 2487 2679 2555 Vidi,
2714 2487 2925 2560 inquit,
2960 2488 3070 2544 sub
3110 2488 3299 2546 altare
3345 2491 3446 2547 Dei
3475 2492 3677 2547 animas
3702 2492 3766 2545 in-

2164 2577 2538 2632 terfectorum
2571 2577 2753 2649 (Apoc.
2786 2581 2885 2646 v1).
2910 2600 2938 2627 »
2962 2578 3029 2633 Et
3058 2578 3277 2634 iterum
3303 2597 3317 2635 :
3344 2602 3373 2629 «
3396 2579 3554 2637 Alius
3571 2578 3766 2653 angelus

2163 2667 2342 2734 venit,
2374 2670 2433 2722 et
2462 2665 2621 2722 stetit
2650 2670 2785 2722 ante
2816 2666 3019 2735 altare,
3057 2666 3290 2725 habens
3320 2668 3665 2725 thuribulum
3689 2685 3765 2723 au-

2162 2772 2353 2822 reum,
2398 2759 2455 2811 et
2500 2755 2636 2810 data
2684 2760 2826 2810 sunt
2866 2755 2915 2811 ei
2946 2754 3189 2812 incensa
3218 2755 3430 2825 multa,
3462 2761 3525 2812 ut
3551 2756 3691 2812 daret
3714 2756 3767 2811 de

2160 2845 2526 2901 orationibus
2557 2848 2896 2900 sanctorum
2926 2861 3101 2917 super
3129 2845 3320 2902 altare
3349 2847 3503 2919 quod
3530 2852 3641 2903 erat
3664 2850 3768 2901 ante

2158 2933 2436 2991 thronum
2488 2934 2687 3006 (Ibid.,
2717 2934 2865 3004 vm).
2903 2956 2929 2983 ››
2960 2934 3026 2989 Et
3072 2934 3253 3007 paulo
3298 2939 3469 3007 post:
3506 2958 3525 2984 ι
3556 2933 3765 3006 Accepit,

2158 3024 2369 3096 inquit,
2404 3021 2649 3095 angelus
2696 3021 3088 3092 thuribulum,
3133 3028 3193 3080 et
3242 3024 3507 3097 implevit
3546 3022 3672 3078 illud
3712 3022 3767 3075 de

2079 3081 2121 3148 C
2158 3081 2293 3185 igtie
2326 3081 2527 3168 altaris
2556 3111 2778 3181 (Ibid).
2811 3131 2837 3162 ιι

2736 3201 2812 3256 De
2839 3200 3225 3273 thymiamatc.

2227 3291 2511 3359 Quoniam
2545 3291 2617 3346 de
2646 3306 2811 3345 sacro
2843 3289 3009 3345 altari
3057 3291 3311 3347 verbum
3363 3292 3624 3347 facientes
3662 3288 3765 3360 thy-

2154 3380 2454 3438 miamatis
2485 3395 2718 3452 quoque
2764 3383 2823 3435 et
2872 3380 3090 3435 incensi
3144 3381 3511 3437 mentionem
3542 3379 3765 3443 fecimus,

2151 3487 2400 3542 quorum
2436 3486 2608 3524 usum
2640 3471 2697 3523 et
2727 3468 2785 3523 in
2819 3467 2979 3523 costis
3009 3468 3279 3541 angelico
3306 3468 3696 3534 ministerio,et
3718 3465 3763 3518 in

2152 3558 2324 3614 terris
2356 3574 2457 3631 per
2487 3556 2762 3630 antiquos
2793 3561 2849 3612 et
2880 3574 3057 3613 novos
3090 3556 3300 3615 Patres
3343 3556 3622 3616 observari
3648 3553 3763 3625 legi-

2151 3645 2495 3714 mus,talem
2520 3664 2589 3703 ex
2609 3646 2719 3702 hoc
2745 3646 2956 3702 divinae
2987 3646 3388 3704 institutionis
3412 3647 3762 3703 auctoritatem

2149 3736 2457 3792 habemus.
2482 3736 2656 3793 Porro
2680 3736 2831 3791 inter
2853 3739 3078 3801 caetera,
3103 3752 3239 3807 qua:
3265 3737 3339 3793 ad
3373 3736 3591 3792 cultum
3616 3732 3764 3789 taber-

2150 3825 2344 3881 naculi
2376 3825 2639 3881 facienda
2668 3825 2954 3881 Dominus
2980 3825 3395 3894 constituerat,
3428 3826 3545 3881 haec
3571 3835 3761 3895 quoque

2140 3915 2326 3987 jussit
2355 3914 2557 3987 Moysi,
2591 3912 2792 3969 dicens
2825 3932 2838 3970 :
2874 3936 2902 3963 ‹‹
2938 3913 3136 3970 Facies
3164 3915 3322 3970 mihi
3356 3914 3535 3971 altare
3563 3912 3626 3968 ad
3653 3908 3761 3965 ado-

2147 4003 2387 4061 lendum
2436 4002 2761 4077 thymiama
2806 4003 2877 4060 de
2921 4002 3097 4076 lignis
3148 4004 3332 4060 setim
3366 4003 3554 4077 (Exod.
3584 4002 3760 4065 xxx)»

2146 4095 2214 4149 Et
2244 4094 2455 4149 iterum
2480 4110 2493 4148 :
2531 4113 2558 4143 «
2599 4092 2784 4148 Pones
2813 4092 2992 4148 altare
3019 4096 3229 4148 contra
3259 4091 3459 4148 velum
3490 4090 3630 4165 quod
3656 4088 3762 4143 ante

2146 4199 2340 4239 arcam
2371 4182 2584 4255 pendet
2612 4197 2806 4237 coram
2839 4179 3270 4253 propitiatorio,
3307 4181 3407 4238 ubi
3443 4181 3636 4253 loquar
3657 4173 3758 4239 tibi,

2144 4275 2201 4326 et
2221 4269 2478 4328 adolebit
2496 4269 2802 4326 incensum
2824 4286 2999 4342 super
3021 4284 3086 4324 eo
3105 4270 3327 4336 Aaron,
3349 4286 3523 4327 suave
3550 4268 3760 4340 ﬂagrans

2145 4376 2336 4416 mane.
2361 4358 2602 4426 Quando
2620 4361 2930 4432 componet
2958 4356 3251 4427 lucernas,
3274 4359 3544 4415 incendat
3564 4353 3761 4417 illud,et

379 4451 515 4522 tuit,
545 4466 723 4522 super
750 4448 904 4521 quod
937 4446 1279 4503 holocausta
1307 4452 1366 4503 et
1395 4447 1683 4504 sacriﬁcia
1712 4448 1904 4503 offerri
1933 4450 2033 4505 de-
2062 4451 2110 4516 D
2142 4449 2376 4521 quando
2407 4447 2650 4504 collocat
2679 4465 2779 4504 eas
2827 4447 2899 4503 ad
2946 4463 3286 4520 vesperum,
3324 4452 3455 4504 uret
3483 4442 3761 4519 thymiama

379 4540 649 4597 buissent
671 4556 685 4607 ;
709 4539 781 4593 de
810 4555 926 4610 quo
953 4536 1100 4592 liber
1131 4537 1418 4593 Leviticus
1438 4541 1687 4593 testatur
1719 4538 1858 4610 quia
1885 4555 2032 4611 pra:-

380 4632 612 4701 ceperat
632 4626 821 4683 eidem
845 4626 1024 4699 Moysi
1056 4625 1361 4694 Dominus,
1381 4630 1447 4681 ut
1476 4630 1715 4699 poneret
1734 4627 2027 4696 sacerdos,

380 4718 480 4791 qui
535 4720 748 4773 unctus
777 4721 921 4779 erat,
954 4717 1026 4771 de
1056 4715 1343 4786 sanguine
1373 4715 1574 4772 hostiae
1606 4733 1782 4789 super
1810 4734 2032 4774 cornua

380 4807 581 4864 altaris
605 4805 1008 4880 thymiamatis
1028 4804 1349 4877 gratissimi
1368 4804 1635 4873 Domino,
1652 4806 1806 4878 quod
1825 4811 1948 4863 erat
1968 4807 2026 4863 iu

379 4895 756 4952 tabernaculo
786 4893 1129 4952 testimonii.
1172 4895 1335 4960 Quod
1368 4893 1605 4966 quidem
1637 4893 1816 4951 altare
1848 4896 1906 4952 in
1937 4899 2028 4953 ta-

378 4984 690 5042 bernaculo
723 5002 888 5054 novo,
908 4984 966 5040 id
997 4988 1087 5041 est
1114 4984 1173 5039 in
1196 4987 1400 5039 sancta
1419 4982 1684 5051 ecclesia,
1712 4984 2028 5059 imaginem

378 5075 635 5148 corporis
655 5074 870 5131 Christi
897 5080 952 5130 et
977 5073 1232 5147 sepulcri
1256 5077 1412 5130 tenet
1432 5073 1489 5128 in
1512 5090 1627 5145 quo
1649 5075 1891 5147 sanguis
1911 5076 2029 5132 veri

374 5165 522 5238 Agni
553 5169 611 5221 et
634 5164 996 5222 immaculati
1028 5163 1244 5220 Christi
1274 5162 1533 5235 quotidie
1563 5180 1597 5219 a
1620 5162 1892 5220 fidelibus
1922 5164 2033 5220 im-

376 5254 652 5322 molatur,
676 5255 778 5327 qui
811 5254 1071 5326 seipsum
1095 5270 1198 5326 pro
1222 5253 1392 5309 nobis
1408 5251 1618 5311 obtulit
1638 5251 1891 5309 hostiam
1912 5252 2027 5311 Deo

375 5342 552 5399 Patri.
577 5342 693 5399 Hoc
718 5343 957 5416 quidem
980 5342 1168 5415 primo
1191 5359 1225 5397 a
1244 5341 1613 5416 patriarchis,
1635 5345 1858 5414 postea,
1877 5343 2032 5400 sicut

376 5433 654 5499 diximus,
688 5450 722 5489 a
751 5432 998 5489 Domino
1045 5448 1148 5504 per
1199 5432 1434 5506 Moysen
1482 5435 1886 5490 consecratum
1916 5437 2025 5490 est.

375 5522 523 5586 Nam
552 5520 800 5599 legimus
830 5520 971 5602 quia
1017 5520 1136 5581 Noe
1163 5525 1296 5598 post
1341 5521 1626 5581 diluvium
1658 5545 1686 5575 «
1720 5524 2030 5586 aedificavit

2144 4537 2568 4611 sempiternum
2595 4537 2841 4593 Domino
2874 4537 3100 4608 (Ibid.).
3128 4559 3158 4587 ››
3179 4537 3410 4594 Dehinc
3432 4537 3490 4592 in
3517 4528 3758 4606 sequenti-

2142 4627 2255 4683 bus
2284 4626 2400 4682 ait:
2430 4649 2458 4677 «
2479 4627 2657 4682 Sume
2688 4626 2792 4682 tibi
2825 4629 3105 4695 aromata,
3137 4629 3195 4682 et
3228 4630 3459 4682 stacten
3477 4628 3531 4680 et
3552 4618 3755 4694 onycha,

2141 4716 2458 4789 galbanum
2481 4731 2713 4788 quoque
2736 4714 3164 4783 boniodoris,et
3176 4715 3327 4772 thus
3345 4710 3755 4772 lucidissimum.

2140 4805 2434 4876 faciesque
2462 4804 2787 4877 thymiama
2807 4803 3199 4877 compositum
3223 4820 3404 4877 opere
3425 4790 3754 4875 unguentarii

2141 4895 2383 4950 mistum
2415 4893 2744 4967 diligenter,
2794 4897 2851 4949 et
2896 4910 3109 4967 purum
3154 4898 3216 4949 et
3248 4889 3685 4951 sanctiﬁcatione
3707 4882 3755 4939 in

2140 4984 2547 5040 remissionem
2580 4982 2806 5055 (Ibid.).
2840 5004 2868 5033 ››
2898 5005 2926 5033 ‹‹
2958 4982 3284 5040 Praedicare
3314 4997 3533 5039 annum
3561 4969 3755 5035 Domini

2140 5076 2440 5146 acceptum
2474 5077 2531 5129 et
2558 5072 2713 5128 diem
2743 5072 3143 5129 retributionis
3163 5073 3324 5145 (Luc.
3353 5072 3451 5144 Iv).
3477 5092 3503 5121 ιι
3532 5068 3594 5125 Et
3612 5059 3753 5139 paulo

2140 5167 2272 5237 post
2297 5161 2736 5219 intendentibus
2765 5162 2824 5218 in
2853 5178 2989 5219 eum
3019 5161 3160 5218 dicit
3191 5177 3205 5216 :
3252 5181 3276 5211 α
3308 5159 3458 5227 Quia
3482 5154 3640 5214 hodie
3665 5151 3753 5205 im-

2140 5253 2295 5327 pleta
2320 5257 2411 5309 est
2440 5252 2561 5307 haec
2587 5252 2889 5324 Scriptura
2918 5251 2979 5308 in
3008 5251 3255 5308 auribus
3282 5248 3497 5307 vestris
3527 5241 3748 5320 (lbidJ-r

2140 5342 2250 5399 Sed
2298 5346 2355 5398 et
2402 5341 2638 5406 Paulus,
2673 5342 2773 5413 qui
2822 5358 3055 5415 semper
3082 5358 3115 5397 a
3141 5339 3446 5397 veteribus
3494 5350 3593 5392 nos
3617 5327 3753 5385 docet

2137 5430 2388 5488 transire
2438 5430 2509 5486 ad
2560 5446 2726 5498 nova,
2778 5414 2967 5487 multa
2992 5431 3065 5487 de
3095 5430 3295 5502 Moyse
3325 5431 3386 5486 et
3411 5415 3684 5501 prophetis

2140 5521 2407 5599 psalmis,
2440 5520 2565 5582 suis
2595 5520 2830 5596 scriptis
2852 5520 3077 5594 inserit,
3096 5523 3161 5582 ut
3178 5524 3274 5584 est
3295 5517 3441 5581 illud
3460 5515 3517 5572 in
3541 5507 3753 5586 Genesi!
