4060 6174
208 314 354 374 1289

1409 310 1617 372 ACTA
1662 309 1950 372 SYNODI
1997 307 2386 371 A'I‘REBAT.

3448 310 3604 369 I290

210 469 233 496 ‹‹
267 444 474 499 Factus
503 443 592 496 est
622 440 849 513 primus
879 440 1054 498 homo
1080 443 1265 498 Adam
1290 441 1640 514 inanimam
1662 441 1848 496 viven-
1875 440 1931 508 Α
2033 440 2206 496 Porro
2237 441 2295 495 in
2323 438 2500 496 veteri
2532 441 2880 495 testamento
2912 439 3100 493 Aaron
3123 455 3156 493 a
3179 439 3370 510 Moyse
3395 444 3608 493 unctus

199 540 316 607 tem
345 532 393 600 (1
423 532 542 586 Cor.
575 533 690 598 xv).
718 553 747 578 ››
778 530 926 594 Quid
957 530 1176 603 igitur?
1198 531 1472 603 Nunquid
1500 530 1677 585 Vetus
1710 531 1848 585 Tes-

210 623 526 678 tamentum
557 619 900 690 reprobasse
930 619 1214 674 dicendus
1245 625 1353 685 est,
1378 617 1475 690 qui
1499 619 1558 672 in
1591 616 1852 690 Epistola

211 711 276 767 ad
316 709 584 765 Hebraeos
632 706 716 770 ita
765 707 967 762 scribit
999 725 1012 762 :
1051 730 1079 757 ‹‹
1109 706 1577 763 Tabernaculum
1629 707 1847 761 factum

209 804 290 855 est
316 797 594 870 primum,
628 796 687 851 in
735 812 850 868 quo
898 800 1064 852 erant
1116 797 1486 861 candelabra,
1518 800 1572 850 et
1621 813 1846 861 mensa,

209 893 261 944 et
307 885 626 958 propositio
686 902 928 956 panum,
958 886 1115 956 quod
1174 885 1392 940 dicitur
1448 888 1683 951 sancta;
1719 887 1850 955 post

207 976 590 1032 velamentum
622 979 817 1029 autem
849 975 1174 1030 secundum
1206 972 1847 1043 tabernaculum,quod

207 1064 410 1120 dicitur
447 1063 659 1119 Sancta
703 1066 1065 1131 sanctorum,
1099 1079 1344 1118 aureum
1392 1062 1616 1118 habens
1665 1060 1851 1115 thuri-

207 1151 422 1219 bulum,
461 1155 518 1206 et
560 1167 754 1207 arcam
803 1151 1141 1207 testamenti
1195 1151 1632 1206 circumtectam
1683 1148 1844 1204 omni

206 1258 267 1297 ex
296 1243 456 1312 parte
488 1256 630 1295 auro
664 1241 856 1312 (Hebr.
887 1238 966 1311 9),
999 1261 1026 1288 »
1057 1242 1114 1293 et
1145 1243 1368 1304 caetera,
1393 1255 1520 1310 quae
1551 1239 1609 1292 in
1642 1237 1845 1293 eadem

205 1327 454 1402 Epistola
481 1329 552 1384 de
583 1329 776 1384 Veteri
808 1329 1183 1385 Testamento
1213 1328 1614 1400 prosequitur.

268 1417 448 1490 Igitur
477 1434 584 1473 nos
615 1421 953 1474 sanctorum
977 1421 1212 1490 patrum
1237 1416 1503 1489 exempla
1525 1418 1843 1481 servantes,

204 1506 449 1580 plurima
478 1506 552 1561 ab
581 1504 680 1561 illo
709 1506 919 1561 veteris
959 1505 1339 1561 observantia:
1389 1503 1545 1560 cultu
1582 1504 1640 1558 in
1673 1501 1846 1558 mini-

203 1594 435 1651 sterium
485 1593 626 1650 Novi
669 1594 1024 1650 Testamenti
1076 1611 1179 1666 per
1227 1593 1530 1648 ministros
1578 1591 1845 1647 Ecclesiae

203 1683 768 1755 tractanda,apostoli
800 1687 857 1738 et
885 1699 1088 1738 eorum
1119 1698 1486 1737 successores
1531 1679 1845 1736 transtule-

199 1778 345 1839 runt,
376 1776 446 1827 ut
491 1777 579 1828 est
629 1771 750 1826 haec
799 1771 948 1844 ipsa,
983 1772 1054 1826 de
1101 1788 1219 1842 qua
1264 1770 1425 1841 loqui
1479 1768 1844 1842 incmpimus,

198 1851 338 1918 sacri
371 1861 712 1916 chrismatis
743 1865 918 1932 atque
949 1860 1060 1916 olei
1094 1859 1314 1925 unctio,
1346 1861 1416 1914 de
1449 1877 1564 1931 qua
1589 1858 1728 1914 olim
1763 1874 1849 1912 sa-

187 1952 456 2006 cerdotes
486 1955 543 2005 et
564 1950 1002 2022 reges,jubente
1025 1947 1846 2021 Domino,ungebantur.Nam

199 2040 250 2094 in
299 2040 493 2096 Exodo
545 2038 829 2111 scriptum
880 2041 970 2094 est
1013 2042 1076 2092 ut
1118 2037 1319 2110 populi
1351 2038 1596 2092 offerant
1625 2034 1842 2102 oleum,

197 2129 420 2184 dicente
454 2126 698 2184 Dorriino
733 2143 746 2181 :
781 2149 810 2177 «
839 2127 1089 2199 Praecipe
1120 2127 1257 2181 ﬁliis
1286 2125 1460 2182 Israel
1498 2129 1561 2180 ut
1603 2125 1849 2179 offerant

195 2218 480 2288 [afferant]
510 2216 615 2271 tibi
649 2215 841 2270 oleum
875 2217 945 2272 de
967 2215 1273 2271 arboribus
1297 2215 1582 2270 olivarum
1607 2213 1846 2286 purissi-

196 2322 350 2360 mum
383 2304 584 2377 (Exod.
632 2305 830 2375 xxvn).
867 2326 896 2353 ››
927 2304 1096 2369 Nam,
1129 2308 1194 2358 ut
1245 2303 1505 2358 Isidorus
1554 2302 1656 2369 ait,
1710 2301 1847 2357 Olea

195 2395 317 2466 ipsa
365 2395 545 2450 arbor
593 2397 700 2462 est,
756 2393 981 2448 fructus
1031 2392 1203 2458 oliva,
1232 2409 1444 2448 succus
1499 2391 1713 2446 oleum.
1751 2392 1848 2445 Est

195 2488 384 2539 autem
417 2482 546 2538 olea
576 2483 751 2537 arbor
781 2482 941 2554 pacis
972 2481 1306 2553 insignis,et
1335 2480 1510 2536 habet
1539 2480 1844 2552 pinguedi-

194 2589 344 2638 nem,
380 2589 502 2644 qua
532 2570 670 2626 lassi
702 2575 876 2642 atque
919 2571 1137 2626 inﬁrmi
1189 2573 1351 2624 artus
1400 2573 1755 2636 recreantur,
1789 2572 1846 2623 et

192 2660 374 2732 gratia
399 2664 712 2732 praestatur
740 2658 1019 2730 luminis;
1052 2659 1222 2729 cujus
1255 2675 1489 2726 succus,
1518 2658 1657 2712 dum
1683 2656 1850 2711 oll'er-

193 2756 284 2804 tur
311 2767 346 2805 a
374 2748 612 2821 populo,
647 2748 894 2820 simplex
924 2747 1118 2820 liquor
1142 2752 1358 2819 est,per
1381 2747 1844 2802 benedictionem

195 2856 322 2893 vero
353 2839 729 2894 sacerdotum
761 2837 1110 2891 transfertur
1141 2836 1198 2890 in
1233 2833 1847 2899 sacramentum,sicut

193 2927 258 2982 de
278 2944 438 2999 aqua
458 2926 830 2998 baptismatis
849 2929 981 2979 ante
1001 2923 1630 2980 docuimus.Animales
1649 2926 1844 2977 autem

194 3016 311 3072 baac
345 3033 464 3072 non
491 3019 740 3086 possunt
771 3014 1088 3086 percipere,
1121 3013 1221 3067 sed
1256 3013 1399 3067 ﬁdes
1449 3012 1640 3082 sapiat
1688 3011 1843 3082 quod

190 3104 388 3161 earnei
421 3102 570 3158 oeuli
601 3119 716 3157 non
750 3106 998 3174 possunt
1027 3099 1434 3171 contemplari,
1463 3105 1528 3154 ut
1555 3101 1657 3154 ﬁat
1700 3098 1843 3153 illud

192 3193 344 3266 quod
381 3192 468 3248 ait
495 3190 808 3263 Apostolus
844 3209 856 3246 :
892 3213 920 3239 «
954 3189 1272 3245 lnvisibilia
1299 3189 1486 3261 ipsius
1518 3207 1550 3242 a
1581 3193 1845 3244 creatura
1874 3176 1916 3242 C

193 3281 398 3336 mundi
432 3297 536 3352 per
564 3296 632 3334 ea
661 3297 788 3350 qua:
816 3280 967 3333 facta
996 3276 1454 3344 sunt,intellecta
1475 3276 1844 3348 conspiciun-

192 3375 331 3426 tur:
369 3369 731 3441 sempiterna
777 3383 1009 3440 quoque
1057 3368 1184 3438 ejus
1235 3365 1419 3421 virtus
1470 3372 1526 3422 et
1575 3366 1848 3421 divinitas

183 3464 369 3528 (Rom.
398 3462 510 3527 1).»
535 3458 698 3513 Unde
719 3457 926 3513 beatus
956 3455 1406 3528 Augustinus,in
1442 3455 1668 3527 psalmo
1698 3472 1847 3520 κων,

195 3548 500 3621 explanat:
528 3546 721 3602 Oleum
751 3545 980 3601 visibile
1009 3544 1068 3600 in
1101 3545 1269 3617 signo
1301 3544 1618 3612 est,oleum
1651 3543 1850 3599 invisi-

196 3635 308 3692 bile
341 3636 400 3691 in
435 3639 802 3691 sacramento
835 3639 942 3690 est.
978 3633 1182 3688 Oleum
1210 3633 1514 3705 spirituale
1563 3632 1852 3688 invisibile

197 3729 300 3781 est.
331 3726 530 3780 Potest
554 3724 708 3779 Deus
738 3740 840 3795 per
889 3740 950 3779 se
999 3721 1194 3778 oleum
1245 3720 1550 3793 spirituale
1598 3722 1852 3777 tribuere

197 3813 320 3869 sine
351 3812 772 3886 corporali,sed
797 3815 1034 3884 propter
1064 3810 1347 3866 animales
1379 3816 1634 3884 aguntur
1656 3810 1852 3866 visibi-

199 3902 367 3970 lia,ut
399 3901 718 3957 invisibilia
748 3900 978 3956 facilius
996 3899 1585 3972 capiantur.Apostoli
1604 3899 1854 3971 denique

200 3991 302 4048 hac
335 3997 463 4048 arte
493 3990 604 4046 olei
637 3990 952 4045 utebantur
979 3989 1038 4044 in
1071 3987 1559 4061 redintegratione
1591 3989 1852 4044 inllrmo-

197 4097 350 4148 rum,
383 4085 442 4137 et
469 4077 773 4152 apostolici
821 4078 930 4132 viri
976 4077 1034 4132 in
1068 4077 1507 4150 consignatione
1538 4076 1856 4149 necphyto-

202 4170 458 4226 rum.Sic
492 4168 651 4223 enim
679 4167 964 4240 scriptum
997 4172 1086 4223 est
1116 4167 1175 4221 in
1208 4165 1518 4239 Evangelio
1544 4184 1556 4221 :
1585 4190 1611 4216 ‹‹
1637 4167 1858 4221 Exeun-

195 4262 282 4324 tes
314 4257 808 4332 praedicabant,ut
838 4256 1240 4329 paenitentiam
1270 4259 1528 4328 agerent,
1555 4259 1610 4309 et
1643 4256 1856 4310 daemo-

200 4347 295 4402 nia
323 4347 662 4420 ejiciebant,
695 4349 752 4402 et
776 4345 1075 4418 ungebant
1105 4344 1230 4400 oleo
1266 4339 1484 4400 multos
1507 4344 1858 4411 infirmos,et

202 4437 494 4492 sanabant
521 4439 718 4504 (Marc.
746 4436 845 4504 v1).
873 4456 901 4482 n
927 4432 1198 4500 Unde,ait
1229 4433 1528 4504 apostolus
1561 4433 1815 4488 Jacobus
1842 4451 1853 4488 :

1960 532 2069 598 est,
2103 534 2159 584 et
2191 528 2290 583 ﬁlii
2324 528 2580 599 ejus,qui
2607 528 2665 582 in
2697 525 3071 582 tabernaculo
3095 526 3195 580 Dei
3218 525 3610 581 ministraturi

1960 617 2190 692 fuerant
2221 617 2370 672 sicut
2402 615 2685 672 Dominus
2718 613 2948 670 locutus
2994 619 3080 669 est
3127 615 3199 668 ad
3233 615 3488 686 Moysen,
3522 613 3608 669 di-

1959 695 2142 762 cens:
2177 730 2203 756 «
2241 705 2446 777 Accipe
2474 707 2662 759 Aaron
2695 708 2750 758 et
2798 703 2950 760 ﬁlios
3001 704 3154 775 ejus,
3188 707 3244 758 et
3291 702 3608 775 applicabis

1958 796 2031 850 ad
2062 795 2276 849 ostium
2311 792 2669 849 tabernaculi
2715 791 3073 861 testimonii;
3109 808 3360 863 eumque
3402 790 3609 846 laveris

1959 888 2179 955 patrem
2207 900 2342 938 cum
2368 881 2507 938 ﬁliis
2550 900 2722 954 aqua,
2757 881 2968 936 indues
3011 882 3203 937 Aaron
3246 879 3608 935 vestimentis

1957 972 2103 1035 suis,
2131 977 2185 1027 et
2216 972 2407 1026 oleum
2441 971 2736 1026 unctionis
2784 970 2994 1025 fundes
3037 987 3213 1042 super
3259 973 3436 1041 caput
3477 970 3606 1039 ejus

1956 1062 2145 1130 (Exod.
2177 1065 2311 1128 xux).
2341 1083 2366 1108 »
2399 1061 2467 1115 Et
2497 1061 2709 1115 iterum
2735 1077 2746 1113 :
2782 1081 2809 1110 ‹‹
2833 1059 3180 1125 Pontifex,id
3213 1062 3303 1114 est
3333 1058 3605 1114 sacerdos

1957 1150 2249 1206 maximus
2281 1150 2433 1205 inter
2463 1149 2669 1204 fratres
2702 1165 2861 1216 suos,
2897 1165 3072 1220 super
3112 1148 3280 1219 cujus
3311 1150 3487 1219 caput
3515 1145 3606 1200 fu-

1955 1257 2088 1296 sum
2120 1243 2209 1294 est
2241 1239 2535 1294 unctionis
2567 1237 2846 1305 oleum,et
2875 1238 3042 1308 cujus
3075 1253 3285 1292 manus
3323 1235 3383 1291 in
3415 1251 3605 1290 sacer-

1956 1329 2112 1385 dotio
2144 1332 2496 1384 consecratae
2527 1327 3057 1398 sunt,vestitusque
3080 1330 3169 1382 est
3190 1325 3408 1383 sanctis
3437 1324 3608 1380 vesti-

1957 1419 2089 1489 bus,
2122 1422 2296 1489 caput
2327 1433 2501 1472 suum
2536 1433 2649 1470 non
2678 1416 2840 1471 disco
2873 1413 3466 1487 operiet,vestimenta
3488 1430 3604 1468 non

1957 1507 2202 1574 scindet,
2236 1510 2293 1561 et
2337 1506 2408 1560 ad
2457 1522 2690 1560 omnem
2737 1511 3035 1560 mortuum
3085 1521 3201 1559 non
3247 1502 3608 1576 ingredietur

1957 1596 2215 1652 omnino.
2250 1596 2368 1650 Sub
2403 1599 2562 1666 patre
2595 1611 2826 1665 quoque
2857 1610 2964 1648 suo
2994 1596 3050 1648 et
3080 1597 3264 1648 matre
3313 1608 3428 1646 non
3470 1608 3606 1646 con-

1956 1685 2359 1750 taminabitur,
2390 1700 2494 1738 nec
2525 1683 2854 1756 egredietur
2883 1683 2952 1738 de
2985 1683 3224 1748 sanctis,
3261 1697 3332 1736 ne
3381 1679 3607 1753 polluat

1956 1773 2354 1829 sanctuarium
2389 1771 2513 1838 Dei,
2547 1772 2685 1843 quia
2716 1771 2907 1827 oleum
2940 1775 3153 1826 sancta
3186 1769 3482 1826 unctionis
3504 1768 3604 1824 Dei

1957 1863 2049 1918 sui
2079 1880 2252 1934 super
2283 1879 2416 1917 eum
2441 1866 2528 1916 est
2549 1863 2736 1932 (Lavit.
2757 1861 2892 1932 xxn).
2917 1883 2943 1910 ››
2970 1860 3129 1916 Unde
3152 1859 3464 1915 Psalmista
3484 1858 3602 1913 ait:

1959 1976 1984 2003 ‹‹
2021 1952 2192 2007 Unxit
2240 1955 2296 2005 te
2343 1951 2627 2005 Dominus
2678 1954 2828 2005 Deus
2878 1953 3015 2003 tuus
3065 1947 3188 2004 oleo
3248 1947 3458 2002 laztitia:
3489 1964 3605 2018 pra:

1958 2039 2328 2096 consortibus
2379 2039 2496 2094 tuis
2547 2040 2717 2110 (Psal.
2751 2038 2924 2109 κων).
2961 2060 2988 2086 ››
3019 2037 3260 2103 Quando
3309 2039 3608 2092 consortes

1957 2129 2298 2194 nominavit,
2333 2144 2480 2200 quos
2530 2127 2675 2182 alios
2727 2127 3064 2183 intuebatur
3113 2126 3228 2181 nisi
3279 2125 3604 2197 episcopos,

1957 2236 2126 2290 quos,
2160 2217 2396 2287 Christi,
2430 2215 2675 2271 vicarios
2708 2216 2913 2288 spiritu
2947 2215 3286 2288 prophetico
3307 2215 3378 2270 ad
3411 2230 3609 2286 regen-

1956 2308 2090 2362 dam
2126 2311 2387 2362 sanctam
2422 2303 2735 2360 Ecclesiam
2771 2304 3144 2376 praevidebat,
3177 2304 3277 2376 qui
3326 2302 3479 2357 hanc
3506 2320 3611 2356 un-

1956 2396 2166 2452 ctioois
2198 2395 2447 2467 gratiam
2481 2393 2551 2448 ab
2584 2410 2650 2448 eo
2690 2394 2983 2464 accepturi
3032 2397 3218 2459 erant,
3253 2393 3354 2464 qui
3398 2395 3486 2448 est
3513 2406 3608 2446 ve-

1957 2503 2056 2540 rus
2103 2484 2374 2539 sacerdos
2435 2483 2759 2538 secundum
2819 2482 3084 2538 ordinem
3142 2480 3611 2537 Melchisedech?

1955 2576 2131 2630 Porro
2163 2577 2339 2645 caput
2372 2577 2639 2627 nostrum
2667 2571 2934 2626 Christus
2966 2575 3073 2638 est,
3107 2570 3234 2626 ideo
3263 2571 3522 2642 pontifex
3548 2570 3606 2623 in

1955 2664 2146 2736 capite
2179 2662 2543 2734 ungitur,qui
2579 2660 2790 2715 Christi
2819 2659 3070 2714 vicarius
3095 2659 3608 2714 efﬁcitur.lmitan-

1955 2754 2029 2807 do
2061 2753 2218 2807 enim
2254 2750 2441 2817 illum,
2473 2749 2574 2820 qui
2607 2754 2693 2803 est
2732 2748 2912 2803 totius
2963 2751 3140 2819 caput
3183 2746 3473 2811 Ecclesiae,
3505 2763 3607 2818 per

1954 2841 2064 2896 hoc
2097 2838 2392 2896 unctionis
2426 2837 2770 2909 mysterium
2804 2837 2866 2891 ﬁt
2893 2841 2949 2890 et
2975 2835 3100 2908 ipse
3140 2840 3314 2907 caput
3340 2834 3603 2890 Ecclesiae

1955 2929 2065 2983 sibi
2100 2927 2448 2983 commissas.
2485 2927 2551 2979 Et
2575 2925 2733 2979 sicut
2761 2923 3028 2980 Christus
3058 2941 3162 2996 pro
3206 2925 3478 2979 universa
3510 2923 3597 2977 in-

1955 3015 2222 3088 terpellat
2251 3014 2523 3080 Ecclesia,
2545 3013 2621 3068 ita
2650 3013 2960 3085 episcopus
2988 3030 3093 3086 pro
3123 3012 3235 3068 sibi
3262 3012 3600 3068 commissa.

1954 3111 2018 3160 In
2051 3121 2116 3160 eo
2143 3108 2339 3159 autem
2373 3103 2529 3174 quod
2562 3101 2641 3157 ait
2682 3101 2963 3174 propheta
3011 3106 3251 3157 unctum
3300 3101 3599 3156 Christum

1957 3213 2070 3267 pra:
2102 3193 2473 3249 consortibus
2504 3191 2978 3264 suis,spiritualis
3009 3191 3206 3265 gratiae
3238 3192 3602 3262 donum,quo

1955 3282 2223 3338 Christus
2260 3299 2373 3354 pra:
2423 3280 2812 3350 consortibus,
2848 3280 2904 3336 id
2958 3286 3046 3336 est
3091 3280 3312 3336 caeteris
3361 3279 3602 3347 sanctis,

1957 3377 2169 3428 unctus
2199 3376 2309 3438 est,
2339 3369 2618 3434 insinuat,
2657 3371 2826 3442 cujus
2867 3370 3064 3425 unctio
3113 3370 3212 3425 illo
3260 3368 3490 3442 expleta
3519 3373 3608 3424 est

1959 3467 2240 3533 tempore,
2274 3459 2506 3532 quando
2540 3459 2870 3531 baptizatus
2899 3462 2988 3514 est
3016 3459 3076 3513 in
3105 3458 3451 3526 Jordane,et
3476 3457 3604 3529 Spi-

1960 3549 2108 3606 ritus
2138 3553 2377 3604 sanctus
2413 3548 2470 3603 in
2522 3549 2712 3619 specie
2757 3547 3038 3604 columba:
3087 3547 3389 3603 descendit
3435 3564 3612 3619 super

1960 3643 2180 3709 eum,et
2211 3637 2431 3693 mansit
2462 3637 2520 3691 in
2554 3636 2687 3704 illo;
2723 3637 2780 3692 in
2812 3654 2877 3692 eo
2907 3654 3040 3692 vero
3072 3638 3226 3710 quod
3247 3636 3460 3692 Christi
3481 3653 3612 3692 con-

1962 3733 2147 3784 sortes
2178 3731 2384 3782 unctos
2415 3725 2540 3780 oleo
2567 3726 2732 3792 dixit,
2765 3725 3087 3781 materialis
3138 3724 3430 3781 unctionis
3478 3740 3612 3797 gra-

1961 3816 2126 3886 tiam,
2158 3833 2274 3888 qua
2305 3814 2500 3870 vicarii
2529 3813 2764 3882 Christi,
2799 3815 2854 3868 id
2886 3819 2976 3870 est
3014 3814 3337 3886 pontiﬁces,
3372 3815 3611 3886 perfun-

1963 3907 2202 3969 duntur,
2236 3904 2516 3958 insinua'l.
2549 3902 2692 3957 Nam
2727 3903 2774 3956 si
2808 3902 3185 3958 sacerdotalis
3232 3902 3428 3975 gratiae
3469 3920 3611 3958 unc-

1962 3993 2180 4049 tionem
2214 3992 2574 4065 singularem
2607 3990 2766 4046 solus
2797 3991 2908 4046 sibi
2938 3990 3204 4046 Christus
3253 3991 3612 4052 retinuisset.

1966 4099 2336 4155 nequaquam
2367 4079 2680 4152 Apostolus
2711 4080 2861 4134 hanc
2893 4079 3116 4135 caeteris
3144 4078 3387 4152 gratiam
3422 4080 3614 4134 inesse

1966 4170 2217 4234 doceret,
2261 4184 2395 4223 cum
2441 4167 2566 4222 ait:
2604 4190 2629 4215 ‹‹
2665 4165 2867 4223 Plures
2914 4166 3050 4221 facti
3099 4171 3237 4222 sunt
3286 4165 3614 4221 sacerdotes

1967 4257 2287 4314 secundum
2321 4257 2530 4329 legem,
2565 4254 2780 4311 idcirco
2812 4255 2965 4326 quod
3001 4258 3184 4310 morte
3232 4253 3616 4327 prohiberen-

1963 4347 2436 4419 tur’permanere
2469 4346 2646 4419 (Hebr.
2680 4345 2838 4416 xvii).
2876 4367 2903 4394 »

2038 4437 2222 4510 Igitur
2250 4436 2406 4491 hunc
2442 4434 2732 4489 unctionis
2764 4450 2986 4490 morem
3016 4433 3076 4489 in
3108 4432 3449 4489 ordinandis
3469 4431 3619 4504 cpis-

203 4525 608 4582 mlnﬁrmatur
654 4523 790 4594 quis
836 4523 894 4578 in
945 4522 1153 4578 vobis?
1193 4521 1434 4577 inducat
1494 4524 1860 4596 presbyteros
1894 4547 1940 4612 Ι)
1973 4525 2133 4598 copis
2160 4529 2363 4580 sancta
2391 4524 2581 4579 adhuc
2613 4528 2803 4578 servat
2827 4523 3118 4591 Ecclesia;
3152 4522 3266 4595 ipsi
3297 4521 3471 4578 etiam
3502 4519 3621 4594 cpi-

203 4613 559 4681 Ecclesiaa,et
587 4616 753 4668 orent
783 4628 962 4684 super
993 4615 1452 4684 eum,ungentes
1483 4629 1617 4667 eum
1646 4613 1771 4668 oleo
1802 4611 1861 4666 in

204 4703 439 4758 nomine
471 4701 741 4769 Domini;
775 4705 833 4756 et
863 4701 910 4756 si
938 4701 994 4754 in
1018 4701 1271 4773 peccatis
1297 4699 1866 4764 fuerit.dimittentur

207 4790 256 4844 ei
285 4794 420 4859 (Jac.
453 4795 536 4857 v).
572 4813 599 4839 »
634 4789 796 4845 Unde
826 4793 985 4861 patet
1014 4793 1069 4844 et
1100 4789 1171 4843 ab
1204 4789 1350 4861 ipsis
1397 4789 1676 4860 apostolis
1707 4789 1862 4843 hunc

207 4884 418 4935 sanctae
455 4877 724 4934 Ecclesia:
765 4894 987 4933 morem
1037 4877 1342 4945 traditum,
1377 4881 1441 4932 ut
1488 4878 1864 4949 energumeni

207 4970 263 5021 et
289 4966 392 5022 alii
423 4965 674 5039 quilibet
703 4965 901 5038 aegroti
936 4969 1234 5037 ungantur
1265 4964 1390 5020 oleo
1423 4965 1740 5036 pontiﬁcali
1769 4967 1864 5022 be-

210 5055 540 5112 nedictione
569 5053 1371 5126 consecrato.Consignantur
1402 5054 1600 5123 etiam,
1625 5058 1691 5110 ut
1721 5055 1866 5110 dixi-

211 5143 651 5217 mus,neophyti
682 5144 754 5199 de
783 5144 949 5212 eo,ad
983 5144 1154 5214 cujus
1205 5143 1594 5199 exorcismum
1627 5145 1872 5215 jubetnr

211 5232 483 5289 diabolus
528 5233 794 5289 recedere
826 5250 860 5288 a
895 5231 1338 5302 catechumeno,
1372 5231 1472 5305 qui
1527 5233 1718 5288 adhuc
1769 5251 1870 5306 pro

211 5326 448 5377 mortua
503 5321 840 5394 deputatur,
875 5322 1014 5394 quia
1066 5321 1329 5376 nondum
1382 5326 1470 5377 est
1520 5321 1868 5394 baptizatus.

1973 4615 2132 4687 scepi
2189 4614 2247 4668 in
2297 4613 2707 4668 consecrandis
2757 4612 3126 4684 presbyteris,
3158 4629 3370 4667 manus
3418 4626 3619 4684 eorum

1974 4706 2203 4776 ungunt
2233 4703 2303 4757 de
2334 4700 2480 4769 oleo,
2515 4707 2580 4756 ut
2611 4701 2815 4756 mundi
2847 4701 2965 4756 sint
2995 4702 3067 4757 ad
3101 4700 3463 4757 offerendum
3507 4703 3621 4752 Deo

1975 4791 2281 4860 hostias,et
2311 4790 2455 4862 largi
2490 4793 2559 4845 ad
2596 4796 2801 4846 caetera
2821 4790 3014 4846 ofﬁcia
3034 4789 3622 4862 pietatis.Utrumque

1974 4882 2132 4936 enim
2163 4880 2509 4952 designatur
2551 4896 2652 4952 per
2699 4879 2916 4947 oleum,
2949 4884 3006 4934 et
3045 4878 3232 4951 gratia
3279 4875 3620 4941 curationis,

1977 4975 2033 5027 et
2062 4970 2317 5025 charitas
2347 4968 2696 5036 dilectionis,
2731 4969 2800 5022 de
2849 4985 2966 5038 qua
3009 4966 3322 5038 Apostolus
3369 4964 3450 5019 ait
3487 4963 3627 5036 quia

1979 5084 2002 5110 (ι
2041 5058 2293 5114 Charitas
2328 5057 2423 5112 Dei
2454 5057 2667 5112 diffusa
2697 5061 2784 5111 est
2830 5056 2888 5110 in
2939 5055 3212 5111 cordibus
3259 5053 3475 5109 nostris
3523 5067 3625 5124 per

1980 5147 2264 5220 Spiritum
2292 5151 2580 5212 sanctum,
2617 5145 2716 5217 qui
2744 5146 2918 5200 datus
2948 5148 3037 5199 est
3075 5143 3244 5199 nobis
3278 5144 3451 5214 (Rom.
3484 5142 3560 5213 v).
3597 5162 3625 5191 ››

2051 5236 2108 5292 Si
2155 5235 2290 5308 quis
2340 5239 2536 5291 autem
2596 5233 2832 5305 objiciat
2866 5250 2878 5288 :
2913 5238 3054 5288 Cum
3115 5233 3267 5288 Deus
3321 5231 3446 5288 sine
3503 5230 3626 5287 oleo

1982 5326 2170 5398 possit
2201 5342 2408 5380 sanare
2440 5325 2725 5390 inﬁrmos,
2760 5322 3015 5396 effugare
3046 5320 3632 5386 daamones,sanctiﬁ-

215 5408 564 5467 Chrismalis
621 5415 820 5467 autem
870 5410 1065 5466 unctio
1117 5410 1447 5466 sanctiﬁcat
1497 5411 1780 5468 viventem
1808 5430 1877 5468 ex
1985 5431 2116 5472 care
2164 5431 2325 5479 suos,
2359 5429 2538 5485 quare
2587 5415 2750 5466 tanto
2802 5412 2995 5467 studio
3039 5412 3380 5467 observatur
3437 5409 3631 5465 cultus

215 5501 482 5567 mortuis,
518 5505 575 5555 et
633 5500 887 5572 Spiritus
935 5498 1417 5574 sanetigratiam
1462 5501 1519 5556 in
1553 5501 1740 5560 ﬁlium
1773 5503 1874 5560 ad-

221 5588 478 5668 eptionis
510 5588 737 5646 invitat.

559 5717 826 5788 Parnm.
873 5714 1102 5782 CXLII.
1187 5663 1210 5675 ί

1987 5502 2443 5562 consecrationis
2474 5501 2626 5557 olei?
2659 5502 3080 5574 respondemus
3115 5519 3128 5559 :
3156 5503 3357 5558 Nonne
3407 5497 3632 5570 antiqui

1981 5593 2131 5671 justi
2177 5596 2494 5673 potuerunt
2541 5595 2654 5650 Deo
2699 5590 2928 5668 placere
2979 5592 3106 5652 sine
3149 5584 3634 5665 circumcisione?

2872 5720 2952 5805 ξι
