4060 6174
257 236 416 297 1293

1485 240 1683 300 ACTA
1727 240 2014 302 SYNODI
2070 241 2462 302 A'l‘ItEBAT.

3528 241 3682 301 1294

257 368 396 423 ﬁliis
416 369 897 441 Aaron,quitunc
920 371 1250 427 sacerdotes
1265 371 1703 427 vocabanturin
1727 372 1920 444 Veterj
1951 378 2006 442 Α
2035 375 2354 430 Ecclesiam
2405 388 2596 428 meam
2635 371 2845 440 (Matth.
2897 371 3031 443 xw).
3069 392 3096 419 »
3128 371 3230 426 Hic
3276 387 3412 444 ergo
3462 371 3684 444 ligandi

258 459 652 524 Testamento,
682 475 836 514 nunc
865 463 1059 514 autem
1085 460 1404 533 presbyteri
1432 461 1913 516 vocantur.Porro

257 545 316 601 hi
348 552 609 618 praesunt
639 547 906 603 Ecclesiae
938 549 1170 614 Christi,
1208 555 1263 603 et
1294 550 1351 603 in
1385 549 1746 604 confectione
1797 566 1915 604 cor-

260 636 415 706 poris
449 639 505 690 et
535 636 840 709 sanguinis
873 638 1104 692 Domini
1137 643 1437 694 consortes
1459 655 1591 692 cum
1626 637 1915 710 episcopis

258 728 412 791 sunt,
448 725 720 780 similiter
748 731 804 782 et
837 727 893 781 in
926 727 1192 782 doctrina
1222 727 1506 800 populum
1538 731 1593 782 et
1619 726 1676 782 in
1722 727 1913 782 ofﬁcio

258 813 628 885 prmdicandi.
664 815 742 870 De
775 815 868 870 his
900 815 1116 871 Paulus
1149 816 1451 888 apostolus
1483 815 1684 871 scribit
1717 817 1785 870 ad
1819 815 1911 871 Ti-

254 907 379 956 tum
413 919 432 957 :
464 925 492 952 «
526 903 734 974 Hujus,
769 905 1151 976 inquiens,rei
1184 905 1371 977 gratia
1401 905 1611 977 reliqui
1635 910 1688 960 te
1711 909 1907 970 Cretae,

257 995 319 1044 ut
335 1007 402 1046 ea
421 1008 549 1062 qua:
571 993 784 1048 desunt
802 993 1144 1066 corrigas,et
1167 995 1490 1049 constituas
1524 1011 1626 1066 per
1650 994 1910 1049 civitates

255 1079 1154 1153 presbyteros,quemadmodum
1169 1099 1272 1154 ego
1291 1081 1393 1136 tibi
1413 1083 1756 1154 disposui,si
1777 1083 1911 1155 quis

255 1168 378 1222 sine
410 1168 656 1225 crimine
685 1170 1008 1241 est(Tit.1).»
1033 1171 1099 1225 Et
1120 1171 1179 1225 in
1212 1172 1403 1243 prima
1435 1172 1507 1226 ad
1538 1171 1910 1227 Timotheum

252 1257 510 1329 Epistola
542 1276 554 1313 :
591 1282 619 1306 »
651 1258 798 1328 Noli,
833 1259 1044 1331 inquit,
1081 1260 1372 1333 negligere
1403 1260 1652 1332 gratiam
1701 1277 1828 1332 quae
1851 1261 1910 1315 in

253 1351 306 1401 te
335 1351 443 1414 est,
478 1363 604 1419 qua
637 1349 774 1403 data
803 1352 892 1403 est
914 1349 1018 1403 tibi
1043 1366 1145 1420 per
1176 1349 1542 1420 prophetiam
1570 1366 1703 1405 cum
1728 1349 1913 1420 impo-

253 1435 462 1491 sitione
496 1453 779 1492 manuum
814 1437 1154 1510 presbyterii
1186 1437 1480 1508 (ITim.1v).
1511 1461 1535 1485 ››
1571 1437 1756 1510 Igitur
1777 1454 1911 1493 cum

252 1525 573 1597 presbyteri
587 1525 1284 1598 ordinantur,perimposi
1297 1527 1512 1582 tionem
1528 1543 1810 1581 manuum
1827 1544 1914 1582 sa-

251 1614 564 1669 cerdotatis
593 1615 791 1687 gratia:
811 1615 1033 1670 donum
1055 1615 1490 1686 suscipiunt.De
1523 1615 1739 1687 quibus
1767 1615 1823 1670 in
1844 1614 1912 1668 li-

143 1773 152 1786 .
251 1703 349 1758 bro
375 1703 767 1759 Numerorum
801 1705 1088 1776 scriptum
1109 1709 1196 1760 est
1221 1705 1576 1777 :«Congrega
1599 1704 1741 1758 mihi
1772 1721 1909 1775 sep—

250 1793 517 1866 tuaginta
547 1793 698 1848 viros
731 1794 801 1848 de
830 1793 1159 1850 senioribus
1207 1793 1415 1861 Israel;
1470 1811 1617 1866 quos
1661 1800 1723 1848 tu
1759 1797 1914 1862 nosti

248 1881 399 1953 quod
435 1897 606 1937 senes
637 1883 834 1954 populi
869 1882 990 1937 sint
1017 1900 1082 1938 ac
1115 1882 1481 1956 magistri,et
1513 1884 1693 1938 duces
1717 1900 1816 1939 eos
1841 1885 1912 1938 ad

245 1971 466 2027 ostium
521 1971 882 2026 tabernaculi
937 1972 1193 2036 foederis,
1267 1972 1560 2043 faciesque
1619 1972 1699 2026 ibi
1761 1978 1915 2028 stare

247 2066 463 2126 tecum,
499 2064 562 2114 ut
594 2060 950 2115 descendam
979 2065 1035 2115 et
1067 2059 1274 2132 loquar
1303 2061 1428 2125 tibi,
1463 2064 1518 2116 et
1550 2061 1811 2116 auferam
1845 2061 1914 2116 de

248 2149 459 2220 spiritu
510 2153 632 2214 tuo,
690 2149 1036 2220 tradamque
1085 2148 1168 2204 eis
1218 2151 1399 2216 (Num.
1432 2149 1530 2220 xu).
1569 2173 1594 2196 ι)
1628 2151 1693 2203 Et
1737 2149 1914 2221 paulo

249 2243 381 2309 post
419 2255 431 2293 :
473 2259 499 2285 ‹‹
531 2237 843 2293 Descendit
869 2237 1153 2292 Dominus
1189 2255 1290 2310 per
1322 2239 1556 2303 nubem,
1589 2244 1645 2294 et
1685 2237 1914 2294 locutus

255 2331 342 2380 est
371 2326 444 2381 ad
481 2342 636 2391 eum,
671 2326 941 2381 auferens
975 2326 1045 2380 de
1079 2326 1286 2397 spiritu
1321 2327 1418 2397 qui
1454 2331 1577 2381 erat
1605 2327 1662 2380 in
1697 2327 1910 2398 Moyse,

256 2419 311 2470 et
339 2417 492 2470 dans
521 2415 894 2487 septuaginta
926 2415 1066 2470 viris
1095 2415 1302 2488 (Ibid)
1341 2439 1367 2462 »
1405 2417 1477 2470 De
1509 2415 1600 2470 his
1632 2417 1828 2483 etiam,
1853 2415 1910 2469 in

256 2505 497 2560 Actibus
528 2504 946 2576 apostolorum,
983 2503 1265 2576 scriptum
1309 2508 1396 2558 est
1428 2505 1605 2575 quod,
1638 2522 1769 2558 cum
1821 2521 1913 2559 ve-

173 2637 176 2640 .
258 2593 439 2651 nisset
469 2592 684 2649 Paulus
712 2593 1010 2665 apostolus
1043 2592 1565 2659 Miletum,miserit
1599 2593 1914 2664 Ephesum,

260 2688 314 2737 et
342 2684 635 2740 vocaverit
664 2683 1032 2755 presbyteros
1063 2683 1325 2752 ejusdem
1379 2681 1664 2748 Ecclesiae,
1699 2682 1915 2752 quibus

258 2772 416 2827 inter
449 2778 655 2827 caetera
687 2772 768 2826 ait
805 2788 816 2827 :
853 2794 879 2820 «
912 2771 1206 2825 Attendite
1237 2770 1402 2824 vobis
1437 2773 1491 2825 et
1521 2769 1680 2824 omni
1731 2771 1913 2842 gregi,

258 2862 312 2916 in
335 2879 452 2934 quo
468 2878 570 2916 vos
592 2860 848 2932 Spiritus
865 2864 1103 2914 sanctus
1126 2857 1321 2930 posuit
1342 2874 1577 2929 pascere
1597 2857 1914 2912 Ecclesiam

254 2950 510 3015 Domini,
545 2966 721 3021 quam
753 2947 1063 3019 acquisivit
1091 2964 1192 3020 per
1222 2947 1570 3018 sanguinem
1597 2951 1914 3016 suum(Act_

251 3042 367 3106 xx).
406 3059 433 3085 ››
467 3036 577 3090 Sed
609 3041 665 3090 et
715 3035 918 3091 Petrus
951 3035 1009 3090 in
1052 3034 1242 3106 prima
1267 3034 1522 3106 Epistola
1563 3053 1574 3089 :
1611 3059 1638 3085 «
1678 3035 1917 3108 Presby-

251 3133 432 3191 teros,
461 3124 673 3197 inquit,
705 3123 802 3196 qui
835 3123 894 3179 in
923 3124 1088 3179 vobis
1127 3127 1284 3188 sunt,
1317 3123 1554 3178 obsecro
1604 3107 1910 3179 consenior
1941 3114 1983 3180 C
2024 3107 2052 3197 ξ(

254 3219 309 3270 et
333 3212 503 3269 testis
535 3212 748 3268 Christi
780 3212 1144 3284 passionum,
1179 3217 1238 3267 et
1285 3214 1412 3283 ejus
1462 3228 1588 3283 quae
1623 3212 1680 3266 in
1714 3212 1909 3267 futuro

257 3303 567 3359 revelanda
615 3305 705 3357 est
749 3300 943 3372 gloria:
994 3300 1486 3369 communicator;
1519 3301 1756 3372 pascite,
1809 3302 1909 3373 qui

256 3397 344 3448 est
370 3391 430 3446 in
461 3391 649 3456 vobis,
681 3406 915 3462 gregem
955 3389 1076 3456 Dei,
1113 3389 1478 3461 providentes
1529 3408 1641 3446 non
1693 3395 1906 3456 coacte,

256 3481 354 3536 sed
384 3484 722 3552 spontanee,
758 3479 1082 3534 secundum
1115 3478 1329 3545 Deum;
1366 3496 1480 3533 non
1516 3479 1709 3550 turpis
1761 3477 1909 3534 lucri

255 3569 460 3641 gratia,
486 3569 587 3624 sed
619 3567 963 3635 voluntarie,
998 3583 1186 3638 neque
1218 3571 1282 3621 ut
1310 3567 1680 3623 dominantes
1713 3569 1770 3623 in
1803 3569 1913 3624 cle-

257 3658 513 3724 rum,sed
547 3658 733 3711 forma
754 3655 887 3711 facti
909 3657 1102 3729 gregis
1131 3673 1199 3710 ex
1224 3655 1454 3722 animo;
1486 3661 1541 3711 et
1570 3673 1704 3710 cum
1737 3675 1911 3729 appa-

256 3747 436 3802 ruerit
465 3746 742 3817 Princeps
796 3749 1123 3818 pastorum,
1158 3745 1492 3816 percipietis
1519 3744 1911 3802 immarccssi-

256 3835 430 3890 bilem
465 3835 664 3907 gloria:
698 3851 973 3890 coronam
1009 3834 1056 3906 (I
1083 3836 1233 3888 Pelr.
1267 3838 1349 3901 v.)

321 3924 583 3996 Denique
615 3922 971 3995 pontificalis
1004 3922 1312 3978 sacerdotii
1336 3923 1475 3978 ordo
1499 3923 1733 3978 initium
1758 3940 1916 3978 sum-

258 4012 370 4082 psit
395 4014 467 4067 ab
500 4015 712 4074 Aaron,
746 4012 900 4066 sicut
949 4011 1090 4066 dicit
1139 4011 1421 4078 Isidorus,
1466 4029 1806 4084 quanquam
1857 4017 1914 4067 et

259 4099 679 4157 Melchisedech
731 4100 890 4172 prior
933 4099 1210 4154 obtulerit
1260 4100 1634 4166 sacrificium,
1679 4106 1735 4155 et
1784 4105 1916 4171 post

257 4188 408 4246 hunc
437 4190 754 4257 Abraham,
791 4193 950 4244 Isaae
980 4193 1037 4244 et
1063 4189 1272 4256 Jacob;
1307 4189 1408 4244 sed
1460 4189 1554 4244 isti
1593 4194 1914 4261 spontaneo.

256 4279 701 4347 voluntate,non
734 4277 1078 4334 sacerdotali
1113 4277 1452 4333 auctoritate
1485 4279 1597 4333 ista
1628 4279 1907 4334 fecerunt.

257 4366 530 4424 Caeterum
554 4371 744 4424 Aaron
776 4367 1005 4440 primus
1057 4367 1116 4421 in
1150 4366 1276 4440 lege
1307 4367 1665 4422 sacerdotale
1696 4384 1908 4423 nomen

2023 463 2431 535 solvenditque
2462 466 2808 534 potestatem
2842 461 3070 533 primus
3092 460 3686 532 accepit,primusque

2025 553 2093 606 ad
2129 553 2304 606 fidem
2357 551 2637 623 populum
2690 551 2901 604 virtute
2941 549 3369 620 praedicationis
3415 548 3680 604 adduxit.

2024 641 2326 712 Siquidem
2354 644 2410 695 et
2427 639 2617 694 cazteri
2638 638 2882 710 apostoli
2904 655 3035 692 cum
3059 639 3224 692 Petro
3249 637 3371 710 pari
3392 638 3682 692 consortio

2023 729 2262 785 honoris
2294 735 2349 784 et
2375 729 2680 800 potestatis
2715 732 3083 799 acceperunt,
3121 732 3176 781 et
3208 725 3352 798 ipsis
3403 726 3682 797 apostolis

2023 818 2431 873 ordinantibus
2464 821 2874 873 successerunt
2903 815 3287 888 episcopi,qui
3312 819 3451 870 sunt
3473 813 3686 869 consti.

2020 907 2128 961 tuti
2161 924 2263 979 per
2293 908 2582 962 mundum
2617 907 2674 960 in
2709 905 2951 960 sedibus
2984 903 3405 976 apostolorum,
3433 903 3531 974 qui
3566 920 3680 958 non

2015 999 2139 1068 jam
2173 1015 2240 1052 ex
2269 1001 2442 1068 gente
2487 996 2680 1051 carnis
2730 1000 2786 1050 et
2835 993 3140 1065 sanguinis
3188 992 3486 1064 eliguntur
3532 991 3686 1047 sicut

2023 1085 2302 1157 primum,
2338 1086 2438 1141 sed
2489 1101 2593 1156 pro
2643 1083 3112 1154 uniuscujusque
3160 1081 3388 1149 merito,
3421 1081 3575 1152 quod
3622 1081 3680 1136 in

2021 1191 2156 1230 eum
2189 1175 2384 1229 divina
2414 1174 2600 1246 gratia
2625 1173 2892 1228 contulit.

2093 1309 2254 1374 Quod
2275 1312 2469 1364 autem
2497 1325 2598 1380 per
2620 1324 2832 1362 manus
2848 1306 3287 1380 impositionem
3313 1323 3347 1361 a
3368 1321 3678 1378 precesso-

2023 1398 2184 1453 ribus
2208 1397 2307 1452 Dei
2341 1397 2742 1452 sacerdotibus
2772 1395 3029 1468 episcopi
3061 1395 3681 1466 ordinantur,antiqua

2025 1485 2316 1542 institutio
2347 1490 2456 1540 est.
2489 1485 2580 1540 Sic
2629 1485 2786 1539 enim
2835 1483 3172 1556 patriarcha
3219 1484 3402 1549 Isaac,
3434 1498 3678 1538 manum

2025 1591 2202 1647 super
2227 1580 2402 1646 caput
2431 1575 2608 1630 Jacob
2633 1572 3262 1645 imponens,benedixit
3290 1572 3372 1640 ei;
3409 1571 3682 1626 similiter

2024 1670 2082 1720 et
2137 1664 2317 1719 Jacob
2363 1663 2501 1718 [iliis
2551 1663 2703 1728 suis;
2759 1663 3011 1734 Moyses,
3063 1679 3238 1734 super
3284 1663 3459 1732 caput
3502 1659 3681 1716 Josue

1944 1749 1990 1814 B
2024 1769 2264 1808 manum
2296 1753 2627 1824 imponens,
2679 1751 2840 1806 dedit
2887 1751 2939 1806 ei
3000 1750 3275 1823 spiritum
3332 1749 3568 1804 virtutis
3626 1751 3683 1803 et

2025 1843 2271 1897 ducatus
2304 1841 2360 1895 in
2391 1839 2603 1912 populo
2635 1839 2832 1895 Israel.
2865 1840 2959 1894 Sic
3007 1844 3063 1894 et
3111 1839 3414 1911 suppletor
3451 1837 3596 1910 legis
3626 1841 3684 1891 et

2023 1931 2460 2003 prOphetarum,
2545 1929 2826 1984 Dominus
2865 1932 3064 1984 noster
3133 1929 3307 1984 Jesus
3387 1926 3678 1996 Christus,

2025 2019 2320 2092 apostolos
2351 2017 2663 2074 benedixit.
2693 2018 2756 2072 Et
2802 2017 2862 2071 in
2912 2016 3152 2072 Actibus
3183 2015 3581 2089 apostolorum
3611 2031 3681 2069 ex

2024 2114 2307 2181 praecepto
2340 2106 2525 2163 sancti
2547 2106 2796 2178 Spiritus
2819 2105 2994 2161 Paulo
3017 2111 3073 2160 et
3092 2106 3371 2160 Barnabas
3395 2102 3676 2176 apostolis

2025 2215 2236 2252 manus
2264 2195 2540 2267 imposita
2579 2200 2668 2250 est
2714 2195 2772 2248 in
2819 2194 3241 2266 episcopatum,
3273 2198 3330 2249 et
3377 2193 3461 2248 sic
3511 2190 3676 2247 missi

2025 2291 2163 2341 sunt
2205 2285 2276 2339 ad
2329 2283 2867 2356 evangelizandum.
2917 2283 3102 2355 Caput
3150 2282 3307 2337 enim
3356 2277 3678 2353 principale

2025 2375 2239 2430 mentis
2271 2373 2567 2445 designat;
2601 2376 2656 2426 et
2687 2373 2842 2426 sicut
2875 2377 3067 2426 mente
3099 2387 3308 2443 corpus
3339 2369 3579 2443 regitur,
3599 2368 3680 2423 ita

2025 2481 2127 2536 per
2178 2463 2482 2534 episcopos
2530 2460 2805 2529 Ecclesia,
2856 2477 2984 2532 quae
3033 2465 3122 2516 est
3169 2477 3381 2532 corpus
3437 2457 3676 2523 Christi,

2025 2552 2351 2624 regitur.De
2373 2550 2466 2605 his
2488 2548 2703 2605 Paulus
2726 2547 3026 2621 apostolus
3053 2551 3126 2604 ad
3153 2549 3348 2604 Titum
3364 2547 3678 2618 :«Oportet,

2024 2641 2236 2712 inquit,
2271 2639 2609 2710 episcopum
2647 2636 3216 2712 irreprehensibilegi
3249 2635 3557 2702 esse,sicut
3584 2633 3681 2688 Dei

2025 2730 2490 2800 dispensatorem
2526 2728 2654 2797 (Tit.
2693 2726 2752 2796 1).
2797 2748 2824 2774 ››
2873 2726 2942 2780 Et
2985 2726 3056 2778 ad
3109 2722 3483 2778 Timotheum
3532 2721 3612 2776 ait
3665 2738 3677 2775 :

2026 2841 2052 2866 ((
2087 2816 2143 2870 Si
2174 2816 2308 2887 quis
2336 2814 2736 2886 episcopatum
2769 2813 3080 2880 desiderat,
3115 2812 3334 2867 bonum
3362 2828 3510 2883 opus
3531 2809 3684 2864 desi-

2026 2907 2218 2972 derat;
2253 2907 2479 2976 oportet
2511 2903 2666 2958 enim
2715 2903 3057 2973 episcopum
3107 2897 3677 2972 irreprehensibilem

2025 3011 2174 3060 esse,
2225 2993 2508 3060 sobrium,
2565 2991 2961 3062 prudentem(l
2993 2990 3125 3046 Tim.
3159 2992 3264 3057 In).
3298 3011 3326 3040 »
3368 2989 3438 3042 Et
3487 2988 3625 3042 item
3659 3006 3672 3045 :

2087 3083 2383 3138 Admoneo
2429 3085 2486 3136 te
2535 3083 2600 3135 ut
2648 3079 2960 3134 resuscites
3007 3078 3256 3150 gratiam
3304 3077 3405 3132 Dei
3455 3093 3582 3148 qua:
3616 3079 3675 3134 in

2024 3175 2077 3226 te
2103 3175 2191 3226 est
2222 3187 2322 3242 per
2352 3167 2787 3240 impositionem
2813 3183 3100 3222 manuum
3132 3181 3394 3220 mearum
3429 3166 3499 3236 (II
3541 3167 3674 3220 Tim.

2019 3261 2080 3332 ι).
2117 3283 2146 3308 ››
2170 3257 2299 3313 Jam
2325 3274 2478 3324 vero,
2514 3257 2668 3328 quod
2701 3254 3008 3312 saeculares
3039 3253 3146 3311 viri
3180 3270 3552 3326 nequaquam
3601 3257 3674 3310 ad

2023 3347 2418 3404 ministerium
2450 3346 2716 3402 Ecclesia:
2748 3349 3153 3416 assumantur,
3184 3344 3388 3400 eadem
3437 3348 3675 3416 aposto-

2022 3436 2133 3492 lica
2183 3435 2500 3492 auctoritas
2551 3435 2718 3490 docet
2766 3439 2824 3490 et
2867 3435 3008 3490 dicit
3054 3451 3067 3489 :
3116 3455 3145 3484 «
3198 3433 3406 3488 Manus
3455 3431 3676 3488 nemini

2022 3527 2134 3582 cito
2166 3524 2516 3598 imposueris
2561 3525 2614 3594 (1
2663 3526 2797 3579 Tim.
2849 3524 2928 3594 v).
2983 3546 3010 3573 ››
3060 3523 3131 3578 Et
3178 3522 3390 3577 iterum
3427 3538 3440 3576 :
3473 3543 3501 3571 «
3552 3521 3678 3577 Non

2022 3615 2402 3688 neophytum,
2453 3631 2524 3669 ne
2571 3613 2632 3668 in
2680 3613 2955 3685 superbia
3002 3612 3190 3668 elatus
3238 3613 3286 3680 (I
3333 3613 3465 3666 Tim.
3520 3611 3601 3682 In)
3651 3634 3678 3662 ››

2021 3708 2184 3775 putet
2223 3721 2284 3759 se
2333 3721 2448 3758 non
2495 3708 2613 3758 tam
2667 3702 3063 3758 ministerium
3112 3700 3467 3756 humilitatis
3500 3717 3677 3772 quam

2024 3793 2597 3848 administrationem
2631 3791 2925 3846 saecularis
2959 3789 3263 3862 potestatis
3294 3790 3590 3861 adeptum,
3624 3793 3682 3843 et

2023 3881 2079 3935 in
2130 3879 2674 3937 condemnationem
2725 3879 3010 3950 superbiae
3059 3879 3211 3932 sicut
3257 3877 3528 3932 diabolus
3576 3895 3679 3948 per

2015 3969 2362 4040 jactantiam
2395 3969 2723 4039 dejiciatur.
2759 3969 2882 4022 Non
2924 3966 3082 4022 enim
3129 3966 3345 4021 valebit
3381 3965 3676 4020 saecularis

2021 4059 2196 4113 homo
2228 4057 2535 4113 sacerdotii
2592 4057 2991 4129 magisterium
3042 4054 3306 4127 implere,
3357 4056 3526 4126 cujus
3572 4070 3678 4108 nec

2021 4147 2278 4204 ofﬁcium
2313 4146 2632 4213 tenuit,nec
2655 4145 3027 4218 disciplinam
3059 4143 3455 4217 cognovit,sed
3487 4159 3675 4214 neque

2019 4237 2225 4292 docere
2255 4239 2448 4308 potest
2473 4236 2628 4306 quod
2663 4253 2777 4290 non
2809 4234 3031 4290 didicit.

2089 4371 2252 4436 Quod
2286 4387 2419 4425 cum
2447 4370 2527 4425 ita
2557 4369 2651 4437 sit,
2696 4369 2942 4424 stultum
2994 4371 3050 4423 et
3098 4367 3327 4423 cunctis
3370 4366 3676 4423 catholicis

257 4456 845 4530 accepit,primusque
876 4455 1622 4529 pontificalistolaindutus
1639 4455 1906 4511 victimas
1940 4477 1987 4541 Β
2019 4459 2410 4515 abominabile
2445 4459 2508 4513 fit
2538 4460 2688 4530 quod
2723 4459 2946 4531 putatis
2990 4475 3091 4514 vos
3136 4474 3308 4530 posse
3337 4457 3475 4512 dare
3519 4456 3675 4528 quod

258 4546 480 4614 obtulit,
509 4547 738 4601 dicente
769 4545 1014 4601 Domino
1047 4545 1119 4599 ad
1152 4545 1386 4616 Moysen
1432 4561 1444 4597 :
1480 4567 1507 4592 ‹‹
1556 4544 1784 4616 Accipe,
1821 4545 1906 4599 in-

259 4635 397 4704 quit,
429 4638 620 4691 Aaron
649 4640 707 4692 et
736 4634 886 4689 filios
917 4635 1066 4704 ejus,
1100 4637 1158 4688 et
1207 4632 1526 4704 applicabis
1575 4634 1647 4688 ad
1693 4633 1911 4689 ostium

259 4723 614 4780 tabernaculi
646 4723 1260 4793 testimonii.Cumque
1290 4720 1496 4776 laveris
1528 4726 1748 4792 patrem
1777 4739 1909 4776 cum

264 4809 391 4865 ﬁliis
423 4830 574 4885 aqua
606 4813 816 4867 indues
864 4814 1053 4866 Aaron
1099 4809 1463 4865 vestimentis
1515 4809 1659 4877 suis,
1697 4810 1750 4863 id
1799 4815 1908 4874 est,

263 4895 517 4966 iinea,et
564 4902 782 4969 tunica,
841 4904 898 4955 et
953 4897 1434 4972 superhumerale
1492 4904 1548 4953 et
1610 4899 1909 4964 rationale,

264 4990 409 5057 quod
433 4990 800 5063 constringes
830 4989 1049 5057 balteo;
1100 4992 1157 5044 et
1186 5005 1365 5061 pones
1395 4988 1602 5043 tiaram
1634 4989 1692 5042 in
1726 4989 1912 5061 capite

264 5076 464 5146 ejus,et
493 5079 774 5134 laminam
819 5082 1082 5133 sanctam
1129 5093 1306 5148 super
1353 5076 1584 5144 tiaram,
1619 5079 1676 5132 et
1721 5075 1913 5133 oleum

264 5166 548 5223 unctionis
580 5168 790 5223 fundes
822 5183 998 5238 super
1029 5170 1204 5237 caput
1255 5167 1386 5236 ejus
1437 5165 1630 5232 (Exod.
1673 5167 1848 5237 xxxx).
1881 5189 1909 5216 ››

261 5249 318 5306 In
348 5253 496 5311 Novo
518 5262 716 5312 autem
739 5257 1116 5312 Testamento
1135 5260 1266 5327 post
1285 5254 1580 5309 Christum
1613 5255 1912 5326 pontiﬁca-

261 5336 328 5394 lis
353 5343 489 5398 ordo
516 5363 548 5400 a
572 5345 738 5400 Petro
760 5344 969 5417 coepit;
1002 5343 1114 5416 ipsi
1147 5343 1302 5397 enim
1336 5343 1593 5415 primum
1622 5343 1796 5399 datus
1825 5349 1913 5400 est

269 5431 710 5504 pontificatusin
727 5433 986 5490 Ecclesia
1007 5433 1400 5499 Christi,sicut
1422 5431 1563 5487 dicit
1585 5431 1868 5490 Dominus
1894 5453 1906 5493 :

337 5519 418 5580 Tu
447 5538 508 5579 es
539 5524 761 5599 Petrus,
811 5529 866 5583 et
916 5540 1092 5604 super
1139 5521 1290 5581 hanc
1340 5525 1563 5598 petram
1613 5522 1908 5584 aedificabo

2021 4567 2133 4605 non
2168 4549 2506 4621 accepistis;
2559 4565 2663 4603 nee
2714 4549 2930 4620 quibus
2980 4549 3039 4602 in
3089 4547 3260 4616 locis;
3299 4563 3403 4602 nec
3459 4545 3675 4617 quibus

2024 4638 2309 4693 ministris
2343 4639 2514 4692 detur
2543 4636 2776 4709 aliquod
2811 4637 3009 4709 gratiae
3041 4634 3676 4704 donum,differeutiam

2023 4727 2243 4793 facitis;
2277 4728 2378 4782 sed
2411 4726 2467 4780 in
2502 4726 2670 4794 lucis,
2708 4731 2808 4781 aut
2838 4725 2896 4780 in
2927 4726 3161 4793 breviis,
3183 4729 3284 4780 aut
3313 4723 3488 4779 etiam
3521 4722 3677 4776 intra

2022 4815 2295 4887 pudenda
2327 4819 2490 4886 septa
2522 4815 2867 4870 latrinarum
2892 4819 3112 4870 vestras
3136 4812 3478 4885 phantasias
3501 4815 3675 4882 atque

2022 4903 2338 4976 sacrilegas
2372 4904 2990 4974 incantationes,quasi
3019 4903 3315 4975 quoddam
3347 4900 3676 4957 sanctifica-

2020 4993 2197 5048 tionis
2255 4993 2620 5065 mysterium,
2673 5010 2851 5065 super
2896 5011 2994 5048 eos
3042 4992 3214 5064 agitis
3264 5008 3410 5063 quos
3462 4989 3675 5045 erroris

2023 5083 2198 5138 vestri
2225 5081 2516 5137 consortio
2547 5083 2869 5137 admiscere
2902 5081 3163 5154 potestis.
3198 5081 3322 5145 Qua
3352 5081 3409 5134 in
3439 5096 3498 5134 re
3528 5079 3675 5134 Pau-

2022 5171 2143 5226 lum
2169 5170 2704 5244 apostolum,quem
2732 5177 2988 5226 vestrum
3013 5171 3304 5226 doctorem
3325 5168 3676 5233 mentimini,

2020 5265 2280 5316 vestrum
2311 5260 2506 5332 potius
2539 5259 2803 5316 sentietis
2851 5263 3269 5326 accusatorem,
3304 5259 3402 5330 qui
3458 5259 3529 5313 ad
3581 5258 3677 5312 Ti-

2022 5350 2323 5404 motheum
2371 5349 2653 5414 scribens,
2689 5349 2768 5404 ait
2800 5367 2812 5404 :
2848 5374 2874 5398 ‹‹
2908 5350 3074 5404 Certa
3120 5349 3339 5404 bonum
3386 5353 3678 5402 certamen

2019 5438 2176 5506 fidei,
2211 5436 2581 5509 apprehende
2611 5437 2787 5494 vitam
2820 5441 3116 5505 aaternam,
3169 5439 3228 5494 in
3280 5454 3398 5510 qua
3437 5439 3676 5492 vocatus

2018 5544 2104 5601 es,
2129 5531 2185 5585 et
2215 5525 2521 5589 confessus
2548 5526 2760 5585 bonam
2793 5529 3219 5592 confessionem
3241 5529 3314 5606 (ll
3341 5527 3474 5589 Tim.
3507 5523 3606 5601 vi).
3641 5544 3676 5604 η
