4060 6174
230 268 406 346 1297·-

1437 271 1638 336 ACTA
1682 269 2414 362 εΥΝοιηλτηΕΒΑΤ.

3469 260 3646 337 1298.

228 423 320 482 per
341 419 490 478 quis,
515 401 811 477 reuelante
849 404 1170 482 Scriptura,
1190 407 1406 468 multos
1433 408 1504 464 de
1532 407 1760 464 tumulo
1780 406 1862 462 vi-
1893 407 1950 474 Α
1977 406 2434 478 commendaret,
2469 405 2754 480 praebens
2781 421 2883 480 per
2939 403 3048 462 hoc
3094 420 3306 478 magna
3363 403 3631 476 exempla

226 497 428 559 tiorum
451 498 507 550 et
527 498 712 551 morte
738 495 946 571 animae
969 497 1344 554 resuscitatos
1369 496 1767 570 cognovimus,
1793 496 1864 552 de

226 584 430 660 quibus
461 582 702 649 multos,
729 588 863 640 ante
891 583 1230 641 electionem
1264 585 1324 641 in
1357 585 1584 641 malitia
1605 602 1711 641 sua
1741 603 1864 658 per-

225 675 512 740 durantes,
545 689 647 745 per
698 673 1096 745 paenitentiam
1146 674 1408 746 resipisci
1447 675 1860 747 cognovimus;

225 761 499 836 plurimos
529 778 660 817 vero
692 767 822 835 post
869 762 1210 818 electionem
1261 763 1478 836 lapsos,
1514 765 1614 820 sed
1663 768 1864 835 postea

223 849 562 924 pmnitentiaa
585 850 840 906 remedio
862 849 922 905 in
946 851 1256 922 pristinam
1280 852 1528 924 gratiam
1557 851 1858 908 relocatos.

222 937 535 1012 De,quibus
566 939 800 996 beatum
832 939 1068 995 Petrum
1098 940 1356 1011 primum
1387 940 1448 995 in
1481 941 1738 1000 medium
1772 940 1860 996 in-

219 1027 597 1100 troducimus,
627 1027 750 1101 qui,
773 1029 915 1084 dum
947 1029 1280 1101 pcenitendo
1313 1030 1474 1086 ﬂeret
1503 1030 1738 1103 culpam
1770 1047 1863 1086 ne-

218 1115 482 1189 gationis,
509 1133 624 1171 non
653 1116 848 1172 solum
879 1117 1131 1189 priorem
1163 1119 1411 1190 gratiam
1445 1119 1858 1192 reimpetravit,

219 1206 308 1278 sed
333 1205 494 1260 inter
522 1221 727 1260 omnes
757 1205 940 1262 totius
968 1205 1399 1280 Ecclesia,quas
1425 1207 1484 1262 in
1515 1209 1686 1264 terris
1715 1213 1771 1264 et
1803 1209 1860 1263 in

215 1292 366 1348 ccelis
397 1297 506 1367 est,
532 1293 852 1368 primatum
884 1294 1123 1366 accepit.
1149 1295 1296 1361 Quin
1329 1295 1507 1352 etiam
1548 1295 1859 1369 prodigum

216 1382 418 1448 filium,
447 1399 482 1437 a
511 1383 700 1460 gratia
728 1387 970 1461 paterna
997 1383 1309 1456 privatum,
1334 1384 1392 1439 in
1426 1385 1732 1458 Evangelio
1758 1403 1858 1440 au-

211 1469 460 1546 divimus
485 1471 824 1548 paenitendo
847 1489 963 1528 non
984 1471 1178 1530 solum
1211 1474 1268 1530 in
1298 1475 1549 1545 gratiam
1572 1474 1756 1546 patris
1778 1490 1863 1529 re—

211 1559 382 1635 disse,
407 1560 518 1632 sed.
546 1564 604 1616 et
633 1561 846 1637 stolam
879 1561 1153 1633 primam,
1186 1579 1366 1634 quam
1387 1563 1682 1631 amiserat,
1706 1579 1862 1619 rece-

208 1648 379 1722 pisse.
407 1648 667 1726 Pgimam
691 1666 824 1706 cum
847 1650 1037 1717 audis,
1058 1669 1172 1707 non
1198 1669 1405 1707 novam
1429 1652 1859 1726 intelligas,sed

207 1737 538 1811 antiquam,
560 1737 700 1812 quia
745 1739 957 1817 prioris
1004 1739 1346 1796 innocentiae
1376 1747 1616 1809 vestem,
1641 1759 1758 1814 qua
1801 1759 1863 1798 se
1894 1773 1940 1837 Β

207 1827 500 1901 peccando
529 1826 969 1905 exspoliaverat,
1000 1829 1332 1901 paenitendo
1365 1832 1669 1904 reparavit.

272 1914 541 1986 Denique
586 1915 687 1987 qui
736 1917 1062 1994 doctrinam
1102 1919 1483 1992 apostolicam
1537 1921 1861 1992 suscipitis,

203 2003 662 2078 oportetiaudire
693 2004 946 2077 qualiter
979 2007 1190 2062 Paulus
1213 2007 1594 2065 fornicantem
1621 1995 1857 2066 fratrem

199 2091 518 2166 compellat
533 2093 608 2148 ad
625 2094 1027 2166 pmnitentiam
1049 2113 1098 2150 ζα
1112 2097 1383 2162 Omnino,
1397 2097 1610 2169 inquit,
1624 2099 1863 2154 auditur

201 2181 348 2254 inter
372 2199 480 2250 vos
504 2182 830 2250 fornicatio,
852 2188 909 2238 et
930 2183 1064 2240 talis
1090 2185 1397 2242 fornicatio
1427 2187 1617 2260 qualis
1639 2203 1745 2243 nec
1776 2187 1861 2242 in-

195 2274 544 2345 teggenies,
570 2270 650 2326 ita
687 2275 752 2326 ut
781 2289 1020 2330 uxorem
1069 2275 1252 2346 patris
1285 2275 1420 2348 quis
1468 2275 1759 2332 habuerit.
1795 2275 1862 2331 Et

195 2359 520 2432 vosinﬂati
553 2359 694 2415 estis
725 2365 782 2415 et
820 2377 935 2416 non
968 2363 1157 2434 magis
1187 2351 1410 2419 luctum
1451 2364 1765 2430 habuistis,
1795 2369 1862 2420 ut

195 2449 443 2521 tollatur
475 2450 546 2505 de
579 2449 1067 2524 me‘diolvestrum
1099 2452 1198 2524 qui
1237 2453 1346 2508 hoc
1376 2471 1523 2524 opus
1556 2454 1707 2508 fecit.
1742 2454 1860 2526 Ego

195 2527 445 2610 quidam
471 2537 684 2594 absens
705 2555 963 2612 corpore,
982 2557 1241 2617 praesens
1261 2546 1459 2597 autem
1483 2542 1716 2614 spiritu,
1731 2542 1860 2612 jam

186 2627 484 2700 judicavi,
511 2631 574 2682 ut
615 2644 893 2698 praesens,
917 2645 1051 2686 eum
1082 2629 1184 2702 qui
1213 2631 1297 2686 sic
1341 2635 1613 2704 operatus
1658 2635 1766 2697 est,
1800 2631 1859 2685 in

196 2715 446 2787 nomine
462 2713 694 2770 Domini
715 2715 899 2772 nostri
913 2717 944 2772 J
951 2733 1052 2773 esu
1069 2717 1300 2784 Christi,
1316 2719 1681 2790 congregatis
1698 2717 1861 2773 vobis

193 2807 256 2859 et
304 2820 442 2874 meo
494 2802 703 2876 spiritu
735 2820 870 2858 cum
901 2804 1115 2860 virtute
1159 2804 1408 2861 Domini-
1437 2806 1598 2872 Jesu,
1632 2807 1861 2861 tradere

195 2891 548 2965 hujusmodi
579 2895 809 2946 Satanae
848 2891 907 2946 in
940 2893 1242 2950 interitum
1275 2895 1490 2960 carnis,
1521 2899 1584 2949 ut
1620 2894 1862 2965 spiritus

192 2979 404 3036 salvus
438 2979 517 3034 sit
540 2979 598 3033 in
632 2979 724 3034 die
755 2980 987 3036 Domini
1039 2981 1222 3052 nostri
1258 2981 1397 3038 Jesu
1429 2982 1640 3038 Christi
1667 2982 1711 3053 (1
1738 2984 1858 3037 Cor.

190 3069 332 3141 νὴ»)
357 3066 617 3139 Ειιειίὺί
649 3085 660 3122 :
688 3091 716 3116 «
753 3069 955 3124 Timeo
1001 3087 1094 3136 ne,
1128 3085 1262 3125 cum
1309 3087 1540 3136 venero,
1592 3069 1863 3126 humiliet

1969 512 2112 549 vera:
2146 495 2492 568 poenitentiae
2534 500 2589 552 et
2628 496 3046 554 documentum
3080 495 3288 568 ingens
3322 511 3626 568 regenera-

1971 583 2167 660 tionis,
2194 589 2368 656 atque
2398 583 2652 657 insignia
2675 585 2940 658 quaedam
2975 589 3032 639 et
3063 589 3275 655 tropaea
3296 583 3544 640 visibilis
3568 583 3626 639 in

1970 687 2036 727 eo
2068 672 2510 729 resurrectionis
2561 675 2897 732 ostendens.
2922 673 3136 729 Verum
3171 673 3422 744 qualiter
3468 672 3623 732 idem

1967 761 2225 817 Joannes
2258 761 2556 834 apostolus
2587 761 2792 834 angelo
2838 761 3105 818 Ecclesiae
3139 761 3347 833 Ephesi
3382 747 3620 829 scribat,

1970 849 2414 905 animadvertite
2450 867 2513 905 :«
2541 851 2850 918 Memento,
2885 850 3097 924 inquit,
3135 841 3289 905 unde
3319 850 3622 916 excideris,

1968 943 2024 994 et
2054 955 2159 1012 age
2203 939 2624 1011 pmnitentiam,
2659 944 2713 994 et
2743 939 2934 1012 prima
2982 955 3158 1010 opera
3207 939 3324 1006 fac;
3360 939 3621 1010 alioquin

1967 1027 2198 1091 veniam
2226 1027 2351 1094 tibi,
2376 1032 2432 1082 et
2473 1028 2714 1083 movebo
2746 1027 3161 1083 candelabrum
3194 1030 3362 1082 tuum
3396 1027 3466 1082 de
3499 1027 3622 1082 loco

1968 1117 2096 1188 ejus
2118 1117 2298 1188 (Apoc.
2323 1116 2453 1187 11).»
2475 1117 2677 1171 Exstat
2703 1134 2908 1182 unum,
2934 1117 3088 1188 quod
3112 1116 3185 1170 ad
3213 1116 3626 1172 commendan-

1969 1205 2104 1259 dam
2135 1204 2486 1277 pcenitentize
2509 1204 2623 1261 vim
2649 1205 2924 1273 sufficiat,
2949 1203 3302 1278 exemplum.
3327 1203 3624 1260 Senatoris

1969 1293 2280 1366 cujusdam
2306 1293 2487 1352 filiam
2520 1293 2636 1350 Deo
2669 1297 3067 1349 consecratam
3092 1294 3179 1349 vir
3204 1293 3465 1366 quidam,
3491 1310 3625 1349 con-

1967 1381 2338 1456 cupiscentia
2364 1381 2531 1437 furiis
2562 1382 2839 1455 agitatus,
2866 1383 3161 1454 quondam
3191 1399 3258 1437 eo
3284 1398 3471 1454 usque
3493 1383 3625 1437 ada-

1971 1471 2150 1526 mavit
2173 1474 2235 1526 ut
2263 1488 2368 1544 per
2395 1469 2691 1528 maleficos
2723 1471 3097 1530 immundum
3122 1470 3394 1542 spiritum
3420 1488 3626 1536 consu-

1971 1559 2134 1623 leret.
2159 1559 2260 1616 Cui
2286 1577 2419 1615 cum
2451 1559 2697 1631 spiritus
2723 1558 3020 1633 malignus
3051 1559 3323 1619 desiderii
3355 1561 3622 1615 effectum

1971 1649 2354 1721 promitteret,
2381 1649 2429 1704 si
2452 1648 2684 1704 Christo
2719 1649 3131 1708 abrenuntiare
3160 1646 3355 1714 vellet,
3380 1647 3476 1702 ille
3507 1665 3623 1702 non

1970 1736 2161 1794 solum
2211 1737 2523 1809 acquievit,
2546 1753 2747 1792 verum
2781 1736 3308 1792 abrenuntiationis
3359 1736 3623 1792 chartam

1971 1841 2148 1881 manu
2171 1825 2406 1898 propria
2427 1825 2709 1898 scriptam
2736 1824 2818 1881 illi
2847 1825 3112 1893 donavit;
3147 1825 3347 1896 sicque
3378 1842 3624 1897 sponso-

1971 1915 2052 1970 ris
2083 1915 2171 1970 sui
2204 1921 2325 1970 arte
2357 1913 2599 1990 virginis
2644 1914 2977 1987 amplexum
3027 1915 3296 1985 adeptus,
3331 1931 3444 1968 non
3492 1916 3627 1986 post

1971 2003 2155 2058 multo
2174 2020 2369 2058 amare
2383 2004 2629 2058 deflebat
2647 2002 2832 2076 stupri
2854 2001 3116 2064 mercede
3136 2007 3430 2057 auctorem
3450 2018 3624 2056 suum

1970 2091 2511 2164 negasse.Tandem
2544 2093 2713 2147 beato
2743 2090 2951 2146 Basilio
2972 2091 3345 2163 Cappadociae
3379 2089 3625 2145 civitatis

1969 2168 2242 2253 episcopo
2275 2197 2510 2255 omnem
2541 2180 2620 2235 rei
2646 2179 2909 2236 ordinem
2934 2179 3262 2247 confessus,
3283 2179 3342 2233 in
3371 2179 3621 2251 quodam

1969 2257 2229 2324 conclavi
2265 2286 2365 2340 per
2389 2273 2504 2323 tres
2536 2268 2660 2324 dies
2693 2269 2801 2322 sub
2834 2267 3187 2340 pcenitentize
3230 2265 3626 2322 satisfactione

1970 2356 2310 2424 recluditur,
2341 2357 2440 2412 ubi
2491 2353 2824 2412 infestantis
2856 2354 3099 2428 spiritus
3131 2355 3393 2410 convicia
3441 2354 3628 2410 multa

1971 2447 2208 2516 patitur.
2235 2446 2307 2499 At
2335 2444 2422 2498 vir
2451 2445 2677 2510 beatus,
2713 2446 3025 2498 convocata
3056 2443 3113 2496 in
3147 2437 3453 2497 ecclesiam
3487 2440 3624 2496 cleri

1969 2549 2035 2588 ac
2068 2530 2267 2606 populi
2303 2531 2702 2599 multitudine,
2737 2549 2851 2586 non
2885 2530 3106 2586 destitit
3136 2547 3300 2585 orare
3332 2529 3400 2584 ad
3435 2529 3625 2585 Domi-

1969 2639 2133 2689 num,
2160 2607 2342 2676 donec
2380 2619 2744 2676 validissimo
2791 2619 3070 2675 orationis
3111 2619 3426 2673 certamine
3473 2618 3622 2672 scri-

1969 2715 2135 2781 ptum
2168 2709 2238 2763 de
2271 2726 2446 2762 manu
2481 2707 2695 2763 diaboli
2725 2707 2984 2773 extorsit,
3005 2710 3061 2761 et
3082 2705 3310 2760 cunctis
3343 2703 3620 2759 intuenti-

1970 2789 2082 2868 bus
2108 2795 2426 2852 demissam
2460 2813 2562 2866 per
2592 2813 2781 2850 aerem
2816 2794 3076 2849 chartam
3112 2793 3346 2865 recepit.

2041 2885 2206 2940 Absit
2245 2883 2426 2956 igitur
2456 2902 2488 2938 a
2521 2883 2781 2938 fidelium
2831 2881 3129 2938 mentibus
3176 2882 3326 2937 hanc
3369 2885 3620 2937 vestram

1970 2972 2382 3028 exsecrabilem
2415 2971 2617 3036 audire
2649 2972 2994 3041 doctrinam,
3024 2974 3088 3026 ut
3121 2969 3320 3042 lapsis,
3353 2975 3485 3042 post
3510 2970 3622 3026 ele-

1970 3063 2242 3128 ctionem,
2290 3060 2688 3133 pccnitcntiam
2747 3077 3118 3132 nequaquam
3169 3057 3446 3131 proﬁCere
3502 3075 3624 3114 cre-

193 3134 299 3215 ηῇθί
323 3135 490 3228 Πειλέ
521 3157 673 3228 apud
721 3173 854 3223 vos,
887 3162 944 3212 et
972 3134 1203 3231 lugeam
1237 3157 1453 3214 multos
1502 3134 1570 3214 έχ
1615 3159 1708 3216 his
1759 3156 1860 3230 qui
1891 3134 1933 3201 C
1973 3149 2139 3205 dant!
2164 3149 2443 3206 cumluce
2461 3148 2675 3212 clarius
2693 3153 2780 3203 est
2799 3152 2928 3220 post
2946 3152 3275 3220 perpetrata
3292 3147 3511 3202 scelera
3531 3147 3629 3202 bo-
3722 3139 3740 3151 Χ

191 3251 332 3316 ante
355 3250 773 3317 peccaverunt,
792 3251 850 3301 et
870 3263 987 3301 non
1009 3251 1253 3318 egerunt
1273 3248 1671 3319 pmnjtentiam
1691 3265 1868 3320 super

190 3333 672 3404 immunditiam,
720 3338 777 3390 et
817 3334 1281 3396 fornicationem.
1331 3341 1389 3392 et
1436 3322 1864 3409 impudentiam

190 3439 382 3495 quam
435 3426 749 3494 gesserunt
791 3423 865 3495 (11
894 3424 1014 3480 Cor.
1037 3424 1159 3495 xu).
1186 3447 1213 3473 »
1237 3425 1385 3489 Quid
1433 3426 1589 3481 enim
1639 3426 1868 3482 tradere

189 3510 510 3570 hominem
543 3511 769 3566 Satanae
819 3512 878 3566 in
925 3512 1228 3569 interitum
1262 3515 1476 3581 carnis,
1512 3519 1576 3570 ut
1623 3515 1867 3588 spiritus

189 3599 406 3655 salvus
425 3599 560 3670 fiat,
578 3599 736 3656 aliud
759 3605 868 3667 est,
893 3600 1004 3656 nisi
1027 3589 1184 3657 hunc
1207 3604 1361 3674 quod
1385 3620 1486 3675 per
1508 3603 1870 3660 incontinen-

189 3689 342 3744 tiam
398 3688 603 3762 carnis
645 3687 992 3760 deliquerat,
1032 3707 1136 3761 per
1182 3690 1622 3748 tribulationem
1675 3693 1869 3747 carnis

188 3776 547 3850 pmnitendo
569 3776 812 3845 diluere,
836 3783 902 3833 ut
931 3779 1124 3850 carnis
1146 3778 1438 3836 titillantis
1471 3781 1733 3854 rubigine
1757 3799 1871 3854 poe-

191 3865 472 3924 nitentia:
523 3865 753 3922 camino
796 3872 1050 3936 excocta,
1084 3867 1326 3942 spiritus
1373 3869 1575 3940 purior
1610 3870 1667 3924 in
1713 3871 1867 3928 diem

186 3952 440 4026 Domini
473 3953 672 4011 salvus
700 3955 845 4029 fiat?
877 3955 1039 4032 Unde
1067 3955 1214 4030 ipse,
1238 3958 1614 4029 postmodum
1647 3957 1788 4014 dicit
1808 3976 1870 4014 se

186 4044 412 4112 timere
448 4060 524 4098 ne
554 4043 751 4117 lugeat
773 4045 843 4100 de
873 4061 1074 4101 eorum
1107 4045 1344 4102 interitu
1368 4046 1466 4118 qui
1490 4064 1606 4102 non
1626 4052 1872 4120 egerunt

185 4132 617 4206 pmnitentiam
650 4149 827 4205 super
855 4132 1293 4192 immunditiam
1335 4139 1392 4190 et
1430 4136 1870 4194 fornicationem

185 4221 370 4292 suam
381 4265 396 4278 .

260 4310 551 4382 Denique
583 4309 639 4363 in
672 4309 1068 4367 ecclesiastica
1095 4311 1354 4368 Historia
1380 4313 1691 4385 quemdam
1708 4315 1872 4385 juve-

185 4417 329 4456 nem
357 4399 532 4471 apud
559 4397 855 4470 Ephesum
888 4399 1220 4456 audivimus
1243 4418 1276 4456 a
1301 4401 1468 4461 beato
1488 4401 1712 4460 Joanne
1734 4421 1869 4475 apo-

1976 3238 2164 3293 mines
2185 3255 2290 3310 per
2309 3255 2434 3292 eam
2458 3237 2644 3292 redire
2665 3237 2735 3292 ad
2763 3235 3368 3300 innocentiam.Quam
3391 3235 3624 3307 quidem

1975 3327 2119 3383 adeo
2151 3325 2467 3393 efficacem,
2494 3326 2634 3380 adeo
2669 3329 2962 3400 potentem
2987 3323 3058 3380 ad
3083 3323 3366 3380 abolenda
3394 3327 3630 3395 peccata

1976 3413 2194 3486 experti
2214 3408 2423 3470 sumus
2447 3411 2774 3480 ut,etiamsi
2797 3411 2857 3468 in
2879 3411 3086 3467 ultimo
3111 3411 3236 3466 vitae
3264 3411 3472 3484 spiritu
3495 3412 3630 3483 quis

1978 3505 2371 3560 admissorum
2396 3503 2694 3575 poeniteat,
2712 3507 2766 3557 et
2788 3501 3023 3574 publica
3045 3499 3460 3556 lamentatione
3478 3517 3631 3555 com-

1979 3593 2160 3648 missa
2199 3592 2541 3665 prodantur,
2585 3591 2840 3646 fructum
2893 3593 3088 3646 tamen
3123 3589 3207 3666 et.
3243 3579 3406 3664 spem
3448 3589 3626 3644 venia

1977 3681 2255 3738 salutaris
2277 3698 2389 3738 non
2417 3681 2788 3753 perdat,quia
2810 3679 3353 3752 propositum,quod
3376 3679 3630 3756 decrevit

1978 3771 2202 3826 salvare
2225 3771 2377 3841 quod
2407 3769 2676 3841 perierat,
2697 3787 2812 3826 non
2835 3771 3025 3841 potest
3053 3767 3382 3834 immutari;
3415 3771 3470 3822 et
3500 3767 3628 3822 ideo

1979 3860 2119 3933 quia
2144 3858 2418 3916 voluntas
2468 3859 2595 3929 ejus
2645 3875 2760 3912 non
2814 3860 3095 3922 mutatur,
3119 3855 3349 3932 etiamsi
3396 3861 3630 3928 tempus

1978 3947 2406 4005 emendationis
2441 3963 2552 4000 non
2588 3941 2942 4011 conceditur,
2978 3942 3027 4000 si
3066 3948 3258 3998 tamen
3293 3944 3348 3996 in
3381 3943 3629 4015 supplici

1978 4030 2341 4093 confessione
2386 4034 2503 4088 vita
2550 4033 2867 4104 exceditur,
2913 4031 3064 4087 fideli
3118 4031 3416 4104 proposito
3463 4031 3632 4085 venia

1980 4143 2097 4181 non
2121 4128 2367 4197 negatur
2387 4123 2458 4177 ab
2480 4121 2577 4177 illo
2601 4122 2698 4194 qui
2724 4139 2839 4177 non
2861 4119 2987 4176 vult
3017 4125 3262 4175 mortem
3289 4119 3628 4192 peccatoris.

1977 4215 2082 4270 sed
2115 4218 2180 4269 ut
2213 4215 2582 4270 convertatur
2612 4228 2644 4265 a
2683 4205 3005 4282 perditione
3039 4207 3392 4280 poenitendo,
3426 4211 3484 4263 et
3521 4207 3636 4263 sal-

1979 4295 2149 4360 vatus
2181 4295 2554 4366 miseratione
2587 4298 2817 4354 Domini
2846 4299 3018 4352 vivat.
3046 4297 3207 4361 Quod
3239 4301 3431 4352 autem
3465 4295 3637 4366 objici

1982 4395 2206 4464 poterat
2237 4391 2307 4444 de
2341 4391 2572 4460 peccato
2605 4389 2671 4442 ad
2718 4392 2983 4455 mortem,
3009 4386 3099 4442 cui
3151 4385 3314 4440 nulla
3358 4389 3516 4457 patet
3561 4385 3634 4440 ad

183 4489 347 4560 stolo
384 4489 452 4543 in
491 4487 846 4544 monasterio
870 4487 1196 4562 reclusum;
1221 4490 1344 4561 qui,
1369 4489 1669 4547 catholicis
1692 4474 1867 4547 disci-
1907 4481 2206 4560 nveniam
2239 4477 2578 4541 consolatio,
2612 4477 2665 4532 id
2701 4476 2935 4548 quidem
2966 4493 3167 4532 eorum
3198 4478 3286 4530 est
3308 4474 3509 4550 ειυίνίῐι
3534 4474 3632 4529 ἀο-

185 4577 380 4651 plinis
435 4576 792 4647 instructus,
825 4581 884 4632 et
911 4578 1285 4650 baptismatis
1313 4579 1560 4650 gratiam
1606 4581 1875 4652 adeptus,

185 4671 330 4741 post
359 4664 543 4722 mula
571 4665 858 4739 religiosa;
884 4667 1344 4730 conversationis
1367 4667 1650 4740 exempla,
1674 4670 1877 4725 diabo-

185 4754 317 4822 licae
355 4752 669 4810 suasionis
712 4754 920 4825 spiritu
953 4754 1207 4828 agitatus
1249 4754 1672 4812 monasterium
1712 4756 1875 4814 dese-

186 4845 338 4912 ruit,
355 4848 417 4899 et
444 4843 607 4912 inter
623 4841 817 4915 sylvas
834 4847 891 4899 et
911 4841 1097 4898 lustra
1119 4843 1374 4920 ferarum
1396 4834 1747 4912 homicidiis,
1766 4845 1880 4899 fur-

182 4933 266 4990 tis
290 4939 354 4989 et
371 4930 720 5002 omnigenis
748 4932 988 5006 flagitiis
1010 4932 1361 5005 depravatus
1394 4936 1503 4989 est.
1529 4931 1710 4995 Quem
1743 4949 1877 4990 cum

186 5021 526 5096 apostolus
548 5020 897 5092 requisitum
922 5022 992 5077 ad
1018 5019 1338 5076 Ecclesiam
1361 5024 1672 5089 revocaret,
1698 5026 1755 5076 et
1777 5021 1881 5077 mi-

185 5129 288 5176 ser
309 5110 421 5166 ille
441 5109 524 5165 ob
544 5110 1009 5182 magnitudinem
1032 5108 1346 5176 criminum
1371 5108 1592 5164 nullam
1613 5126 1883 5182 reparan-

187 5201 279 5256 da:
315 5196 549 5255 salutis
581 5215 746 5270 spem
779 5216 842 5254 se
872 5199 1085 5254 habere
1117 5199 1356 5263 diceret,
1391 5197 1595 5256 beatus
1624 5198 1882 5254 Joannes

178 5286 610 5360 jurisjurandi
642 5292 1007 5358 sacramento
1055 5287 1104 5342 ei
1158 5303 1321 5359 spem
1356 5286 1536 5342 venia:
1570 5285 1881 5359 promittit.

188 5377 435 5444 Dehinc
459 5375 717 5446 jejuniis
748 5382 806 5432 et
845 5375 1208 5432 orationibus
1252 5391 1387 5430 eum
1434 5374 1589 5431 intra
1630 5391 1884 5448 paucum

185 5471 453 5542 tempus
476 5462 564 5519 ita
594 5465 850 5522 reddidit
878 5465 1357 5530 emendatum,ut
1383 5467 1616 5520 caeteros
1639 5463 1888 5520 anteiret

187 5554 562 5637 sanctitate,
589 5557 648 5609 et
677 5554 864 5628 ipsius
890 5553 1156 5612 Ecclesiae
1185 5551 1444 5626 regimen
1467 5552 1549 5607 illi
1572 5552 1884 5636 Apostolus

1989 4567 2337 4641 spcrationis
2387 4567 2607 4620 foveam
2641 4569 3001 4636 corruentcs,
3025 4563 3171 4618 nihil
3223 4565 3485 4636 prOrsus,
3519 4579 3633 4634 quo
3699 4625 3704 4628 _

1985 4658 2121 4714 inde
2153 4655 2325 4712 eximi
2359 4653 2607 4720 valeant,
2643 4653 2752 4708 sibi
2787 4652 3169 4724 reliquerunt.

2009 4739 2014 4744 ’
2199 4744 2283 4804 ΙΧ.
2318 4733 2466 4811 Quod
2489 4744 2806 4814 pa'm'tentz'a
2834 4751 2952 4814 post
2979 4750 3203 4797 mortem
3233 4743 3418 4808 prosit.

2056 4834 2298 4902 Verum,
2325 4848 2395 4886 ne
2417 4831 2549 4903 quis
2572 4831 2971 4904 penitentiam
3003 4830 3142 4886 solis
3162 4829 3306 4885 vivis
3328 4833 3384 4885 et
3405 4846 3518 4884 non
3542 4829 3638 4883 de-

1987 4922 2204 4979 functis
2236 4922 2511 4994 proﬁcere
2543 4921 2759 4990 credat,
2783 4919 2996 4975 multos
3019 4919 3117 4991 qui
3151 4937 3184 4974 a
3205 4917 3416 4973 saeculo
3447 4922 3635 4972 trans-

1989 5001 2196 5079 ierant,
2223 5026 2463 5066 suorum
2490 5009 2702 5080 pietate
2727 5008 3042 5063 viventium
3066 5025 3099 5063 a
3121 5006 3306 5080 pmnis
3329 5006 3633 5074 relevatos,

1988 5097 2286 5172 Scriptura
2305 5097 2891 5170 teste,comperimus,
2907 5097 3046 5151 dum
3068 5113 3169 5168 pro
3185 5097 3268 5152 eis
3286 5096 3639 5151 sacrificium

1991 5186 2327 5246 Mediatoris
2369 5186 2629 5250 offertur,
2663 5185 2747 5240 vel
2790 5183 3167 5258 cleemosynae
3200 5185 3365 5250 tiunt,
3388 5183 3476 5239 vel
3509 5185 3643 5256 quis

1991 5277 2268 5334 vicariam
2331 5274 2680 5345 pmnitentizc
2717 5273 3066 5329 solutionem
3127 5273 3400 5329 defuncto
3457 5273 3643 5328 amico

1992 5364 2288 5441 persolvit,
2313 5363 2453 5417 dum
2483 5353 2636 5434 quod
2665 5380 2817 5435 aeger
2847 5367 3174 5434 prawcntus
3195 5367 3379 5418 morte
3402 5380 3514 5418 non
3548 5379 3645 5434 po-

1994 5457 2127 5521 tuit,
2149 5453 2313 5507 vivus
2345 5449 2581 5521 supplet
2610 5451 2856 5506 amicus.
2890 5451 3048 5514 Quod
3093 5452 3229 5525 quia
3260 5452 3390 5506 ε’ωοὶ
3421 5451 3644 5506 lumine

1996 5544 2138 5602 ﬁdei,
2156 5559 2271 5597 non
2308 5539 2498 5602 solum
2535 5541 2800 5613 refugiiis
2849 5541 3100 5606 credere,
3127 5541 3225 5597 sed
3277 5541 3508 5613 penitus
3539 5540 3643 5594 de-
