4094 6158
460 301 615 365 1299
678 254 684 260 ’

1417 306 1764 369 GERARDI
1806 266 1832 369 i
1877 307 2480 370 CAMERACENSIS
2527 279 2908 370 EP'ISCOPI.

3657 297 3773 378 isto
3819 301 3824 308 ’

455 441 680 494 struere
727 439 985 505 tentatis,
1019 457 1133 495 non
1178 457 1328 508 vere,
1361 445 1426 496 ut
1475 441 1760 508 asseritis,
1802 440 2096 515 Evangelii
2128 445 2183 509 Α,
2211 441 2356 497 tima
2401 442 2787 514 praejudicant
2818 441 3124 510 connubia,
3159 440 3207 498 si
3238 444 3424 500 tamen
3469 442 3634 500 sciunt
3658 449 3781 504 omni
3833 450 3835 452 ’

459 528 753 582 auditores
785 528 945 583 estis.
979 529 1122 584 Nam
1170 529 1297 601 ipsa
1329 530 1555 585 Veritas
1605 531 1745 585 dicit
1776 531 1914 602 quia
1947 549 2010 585 :«
2048 529 2107 585 Si

459 614 590 687 quis
620 616 678 669 in
710 615 990 687 Spiritum
1014 623 1283 673 sanctum
1308 619 1738 691 blasphemiam
1762 619 1991 687 dixerit,
2015 635 2111 674 ne-

461 720 572 775 que
605 704 662 758 in
695 704 804 759 hoc
848 705 1058 760 saeculo
1110 708 1438 763 remittetur
1465 708 1537 778 ei,
1572 725 1759 780 neque
1804 709 1863 762 in
1914 708 2108 763 futuro

461 792 674 864 (Matth.
699 793 821 864 χιι).
849 815 875 843 ››
903 795 967 849 In
1002 811 1117 866 qua
1147 797 1452 864 sententia,
1488 798 1546 852 in
1579 797 1814 869 Dialogo
1849 814 1954 852 suo
1979 797 2112 851 bea-

461 883 557 936 tus
589 881 668 934 ait
691 881 1022 954 Gregorius,
1047 885 1220 940 datur
1248 885 1490 959 intelligi
1517 887 1800 958 quasdam
1824 885 2025 957 culpas
2052 885 2109 939 in

462 969 570 1024 hoc
594 969 824 1039 saeculo,
851 973 1138 1043 quasdam
1161 991 1291 1030 vero
1319 976 1377 1029 in
1409 975 1605 1030 futuro
1637 991 1808 1046 posse
1841 974 2107 1030 relaxari.

462 1059 623 1124 Quod
657 1059 813 1114 enim
843 1061 913 1116 de
945 1079 1060 1117 uno
1095 1067 1356 1136 negatur,
1391 1080 1752 1134 consequens
1781 1061 2112 1117 intellectus

461 1151 622 1218 patet
665 1149 819 1219 quod
864 1150 934 1204 de
965 1151 1319 1222 quihusdam
1360 1152 1728 1218 conceditur;
1762 1151 1864 1206 sed
1902 1150 2009 1206 hoc
2040 1151 2111 1206 de

460 1236 655 1307 parvis
685 1238 1068 1311 minimisque
1116 1240 1368 1311 peccatis
1411 1242 1785 1308 credendum,
1821 1244 1927 1306 est,
1961 1240 2113 1295 sicut

462 1329 550 1380 est
570 1326 883 1383 continuus
905 1328 1127 1384 otiosus
1150 1347 1362 1396 sermo,
1385 1329 1804 1385 immoderatus
1825 1329 2002 1395 risus,
2021 1327 2110 1383 vel

461 1414 558 1469 ali.
596 1456 608 1468 .
647 1458 658 1469 .
699 1459 711 1472 .
749 1459 763 1472 .
797 1434 946 1472 curae
983 1418 1311 1486 familiaris,
1350 1423 1406 1474 et
1453 1423 1679 1482 caetera,
1721 1418 1846 1474 sine
1897 1416 2112 1490 quibus

460 1503 583 1559 vita
612 1503 874 1560 humana
907 1523 1020 1561 non
1058 1507 1270 1579 agitur,
1303 1525 1430 1580 qua
1462 1508 1636 1563 etiam
1688 1511 1819 1579 post
1864 1510 2110 1562 mortem

461 1597 726 1663 gravant,
746 1593 796 1649 si
827 1595 1015 1651 adhuc
1037 1596 1096 1650 in
1128 1596 1235 1652 hac
1259 1598 1377 1651 vita
1397 1596 1606 1670 positis
1634 1595 1873 1651 minime
1896 1595 2113 1650 fuerint

462 1680 686 1750 laxata;
720 1699 846 1754 qua:
879 1701 980 1755 per
1018 1685 1215 1756 ignem
1245 1686 1647 1758 purgatorium
1693 1689 1824 1757 post
1863 1687 2110 1740 mortem

460 1767 587 1841 ipse
609 1769 783 1842 paulo
807 1776 938 1844 post
978 1774 1119 1828 dicit
1149 1775 1405 1847 purgari,
1427 1775 1474 1829 si
1500 1773 1558 1828 in
1594 1774 1700 1830 hac
1738 1774 1855 1829 vita
1884 1773 2110 1845 positus

463 1857 573 1914 hoc
603 1859 772 1914 bonis
806 1863 1054 1930 actibus,
1084 1869 1149 1918 ut
1177 1863 1293 1918 illic
1325 1864 1605 1930 obtineat,
1639 1862 1852 1934 aliquis
1882 1879 2113 1934 prome-

462 1951 677 2004 reatur.
703 1948 865 2005 Unde
888 1952 1024 2022 jure
1056 1969 1089 2006 a
1119 1953 1338 2008 sanctis
1366 1952 1703 2008 doctoribus
1735 1950 2112 2023 purgatorius

460 2035 614 2108 ignis
660 2055 789 2095 esse
834 2040 1067 2108 dicitur,
1089 2042 1243 2112 quod
1293 2058 1398 2114 per
1444 2058 1577 2096 eum
1626 2044 1862 2112 peccata
1914 2039 2113 2110 aliqua

460 2131 808 2197 purgantur,
827 2134 999 2200 prout
1031 2130 1310 2196 viventes,
1335 2135 1434 2186 aut
1458 2129 1860 2201 eleemosynis,
1887 2133 1987 2182 aut
2017 2146 2112 2184 sa-

460 2213 720 2286 criﬁciis,
741 2221 843 2272 aut
865 2221 1035 2286 certe,
1063 2217 1212 2273 sicut
1232 2224 1363 2274 ante
1385 2219 1660 2284 diximus,
1683 2219 1899 2273 vicaria
1928 2217 2110 2288 pinni-

458 2303 652 2357 tentie
689 2304 978 2362 solutione
1024 2307 1279 2362 obtinere
1327 2311 1592 2379 possunt.
1618 2307 1780 2362 Unde
1811 2311 1866 2361 et
1895 2306 2110 2362 Paulus

458 2390 540 2444 ait
571 2392 712 2462 quia
737 2412 786 2448 ;‹‹
809 2394 910 2447 Vir
951 2394 1309 2451 fortissimus
1352 2396 1555 2460 Judas,
1581 2394 1890 2450 collatione
1936 2396 2108 2465 facta,

459 2479 623 2535 misit
651 2481 1077 2554 Jerosolymam
1111 2484 1418 2539 duodecim
1457 2483 1640 2540 millia
1679 2483 1989 2539 drachmas
2019 2501 2111 2538 ar-

458 2569 638 2637 genti,
656 2570 859 2626 otferre
873 2588 970 2628 eas
988 2589 1092 2643 pro
1114 2574 1368 2645 peccatis
1385 2577 1770 2640 mortuorum,
1778 2573 1938 2643 juste
1957 2576 2012 2627 et
2032 2589 2112 2626 re-

459 2655 665 2729 ligiose
687 2658 950 2731 cogitans
982 2661 1052 2716 de
1084 2662 1534 2729 resurrectione;
1559 2662 1670 2717 nisi
1704 2662 1858 2716 enim
1887 2677 1986 2715 eos
2011 2661 2108 2732 qui

459 2746 791 2804 ceciderant
817 2755 1248 2807 resurrecturos
1270 2751 1920 2824 speraret,superﬂuum
1951 2751 2107 2806 vide-

461 2840 620 2890 retur
648 2841 707 2892 et
735 2855 950 2894 vanum
984 2857 1147 2895 orare
1190 2857 1294 2912 pro
1327 2840 1594 2895 mortuis.
1617 2862 1644 2888 ››
1671 2839 1888 2894 Deinde
1919 2839 2059 2895 dicit
2092 2856 2105 2894 :

458 2946 485 2974 «
515 2928 727 2981 Sancta
756 2944 892 3000 ergo
913 2932 970 2984 et
998 2928 1253 2985 salubris
1277 2935 1365 2985 est
1385 2929 1654 3002 cogitatio
1682 2946 1784 3000 pro
1818 2927 2108 2984 defunctis

459 3031 713 3084 exorare,
747 3021 812 3073 ut
840 3035 874 3073 a
902 3022 1135 3090 peccato
1165 3018 1464 3074 solvantur
1493 3019 1567 3087 (II
1593 3019 1760 3076 Much.
1795 3021 1916 3086 x11).
1945 3041 1971 3067 ››

525 3105 766 3162 Constat
797 3106 994 3179 igitur,
1017 3113 1082 3162 ut
1111 3107 1386 3176 diximus,
1411 3106 1618 3163 talium
1647 3123 1889 3179 operum
1920 3106 2106 3178 pretio

2216 535 2476 602 tempore
2509 531 2617 586 sibi
2651 532 2862 586 debere
2895 549 3020 588 esse
3065 533 3388 603 subjectam
3417 533 3790 606 conjugiivolu-

2215 624 2456 692 ptatem,
2486 624 2542 676 et
2573 620 2622 676 si
2658 621 3002 676 discernunt
3030 625 3184 676 certa
3206 621 3536 677 concubitus
3564 628 3786 694 tempora,

2219 710 2453 789 quando
2487 711 2838 775 coeundum,
2865 714 2920 764 et
2943 711 3174 781 quando
3197 711 3268 764 ab
3292 710 3554 765 uxoribus
3581 711 3646 766 sit
3661 713 3792 768 absti-

2218 799 2498 854 nendum.
2524 799 2647 854 Non
2671 799 2829 853 enim
2865 798 3002 852 talia
3031 799 3317 853 connubia
3347 798 3669 869 beneplacita
3693 807 3796 856 sunt

2221 891 2355 954 Deo,
2374 887 2588 958 quibus
2619 887 2890 942 homines
2916 887 2986 942 ad
3018 886 3308 941 luxuriam
3333 891 3388 941 et
3408 884 3638 957 delicias,
3656 888 3797 943 instar

2219 974 2588 1043 animalium,
2623 981 3031 1048 provocantur,
3065 975 3161 1048 qui
3212 976 3395 1030 Deum
3443 993 3474 1028 a
3519 993 3613 1030 sua
3653 983 3798 1035 mente

2219 1063 2552 1132 excludunt,
2587 1069 2642 1120 et
2690 1083 2810 1120 suae
2860 1064 3089 1119 libidini
3146 1069 3373 1131 vacant,
3399 1065 3542 1119 sicut
3584 1080 3736 1136 equus
3757 1071 3799 1121 et

2221 1152 2439 1209 mulus.
2461 1153 2566 1217 Qui
2589 1157 2786 1210 autem
2810 1153 2888 1208 ita
2911 1153 3184 1226 conjugio
3207 1154 3489 1221 utitur,ut
3506 1170 3623 1208 cum
3643 1153 3800 1211 timore

2222 1242 2317 1297 Dei
2351 1242 2406 1296 in
2439 1259 2696 1298 amorem
2742 1242 2997 1298 filiorum
3046 1243 3242 1314 potius
3292 1241 3562 1308 intendat,
3586 1258 3728 1313 quam
3753 1249 3802 1298 ut

2219 1331 2537 1402 petulantis
2567 1333 2759 1387 carnis
2790 1331 3182 1403 appetentiam
3222 1330 3465 1402 expleat,
3498 1329 3635 1385 hunc
3674 1330 3804 1403 culpa

2221 1420 2477 1491 conjugii
2512 1421 2582 1475 de
2613 1424 2768 1476 sorte
2797 1420 3058 1476 fidelium
3092 1438 3207 1476 non
3240 1420 3503 1492 privabit.

2295 1507 2599 1564 Falluntur
2628 1509 2808 1580 igitur
2829 1509 2929 1581 qui
2955 1510 3296 1581 conjugatos
3317 1526 3349 1562 a
3371 1524 3542 1580 regno
3563 1507 3653 1563 Dei
3670 1513 3809 1564 exter-

2221 1595 2533 1652 minandos
2583 1597 2900 1665 affirmant,
2941 1598 3257 1669 praesertim
3301 1613 3436 1652 cum
3478 1597 3530 1651 in
3561 1596 3808 1669 Evangelio

2221 1684 2564 1755 hujusmodi
2619 1685 3018 1742 testimonium
3067 1685 3415 1750 habeamus,
3452 1689 3507 1740 et
3557 1685 3811 1758 apostolica

2219 1773 2456 1828 traditio
2483 1773 2656 1829 talem
2694 1773 2963 1829 humana:
2987 1774 3432 1830 consuetudinis
3458 1773 3631 1846 legem
3657 1772 3810 1828 multis

2224 1861 2281 1915 in
2314 1860 2459 1917 locis
2492 1863 2818 1918 conﬁrmet.
2852 1864 2931 1919 De
2962 1881 3074 1935 qua
3106 1879 3167 1918 re
3200 1862 3309 1918 hoc
3340 1879 3521 1918 unum
3551 1879 3614 1918 ex
3635 1879 3716 1918 ore
3736 1862 3813 1918 Ve-

2221 1950 2413 2005 ritatis
2445 1952 2849 2007 testimonium
2878 1951 3249 2023 proferimus.

2292 2039 2460 2107 Nam,
2483 2039 2790 2096 Pharisaeis
2810 2040 3170 2096 tentantibus
3191 2041 3239 2097 si
3263 2040 3466 2095 liceret
3486 2039 3686 2094 homini
3705 2055 3811 2094 uxo-

2222 2143 2344 2182 rem
2379 2145 2548 2184 suam
2581 2130 2874 2184 dimittere
2905 2146 3256 2202 quacunque
3304 2145 3374 2184 ex
3423 2145 3611 2196 causa,
3640 2127 3720 2183 ille
3753 2144 3815 2182 re-

2221 2217 2518 2288 spondens
2543 2216 2620 2272 ait
2641 2235 2689 2272 :u
2711 2219 2835 2273 Non
2859 2218 3081 2290 legistis
3100 2218 3234 2289 quia
3253 2218 3356 2288 qui
3383 2217 3532 2283 fecit,
3547 2215 3818 2271 masculum

2219 2310 2275 2360 et
2309 2307 2584 2361 feminam
2617 2307 2687 2362 ab
2707 2306 2871 2362 initio
2897 2307 3160 2373 feciteos,
3185 2310 3243 2361 et
3263 2307 3413 2361 dixit
3439 2324 3452 2361 :
3477 2306 3695 2378 Propter
3732 2303 3813 2360 hoc

2220 2394 2478 2450 dimittet
2532 2395 2702 2450 homo
2755 2400 2984 2466 patrem
3031 2400 3089 2450 et
3137 2399 3414 2462 matrem,
3460 2398 3516 2449 et
3562 2392 3821 2448 adharehit

2219 2483 2382 2538 uxori
2415 2501 2556 2550 suae,
2583 2487 2639 2538 et
2665 2488 2838 2538 erunt
2888 2484 3002 2538 duo
3035 2483 3091 2538 in
3125 2500 3305 2538 carne
3341 2500 3479 2538 una.
3513 2482 3694 2554 Itaque
3726 2482 3821 2552 jam

2221 2589 2334 2626 non
2363 2577 2504 2628 sunt
2545 2573 2681 2638 duo,
2716 2573 2820 2628 sed
2853 2590 2967 2627 una
3006 2589 3158 2628 caro.
3193 2573 3364 2638 Quod
3398 2588 3533 2645 ergo
3560 2572 3694 2626 Deus
3720 2587 3821 2625 con-

2210 2661 2430 2731 junxit,
2455 2661 2628 2716 homo
2673 2677 2788 2715 non
2839 2665 3062 2732 separet
3087 2662 3313 2732 (Matth.
3341 2664 3483 2729 XIX).
3514 2683 3542 2709 ››
3563 2659 3825 2731 Requiren-

2219 2750 2376 2804 tibus
2408 2753 2610 2804 autem
2659 2747 2798 2817 illis,
2827 2756 2888 2804 ut
2918 2749 3058 2820 quid
3108 2750 3343 2821 Moyses
3395 2749 3708 2804 mandasset
3731 2745 3824 2801 dari

2218 2837 2482 2894 libellum
2511 2837 2764 2909 repudii
2791 2842 2848 2893 et
2892 2837 3206 2904 dimittere,
3242 2839 3330 2892 ait
3379 2837 3494 2893 illis
3520 2856 3568 2893 :«
3593 2836 3826 2902 Quoniam

2220 2927 2448 3000 Moyses
2471 2929 2541 2982 ad
2574 2926 2853 2981 duritiam
2877 2927 3068 2982 cordis
3088 2927 3265 2982 vestri
3299 2927 3574 2998 permisit
3601 2926 3742 2980 vobis
3762 2924 3827 2976 di-

2218 3017 2451 3072 mittere
2498 3033 2706 3071 uxores
2753 3019 3004 3083 vestras;
3038 3016 3110 3070 ab
3141 3015 3309 3070 initio
3363 3021 3557 3072 autem
3602 3031 3704 3069 non
3748 3011 3830 3066 fuit

2215 3106 2318 3160 sic.
2341 3105 2475 3159 Dico
2507 3111 2703 3160 autem
2735 3104 2898 3160 vobis
2920 3105 3058 3175 quia
3078 3104 3423 3176 quicunque
3454 3119 3696 3166 uxorem,
3735 3097 3830 3155 nisi

452 3195 759 3252 defunctos
788 3213 960 3268 posse
993 3213 1027 3252 a
1055 3197 1309 3268 peccatis
1356 3195 1596 3262 absolvi,
1625 3194 1842 3267 alioqui
1889 3195 2104 3251 Paulus
2135 3180 2177 3246 C
2217 3194 2287 3248 ob
2323 3193 2781 3260 fornicationem,
2807 3192 3114 3260 dimiserit,
3149 3195 3204 3247 et
3235 3192 3421 3247 aliam
3451 3192 3686 3256 duxerit,
3719 3205 3828 3243 mm-

453 3285 961 3356 apostolus,cujus
992 3301 1093 3341 vos
1124 3286 1422 3340 auditores
1465 3301 1592 3340 esse
1624 3283 1974 3352 mentimini,
2000 3302 2105 3339 ne-

451 3389 751 3445 quaquam
783 3374 1110 3429 audiendus
1133 3378 1306 3441 esset,
1325 3373 1423 3444 qui
1448 3374 1590 3428 dicit
1615 3371 1863 3445 lignum,
1883 3373 2104 3439 fenum,

451 3461 758 3534 stipulam,
787 3461 845 3515 id
886 3465 996 3526 est,
1025 3465 1262 3530 peccata
1304 3462 1551 3516 minima
1599 3467 1772 3532 atque
1810 3460 2110 3517 levissima

453 3548 588 3621 igne
604 3549 942 3620 purgatorio
960 3548 1127 3604 facile
1145 3549 1410 3604 consumi
1431 3567 1443 3617 ;
1463 3549 1676 3620 quibus
1695 3548 1972 3604 nimirum
1992 3566 2107 3604 non

456 3635 814 3708 purgatoria,
832 3637 933 3690 sed
955 3639 1170 3691 interna
1190 3635 1479 3708 supplicia
1503 3635 1874 3704 inferrentur,
1896 3636 2009 3692 nisi
2033 3642 2112 3691 ta-

458 3724 615 3780 libus
637 3724 849 3780 hostiis
870 3725 1333 3795 promeruissent
1357 3723 1488 3796 igne
1519 3725 1857 3798 purgatorio
1881 3725 2106 3781 resolvi.

1028 3814 1094 3869 X.
1127 3816 1202 3870 De
1235 3813 1539 3870 connubiis.

535 3907 610 3957 De
631 3901 941 3959 connubiis
981 3919 1134 3970 vero,
1161 3920 1286 3975 quae
1325 3919 1427 3958 vos
1464 3907 1665 3958 contra
1694 3902 2026 3975 evangelica
2055 3907 2112 3958 et

461 3990 781 4064 apostolica
810 3992 1040 4048 decreta
1064 3991 1348 4065 sacrilega
1377 3996 1572 4046 mente
1605 3991 1997 4047 abominanda
2018 3993 2113 4063 ju-

460 4080 688 4148 dicatis,
713 4081 975 4136 dicentes
1007 4082 1351 4153 conjugatos
1381 4081 1437 4135 in
1472 4085 1688 4137 sortem
1719 4080 1979 4136 fidelium
2011 4098 2110 4137 ne-

460 4187 756 4241 quaquam
789 4170 1237 4241 computandos,
1271 4169 1455 4225 multa
1497 4176 1832 4225 sanctorum
1871 4171 2109 4224 Patrum

459 4263 770 4313 occurrunt
800 4257 1065 4330 exempla
1091 4275 1219 4329 quas.
1252 4259 1322 4314 ad
1369 4257 1730 4313 inﬁdelitatis
1770 4258 1950 4329 hujus
1988 4257 2110 4313 bla-

458 4347 788 4420 sphemiam
819 4346 1236 4402 confutandam
1269 4347 1413 4402 satis
1444 4347 1756 4402 sufficiant.
1789 4346 1866 4402 De
1898 4347 2112 4418 quibus

458 4453 565 4491 nos
599 4452 984 4507 responsuros
1016 4435 1270 4507 quodam
1301 4436 1671 4491 discretionis
1715 4435 2110 4507 gubernaculo

2216 3282 2424 3336 chatur
2463 3282 2668 3350 (Ibid.).
2698 3304 2724 3329 ››
2750 3281 2954 3336 Petrus
2994 3285 3189 3335 autem
3223 3280 3280 3334 in
3316 3280 3580 3352 Epistola
3607 3297 3702 3334 sua
3729 3277 3825 3332 ait:

2217 3394 2244 3422 ‹‹
2281 3370 2555 3426 Mulieres
2589 3369 2836 3426 subditae
2873 3370 2990 3424 sint
3011 3369 3152 3424 viris
3184 3368 3334 3437 suis,
3368 3374 3432 3424 ut
3466 3375 3523 3424 et
3552 3369 3596 3423 si
3626 3367 3714 3440 qui
3739 3380 3827 3419 non

2217 3461 2465 3516 credunt
2498 3461 2691 3526 verbo,
2727 3476 2830 3531 per
2871 3457 3181 3514 mulierum
3214 3457 3706 3514 conversationem
3735 3453 3830 3508 sine

2216 3550 2391 3604 verbo
2424 3547 2719 3603 lucriﬁant
2755 3549 2824 3619 (ΙΙ
2849 3553 2992 3604 Petr.
3018 3547 3124 3617 ιιι).
3150 3570 3169 3596 υ
3197 3547 3266 3601 Et
3319 3546 3520 3619 paulo,
3548 3549 3668 3618 post
3691 3561 3736 3597 τε
3761 3540 3830 3596 Sic

2219 3638 2375 3694 enim
2414 3636 2723 3709 aliqaando
2774 3642 2831 3692 et
2877 3640 3088 3692 sancte
3137 3635 3443 3703 mulieres,
3481 3637 3755 3707 sperantes
3789 3629 3829 3682 in

2219 3728 2356 3797 Deo,
2408 3727 2694 3796 ornabant
2747 3742 2830 3792 se,
2863 3726 3135 3796 subjecta:
3195 3725 3458 3796 propriis
3517 3723 3665 3788 viris,
3717 3720 3833 3774 sicut

2219 3817 2364 3872 Sara
2419 3814 2726 3870 obediebat
2781 3814 3054 3882 Abrahae,
3109 3812 3426 3869 dominum
3486 3829 3616 3868 eum
3667 3823 3834 3863 vocans

2221 3905 2466 3977 (Ibid.).»
2489 3905 2559 3958 Et
2588 3903 2799 3958 iterum
2835 3920 2883 3957 :u
2908 3902 3026 3956 Viri
3061 3900 3334 3958 similiter
3361 3901 3743 3957 cohabitantes
3765 3911 3828 3950 se-

2221 3994 2479 4049 cundum
2514 3991 2841 4058 scientiam,
2867 3990 3032 4062 quasi
3067 3990 3383 4045 infirmiori
3415 3988 3648 4045 vasculo
3676 3983 3835 4042 mulie-

2220 4082 2308 4136 bri
2336 4080 2734 4152 impertientes
2765 4080 3045 4134 honorem
3077 4079 3290 4146 (Ibid.).
3317 4100 3346 4128 κ
3385 4079 3552 4134 Unde
3589 4082 3641 4132 et
3671 4076 3832 4130 beatus

2221 4169 2437 4225 Paulus
2469 4169 2540 4224 ad
2568 4168 2897 4222 Corinthios
2928 4171 3010 4222 ait
3037 4185 3056 4222 :
3081 4189 3108 4215 «
3134 4167 3366 4222 Bonum
3399 4173 3494 4223 est
3518 4163 3721 4222 homini
3746 4175 3834 4216 non

2219 4264 2457 4329 tangere
2511 4257 2851 4323 mulierem;
2904 4259 3138 4328 propter
3182 4255 3631 4311 fornicationem
3679 4254 3833 4305 autem

2221 4347 2630 4418 unusquisque
2663 4361 2829 4400 suam
2874 4360 3108 4399 uxorem
3143 4343 3384 4414 habeat,
3412 4348 3470 4399 et
3521 4350 3834 4413 unaquaque

2219 4437 2409 4490 virum
2444 4452 2617 4490 sunm
2649 4433 2880 4489 habeat.
2911 4433 3081 4488 Uxori
3113 4433 3201 4487 vir
3232 4433 3504 4487 debitum
3550 4430 3752 4490 reddat,
3775 4424 3834 4478 si-

458 4523 643 4579 nostri
665 4523 954 4578 sermonis
977 4525 1236 4579 carinam
1260 4523 1528 4598 subigere
1552 4528 1796 4596 oportet,
1822 4541 1914 4591 ne,
1943 4523 2110 4596 quasi
2144 4547 2190 4611 D
2223 4524 2438 4579 militer
2486 4529 2541 4579 et
2585 4541 2729 4578 uxor
2766 4522 2886 4578 viro
2929 4523 2976 4592 (Ι
3001 4525 3124 4577 Cor.
3154 4522 3278 4592 vn).
3308 4543 3337 4569 ››
3370 4522 3445 4576 Et
3488 4518 3653 4592 paulo
3697 4515 3832 4608 post:

456 4613 610 4667 inter
625 4613 776 4668 duos
793 4612 1065 4684 scopulos
1082 4613 1450 4687 naufragium
1475 4614 2111 4684 incurrentes,occasio-

457 4719 591 4758 nem
622 4701 831 4756 demus
860 4701 920 4755 in
959 4700 1566 4768 alterutrum,sci1icet
1587 4707 1687 4757 aut
1720 4718 1923 4758 omnes
1954 4701 2108 4757 indi-

456 4795 694 4850 scretea
720 4790 1010 4862 conjugiis
1041 4791 1400 4858 exterrendo,
1426 4795 1525 4845 aut
1553 4807 1756 4846 omnes
1795 4791 2107 4846 indiscrete

454 4883 525 4936 ad
559 4880 851 4936 connubia
881 4880 1327 4936 commonendo.
1351 4881 1522 4935 Porro
1556 4880 1706 4936 sicut
1743 4880 1894 4936 inter
1924 4898 2104 4936 saecu-

453 4970 604 5026 lares
625 4974 681 5026 et
701 4969 1128 5026 ecclesiasticos
1141 4969 1292 5025 viros
1310 4969 1574 5040 quaedam
1594 4959 1816 5024 ordinis
1834 4969 2103 5025 discretio

454 5065 562 5127 est,
586 5059 669 5115 ita
698 5063 754 5115 et
782 5059 1142 5115 conversatio
1185 5076 1386 5114 eorum
1433 5059 1687 5129 quadam
1736 5056 2103 5114 discretionis

453 5147 677 5203 ratione
711 5148 994 5202 servanda
1033 5150 1139 5203 est.
1165 5147 1307 5203 Nam
1341 5147 1430 5201 vir
1459 5146 1906 5213 ecclesiasticus,
1944 5152 2103 5218 post—

453 5254 632 5308 quam
664 5235 861 5292 relicta
887 5236 1084 5292 szeculi
1120 5236 1329 5291 militia
1359 5236 1416 5290 in
1449 5240 1664 5290 sortem
1700 5235 1929 5289 Domini
1952 5252 2103 5290 com-

451 5330 710 5398 putatur,
736 5343 848 5381 non
872 5329 1086 5397 potest,
1111 5325 1267 5380 salvo
1291 5323 1670 5397 professionis
1694 5340 1811 5378 suae
1844 5323 2098 5395 cingulo,

451 5415 745 5487 conjugali
779 5419 904 5470 toro
937 5431 996 5469 se
1028 5415 1240 5469 iterum
1274 5413 1626 5486 mancipare.
1650 5413 1723 5466 At
1753 5412 1892 5466 viris
1924 5430 2100 5469 saecu-

449 5506 695 5569 laribus,
719 5503 818 5574 qui
850 5501 997 5556 nulli
1038 5501 1412 5556 ecclesiastici
1459 5502 1762 5574 rcgiminis
1783 5503 1928 5574 jugo
1961 5507 2100 5558 sunt

449 5591 702 5659 obnoxii,
730 5606 832 5646 nec
852 5589 1199 5661 evangelica,
1226 5606 1327 5645 nec
1361 5591 1677 5662 apostolica
1697 5591 1927 5646 decreta
1957 5590 2098 5664 legi-

2221 4634 2248 4661 «
2283 4610 2383 4665 His
2414 4616 2608 4666 autem
2640 4608 2744 4680 qui
2773 4608 2831 4662 in
2864 4608 3239 4663 matrimonio
3261 4608 3462 4678 juncti
3496 4610 3648 4671 sunt,
3670 4599 3837 4675 praeci-

2218 4700 2312 4772 pio
2335 4717 2450 4754 non
2473 4715 2599 4770 ego,
2625 4698 2726 4753 sed
2753 4698 3061 4764 Dominus,
3087 4713 3325 4751 uxorem
3349 4714 3384 4751 a
3409 4696 3533 4751 viro
3555 4710 3662 4748 non
3683 4690 3834 4746 disce-

2217 4789 2380 4856 dere;
2433 4788 2586 4860 quod
2645 4787 2693 4842 si
2750 4785 3107 4852 discesserit,
3153 4801 3393 4840 manere
3458 4785 3732 4854 inupt—am,
3761 4779 3838 4830 aut

2215 4879 2334 4933 viro
2367 4895 2473 4933 suo
2501 4875 2887 4940 reconciliari;
2917 4878 2973 4929 et
3012 4874 3102 4928 vir
3136 4889 3379 4928 uxorem
3433 4889 3550 4927 non
3597 4867 3833 4924 dimittat.

2215 4966 2272 5021 Si
2309 4965 2442 5037 quis
2498 4966 2674 5019 frater
2722 4980 2959 5018 uxorem
3014 4962 3228 5016 habeat
3284 4959 3608 5028 inﬁdelem,
3643 4961 3696 5011 et
3739 4953 3835 5008 haec

2214 5054 2502 5110 consentit
2536 5053 2799 5108 habitare
2833 5068 2965 5106 cum
3000 5050 3121 5120 illo,
3149 5067 3264 5106 non
3297 5048 3562 5104 dimittat
3590 5045 3765 5102 illam;
3791 5043 3834 5093 et

2213 5144 2260 5198 si
2295 5161 2420 5214 qua:
2452 5141 2662 5196 mulier
2701 5141 2876 5195 habet
2905 5139 3096 5194 virum
3146 5136 3470 5205 infidelem,
3501 5141 3556 5192 et
3586 5126 3835 5190 consentit

2211 5231 2475 5286 habitare
2527 5247 2662 5284 cum
2723 5229 2839 5296 illa,
2895 5246 3009 5284 non
3059 5227 3316 5283 dimittat
3377 5226 3602 5288 virum;
3652 5214 3829 5276 sancti-

2211 5321 2418 5376 ﬁcatus
2477 5323 2564 5374 est
2627 5319 2714 5373 vir
2787 5317 3037 5373 infidelis
3105 5334 3206 5389 per
3274 5314 3586 5370 mulierem
3638 5305 3833 5364 ﬁdelem

2210 5410 2412 5483 (Ibid.).
2441 5430 2467 5461 ι)
2494 5410 2561 5463 Et
2605 5425 2811 5463 rursus
2860 5425 2995 5463 cum
3029 5407 3100 5461 de
3139 5404 3472 5478 virginibus
3516 5402 3831 5483 praeceptum

2209 5499 2438 5554 Domini
2473 5515 2532 5553 se
2561 5515 2677 5552 non
2712 5497 2924 5551 habere
2953 5495 3526 5563 diceret,conversus
3555 5488 3626 5544 ad
3665 5482 3832 5554 conju-

2208 5593 2373 5661 gatos
2406 5587 2487 5644 ait
2520 5605 2532 5642 :
2562 5585 2892 5642 «Existimo
2923 5584 3033 5642 hoc
3071 5585 3290 5641 bonum
3333 5598 3466 5640 esse
3509 5581 3734 5652 propter
3759 5573 3834 5626 in-
