4060 6174
202 273 355 341 1301

1425 277 1628 340 ACTA
1673 276 1958 344 SYNODI
2001 273 2386 339 ATREBAT.

3452 265 3608 337 1302

199 412 450 470 stantem
483 407 912 480 necessitatem,
945 408 1223 484 quoniam
1255 409 1476 469 bonum
1497 414 1586 470 est
1623 409 1846 468 homini
1875 416 1925 482 Α
1960 427 2063 483 pro
2095 406 2880 483 periclitantibus,gemitum
2912 423 3016 482 pro
3046 404 3444 481 pereuntibus,
3470 403 3610 462 cum'

200 499 280 572 sic
312 513 459 556 esse.
493 497 776 573 Alligatus
808 516 869 556 es
901 500 1107 558 uxori?
1137 501 1255 558 noli
1304 519 1558 574 quaerere
1601 501 1840 557 solutio-

200 606 360 656 nem;
396 588 445 644 si
501 593 696 645 autem
754 591 1044 662 acceperis
1106 609 1368 658 uxorem,
1422 609 1536 646 non
1590 591 1878 663 peccasti'

199 671 259 748 (Ι
276 679 398 734 Coa.
422 678 580 749 vn).»
606 678 822 733 Scribit
843 683 1037 734 autem
1060 681 1131 735 ad
1150 680 1430 752 Ephesios
1451 681 1532 736 ita
1556 698 1567 734 :
1595 703 1620 729 «
1647 678 1844 736 Mulie-

199 785 288 825 res
318 767 456 822 viris
487 767 611 822 suis
639 767 884 823 subditae
917 768 1056 833 sint,
1085 769 1235 825 sicut
1268 770 1537 836 Domino;
1563 769 1841 841 quoniam

198 857 284 912 vir
312 861 487 928 caput
517 860 605 912 est
637 855 920 924 mulieris,
955 857 1107 912 sicut
1131 858 1402 915 Christus
1427 860 1600 931 caput
1631 862 1721 914 est
1742 857 1842 911 Ec-

201 944 384 1002 clesiae
404 945 616 1016 (Ephes.
639 945 717 1015 v).
744 969 771 994 »
804 947 870 1000 Et
901 945 1112 1000 iterum
1139 965 1152 1002 :
1180 970 1206 996 ‹‹
1231 947 1372 1016 Viri,
1391 945 1614 1019 diligite
1635 962 1843 1001 uxores

198 1033 672 1100 vestras,sicutet
700 1033 964 1090 Christus
995 1035 1194 1090 dilexit
1226 1036 1543 1092 Ecclesiam
1577 1034 1788 1108 (Ibid.).
1811 1055 1839 1085 ››

199 1124 265 1180 Et
293 1122 504 1178 iterum
539 1139 550 1177 :
581 1145 609 1172 «
642 1122 749 1186 Qui
782 1140 949 1179 suam
982 1141 1219 1180 uxorem
1252 1124 1730 1198 diligit,seipsum
1762 1123 1846 1179 di-

198 1211 322 1285 ligit
343 1212 556 1283 (Ibid.).
580 1234 606 1260 »
630 1211 842 1267 Scribit
872 1217 1067 1268 autem
1099 1217 1154 1268 et
1180 1215 1250 1269 ad
1276 1215 1474 1269 Titum
1497 1214 1605 1270 hoc
1631 1213 1801 1269 modo
1827 1231 1840 1268 :

198 1323 225 1351 «
254 1299 733 1355 Adolescentulas
782 1301 921 1356 doce
969 1305 1034 1357 ut
1071 1302 1234 1360 viros
1266 1321 1406 1358 suos
1439 1307 1656 1370 ament,
1691 1301 1842 1358 ﬁlios

196 1388 458 1460 diligant,
474 1389 810 1460 prudentes,
828 1389 1054 1458 sobriae,
1080 1392 1292 1446 domus
1314 1391 1594 1447 habentes
1617 1408 1840 1456 curam,

197 1477 438 1534 subditae
493 1477 618 1532 suis
673 1476 812 1532 viris
845 1477 974 1549 (Tit.
1007 1479 1090 1550 11).
1121 1502 1147 1528 »
1183 1480 1252 1535 Et
1295 1480 1367 1535 ad
1417 1479 1789 1536 Timotheum
1825 1496 1838 1534 :

196 1589 222 1616 «
253 1564 751 1632 Adolescentulas,
786 1565 997 1638 inquit,
1029 1567 1234 1626 viduas
1265 1568 1484 1637 devita;
1508 1586 1640 1624 cum
1684 1567 1841 1623 enim

196 1653 493 1716 luxuriatae
544 1655 760 1709 fuerint
810 1655 867 1709 in
911 1655 1160 1724 Christo,
1196 1659 1413 1712 nubere
1455 1657 1688 1725 volunt;
1737 1657 1839 1712 ha-

198 1744 392 1799 bentes
424 1743 882 1810 damnationem,
915 1745 1056 1817 quia
1103 1747 1352 1818 primam
1389 1748 1562 1802 fidem
1615 1747 1839 1802 irritam

196 1830 622 1888 fecerunt.Volo
652 1848 787 1904 ergo
812 1833 1076 1904 juniores
1098 1835 1495 1902 nubere,tilios
1517 1852 1839 1908 procreare,

196 1920 671 1977 matresfamilias
703 1922 1080 1989 esse,nullam
1104 1925 1470 1980 occasionem
1501 1925 1638 1980 dare
1663 1924 1842 1979 male-

196 2010 328 2065 dicti
360 2010 723 2081 gratia;jam
756 2011 912 2065 enim
948 2013 1212 2084 quaedam
1245 2030 1534 2068 conversae
1579 2015 1718 2068 sunt
1749 2029 1842 2068 re-

193 2101 278 2155 tro
306 2102 585 2154 Satanam
619 2099 664 2168 (ι
698 2100 830 2168 Tim,
854 2099 932 2171 v).
961 2121 988 2148 ››
1011 2101 1079 2155 Et
1107 2101 1178 2155 ad
1212 2099 1585 2157 Colossenses
1610 2118 1622 2155 :
1649 2099 1840 2166 «Viri,

194 2187 399 2259 inquit,
427 2186 653 2258 diligite
688 2203 892 2243 uxores
921 2193 1164 2256 vestras,
1186 2194 1242 2244 et
1271 2189 1446 2245 nolite
1491 2190 1675 2244 amari
1716 2206 1844 2245 esse

195 2275 263 2330 ad
295 2275 428 2332 illas
460 2277 678 2348 (Coloss.
714 2281 818 2344 ιιι).
857 2299 883 2324 ››

261 2364 404 2419 Cum
441 2363 620 2436 igitur
644 2365 763 2420 haec
795 2365 1065 2421 humanm
1088 2368 1533 2423 consuetudinis
1554 2366 1643 2422 lex
1666 2366 1844 2423 tantis

195 2451 396 2507 divinae
422 2453 784 2509 auctoritatis
807 2453 1079 2510 fulciatur
1107 2455 1417 2521 institutis,
1439 2455 1717 2512 nimirum
1741 2455 1844 2511 ah-

188 2540 448 2610 jicienda
471 2546 559 2597 est
576 2546 778 2598 vestra:
801 2542 1086 2599 haereseos
1109 2561 1173 2600 ac
1196 2545 1426 2616 penitus
1449 2544 1846 2600 conculcanda

196 2628 474 2684 doctrina.
510 2629 654 2685 Nam
689 2648 735 2685 su
765 2631 1092 2704 eonjugalis
1123 2633 1368 2688 societas
1398 2632 1622 2688 homini
1668 2649 1847 2688 causa

197 2721 346 2772 esset
378 2717 849 2792 perditionis,qui
873 2719 1028 2775 venit
1043 2721 1301 2792 perditos
1322 2738 1592 2794 reparare
1614 2719 1845 2776 nullum

196 2806 356 2861 daret
386 2807 568 2876 hujus
600 2808 820 2880 copulre
852 2809 1290 2877 documentum,
1326 2809 1554 2864 nullum
1596 2826 1847 2880 praecep-

197 2894 575 2950 tum.Paulns
607 2895 879 2967 denique,
909 2896 1009 2968 qui
1043 2901 1206 2952 tanto
1237 2897 1540 2952 charitatis
1573 2897 1704 2969 igne
1744 2897 1848 2951 fla-

193 2983 400 3054 grabat
421 2986 486 3037 ut
517 2983 692 3038 etiam
727 3001 828 3055 pro
863 2984 1141 3039 fratribus
1172 2985 1486 3040 anathema
1533 2985 1654 3040 fieri
1684 2989 1847 3056 opta-

192 3075 298 3139 ret,
324 3070 555 3125 nullum
587 3088 764 3143 super
811 3071 1149 3143 hujusmodi
1202 3074 1365 3128 daret
1411 3073 1765 3139 consultum,
1800 3071 1847 3129 si

1952 499 2227 556 ﬂentibus
2277 500 2503 568 ﬂentes,
2563 515 2697 554 cum
2759 496 3295 553 scandalizantibus
3347 501 3603 552 urentes.

1951 589 2282 654 Quinetiam
2315 589 2622 644 adversum
2655 589 2925 642 humanm
2949 586 3385 658 spiritualisque
3409 585 3609 658 nequi-

1950 678 2064 743 tiae,
2087 678 2316 734 diversa
2347 677 2667 733 certamina
2698 693 2930 749 semper
2960 676 3020 730 in
3054 677 3137 730 eis
3182 675 3422 731 emicuit
3445 675 3606 731 forti-

1951 768 2094 822 tudo
2119 766 2408 834 vincendi,
2444 765 2724 839 patientia
2756 765 3154 838 exspectandi,
3198 763 3605 836 aequanimitas

1953 855 2301 911 sustinendi.
2335 855 2559 919 Quibus
2590 855 2696 911 etsi
2731 871 3042 926 percussor
3072 855 3317 918 deesset,
3353 852 3462 925 ipsi
3495 852 3606 908 sibi

1952 944 2313 1016 percussoris
2337 943 2731 1000 ministerium
2763 943 3202 1015 suppleverunt.
3218 943 3363 997 Nam
3386 941 3525 1014 quid
3546 941 3605 996 in

1951 1032 2035 1088 eis
2086 1033 2342 1088 carnifex
2390 1032 2544 1088 aliud
2599 1032 2795 1087 feriret
2833 1049 3010 1104 quam
3061 1031 3312 1103 corpus?
3340 1032 3411 1086 Et
3454 1034 3606 1085 certe

1953 1121 2108 1193 quod
2166 1122 2239 1177 ad
2295 1126 2661 1177 momentum
2711 1138 3019 1193 percussor
3069 1120 3300 1185 faceret,
3335 1119 3445 1192 ipsi
3494 1119 3606 1174 sibi

1949 1209 2122 1284 longo
2155 1210 2414 1266 cruciatu
2449 1210 2790 1277 intulerunt,
2811 1226 2942 1265 cum
2973 1210 3165 1266 carnis
3197 1207 3608 1280 concupiscen-

1952 1300 2064 1355 tias
2095 1298 2153 1354 in
2181 1317 2244 1356 se
2275 1300 2632 1365 occiderunt,
2666 1303 2724 1354 et
2768 1300 2923 1371 quod
2973 1315 3169 1364 suave,
3203 1299 3358 1371 quod
3411 1296 3601 1366 dulce,

1954 1389 2108 1460 quod
2139 1388 2554 1461 voluptuosum
2588 1389 2794 1453 fuerat,
2828 1389 3190 1443 ademerunt.

2025 1477 2197 1532 Porro
2228 1476 2473 1549 poenalis
2505 1493 2702 1532 carcer
2731 1475 2815 1532 eis
2843 1493 2958 1532 non
2982 1475 3184 1544 defuit,
3212 1475 3310 1548 qui
3342 1493 3402 1533 se
3455 1477 3605 1530 inter

1953 1568 2264 1637 angustam
2297 1564 2565 1621 aridioris
2588 1565 2716 1618 vitae
2740 1565 3065 1620 custodiam
3095 1583 3127 1619 a
3153 1564 3354 1619 mundi
3407 1563 3602 1618 illece—

1950 1654 2072 1709 bris
2091 1653 2523 1720 concluserunt,
2541 1671 2791 1726 quorum
2816 1670 2983 1708 mens
2998 1653 3603 1719 lucidissima,manus

1952 1743 2137 1816 plenae
2168 1743 2489 1811 munditiae,
2523 1760 2589 1798 eo
2621 1743 2775 1815 quod
2828 1742 2886 1798 in
2935 1759 3139 1798 mensa
3179 1741 3378 1797 altaris
3409 1757 3603 1796 sacro-

1953 1836 2156 1892 sancta
2185 1833 2443 1905 corporis
2473 1837 2530 1887 et
2559 1831 2866 1904 sanguinis
2898 1831 3173 1904 mysteria
3223 1831 3600 1895 celebrantes,

1951 1925 2008 1976 et
2038 1922 2095 1975 in
2130 1920 2219 1975 sui
2251 1921 2441 1976 cordis
2472 1919 2868 1994 penetralibus
2889 1919 3142 1976 hostiam
3163 1919 3351 1974 vivam
3374 1925 3603 1990 Deoque

1950 2009 2296 2082 placentem,
2329 2010 2387 2064 id
2437 2014 2543 2078 est,
2579 2009 2924 2081 semetipsos
2975 2009 3101 2065 sine
3150 2006 3382 2063 macula
3428 2011 3602 2077 atque

1953 2099 2306 2154 admistione
2336 2097 2496 2171 pravi
2527 2099 2718 2170 cperis
2768 2098 2972 2154 offerre
3017 2115 3134 2152 non
3168 2097 3479 2152 desistunt.
3511 2096 3601 2160 Et,

1953 2188 2104 2242 sicut
2124 2188 2401 2254 diximus,
2425 2187 2560 2242 licet
2589 2186 2950 2259 percussoris
2981 2203 3095 2241 non
3125 2186 3446 2241 sensissent
3476 2184 3600 2258 gla-

1953 2276 2139 2343 dium,
2163 2281 2380 2342 tamen,
2402 2292 2504 2348 per
2531 2275 2658 2331 vitae
2691 2275 2965 2331 meritum
2998 2277 3114 2331 Deo
3137 2273 3602 2346 digni,martyrio
3689 2289 3696 2294 '

1931 2382 2069 2420 -non
2102 2364 2570 2437 privantur,quia
2591 2364 2933 2437 martyrium
2962 2381 3074 2418 non
3101 2362 3291 2420 solum
3324 2363 3608 2419 effusione

1955 2453 2283 2526 sanguinis,
2316 2454 2415 2509 sed
2467 2453 2822 2508 abstinentia
2871 2458 3238 2525 peccatorum
3272 2453 3606 2525 perficitur;

1957 2542 2215 2614 alioquin
2240 2542 2409 2614 longe
2439 2560 2473 2596 a
2505 2560 2637 2596 vero
2662 2542 2893 2597 differre
2914 2542 3207 2597 videbitur
3245 2542 3396 2613 quod
3420 2559 3488 2597 ex
3511 2558 3607 2596 ore

1954 2630 2230 2686 Veritatis
2262 2631 2332 2685 ad
2368 2631 2514 2685 duos
2547 2630 2757 2684 fratres
2775 2629 2926 2684 ﬁlios
2958 2629 3212 2684 Zebedzci
3237 2629 3458 2684 dictum
3480 2633 3605 2683 est:

1959 2742 1987 2768 «
2015 2719 2266 2776 Calicem
2299 2719 2536 2790 quidem
2571 2735 2768 2774 meum
2799 2718 3012 2773 bibetis
3034 2718 3242 2789 (Matth.
3272 2718 3388 2788 xx).
3417 2740 3441 2766 »
3464 2719 3610 2772 Cum

1958 2824 2143 2862 unum
2174 2806 2410 2878 quidem
2445 2805 2637 2879 gladio
2669 2805 3035 2872 occubuisse,
3067 2803 3316 2860 alterum
3366 2805 3424 2860 in
3473 2822 3614 2878 pace

1961 2895 2228 2951 Ecclesiae
2261 2894 2550 2966 quievisse
2580 2893 2864 2966 legamus.

2031 2984 2140 3040 Sed
2176 3000 2362 3054 neque
2413 2981 2531 3036 ullo
2580 2987 2885 3036 auctorum
2933 2975 3250 3054 exemplari
3296 2981 3616 3036 ostendunt

1961 3073 2189 3128 beatam
2204 3071 2300 3126 Dei
2321 3070 2656 3144 genitricem
2673 3070 2914 3125 Mariam
2933 3069 3128 3142 gladio
3140 3069 3315 3124 vitam
3335 3069 3616 3138 ﬁnisse,et

193 3157 299 3213 hoc
329 3159 401 3213 ad
436 3159 851 3214 detrimentum
883 3161 1090 3216 anima:
1136 3165 1398 3232 spectare
1445 3160 1844 3218 intellexisset.
1879 3154 1922 3220 C
1962 3162 2010 3215 si
2045 3160 2440 3233 perSpiritum
2465 3158 2980 3215 sanctumSimeon
3000 3159 3282 3231 propheta
3300 3175 3612 3230 passuram

195 3247 303 3301 Sed
337 3247 407 3301 de
438 3247 530 3302 his
563 3248 706 3304 satis
738 3249 808 3303 ad
842 3265 1104 3320 praesens
1138 3249 1385 3305 dictum.

714 3336 805 3392 ΧΙ.
838 3339 914 3392 De
941 3339 1352 3408 confessoribus.

268 3425 400 3480 Jam
435 3442 568 3485 vero
600 3425 733 3497 quis
762 3443 875 3481 non
899 3427 1093 3482 videat
1113 3445 1212 3483 vos
1235 3427 1292 3482 in
1319 3427 1427 3484 hoc
1450 3428 1853 3500 divinijudicii

204 3517 259 3567 et
287 3514 629 3574 Christiana:
662 3516 1097 3571 communionis
1130 3533 1259 3572 reos
1290 3518 1607 3589 esse,quod
1660 3519 1856 3573 adver-

201 3617 330 3656 sum
362 3601 734 3659 beatissimos
757 3603 969 3660 Christi
994 3605 1356 3661 confessores
1379 3607 1540 3677 pravi
1563 3607 1854 3679 dogmatis

199 3690 544 3746 seditionem
576 3691 860 3765 sacrilego
894 3710 1045 3748 ausu
1077 3693 1858 3766 movetis,dicentes,prtetcr

200 3779 488 3849 apostolos
521 3785 577 3835 et
609 3785 914 3852 martyres,
961 3781 1256 3838 neminem
1295 3783 1430 3853 jure
1479 3784 1760 3849 venerari,
1795 3784 1855 3840 in

199 3868 627 3925 confessoribus
661 3868 888 3924 nullum
922 3871 1142 3926 donum
1185 3871 1418 3926 virtutis
1449 3887 1596 3940 esse,
1628 3889 1732 3927 nec
1781 3873 1854 3927 ab

201 3955 280 4010 eis
313 3957 572 4030 aliquam
605 3957 816 4014 salutis
841 3960 1092 4032 gratiam
1123 3977 1295 4032 posse
1323 3961 1852 4031 spectari,quorum

202 4059 459 4116 corpora,
497 4046 556 4100 in
589 4047 812 4102 cineres
864 4047 1143 4113 resoluta,
1176 4047 1321 4103 nihil
1373 4066 1406 4104 a
1437 4048 1685 4104 mortuis
1730 4049 1854 4104 ani-

204 4132 451 4190 malibus
474 4134 706 4190 diti‘erre
728 4134 1016 4191 videntur.
1034 4137 1238 4192 Petrus
1259 4141 1412 4192 certe
1435 4136 1732 4208 apostolus
1754 4139 1856 4192 da-

205 4221 313 4275 tam
355 4221 464 4277 sibi
501 4239 535 4277 a
573 4222 819 4278 Domino
854 4223 1075 4297 ligandi
1108 4229 1282 4297 atque
1311 4225 1570 4281 solvendi
1604 4231 1856 4298 potesta-

198 4308 522 4376 tem;hauc
551 4327 780 4382 quoque
829 4313 994 4368 beato
1043 4313 1347 4384 Clementi,
1374 4314 1516 4369 Lino
1571 4316 1747 4370 etiam
1799 4319 1857 4370 et

201 4394 466 4454 Anacleto
504 4399 626 4470 ipse
653 4399 1139 4468 tradidit;caeteri
1162 4419 1394 4474 quoque
1421 4403 1665 4474 apostoli
1701 4421 1856 4458 eam-

1963 3250 2122 3306 illam
2156 3250 2378 3305 dixerat
2411 3266 2424 3304 :
2460 3273 2484 3298 ‹‹
2517 3250 2583 3304 Et
2625 3253 2808 3316 tuam,
2841 3247 3136 3318 inquiens,
3177 3248 3434 3303 animam
3483 3264 3613 3320 per-

1962 3340 2238 3395 transibit
2266 3339 2498 3412 gladius
2531 3340 2679 3406 (Luc.
2711 3341 2794 3404 ιι).
2832 3360 2859 3385 ››
2892 3336 3054 3392 Unde
3085 3337 3292 3392 beatus
3335 3337 3613 3410 Hierony-

1966 3446 2098 3485 mus
2129 3428 2187 3483 in
2219 3428 2328 3482 hoc
2351 3428 2608 3482 animam
2633 3427 2761 3496 ejus
2778 3425 3040 3497 gladium
3069 3425 3456 3497 pertransisse
3474 3425 3617 3480 dicit
3709 3425 3712 3428 ’

1965 3518 2140 3590 quod,
2166 3517 2223 3571 in
2257 3521 2502 3571 mortem
2536 3514 2774 3580 Christi,
2809 3514 3235 3586 compassionis
3267 3517 3441 3586 atque
3463 3513 3618 3570 dolo-

1966 3605 2335 3680 ris,gladium
2368 3604 2570 3670 sensit,
2596 3604 2738 3657 dum
2771 3620 2872 3675 per
2901 3602 3122 3657 eximia)
3153 3601 3482 3657 dilectionis
3499 3603 3616 3657 vim

1966 3700 2214 3752 mortem
2246 3694 2460 3750 Christi
2492 3710 2660 3748 suam
2685 3693 2836 3747 fecit.
2871 3691 3205 3764 Philippum
3237 3693 3414 3747 etiam
3446 3709 3620 3764 apos-

1964 3785 2146 3841 tolum
2181 3789 2236 3839 et
2284 3785 2499 3838 Lucam
2550 3780 2970 3852 evangelistam
3019 3799 3136 3836 non
3185 3797 3288 3853 per
3330 3780 3622 3852 passionis

1963 3872 2382 3939 certamen,sed
2411 3889 2511 3943 per
2532 3887 2731 3942 pacem
2756 3887 2789 3924 a
2814 3869 3023 3924 samulo
3047 3871 3330 3942 migrasse
3349 3868 3620 3942 legimus.

1965 3963 2332 4018 Postremum
2355 3976 2486 4014 vero
2518 3958 2652 4030 quis
2685 3963 2804 4012 tam
2837 3957 3050 4028 lapidei
3081 3957 3274 4012 cordis
3317 3963 3406 4012 est
3431 3961 3517 4026 ut,
3551 3958 3621 4012 ad

1967 4067 2216 4123 quorum
2248 4047 2542 4103 tumulum
2573 4063 2759 4118 aegros
2780 4045 3076 4100 venientes
3109 4045 3346 4100 citatam
3371 4045 3622 4100 salutem

1964 4139 2160 4194 vident
2191 4141 2504 4209 reportare,
2540 4151 2743 4190 eorum
2771 4132 2981 4189 merita
3013 4135 3166 4206 apud
3199 4138 3484 4189 aeternum
3527 4134 3624 4202 ju-

1967 4228 2157 4282 dicem
2186 4226 2372 4280 vivere
2404 4242 2518 4278 non
2570 4220 2794 4278 credat!
2831 4223 2929 4277 sed
2978 4222 3111 4294 quis
3156 4226 3287 4294 post
3329 4222 3621 4293 apostolos

1970 4315 2238 4378 Martino,
2269 4313 2402 4386 quis
2438 4311 2745 4366 Benedicto
2776 4311 2835 4365 in
2867 4310 3167 4366 miraculis
3199 4310 3527 4382 potentior?

2040 4404 2150 4460 Sed
2171 4403 2415 4458 fortasse
2438 4399 2691 4471 objicitis
2713 4399 2851 4471 quia
2873 4398 3042 4454 multi
3067 4399 3124 4454 in
3153 4399 3387 4454 nomine
3404 4398 3622 4454 Christi

201 4480 322 4539 dem
353 4488 611 4558 gratiam
646 4490 1086 4546 successoribus
1117 4491 1262 4555 suis,
1297 4491 1353 4546 id
1387 4499 1492 4559 est,
1515 4493 1733 4548 sanctis
1756 4493 1856 4548 do-
1889 4513 1938 4580 Π
1973 4493 2122 4548 mira
2143 4491 2362 4564 operati
2385 4494 2605 4553 sunt,et
2628 4493 2819 4543 tamen
2854 4493 3041 4559 posta
3062 4488 3306 4544 Domino
3328 4489 3621 4560 reprobati

204 4574 456 4631 ctoribus
488 4580 666 4648 atque
698 4578 1138 4634 confessoribus
1188 4579 1579 4651 reliquerunt;
1606 4598 1856 4652 quorum

201 4658 428 4726 quidam
461 4661 658 4735 gladio
690 4665 1109 4734 occubuerunt,
1145 4665 1243 4722 alii
1293 4665 1350 4721 in
1402 4684 1543 4739 pace
1583 4667 1848 4724 Ecclesiae

202 4757 559 4815 quieverunt.

272 4835 376 4894 Sed
404 4859 456 4896 n'
483 4860 517 4896 n
543 4840 755 4898 idcirco
780 4843 850 4898 ab
877 4843 1219 4899 hominibus
1243 4843 1460 4915 injuste
1478 4850 1846 4913 venerantur,

212 4922 340 4992 quia
370 4931 728 5000 percussoris
758 4931 1020 5004 gladium
1053 4950 1167 4987 non
1195 4937 1523 4988 senserunt.
1549 4933 1766 4989 Verum
1798 4936 1848 4990 si

214 5013 349 5069 ratio
380 5021 709 5091 temporum
760 5038 876 5076 non
925 5021 1113 5092 potuit
1165 5025 1436 5093 praestare
1482 5024 1848 5095 martyrium,

214 5096 386 5167 gloria
415 5111 609 5163 tamen
638 5114 962 5182 martyrum
994 5127 1110 5166 non
1142 5115 1362 5178 carent,
1388 5110 1528 5182 quia
1557 5117 1614 5167 et
1641 5117 1772 5167 voto
1794 5115 1853 5168 et

212 5185 413 5272 virtute
468 5202 524 5251 et
573 5202 887 5270 potuerunt
937 5217 1064 5255 esse
1111 5204 1394 5272 martyres
1433 5205 1490 5255 et
1518 5200 1848 5257 voluerunt.

215 5271 350 5333 Nam
380 5290 435 5338 et
467 5285 548 5340 illi
582 5305 684 5358 pro
718 5305 818 5360 spe
850 5288 1193 5344 zeternitatis
1216 5271 1433 5345 multas
1456 5290 1851 5346 humanorum

215 5361 465 5452 dolorum
516 5375 804 5446 pertulere
834 5378 1158 5450 passiones,
1194 5378 1433 5450 famem,
1468 5379 1717 5452 vigilias,
1752 5396 1856 5434 nu-

215 5449 428 5527 ditates,
445 5463 694 5534 jejunia,
718 5449 1029 5539 opprobria
1058 5449 1421 5535 invidorum,
1444 5449 1852 5525 insectatisnes

219 5543 514 5621 malorum,
547 5571 748 5612 curam
782 5573 885 5628 pro
916 5555 1371 5626 infirmantibus,
1398 5557 1851 5616 sollicitudinem

1971 4586 2128 4639 sunt.
2166 4581 2244 4636 Dc
2289 4579 2506 4651 quibus
2556 4577 2615 4631 in
2672 4576 2980 4649 Evangelio
3012 4577 3338 4633 Dominus:
3373 4577 3618 4644 «Multi,

1961 4670 2174 4742 inquit,
2197 4669 2429 4724 venient
2460 4667 2720 4721 dicentes
2752 4683 2764 4721 :
2796 4666 3273 4732 Domine,nonne
3304 4666 3362 4721 in
3386 4666 3623 4720 nomine

1958 4765 2058 4815 tuo
2090 4756 2658 4830 prophetavimus,et
2678 4753 2737 4808 in
2771 4755 3005 4809 nomine
3025 4760 3124 4810 tuo
3142 4754 3428 4810 daemonia
3456 4753 3626 4824 ejeci-

1963 4848 2136 4903 mus?
2159 4847 2368 4915 (Matth.
2402 4844 2527 4914 vn.)
2560 4865 2588 4892 ››
2621 4842 2843 4908 Quibus
2875 4843 3139 4897 dicturus
3173 4847 3260 4899 est
3289 4841 3574 4898 Dominus
3602 4857 3616 4896 :

1965 4960 1991 4986 ‹‹
2021 4938 2206 4991 Amen
2239 4934 2366 4989 dico
2398 4933 2562 4987 vobis
2595 4948 2607 4984 :
2643 4930 2846 4986 Nescio
2869 4948 2998 4998 vos;
3022 4931 3306 4987 discedite
3330 4949 3363 4985 a
3386 4947 3476 4985 me
3497 4946 3622 4985 om-

1964 5043 2086 5092 nes,
2121 5021 2370 5096 operarii
2402 5020 2731 5092 iniquitatis
2763 5020 2970 5090 (Ibid.).
3010 5041 3036 5068 ››
3069 5022 3327 5085 Quorum
3354 5019 3471 5074 vita
3494 5019 3622 5090 qui-

1963 5115 2118 5183 dem,
2153 5113 2292 5183 quia
2323 5128 2437 5165 non
2461 5109 2851 5164 concordabat
2880 5108 3093 5173 verbis,
3127 5107 3341 5163 idcirco
3364 5125 3397 5162 a
3422 5107 3616 5163 Domi-

1963 5220 2037 5258 no
2072 5201 2436 5273 reprobatur.
2457 5198 2614 5262 Quod
2651 5202 2846 5250 autem
2897 5197 3168 5251 videntur
3213 5196 3460 5268 operari,
3495 5213 3610 5250 non

1967 5291 2092 5347 suis
2127 5289 2370 5355 meritis,
2397 5288 2496 5342 sed
2527 5285 2737 5339 Christi
2793 5284 3015 5339 nomini
3064 5286 3407 5357 imputatur.
3443 5285 3619 5356 Ejecti

1963 5396 2217 5451 namque
2248 5379 2559 5441 drcmones,
2596 5391 2709 5428 non
2741 5390 2860 5440 eos,
2895 5375 2994 5428 sed
3029 5373 3240 5430 Christi
3273 5391 3483 5429 nomen
3517 5374 3613 5428 fu-

1962 5473 2188 5542 gerant,
2219 5466 2372 5537 quod
2428 5463 2724 5535 quondam
2775 5462 2832 5515 in
2883 5462 3019 5518 filiis
3070 5464 3256 5519 Scevm
3306 5463 3615 5534 cujusdam

1961 5557 2146 5614 Judaai
2179 5555 2387 5628 patuit,
2409 5555 2530 5625 qui,
2554 5552 2708 5608 sicut
2738 5551 3010 5626 superius
3042 5552 3436 5625 diximus,per
3455 5567 3616 5606 exor-
