4060 6174
411 334 569 437 i303

1373 327 1788 402 GERARDI'I
1832 334 2433 401 CAMERACENSIS
2479 334 2858 400 EPISCOPl.

3662 333 3824 399 1304

409 471 663 530 ci'smum
679 464 1660 544 daemonesin’n‘omideJesu,quem
1683 471 1898 528 Paulus
1921 488 2059 544 prm-
2088 471 2142 538 Α
2173 486 2504 544 personare.
2539 469 2703 525 U‘ndc
2733 467 3039 542 psalmista
3061 483 3218 542 szepe
3251 483 3358 525 nos
3385 467 3703 535 "admonet,
3735 469 3825 524 di-

412 561 664 627 dicabat,
696 562 768 618 ab
817 559 1074 618 obsessis
1120 561 1467 635 corporibus
1496 562 1801 618 tentabant
1835 560 2060 631 ejicere,

413 650 536 719 qui;
557 648 779 705 concito
806 647 1172 722 indignantis
1201 649 1447 722 spiritus
1489 651 1683 706 furore
1715 649 1925 718 vexati,
1959 665 2064 704 au-

414 739 586 796 diunt
610 757 622 796 :
651 739 890 794 «Iesum
912 737 1064 803 novi,
1088 742 1146 794 et
1166 737 1414 794 Paulum
1437 739 1587 808 scio;
1611 755 1712 796 vos
1734 741 1930 794 autem
1963 737 2065 808 qui

411 827 592 885 estis?
611 828 681 883 Et
697 826 974 882 continuo
1000 827 1229 883 insiluit
1251 827 1310 882 in
1333 845 1432 883 eos
1453 828 1697 900 spiritus
1717 827 2064 882 immundus

411 919 548 987 (Act.
578 918 756 984 x1x).»
781 915 1010 982 Quibus
1040 915 1142 972 illa
1171 917 1264 972 sui
1296 933 1468 989 pcnna
1498 916 1712 972 furoris
1733 911 1883 972 sane
1905 915 2066 970 dedit

411 1005 698 1062 indicium
729 1003 870 1078 quia
899 1021 1017 1060 non
1037 1008 1204 1061 erant
1233 1021 1303 1061 ex
1321 1021 1521 1061 eorum
1546 1021 1789 1060 numero
1813 1020 2063 1077 quorum

409 1095 528 1150 vita
569 1091 900 1150 sanctitatis
948 1093 1340 1150 concordabat
1385 1100 1596 1148 sanctae
1645 1091 2061 1165 praedicationi.

407 1183 624 1240 Eorum
655 1199 788 1238 vero
811 1198 1053 1255 corpora
1080 1185 1244 1238 terra:
1277 1183 1558 1238 mandata
1590 1180 1888 1238 declarant
1917 1197 2060 1252 qua-

407 1272 494 1332 les
523 1271 755 1344 utrique
786 1270 848 1328 in
870 1269 988 1326 vita
1017 1271 1382 1337 exstiterant,
1397 1287 1528 1326 cum
1554 1269 1638 1324 illi
1669 1268 1931 1342 quotidie
1953 1269 2061 1324 mi-

408 1357 623 1416 raculis
651 1357 859 1424 vivere,
875 1356 1007 1414 istis
1037 1355 1202 1413 nulla
1229 1357 1463 1413 virtutis
1486 1357 1705 1413 indicia
1725 1373 1792 1412 ex
1813 1373 1874 1412 se
1890 1372 2063 1429 posse

409 1447 548 1506 dare
575 1445 908 1502 videantur.

439 1525 444 1528 ’
479 1536 628 1592 Nam
648 1533 708 1590 in
723 1527 928 1590 sancta
947 1533 1207 1590 Ecclesia
1230 1535 1402 1606 plena
1422 1535 1753 1592 redundant
1765 1531 2063 1590 miraculis

407 1622 864 1695 volumina,quae
897 1625 969 1678 ad
1004 1626 1342 1679 sanctorum
1365 1624 1764 1680 confessorum
1796 1623 2066 1679 tumbam

412 1711 539 1768 ﬁeri
559 1709 1023 1784 conspiciuntur,
1055 1729 1188 1768 cum
1220 1713 1447 1785 reprobi
1473 1718 1603 1786 post
1634 1711 1864 1770 clausas
1885 1713 1943 1769 in
1975 1712 2063 1768 in-

2175 575 2312 615 cens
2337 577 2349 614 :
2371 581 2396 608 ‹‹
2421 559 2661 614 Cantate
2703 557 2948 614 Domino
2983 557 3274 614 canticum
3303 574 3542 622 novum,
3570 561 3650 627 et,
3682 559 3826 614 bene

2172 645 2404 720 psallite
2419 646 2470 702 ei
2493 645 2553 702 in
2571 647 2979 704 vociferatione
2999 649 3170 716 (Psal.
3192 650 3386 716 xxx“).
3411 668 3440 698 η
3463 646 3536 702 Et
3559 647 3775 703 iterum
3809 666 3823 704 :

2172 759 2202 786 «
2235 735 2532 792 Psalmum
2567 735 2744 791 dicite
2777 735 3000 792 nomini
3033 735 3180 807 ejus,
3209 737 3342 792 date
3369 735 3622 808 gloriam
3669 734 3826 792 laudi

2171 825 2300 896 ejus
2330 824 2500 896 (Psal.
2535 823 2680 896 va).
2718 847 2746 874 »
2777 825 2848 880 Et
2890 824 2948 882 in
2997 822 3306 897 Evangelio
3355 824 3616 880 Matthei
3651 841 3667 880 :
3702 847 3732 876 α
3761 826 3829 881 Et

2171 913 2390 987 hymno
2421 913 2574 970 dicto
2595 913 2862 970 exierunt
2897 913 2956 968 in
2999 919 3260 970 montem
3295 911 3828 987 Olivarum(latlh.

2171 1001 2346 1074 xxvr).
2383 1025 2410 1051 »
2441 1003 2578 1058 Tale
2609 1019 2864 1076 namque
2904 1001 3259 1059 sacriﬁcium
3302 1019 3482 1076 super
3520 1007 3827 1060 taurorum

2172 1089 2588 1164 pinguedinem
2620 1095 2724 1146 aut
2747 1090 3046 1147 hircorum
3077 1091 3425 1165 sanguinem
3453 1091 3572 1148 Deo
3603 1091 3830 1164 placere

2171 1197 2274 1252 per
2293 1179 2574 1253 Spiritum
2603 1185 2874 1236 sanctum
2896 1179 3210 1236 Psalmista
3237 1179 3628 1250 viderat,‘cum
3649 1181 3828 1238 dixit:

2173 1289 2202 1319 «
2231 1267 2508 1341 Nunquid
2541 1269 2907 1325 manducabo
2940 1285 3146 1324 carnes
3187 1273 3516 1338 taurorum,
3549 1274 3656 1326 aut
3697 1286 3832 1326 san-

2170 1356 2408 1430 guineni
2441 1357 2738 1414 hircorum
2771 1356 3023 1432 potabo?
3051 1357 3301 1414 Immola
3325 1357 3442 1414 Deo
3472 1359 3832 1416 sacriﬁcium

2171 1445 2368 1502 laudis
2399 1447 2568 1520 (Psal.
2600 1446 2774 1518 mx).
2809 1469 2838 1498 »
2869 1447 2939 1502 Et
2962 1447 3214 1524 iterum:
3249 1469 3277 1498 ‹‹
3314 1446 3686 1504 Sacriﬁcium
3712 1447 3838 1505 lau-

2171 1533 2262 1590 dis
2291 1534 2699 1592 honorificabit
2731 1551 2822 1591 me
2852 1527 3059 1609 (Ibid.).
3088 1557 3118 1586 n
3829 1555 3862 1593 δ

2243 1624 2504 1698 Denique
2534 1641 2649 1680 non
2671 1624 2861 1680 solum
2880 1623 3348 1681 irrationabilem
3369 1627 3839 1694 creaturam,sed

2173 1717 2384 1769 cuncta
2413 1730 2542 1786 quas
2571 1717 2712 1770 sunt
2741 1713 2996 1782 condita,
3027 1731 3207 1770 suum
3239 1714 3613 1772 Conditorem
3643 1718 3839 1772 conti-

411 1799 575 1858 ferno
606 1799 836 1856 animas
867 1802 924 1856 et
953 1800 1240 1872 sepulcris
1272 1802 1570 1858 recondita
1611 1819 1870 1875 corpora,
1905 1801 2068 1858 nulla
2099 1842 2144 1909 Β
2174 1819 2292 1858 nuo
2349 1801 2638 1875 psallendi
2692 1805 2893 1858 tenore
2941 1801 3184 1858 laudare
3224 1803 3421 1874 jubet,
3441 1813 3580 1860 cum
3637 1805 3781 1861 dicit
3818 1821 3836 1860 :

416 1889 596 1909 ____L_'
632 1888 821 1909 ______:12
857 1885 1190 1909 _4_1.'___,4_,|
1229 1889 1242 1909 9
1303 1889 1346 1909 j'
1391 1891 1401 1902 ο
1647 1895 1688 1909 n,
1771 1907 1778 1909 Α
1895 1891 1910 1909 1
1973 1891 2036 1909 ,1'
2230 1889 2256 1909 τ
2287 1907 2326 1909 ,κ
2369 1890 2482 1909 Δηι,
2539 1890 2608 1909 n,
2643 1889 2842 1909 --εφηκη
2917 1890 2968 1909 j-
3034 1907 3046 1909 _
3111 1889 3174 1909 1°,
3229 1891 3314 1909 In-
3362 1891 3376 1909 I
3445 1908 3450 1909 ,
3643 1893 3657 1909 ι
3819 1899 3834 1909 ι

413 1889 599 1946 sancti
631 1888 823 1944 meriti
857 1885 1199 1961 relinquunt
1227 1889 1463 1959 indicia,
1497 1895 1731 1964 propter
1760 1891 1914 1963 quod
1963 1891 2065 1947 ali-

413 1971 652 2050 quando
684 1976 954 2034 diabolus
983 1977 1056 2034 ad
1086 1977 1458 2052 decipiendos
1487 1979 1755 2036 homines
1787 1979 2063 2052 phantas-

409 2066 536 2122 tioaa
567 2064 714 2122 lucis
745 2064 914 2140 signa
940 2067 1012 2122 ad
1041 2083 1244 2123 eorum
1293 2085 1429 2124 ossa
1474 2069 1854 2137 demonstrat,
1887 2071 1952 2124 ut
1998 2084 2066 2124 ex

409 2154 522 2212 hoc
551 2156 624 2211 ad
655 2171 829 2212 usum
857 2154 1250 2212 venerationis
1280 2157 1550 2230 deceptas
1583 2161 1808 2213 mentes
1837 2155 2062 2224 invitet,

413 2244 564 2302 sicut
588 2247 850 2316 tempore
881 2244 1033 2300 beati
1081 2244 1313 2301 Martini
1365 2244 1616 2318 legimus
1646 2245 2064 2318 approbatum;

414 2333 513 2405 qui
543 2331 700 2404 vulgi
727 2349 921 2390 errore
951 2332 1210 2390 dicatum
1238 2334 1982 2406 monasterium,tanquam
2005 2333 2066 2388 in

413 2420 636 2477 honore
669 2421 962 2496 martyris,
995 2439 1172 2496 super
1217 2421 1504 2478 latronem
1552 2422 1874 2489 inveniens,
1905 2421 2066 2478 verbi

415 2505 662 2582 imperio
685 2509 868 2582 jussit
917 2510 1214 2584 sepultum
1260 2509 1520 2566 conﬁteri
1577 2510 1718 2584 quia
1759 2510 1906 2566 nihil
1955 2509 2069 2566 sibi

419 2615 554 2658 cum
585 2597 808 2656 sanctis
839 2599 1028 2656 fuerat
1047 2601 1487 2666 commune,sed
1520 2617 1762 2656 suorum
1783 2599 2068 2656 scelerum

419 2686 610 2760 culpis
631 2704 766 2744 cum
793 2687 1043 2745 diabolis
1065 2705 1128 2744 se
1149 2683 1207 2743 in
1231 2689 1458 2744 inferno
1480 2687 1756 2761 torqueri.
1774 2688 1834 2744 In
1852 2687 2070 2744 talibus

421 2775 604 2852 igitur
631 2777 774 2832 locis
805 2774 856 2834 si
887 2776 1029 2849 quid
1052 2776 1188 2832 huic
1221 2775 1411 2834 simile
1442 2776 1792 2844 evenerit,de
1809 2793 1924 2849 quo
1947 2793 2070 2832 ma-

414 2865 618 2936 jorum
650 2865 936 2922 memoria
958 2864 1104 2921 nihil
1133 2870 1354 2922 certum
1387 2863 1914 2938 ferat,interdicunt
1941 2883 2074 2921 san-

426 2953 808 3011 ctiﬁcationes
831 2971 904 3010 ne
930 2955 1046 3010 ritu
1079 2953 1387 3028 gentilium
1419 2955 1555 3010 fana
1603 2953 1891 3010 idolorum
1921 2954 2072 3011 anti-

414 3042 622 3116 quitus
653 3047 988 3100 constructa
1017 3061 1121 3116 pro
1168 3043 1351 3100 sacris
1398 3048 1762 3112 venerentur,
1799 3060 1940 3100 neve
1983 3059 2073 3098 se-

416 3131 598 3204 pultis
628 3136 848 3190 temere
881 3131 1076 3190 divina
1097 3131 1418 3198 solvantur,
1453 3131 1562 3188 nisi
1598 3149 1700 3205 per
1747 3131 2072 3205 provincia-

2175 1911 2204 1940 ‹‹
2230 1889 2492 1946 Laudate
2539 1889 2854 1946 Dominum
2905 1890 2976 1946 de
3024 1889 3186 1948 caelis
3209 1891 3396 1964 “(PsaL
3429 1893 3682 1966 cxnvm),
3713 1916 3745 1943 ιι
3777 1899 3840 1950 et

2173 1982 2396 2047 caetera,
2423 1995 2611 2051 usque
2641 1979 2700 2034 in
2735 1979 2912 2035 ﬁnem
2947 1979 3160 2052 psalmi
3187 1996 3362 2053 quem
3396 1979 3478 2036 ita
3499 1969 3837 2039 concludit:

2175 2088 2203 2116 «
2237 2067 2440 2124 Omnis
2472 2066 2714 2140 spiritus
2759 2066 2958 2124 laudet
2997 2067 3314 2124 Dominum
3345 2067 3513 2142 (Psal.
3545 2070 3654 2142 οι).
3689 2095 3719 2122 »ι
3753 2073 3844 2129 Ne

2173 2171 2311 2228 ergo
2327 2153 2640 2212 Psalmista
2668 2154 3130 2213 irrationabilem
3152 2161 3254 2214 aut
3273 2156 3660 2216 inanimatam
3679 2177 3849 2218 crea—

2173 2247 2368 2300 turam
2402 2245 2620 2302 frustra
2646 2245 2703 2300 in
2752 2245 2986 2302 laudem
3035 2245 3324 2303 Creatoris
3351 2263 3724 2310 commonere
3745 2249 3848 2305 di-

2177 2337 2516 2401 catur,tunc
2537 2351 2689 2402 vere,
2709 2335 2866 2406 quod
2897 2351 2995 2391 ore
3015 2351 3133 2390 non
3165 2329 3374 2408 potest,
3400 2353 3463 2392 se
3501 2337 3560 2392 in
3590 2337 3846 2394 laudem

2177 2421 2276 2478 Dei
2306 2422 2536 2478 videtur
2565 2422 2806 2497 erigere,
2821 2440 2957 2479 cum
2987 2441 3107 2480 sua:
3138 2427 3358 2480 natura:
3380 2425 3640 2483 motibus
3669 2443 3734 2483 se
3762 2429 3844 2483 ad

2177 2510 2532 2590 voluntatem
2589 2515 2646 2568 et
2691 2511 3006 2584 imperium
3059 2512 3322 2570 Creantis
3368 2515 3716 2585 conformat,
3747 2515 3848 2573 vel

2179 2600 2376 2674 potius
2393 2599 2707 2657 rationales
2729 2601 2960 2657 animos
2981 2601 3039 2656 in
3061 2600 3172 2657 hoc
3192 2617 3558 2660 commonere
3577 2604 3853 2677 videtur,

2180 2693 2246 2746 ut
2274 2689 2345 2745 de
2366 2689 2664 2745 beneﬁciis
2695 2689 2909 2745 divinis
2941 2689 3178 2757 laudem
3217 2691 3512 2748 Conditori
3554 2693 3696 2750 dare
3719 2711 3860 2751 me-

2182 2776 2579 2848 minerint,cuj
2589 2793 2658 2832 us
2676 2793 2918 2834 munere
2940 2776 3072 2850 ipsa
3089 2777 3296 2835 usibus
3325 2779 3636 2836 hominum
3654 2781 3862 2838 famu-

2181 2865 2290 2922 lari
2318 2865 2566 2922 videtur.
2586 2865 2696 2922 Sed
2729 2870 2786 2922 et
2806 2865 3222 2938 Paulus,cujus
3238 2883 3339 2924 vos
3363 2867 3691 2926 imitatores
3711 2886 3862 2928 esse

2183 2954 2472 3020 dicitis,in
2502 2957 2853 3010 concentum
2895 2954 3236 3028 psalmodiis
3291 2973 3399 3012 nos
3452 2956 3728 3014 hortatur
3758 2959 3862 3015 di-

2183 3061 2350 3100 cens:
2374 3067 2401 3096 «
2417 3045 2743 3117 Loquentes
2771 3043 3206 3118 vobismetipsis
3230 3044 3290 3100 in
3312 3044 3556 3118 psalmis
3581 3050 3645 3102 et
3667 3047 3858 3120 hym-

2183 3133 2276 3188 nis
2305 3136 2361 3190 et
2389 3132 2633 3189 canticis
2655 3131 3086 3205 spiritualibus,
3103 3135 3405 3190 cantantes
3430 3137 3488 3190 et
3515 3133 3856 3207 psallentes

419 3219 534 3278 lem
565 3221 907 3314 episcopum
937 3221 1056 3278 vita
1085 3221 1298 3314 sepulti
1337 3219 1721 3290 examinetur,
1753 3219 1803 3276 si
1853 3237 2066 3276 secun-
2099 3207 2142 3276 C
2174 3220 2543 3314 Deo-(Ephea
2565 3220 2640 3314 v).
2675 3241 2703 3270 »
2727 3223 2794 3276 Et
2822 3220 2948 3294 ipse
2977 3219 3116 3314 alibi
3147 3219 3325 3277 dicit:
3351 3245 3380 3272 «
3414 3221 3670 3279 Psallam
3705 3241 3855 3314 ore,

417 3311 558 3366 dum
591 3309 969 3384 Evangelium
999 3309 1208 3368 Christi
1241 3309 1368 3366 fuit.

868 3399 986 3455 x11.
1019 3401 1095 3455 De
1118 3398 1396 3471 psallendi
1421 3399 1619 3470 ofﬁcio.

484 3487 626 3552 Quis
655 3493 855 3544 autem
878 3487 1106 3544 dubitet
1123 3505 1225 3544 vos
1257 3487 1564 3542 immundo
1600 3485 1808 3560 spiritu
1835 3485 2064 3560 agitari,

414 3575 556 3630 dum
606 3575 715 3632 hoc
757 3576 914 3648 quod
969 3593 1074 3648 per
1121 3575 1404 3648 Spiritum
1463 3577 1731 3631 sanctum
1775 3575 2066 3648 prolatum

413 3667 590 3736 atque
613 3663 951 3720 institutum
983 3667 1094 3732 est,
1125 3663 1183 3719 id
1215 3667 1304 3719 est
1331 3679 1508 3720 usum
1530 3664 1814 3738 psallendi
1841 3665 1901 3720 in
1933 3681 2093 3749 san:

414 3755 508 3808 cta
534 3751 803 3824 ecclesia,
821 3751 1096 3824 abjicitis,
1111 3755 1170 3808 et
1192 3751 1359 3825 quasi
1392 3753 1864 3826 superstitiosum
1887 3754 2068 3811 errori

413 3839 640 3898 cultum
672 3839 996 3914 imputatis.
1030 3839 1294 3916 Sumpsit
1325 3859 1460 3914 ergo
1506 3843 1656 3898 hanc
1704 3841 2068 3899 modulandii

410 3929 663 3987 formam
719 3931 861 3988 ordo
917 3929 1368 3999 ecclesiasticus,
1407 3949 1520 3986 non
1567 3948 1636 3988 ex
1681 3931 1924 3988 ludicris
1967 3935 2070 3987 aut

399 4017 769 4092 jocularibus
797 4018 1304 4092 insectationibus,
1338 4021 1438 4076 sed
1471 4037 1539 4076 ex
1566 4020 1791 4077 Veteris
1823 4025 1880 4076 et
1926 4020 2069 4078 Novi

409 4109 768 4166 Testamenti
795 4108 1084 4182 patribus,
1100 4107 1253 4164 sicut
1277 4109 1349 4165 de
1371 4108 1550 4164 David
1582 4109 1641 4164 in
1668 4109 1815 4166 libro
1843 4110 2066 4183 Regum

405 4195 658 4270 legimus
689 4197 1003 4270 quia,cum
1032 4214 1230 4254 arcam
1262 4189 1493 4253 Domini
1525 4197 1596 4254 de
1627 4202 1780 4254 terra
1812 4197 2067 4255 Philisti-

407 4302 623 4342 norum
655 4285 1142 4359 reduceret,ipse,
1167 4284 1448 4358 depositis
1472 4285 1770 4358 regalibus
1793 4287 2066 4360 insigniis

403 4378 462 4432 et
492 4377 732 4446 sumpta
761 4373 1008 4440 cithara,
1041 4391 1236 4432 coram
1279 4390 1346 4429 ea
1378 4373 1626 4446 psallere
1683 4375 1874 4447 cmpit,
1908 4377 2065 4448 quod

405 4463 502 4521 ille
534 4463 764 4519 nullum
797 4479 1063 4536 superna:
1093 4463 1292 4536 gratia:
1319 4467 1456 4518 tunc
1491 4463 1688 4536 aptius
1710 4463 2064 4521 sacriﬁcium

405 4551 789 4642 intellexerat.
821 4552 928 4619 Qui
961 4553 1137 4608 etiam
1171 4569 1276 4624 per
1305 4551 1456 4608 hanc
1483 4553 1823 4642 modulandi
1867 4553 2062 4610 dulce-
2093 4543 2141 4642 ί)

405 4640 604 4697 dinem
634 4640 869 4698 Saulem
904 4657 1100 4714 regem
1131 4657 1164 4696 a
1195 4641 1458 4697 daemone
1487 4639 1850 4711 liberaverat,
1885 4659 2060 4714 quem

404 4729 768 4786 medicorum
799 4746 895 4786 ars
936 4729 1088 4787 victa
1137 4729 1563 4802 dcsperaverat.
1598 4729 1764 4788 Certe
1805 4735 1862 4788 et
1901 4733 2054 4804 apud

401 4835 690 4892 supernos
707 4819 862 4876 cives
881 4818 1135 4893 legimus
1157 4818 1336 4890 hujus
1367 4819 1782 4876 modulationis
1802 4820 2058 4894 insignia

400 4908 702 4980 celebrari,
733 4912 798 4965 ut
820 4909 879 4964 in
924 4907 1271 4982 Apocalypsi
1299 4907 1544 4964 Joannis
1577 4907 1824 4982 apostoli
1851 4927 1864 4966 :
1888 4932 1916 4960 «
1943 4909 2054 4966 Ha-

398 4997 602 5055 bentes
632 4997 848 5072 singuli
881 4997 1164 5066 citharas,
1197 5001 1256 5053 et
1281 4996 1598 5053 cantabant
1626 4997 1918 5054 canticum
1951 5015 2043 5055 no-

397 5103 537 5142 vum
571 5086 753 5159 (Apoc.
786 5087 864 5160 v).
892 5110 920 5136 ››
951 5089 1021 5142 Et
1040 5087 1254 5142 iterum
1289 5102 1301 5141 :
1329 5108 1355 5136 «
1394 5087 1462 5141 Et
1493 5103 1694 5144 vocem
1725 5103 1902 5159 quam
1951 5104 2054 5142 au-

400 5173 539 5242 divi,
559 5175 711 5230 sicut
739 5175 1187 5232 citharazdorum
1218 5174 1691 5232 citharizantium
1718 5175 1776 5231 in
1811 5175 2054 5234 citharis

401 5261 531 5317 suis
562 5262 742 5334 (Apoc.
774 5269 910 5335 xxv).
949 5287 978 5314 ››

472 5349 618 5406 Hinc
649 5368 784 5426 ergo
814 5353 1206 5427 colligendum
1237 5357 1326 5410 est
1357 5369 1534 5426 quam
1565 5357 1796 5427 gratum
1831 5355 1908 5412 sit
1936 5356 2052 5414 Deo

401 5439 662 5495 ofﬁcium
709 5440 1018 5512 psallendi,
1071 5441 1120 5497 si
1165 5441 1393 5498 intenta
1459 5446 1651 5498 mente
1716 5449 2048 5518 peragatur,

395 5528 630 5601 quando
662 5527 720 5584 in
747 5529 854 5586 hoc
884 5529 1226 5603 angelorum
1260 5531 1464 5587 choros
1494 5530 1712 5588 imitari
1759 5533 2046 5604 videmur,

2172 3308 2422 3382 psallam
2456 3308 2668 3382 spiritu
2697 3313 2754 3364 et
2783 3313 2977 3366 mente
3008 3309 3060 3382 (Ι
3084 3310 3205 3366 Cor.
3235 3313 3374 3376 xxv).
3413 3333 3442 3361 »
3463 3311 3613 3376 Quin
3643 3308 3842 3371 etiam

2173 3398 2233 3452 in
2263 3397 2515 3453 transitu
2547 3401 2884 3454 sanctorum
2913 3397 3177 3454 virorum
3205 3397 3546 3472 psalmodia:
3581 3404 3846 3459 cantum

2175 3486 2454 3544 cecinisse
2501 3486 2740 3560 angelos
2785 3485 2973 3544 multa
3019 3486 3230 3544 divinae
3267 3487 3589 3561 Scriptum
3637 3505 3848 3546 exem-

2177 3575 2362 3650 plaria
2389 3575 2620 3631 docent.

2248 3664 2411 3721 Unde
2467 3667 2694 3720 constat
2749 3681 2848 3721 eos
2905 3664 2978 3720 de
3027 3663 3252 3736 gremio
3299 3669 3516 3721 sancta:
3557 3665 3844 3724 Ecclesia
3888 3653 3896 3658 ’

2177 3741 2668 3822 eaterminandos,
2689 3753 2788 3826 qui
2821 3753 2928 3809 hoc
2960 3750 3247 3827 psallendi
3279 3753 3536 3810 oflicium
3559 3755 3847 3826 judicent

2177 3858 2549 3916 nequaquam
2599 3841 2672 3897 ad
2720 3841 2946 3898 cultum
2989 3841 3252 3898 divinum
3309 3843 3625 3914 pertinere.
3670 3846 3844 3912 Quod

2177 3936 2372 3986 autem
2396 3929 2774 3998 arbitrantur,
2793 3929 2963 3986 nobis
2993 3929 3138 4003 ipsis
3169 3929 3471 4004 psallendo
3503 3931 3694 3988 multa
3729 3934 3842 3990 ad-

2173 4037 2344 4076 versa
2398 4017 2730 4092 imprecari,
2773 4018 2875 4074 ubi
2923 4015 3195 4075 videlicet
3250 4018 3563 4076 Psalmista
3619 4022 3842 4079 mentis

2176 4107 2411 4166 oculum
2442 4107 2500 4163 in
2531 4105 2830 4164 maleﬁcos
2877 4107 3132 4176 intorsit,
3167 4112 3232 4164 ut
3261 4111 3350 4164 est
3396 4107 3584 4165 illud:
3619 4133 3649 4160 α
3682 4111 3837 4176 Quid

2175 4197 2445 4273 gloriaris
2476 4197 2536 4252 in
2568 4195 2832 4252 malitia?
2862 4197 3032 4267 (Psal.
3062 4196 3160 4268 LI.)
3191 4219 3218 4247 »
3250 4200 3308 4252 et
3338 4213 3351 4253 :
3381 4220 3411 4247 κ
3431 4196 3843 4256 Obscurentur

2175 4286 2330 4344 oculi
2388 4301 2591 4342 eorum
2641 4301 2713 4340 ne
2759 4285 2994 4340 videant
3019 4285 3192 4354 (Psal.
3222 4288 3434 4355 vam),
3470 4307 3499 4335 »
3532 4289 3589 4342 et
3626 4292 3840 4344 cetera

2173 4375 2344 4443 talia;
2375 4373 2657 4430 falluntur
2685 4373 3011 4430 nescientes
3057 4389 3192 4430 eum
3240 4361 3599 4447 prophetico”
3617 4375 3835 4448 spiritu

2174 4463 2389 4521 intueri
2417 4481 2486 4520 ea
2512 4481 2639 4536 quae
2679 4465 3102 4535 snperventura
3143 4462 3374 4518 fuerant
3421 4463 3516 4520 his
3564 4480 3737 4537 quos,
3769 4465 3834 4521 in

2175 4559 2423 4610 mortem
2455 4551 2669 4609 Christi
2701 4557 2759 4608 et
2785 4555 3119 4608 sanctorum
3151 4554 3476 4624 martyrum
3510 4555 3832 4622 tumentes,

2171 4641 2408 4718 gloriari
2438 4641 2790 4715 inspexerat,
2816 4640 3038 4714 quique
3067 4657 3102 4696 a
3130 4637 3365 4696 malitiae
3391 4657 3510 4696 suae
3543 4642 3834 4713 pravitate

2165 4746 2536 4804 nequaquam
2561 4727 2919 4785 declinantes
2941 4726 3234 4784 exsultant
3251 4728 3312 4784 in
3333 4728 3510 4784 rebus
3527 4729 3832 4802 pessimis,

2163 4825 2222 4879 et
2249 4821 2522 4876 laetantur
2549 4833 2684 4874 cum
2719 4815 2869 4874 male
2898 4817 3158 4874 fecerint.
3189 4817 3360 4873 Pater
3386 4815 3572 4890 igitur
3616 4817 3762 4874 tales
3793 4835 3833 4875 a

2163 4909 2353 4983 capite
2383 4924 2512 4975 suo,
2541 4905 2601 4962 id
2631 4909 2738 4978 est,
2770 4905 3024 4976 diabolo,
3057 4923 3173 4962 non
3213 4905 3553 4973 dissentire,
3601 4906 3703 4980 qui
3731 4911 3831 4962 est

2163 5001 2339 5072 caput
2380 4995 2648 5054 omnium
2696 4993 3055 5066 iniquorum,
3090 4993 3192 5068 qui
3237 4993 3415 5050 etiam
3446 4995 3814 5068 Scripturam

2165 5091 2428 5144 sanctam
2450 5091 2456 5097 '
2479 5081 2831 5156 intelligens,
2865 5082 3108 5140 sinistra
3162 5099 3293 5140 eam
3346 5081 3824 5157 interpretatione

2163 5178 2504 5250 praevertere
2533 5169 2798 5229 molitur.

2403 5259 2548 5318 XIII.
2581 5262 2653 5316 De
2680 5261 3026 5317 veneratione
3049 5261 3354 5318 Dominicae
3380 5261 3578 5317 amcis.

2233 5351 2518 5418 Quoniam
2551 5366 2684 5406 vero
2723 5349 3034 5405 adversum
3085 5365 3319 5406 crucem
3348 5349 3701 5406 Dominicam
3753 5352 3820 5404 et

2158 5441 2454 5498 viviﬁcum
2477 5439 2703 5512 lignum
2735 5439 2952 5513 viperei
2983 5437 3279 5513 dogmatis
3299 5456 3523 5496 venena
3547 5435 3816 5504 funditis,

2159 5531 2418 5589 dicentes
2448 5529 2556 5584 hoc
2587 5544 2657 5584 ex
2685 5544 2878 5584 errore
2906 5527 3217 5584 hominum
3249 5526 3481 5584 venisse
3525 5526 3673 5601 quod
3706 5537 3816 5584 ve-

395 5635 546 5691 qnos
601 5623 830 5676 constat
883 5619 1089 5676 laudes
1139 5619 1370 5676 Domini
1432 5620 1558 5676 sine
1612 5620 2048 5680 intermissione
2159 5622 2440 5678 nerantur
2469 5633 2620 5684 eam,
2671 5632 2806 5672 cum
2853 5615 3075 5674 nullam
3124 5617 3316 5690 magis
3344 5615 3405 5673 in
3437 5633 3499 5675 se
3536 5615 3813 5672 virtutem
