4060 6174
220 287 365 365 1309
421 282 427 290 ’

1427 301 1631 364 ACTA
1676 301 1967 365 SYNODI
2011 303 2396 366 ATREBAT.

3461 299 3617 369 l3l0
3673 301 3682 310 ’

222 435 377 491 ribus
410 430 613 506 regula
669 437 760 492 est
817 450 1004 507 usque
1043 435 1100 490 in
1149 431 1497 492 hodiernum
1555 434 1728 501 diem,
1759 451 1862 506 per
1889 435 1944 503 Α
1972 435 2074 491 sed
2105 435 2282 491 etiam
2315 437 2560 505 revocet,
2586 433 2892 493 desideriis
2913 434 3160 493 terrenis
3181 433 3618 510 expulsis,desi-

225 523 516 596 episcopos
543 527 717 595 atque
740 522 1198 591 archidiaconos,
1216 525 1464 580 decanos
1486 525 1660 579 etiam
1685 527 1859 594 atque

225 612 552 686 praepositos
581 613 759 668 totius
789 613 1165 668 ecclesiastici
1197 613 1498 685 regiminis
1525 629 1759 667 causam
1777 611 1863 666 di-

226 701 678 774 spensari.Quod
712 719 844 757 cum
878 702 956 756 ita
989 701 1082 768 sit,
1109 701 1254 757 nihil
1279 707 1367 758 est
1398 703 1550 774 quod
1577 703 1710 773 jure
1731 718 1863 756 con-

224 795 308 846 tra
336 789 454 844 hinc
486 806 811 873 repugnare
843 791 1122 846 debeatis.

570 879 712 933 XVI.
745 881 816 935 De
842 896 1039 935 eorum
1072 879 1504 954 falsajuslitz‘a.

288 967 808 1039 Verum,quoniam
829 967 1241 1040 falszejustitiea
1263 969 1590 1024 doctrinam
1607 968 1864 1023 introdu-

225 1073 343 1113 cere
373 1056 633 1124 tentatis,
669 1073 846 1129 quam
879 1057 1083 1112 divinae
1124 1057 1321 1130 gratiae
1353 1059 1495 1114 adeo
1528 1056 1862 1130 praeponitis

225 1150 288 1202 ut
319 1145 518 1201 omnia
548 1145 797 1217 propriis
830 1147 1054 1202 meritis
1085 1146 1411 1210 ascribatis,
1443 1147 1600 1202 hunc
1633 1146 1862 1202 nefariae

224 1234 693 1308 praesumptionis
717 1251 971 1290 errorem
1017 1235 1223 1290 divinis
1256 1235 1615 1291 auctoritatis
1649 1235 1863 1289 ictibus

223 1322 824 1391 labefactamus;nam
849 1322 1013 1378 nulla
1036 1325 1288 1396 justitia,
1320 1323 1546 1379 nullum
1581 1325 1714 1379 boni
1736 1340 1866 1378 con-

223 1416 333 1469 stat
363 1413 662 1479 meritum,
684 1413 836 1484 quod
869 1430 983 1468 non
1016 1414 1086 1468 de
1119 1414 1273 1469 fonte
1298 1431 1560 1484 supernae
1584 1413 1782 1485 gratiae
1807 1413 1864 1467 id

222 1502 371 1574 quod
405 1505 495 1556 est
526 1502 829 1574 acceperit.
865 1501 1026 1558 Unde
1057 1503 1203 1575 ipse,
1239 1519 1373 1574 quo,
1400 1503 1741 1574 perhibente
1766 1506 1867 1557 Do—

223 1591 396 1657 mino,
435 1606 608 1645 nemo
638 1590 788 1645 inter
817 1595 986 1645 natos
1019 1589 1332 1645 mulierum
1365 1592 1554 1663 major
1578 1595 1686 1658 est,
1710 1592 1782 1646 de
1804 1606 1866 1645 se

217 1681 470 1735 Joannes
503 1678 646 1734 dicit
680 1695 692 1732 :
730 1701 758 1728 «
789 1679 914 1733 Non
947 1683 1136 1751 potest
1181 1680 1356 1735 homo
1407 1681 1664 1751 accipere
1696 1679 1865 1750 quid-

220 1784 417 1841 quam,
454 1767 567 1823 nisi
599 1767 650 1823 ei
685 1767 856 1823 fuerit
887 1769 1086 1824 datum
1119 1769 1188 1824 de
1220 1768 1362 1825 ecelo
1395 1770 1572 1841 (Joan.
1603 1769 1709 1840 III).
1737 1791 1763 1819 »
1797 1769 1867 1822 Et
1900 1810 1946 1875 Β

220 1855 524 1930 apostolus
556 1857 697 1911 dicit
725 1875 737 1913 :
771 1857 1007 1912 «Omne
1038 1859 1241 1913 datum
1276 1859 1584 1930 optimum,
1617 1862 1674 1912 et
1699 1873 1871 1912 omne

218 1948 441 2002 donum
473 1947 794 2018 perfectum
827 1947 1136 2002 desursum
1159 1951 1248 2002 est
1268 1947 1627 2003 descendens
1650 1962 1683 2000 a
1705 1945 1871 2001 Patre

218 2035 515 2091 luminum
549 2036 689 2106 (Jac.
723 2036 787 2106 ι).
825 2058 852 2084 ››
885 2037 955 2091 Et
981 2035 1196 2092 Paulus
1225 2036 1346 2091 ait:
1386 2060 1406 2084 α
1439 2035 1639 2091 Infelix
1671 2036 1866 2100 homo,

219 2126 348 2197 quis
382 2141 479 2180 me
509 2124 777 2180 liberabit
809 2125 880 2179 de
912 2141 1150 2196 corpore
1179 2126 1384 2181 mortis
1413 2125 1594 2196 hujus
1615 2126 1641 2179 ?
1673 2125 1871 2180 Gratia

217 2215 316 2270 Dei
350 2229 456 2287 per
484 2213 686 2269 Jesum
719 2213 1017 2268 Christum
1047 2214 1364 2269 Dominum
1395 2217 1660 2269 nostrum
1695 2214 1866 2286 (Rom.

215 2303 338 2374 vn).
377 2326 406 2353 »
440 2303 509 2357 Et
539 2302 751 2357 iterum
786 2319 798 2356 :
836 2325 862 2351 ‹‹
890 2303 1087 2358 Gratia
1117 2303 1215 2358 Dei
1245 2320 1376 2358 sum
1411 2303 1465 2356 id
1490 2303 1644 2374 quod
1677 2319 1869 2356 sum.»

217 2393 287 2447 Et
317 2395 532 2448 iterum
568 2408 580 2445 :
620 2413 646 2442 ‹‹
679 2391 790 2446 Sed
821 2389 955 2462 plus
986 2391 1104 2446 illis
1136 2392 1410 2446 omnibus
1442 2390 1717 2457 laboravi,
1755 2406 1868 2444 non

213 2497 319 2554 ego
351 2486 577 2547 autem,
611 2480 711 2535 sed
745 2481 932 2552 gratia
964 2479 1063 2535 Dei
1097 2497 1325 2535 mecum
1357 2482 1406 2548 (I
1433 2483 1555 2536 Cor.
1588 2479 1698 2550 xv).
1726 2500 1752 2527 »
1785 2479 1867 2532 Ad

211 2570 365 2625 hanc
398 2587 508 2625 nos
534 2569 954 2642 professionem
986 2569 1111 2640 ipse
1143 2569 1419 2636 instituit,
1457 2585 1591 2624 cum
1623 2569 1704 2622 ait
1733 2567 1872 2638 quia

209 2658 447 2715 nullum
472 2663 705 2730 tempus
737 2658 1045 2713 intervenit
1062 2675 1175 2730 quo
1189 2659 1317 2729 ejus
1345 2675 1459 2713 non
1482 2673 1760 2729 egeamus
1773 2673 1872 2711 au-

204 2749 442 2804 xilio.In
467 2746 937 2820 praevaricatione
961 2763 1218 2818 namque
1237 2747 1408 2818 primi
1429 2745 1686 2801 hominis
1706 2749 1872 2799 natu-

207 2837 397 2894 ralem
419 2835 868 2909 possibilitatem
885 2840 940 2889 et
953 2835 1346 2889 innocentiam
1365 2835 1694 2898 amisimus,
1710 2837 1765 2888 et
1778 2849 1871 2886 ne-

208 2943 308 2982 mo
323 2927 398 2981 de
413 2925 700 2998 profundo
715 2923 794 2978 illi
806 2942 872 2979 us
887 2924 1065 2978 ruinae
1081 2923 1438 2994 perliberum
1453 2923 1761 2977 arbitrium
1776 2938 1872 2993 po-

205 3019 328 3070 test
348 3029 725 3083 consurgere,
744 3011 854 3067 nisi
877 3028 1011 3066 eum
1037 3011 1224 3083 gratia
1246 3011 1582 3066 miserantis
1604 3010 1866 3066 erexerit.

283 3103 664 3170 Quaecunque
697 3099 877 3172 igitur
906 3099 974 3153 in'
990 3099 1264 3154 cordibus
1300 3099 1516 3154 nostris
1547 3101 1648 3152 aut
1676 3098 1734 3152 in
1766 3114 1866 3152 no-

1970 525 2195 580 derium
2255 525 2414 599 regni
2474 526 2724 583 caelestis
2783 526 3052 598 inspiret,
3088 527 3308 583 inserta
3363 525 3620 584 bonitate

1971 615 2255 671 malitiam
2286 617 2583 689 exstirpet,
2619 617 3002 690 benignitatis
3035 618 3187 672 dono
3217 616 3493 671 invidiam
3524 633 3619 671 ex-

1973 704 2498 775 pellat,odibilibus
2528 723 2760 778 quoque
2791 711 2848 762 et
2881 706 3215 762 odientibus
3247 705 3492 760 invicem
3525 707 3622 761 do-

1973 811 2115 848 num
2148 793 2472 851 dilectionis
2501 795 2792 852 infundat.
2830 795 2902 851 Ut
2948 811 3083 868 ergo
3137 812 3206 850 ex
3265 793 3436 850 malis
3485 794 3622 849 boni

1972 883 2180 951 simus,
2207 888 2272 938 ut
2301 888 2512 940 sanctae
2545 884 2848 940 charitatis
2890 885 3022 956 igne
3053 884 3393 957 ﬂagremus,
3425 883 3623 955 gratiae

1972 972 2253 1043 spiritalis
2276 990 2447 1045 opere
2478 974 2535 1028 in
2570 974 2739 1030 nobis
2769 973 3094 1041 inchoatur,
3111 973 3432 1045 ejusquein
3453 972 3623 1028 nobis

1972 1062 2305 1133 operatione
2336 1063 2652 1134 perficitur.

2042 1150 2289 1206 Proinde
2333 1169 2503 1207 nosse
2553 1152 2721 1207 debet
2770 1151 3177 1225 unusquisque
3226 1151 3615 1218 Christianus,

1974 1255 2160 1312 neque
2191 1239 2249 1294 in
2277 1240 2498 1296 viribus
2531 1244 2770 1309 naturae,
2803 1257 2990 1314 neque
3041 1241 3100 1296 in
3151 1240 3438 1313 legalibus
3484 1258 3626 1313 pra:-

1975 1328 2180 1400 ceptis,
2211 1330 2311 1384 sed
2363 1330 2420 1384 in
2467 1329 2895 1385 illuminatione
2953 1330 3147 1386 cordis
3197 1333 3255 1386 et
3299 1329 3624 1385 voluntario

1975 1417 2182 1472 divinae
2211 1417 2523 1473 voluntatis
2557 1435 2796 1473 munere
2823 1422 3089 1473 constare
3117 1417 3316 1491 gratim
3349 1416 3626 1473 salutaris

1975 1508 2430 1580 exordium,qua
2461 1509 2526 1564 ﬁt
2556 1512 2622 1563 ut
2651 1509 2807 1580 quod
2840 1508 3119 1564 divinitus
3146 1508 3627 1580 praecipiturmon

1975 1595 2165 1651 solum
2197 1614 2230 1652 a
2261 1597 2427 1652 nobis
2481 1597 2741 1670 agnosci,
2773 1598 2874 1653 sed
2925 1597 3099 1653 etiam
3151 1597 3314 1669 diligi
3347 1595 3535 1668 pbssit
3564 1612 3631 1651 ac

1976 1684 2120 1740 ﬁeri.
2142 1685 2175 1740 J
2183 1702 2284 1740 ure
2307 1686 2485 1759 igitur
2513 1684 2767 1758 gratuito
2799 1686 3079 1742 beneﬁcio
3109 1685 3316 1740 divinae
3348 1683 3629 1740 bonitatis

1975 1774 2307 1841 ascribitur,
2342 1775 2441 1846 qui
2473 1791 2578 1830 nos
2610 1774 2736 1830 ideo
2771 1777 2841 1830 ad
2872 1775 3027 1830 bona
3047 1791 3224 1847 opera
3241 1773 3632 1830 misericordi-

1979 1866 2067 1917 ter
2083 1863 2382 1932 excitat,ut
2408 1863 2620 1919 habeat
2651 1865 2806 1936 quod
2840 1865 2896 1920 in
2929 1882 3034 1920 nos
3049 1865 3211 1936 justo
3233 1879 3511 1919 coronare
3533 1863 3630 1918 de-

1980 1951 2362 2018 beat.Quibus
2379 1952 2530 2008 sicut
2546 1969 2649 2024 per
2668 1952 3125 2009 misericordiam
3149 1951 3496 2025 praeparavit
3506 1968 3632 2024 gra-

1978 2032 3403 2114 tuitumjustiﬁcationisdonum,itaperjustitiam
3418 2056 3634 2112 praepa-

1982 2129 2129 2184 ravit
2159 2135 2385 2185 zeternae
2412 2128 2855 2200 justiﬁcationis
2888 2130 3218 2202 prtemium.
3242 2130 3403 2202 Opus
3434 2129 3633 2200 itaque

1980 2218 2178 2290 gratiae
2195 2218 2250 2272 in
2267 2219 2543 2274 omnibus
2574 2218 3000 2292 prcedestinatis
3028 2218 3282 2290 gratuita
3305 2217 3632 2273 misericor-

1981 2305 2076 2360 dia
2101 2305 2431 2373 inchoatur,
2450 2309 2506 2362 et
2531 2308 2694 2377 justa
2725 2307 3105 2362 retributione
3138 2304 3632 2377 perﬁcitur.Quod
3740 2367 3749 2374 ,

1980 2411 2113 2449 vero
2124 2399 2358 2450 econtra
2371 2397 2440 2450 de
2452 2395 2507 2450 in
2509 2396 2689 2467 justis
2703 2411 3001 2451 occurrere
3015 2392 3382 2468 poterat,illis
3393 2393 3633 2465 quidem

1981 2499 2094 2537 non
2129 2483 2346 2553 injusto
2370 2484 2594 2554 judicio
2628 2484 2821 2556 ignem
2846 2487 3126 2539 aeternum
3161 2486 3635 2554 praeparat,quos

1982 2572 2322 2642 prteviderat
2352 2573 2560 2645 dignos
2591 2574 2662 2628 ad
2694 2572 2911 2628 luenda
2949 2572 3260 2645 supplicia,
3295 2588 3398 2626 nec
3430 2576 3633 2626 tamen

1980 2660 2416 2732 praedestinavit
2465 2662 2534 2716 ad
2586 2662 2851 2717 facienda
2902 2665 3158 2732 peccata.
3194 2658 3637 2714 Praedestinavit

1981 2749 2134 2802 Deus
2149 2749 2300 2820 quod
2316 2749 2428 2803 divi
2440 2767 2511 2804 na
2524 2751 2767 2820 mquitas
2782 2749 3187 2815 redderet,non
3203 2748 3358 2820 quod
3373 2747 3636 2802 humana

1982 2835 2263 2906 iniquitas
2278 2838 2594 2904 amisisset;
2613 2837 2957 2911 praeparavit
2977 2836 3156 2910 igitur
3168 2835 3394 2892 homini
3410 2852 3505 2891 reo
3519 2852 3633 2890 non

1980 2923 2211 2997 culpam
2231 2942 2409 2996 quam
2436 2926 2577 2992 odit,
2595 2927 3006 2997 sedjudicium
3031 2927 3185 2998 quod
3210 2925 3635 2998 diligit;scrip-

1981 3017 2105 3068 tum
2121 3014 2584 3078 estenimquuia
2599 3015 3058 3070 misericordiam
3076 3013 3427 3085 etjudicium
3443 3013 3638 3086 diligit

1979 3106 2130 3157 Deus
2143 3103 2860 3174 (Psal.Lxxxm).»Proinde
2873 3104 3027 3158 bona
3039 3118 3214 3175 opera
3226 3120 3353 3175 quae
3367 3103 3519 3158 Deus
3533 3101 3639 3156 mi-

209 3195 340 3247 stro
368 3188 611 3243 arbitrio
625 3193 827 3243 sancta
839 3187 1109 3260 cogitatio
1121 3191 1228 3254 est,
1245 3186 1517 3260 autpium
1533 3186 1865 3252 consilium,
1900 3176 1943 3242 C
1983 3191 2352 3247 sericorditer
2381 3193 2576 3259 donat,
2587 3194 2748 3264 juste
2771 3197 3026 3260 coronat,
3042 3208 3359 3264 operavero
3373 3208 3499 3264 quae
3521 3207 3636 3246 non

212 3283 318 3335 aut
353 3275 606 3349 quilibet
636 3281 831 3332 motus
862 3277 1025 3331 bona:
1056 3275 1393 3344 voluntatis,
1429 3293 1495 3331 ex
1525 3294 1642 3331 sua:
1675 3276 1876 3349 gratiae

215 3369 380 3424 dono
417 3365 895 3437 descendit,quia
925 3382 1027 3436 per
1057 3364 1222 3420 illum
1255 3365 1476 3437 aliquid
1507 3366 1644 3420 boni
1675 3382 1880 3437 possu-

209 3455 514 3522 mus,sine
527 3471 640 3526 quo
654 3454 800 3508 nihil
814 3454 1444 3526 possumus,sicutipse
1457 3453 1763 3526 discipulis
1775 3453 1874 3508 ait:

211 3546 400 3600 «Sine
417 3561 509 3599 me
522 3542 666 3598 nihil
694 3544 936 3615 potestis
961 3544 1145 3598 facere
1159 3546 1336 3611 (Joan.
1351 3545 1663 3612 xv).»Nam
1683 3543 1882 3598 omnia

209 3633 532 3690 hominum
554 3632 763 3689 merita
783 3633 855 3687 ab
877 3633 1061 3703 ipsius
1079 3633 1267 3704 gratia
1297 3633 1749 3704 praeveniuntur,
1778 3649 1881 3704 per

211 3739 396 3797 quem
413 3723 480 3776 fit
494 3725 557 3777 ut
578 3721 800 3793 aliquid
828 3720 963 3776 boni
983 3725 1038 3776 et
1055 3720 1198 3776 velle
1217 3721 1569 3793 incipiamus
1586 3726 1642 3776 et
1665 3721 1873 3777 facere.

210 3813 488 3884 Denique
518 3810 735 3883 quibus
757 3810 1004 3881 justitia;
1039 3810 1314 3882 operibus
1331 3811 1504 3865 Maria
1529 3810 1878 3882 peccatrix,a

207 3901 478 3974 peccatis
492 3900 757 3965 dimissa,
773 3898 1440 3970 Zachzeusjustiﬁcatus,
1461 3899 1608 3954 latro
1627 3900 1694 3953 ad
1715 3917 1878 3971 para-

210 3991 329 4047 disi
349 3987 574 4062 gaudia
589 3992 856 4060 receptus
874 3993 981 4055 est,
1002 3988 1112 4043 nisi
1132 3987 1257 4044 sola
1280 3988 1485 4042 divinae
1504 3989 1737 4060 pietatis
1753 4005 1880 4061 gra-

208 4080 336 4141 tia?
357 4080 434 4135 de
459 4095 575 4150 qua
595 4077 905 4149 Apostolus
929 4077 998 4132 ad
1023 4078 1344 4133 Romanos:
1373 4075 1520 4132 «Ubi
1539 4078 1873 4145 abundavit,

213 4167 440 4242 inquit,
456 4165 757 4232 delictum,
775 4166 1270 4238 superabundavit
1291 4165 1480 4238 gratia
1500 4166 1878 4236 (Rom.v).»Et

213 4257 359 4313 alibi
400 4273 414 4311 :
456 4279 476 4305 ι
516 4255 732 4310 Omnes
775 4253 930 4309 enim
977 4257 1379 4326 peccaverunt,
1412 4259 1468 4310 et
1496 4258 1667 4326 egent
1695 4254 1880 4327 gloria

211 4347 341 4414 Dei,
359 4343 679 4418 justiﬁcati
707 4343 888 4415 gratis
920 4361 1022 4415 per
1051 4343 1297 4416 gratiam
1328 4343 1517 4415 ipsius
1537 4344 1706 4415 (Rom.
1732 4343 1877 4415 m).»

208 4435 280 4490 Et
313 4436 538 4490 iterum
562 4451 581 4488 :
613 4456 640 4483 «
669 4433 930 4499 Fuimus,
957 4432 1168 4504 inquit,
1189 4436 1245 4487 et
1275 4449 1380 4488 nos
1402 4436 1610 4488 natura
1633 4431 1733 4487 ﬁlii
1757 4433 1874 4500 iras,

209 4524 370 4580 sicut
405 4526 467 4579 et
499 4522 689 4577 caeteri
715 4522 932 4593 (Ephes.
966 4520 1052 4592 η).
1086 4543 1114 4570 ››

285 4612 637 4668 Certissima
670 4611 864 4682 itaque
903 4614 1172 4665 tenemus
1229 4626 1434 4665 omnes
1483 4609 1750 4666 homines
1775 4627 1877 4682 per

209 4702 575 4774 semetipsos
598 4717 712 4755 non
738 4699 929 4755 solum
954 4699 1388 4771 perfectionem,
1404 4699 1503 4753 sed
1524 4715 1626 4754 nec
1645 4699 1879 4755 initium

201 4792 465 4864 justitia:
515 4805 688 4861 posse
736 4789 1091 4859 contingere,
1127 4787 1227 4844 sed
1265 4788 1568 4843 universos
1597 4789 1698 4859 qui
1733 4789 1883 4843 ﬁunt

208 4881 379 4952 boni,
418 4879 622 4934 divina
671 4878 862 4951 gratia
912 4876 1235 4950 praeveniri.
1271 4881 1489 4931 Bonam
1538 4893 1790 4949 namque
1821 4879 1880 4934 in

209 4967 569 5026 hominibus
597 4967 955 5023 voluntatem
987 4966 1111 5038 ipse
1143 4967 1324 5038 gratis
1356 4969 1661 5038 praeparat,
1696 4969 1881 5039 gratis

213 5060 425 5126 donat,
459 5050 584 5129 ipse
615 5057 874 5128 adjuvat,
895 5057 1019 5128 ipse
1044 5060 1433 5111 consummat.
1459 5055 1531 5110 Ut
1555 5054 1710 5111 enim
1737 5079 1762 5105 ‹‹
1781 5057 1878 5112 ab-

213 5152 509 5222 negantes
533 5147 890 5218 impietatem
914 5149 970 5200 et
1000 5144 1301 5201 saecularia
1331 5143 1636 5214 desideria,
1665 5145 1875 5214 sobrie,

205 5238 377 5308 juste
407 5239 471 5290 et
499 5235 593 5307 pie
621 5235 884 5289 vivamus
938 5234 994 5287 in
1047 5232 1155 5287 hoc
1186 5231 1397 5287 saeculo
1431 5231 1568 5304 (Tit.
1593 5235 1676 5300 ιι),
1702 5254 1729 5281 ››
1758 5233 1874 5288 ait:

212 5349 239 5375 α
278 5323 604 5381 GratiaDei
619 5339 721 5395 per
738 5323 940 5378 Jesum
963 5320 1261 5377 Christum
1285 5321 1594 5375 Dominum
1610 5324 1877 5376 nostrum

214 5416 395 5487 (Rom.
432 5414 557 5483 vn),
591 5435 618 5461 »
649 5413 817 5484 cujus
843 5412 962 5467 ᾔεεο
989 5414 1078 5467 est
1108 5409 1454 5465 inexhausta
1481 5408 1714 5480 pietatis
1745 5427 1877 5464 mu-

213 5501 548 5569 niﬁcentia,
582 5505 644 5557 ut
671 5517 739 5556 ex
771 5499 1183 5572 insipientibus
1205 5497 1497 5570 sapientes
1527 5498 1760 5566 efﬁciat,
1795 5499 1880 5554 in-

214 5589 506 5670 ﬁdelibus
535 5591 710 5648 fidem
741 5591 980 5660 tribuat,
1013 5590 1272 5646 errantes
1303 5603 1418 5644 non
1450 5585 1643 5645 solum
1691 5591 1872 5656 vocet,

1986 3279 2110 3352 ipse
2143 3281 2538 3352 tribuit,juste
2568 3282 2757 3354 punit.
2784 3282 2846 3337 In
2878 3281 3008 3337 istis
3038 3299 3172 3354 ergo
3197 3284 3517 3364 coronatur
3545 3279 3633 3334 di-

1986 3369 2380 3442 vinalargitio,
2401 3371 2459 3425 in
2478 3369 2594 3426 illis
2617 3371 3004 3443 transgressio
3028 3371 3288 3426 humana
3301 3371 3633 3426 damnatur.

1987 3458 2142 3514 Nihil
2175 3459 2354 3532 igitur
2385 3459 2491 3515 iste
2523 3460 2715 3527 habet,
2746 3461 2899 3532 quod
2934 3459 3185 3532 propriis
3217 3458 3442 3515 meritis
3458 3457 3639 3514 ascri-

1989 3547 2143 3615 bere,
2177 3564 2281 3603 nec
2314 3547 2600 3620 ille,quod
2632 3548 2825 3604 divino
2849 3547 3072 3619 judicio
3098 3549 3232 3619 jure
3260 3547 3447 3621 possit
3472 3548 3638 3602 dero-

1993 3653 2148 3708 gare.
2184 3637 2366 3709 Igitur
2411 3639 2582 3709 juxta
2631 3637 2996 3709 Apostolum,
3032 3655 3146 3692 non
3179 3641 3268 3692 est
3297 3636 3452 3709 quod
3485 3636 3640 3692 dicat

1989 3748 2016 3774 «
2052 3725 2396 3797 ﬁgmentum
2430 3726 2481 3781 ei
2512 3727 2612 3798 qui
2645 3743 2706 3781 se
2738 3727 2904 3780 ﬁnxit
2939 3744 2951 3783 :
2987 3725 3134 3792 Quid
3167 3743 3259 3781 me
3290 3725 3475 3781 fecisti
3512 3723 3640 3781 sic?

1988 3814 2133 3880 Quia
2151 3814 2325 3870 habet
2347 3819 2692 3886 potestatem
2727 3813 2946 3887 ﬁgulus
2977 3813 3086 3870 luti
3114 3831 3183 3869 ex
3211 3815 3412 3870 eadem
3442 3831 3641 3870 massa

1987 3902 2174 3958 facere
2205 3902 2362 3957 aliud
2395 3902 2631 3974 quidem
2663 3919 2766 3957 vas
2795 3903 2853 3956 in
2885 3902 3188 3966 honorem,
3224 3901 3382 3957 aliud
3414 3919 3547 3959 vero
3577 3902 3638 3958 in

1987 3990 2402 4046 contumeliam
2449 3991 2623 4062 (Rom.
2659 3991 2759 4062 ix).
2795 4012 2822 4041 »
2872 3990 3137 4046 Ostendit
3183 3991 3362 4063 igitur
3408 3990 3639 4047 divitias

1985 4079 2266 4134 bonitatis
2289 4097 2407 4134 sua:
2424 4078 2484 4133 in
2513 4079 2669 4134 vasis
2703 4079 3143 4147 misericordiae;
3165 4079 3485 4151 potentiam
3505 4096 3640 4134 vero

1987 4171 2163 4239 atque
2182 4162 2475 4238 judicium
2507 4167 2566 4221 in
2599 4167 2753 4224 vasis
2785 4167 2904 4237 irae,
2937 4168 3079 4222 dum
3110 4167 3217 4223 hos
3249 4170 3538 4241 praeparat
3566 4167 3637 4222 ad

1987 4255 2255 4328 gloriam,
2287 4253 2420 4311 illos
2451 4256 2702 4311 sustinet
2729 4257 2812 4311 ire
2840 4257 2897 4311 in
2932 4256 3253 4312 interitum.

2059 4347 2334 4410 Quaenam
2354 4344 2534 4416 igitur
2553 4350 2641 4401 est
2663 4345 2773 4401 ista
2793 4346 3254 4417 vestrajustitia,
3277 4362 3404 4417 quae
3428 4347 3642 4400 cuncta

1988 4433 2130 4489 solis
2157 4433 2402 4499 meritis,
2431 4433 2575 4488 nihil
2596 4439 2790 4488 tamen
2825 4435 3026 4506 gratiae
3055 4435 3262 4490 debet?
3285 4434 3459 4490 Porro
3490 4434 3637 4490 Pau-

1907 4541 1954 4608 D
1990 4522 2084 4577 lus
2107 4523 2234 4593 jam
2267 4522 2669 4578 testimonium
2717 4523 2882 4578 vobis
2914 4523 3182 4594 perhibet
3214 4523 3367 4595 quod
3400 4522 3638 4578 aemula-

1985 4612 2203 4667 tionem
2236 4611 2336 4666 Dei
2368 4611 2614 4678 habetis,
2649 4611 2750 4666 sed
2784 4629 2896 4666 non
2930 4613 3257 4668 secundum
3291 4611 3635 4668 scientiam:

1991 4724 2017 4750 ‹‹
2055 4702 2394 4772 Ignorantes
2425 4699 2581 4755 enim
2613 4699 2713 4754 Dei
2755 4700 3073 4770 justitiam,
3106 4705 3162 4756 et
3192 4705 3443 4755 vestram
3476 4717 3639 4772 quae-

1990 4794 2184 4845 rentes
2235 4791 2508 4854 statuere,
2555 4788 2802 4858 justitize
2847 4789 2946 4844 Dei
3009 4806 3123 4843 non
3178 4788 3318 4844 estis
3367 4786 3638 4859 subjecti.

1967 4878 2220 4950 [Moyses
2252 4893 2382 4932 vero
2413 4877 2648 4948 scripsit
2668 4878 2944 4948 quoniam
2973 4876 3267 4948 justitiam
3286 4893 3413 4948 quae
3431 4893 3499 4932 ex
3515 4875 3640 4948 lege

1990 4972 2096 5034 est,
2132 4967 2230 5038 qui
2263 4965 2461 5021 fecerit
2491 4964 2686 5030 homo,
2715 4965 2866 5020 vivet
2889 4965 2949 5020 in
2975 4983 3040 5021 ea
3064 4967 3234 5038 (Rom.
3265 4970 3382 5034 x).»
3413 4967 3638 5029 Quanto

1991 5056 2179 5129 magis
2211 5059 2406 5110 autem
2457 5055 2691 5124 justitia
2741 5071 2868 5124 qua;
2900 5071 2968 5110 ex
2997 5055 3307 5127 Evangelio
3338 5054 3550 5110 Christi
3583 5058 3640 5110 et

1990 5145 2332 5201 auctoritate
2354 5143 2670 5216 apostolica
2693 5149 2799 5210 est,
2819 5144 2996 5198 vitam
3020 5143 3297 5198 donabit?
3311 5143 3457 5210 Quid
3481 5143 3636 5199 enim

1989 5233 2232 5306 apostoli
2265 5232 2423 5287 aliud
2457 5233 2800 5298 docuerunt,
2818 5232 2932 5287 nisi
2962 5233 3114 5305 quod
3149 5249 3217 5288 ex
3238 5250 3334 5288 ore
3363 5231 3638 5288 Veritatis

1988 5321 2534 5395 acceperunt?Quid
2550 5324 2742 5375 autem
2776 5320 2933 5376 aliud
2968 5321 3436 5378 sanctaEcclesia
3455 5326 3634 5398 tenet,

1987 5413 2100 5468 nisi
2134 5412 2287 5483 quod
2333 5428 2366 5465 a
2410 5411 2576 5465 beato
2622 5409 2786 5464 Petro
2818 5414 2874 5464 et
2903 5411 3124 5466 caeteris
3173 5411 3449 5483 apostolis
3481 5403 3636 5484 acce-

1987 5501 2118 5574 pit?
2148 5499 2287 5566 Quis
2319 5502 2514 5554 autem
2543 5498 2784 5565 nesciat,
2820 5503 2920 5554 aut
2963 5517 3073 5555 non
3126 5501 3386 5555 advertat
3414 5487 3568 5574 quod
3601 5516 3635 5553 a

1989 5589 2249 5663 principe
2282 5585 2677 5660 apostolorum
2709 5588 2876 5646 Petro
2908 5589 3180 5646 Romana:
3222 5584 3485 5646 Ecclesia:
3516 5591 3631 5642 tra-
