4060 6174
457 275 614 342 1323

1496 270 1840 337 HUGONIS
1885 262 2820 348 LINGONENSISE'EPISCOPI.

3649 261 3765 330 1311

454 413 663 467 nolit-ia
693 408 958 480 contulit,
987 406 1434 463 Divionensibus
1466 405 1928 478 pbtissimum,et
1958 403 2101 459 San-
2133 401 2189 468 Α
2219 401 2413 456 Sancti
2454 399 2980 471 Florentini,quam
3007 397 3386 469 mlles,'Aymo
3413 397 3633 464 nomine,
3656 401 3769 456 dese

455 506 680 558 ctorum
698 498 1076 555 Geminorum
1090 493 1968 567 canonicis,Polongiacensibus
1980 508 2106 547 san-

458 587 920 650 ctimonialibus,
965 603 1031 642 ac
1070 585 1246 642 etiam
1314 583 1713 640 Besuensibus
1780 580 2106 644 monachis,

459 677 675 750 quibus
707 675 1418 746 attribuitLingonensem
1453 671 1647 727 Sancti
1678 670 1905 726 Genulﬁ
1920 668 2110 741 capel-

459 767 576 820 lam
601 765 658 820 in
685 763 1238 837 prioratum.Etfecit
1267 767 1331 817 ut
1352 759 1694 817 B.Marcello
1716 758 2108 822 Cabilonensi,

459 854 518 908 in
547 857 696 908 emta
729 851 963 924 publico
998 867 1305 924 procerum
1330 849 1677 922 Burgundize
1713 849 1865 920 apud
1883 845 2112 902 Paluel-

464 942 610 1009 lum,
646 942 801 999 bona
830 940 890 995 in
912 957 1060 1012 pago
1085 939 1411 994 Floriaciad
1433 939 1708 992 Oscaram
1728 937 1971 991 fluvium
2003 934 2116 989 sita

462 1028 1110 1086 restituerentur.Dedit
1130 1027 1386 1083 eteidem
1409 1025 1714 1081 ecclesiam
1728 1025 1921 1080 Sancti
1941 1025 2114 1078 Geor-

465 1120 544 1193 gii
563 1119 828 1190 ejusdem
852 1117 1117 1185 Floriaci,
1152 1116 1366 1172 Alvisio
1405 1114 1614 1187 priore.
1648 1114 1850 1169 Nescio
1887 1130 1991 1168 cur
2013 1113 2117 1166 Be-

469 1224 683 1263 suense
704 1205 1034 1262 ccenobium
1064 1207 1310 1277 ejusque
1341 1205 1610 1258 abbatem
1642 1202 1938 1275 Ulgerium
1968 1199 2120 1259 male

469 1296 775 1362 habuerit;
808 1311 1012 1350 verum
1046 1293 1166 1349 scio
1196 1293 1422 1350 socium
1471 1296 1527 1346 et
1564 1294 1993 1363 cooperatorem
2024 1289 2122 1344 ha-

475 1382 1069 1439 buissellalinardum
1112 1386 1252 1435 tunc
1288 1379 1484 1436 Sancti
1525 1379 1766 1452 Benigni
1805 1379 2126 1434 moderato-

482 1489 625 1540 rem,
656 1475 857 1543 postea
886 1471 1334 1542 Lugdunensem
1377 1466 1903 1539 archiepiscopum,
1933 1467 2125 1521 virum

477 1560 698 1630 ubique
711 1561 1038 1631 spectatum
1053 1561 1116 1612 ut
1129 1556 1674 1612 sanctissimum.Ad
1693 1555 2126 1610 tribulationem

485 1648 624 1703 cleri
648 1651 702 1702 et
716 1645 914 1718 populi
930 1645 1312 1719 Lingonensis
1347 1646 1502 1717 quod
1535 1649 1778 1716 spectat,
1801 1643 1911 1699 dici
1934 1647 2131 1715 posset

2217 489 2536 544 beneﬁciali
2562 490 2696 560 jure
2727 488 2984 554 tenebat,
3015 488 3142 560 ipso
3174 485 3354 577 milite
3383 485 3769 558 postulante.dat

2217 578 2520 634 Warnerio
2552 577 2749 633 Sancti
2780 575 3058 648 Stephani
3109 575 3432 649 praeposito,
3479 591 3593 630 cum
3621 579 3769 644 servis,
3797 625 3808 636 .

2221 671 2494 732 mercato,
2527 665 2991 734 teloneo,etc.,ad
3013 682 3186 720 usum
3216 663 3539 719 clericorum
3565 662 3662 718 illic
3679 666 3774 720 resi-

2221 756 2504 823 dentium,
2539 771 2607 810 ca
2636 759 2832 810 tamen
2863 753 3214 816 conditione,
3235 757 3299 807 ut
3331 751 3693 822 subjectionem
3712 755 3778 807 ab

2223 843 2389 900 batize
2420 843 2615 898 Sancti
2649 843 2924 916 Stephani
2957 841 3211 914 praelatis
3240 841 3497 896 exhibere
3525 857 3620 894 non
3643 840 3778 912 negli-

2224 937 2400 1005 gant;
2435 933 2779 1004 deprecante
2813 931 3083 1004 Aymone,
3116 930 3327 985 comite
3357 927 3501 983 ﬁdeli
3533 929 3782 992 suo,reddit

2224 1020 2525 1077 ecclesiam
2559 1021 2755 1075 Sancti
2789 1020 2938 1075 Petri
2991 1020 3163 1075 sitam
3198 1019 3257 1074 in
3288 1017 3421 1073 villa
3447 1017 3605 1087 Mora,
3631 1034 3782 1072 mona-

2227 1109 2424 1174 sterio,
2458 1114 2842 1181 cognomento
2877 1107 3220 1174 Pulchrada,
3253 1105 3342 1162 vel
3380 1106 3602 1161 Saxonis
3632 1106 3785 1160 Fonta-

2230 1216 2336 1265 nas,
2371 1201 2572 1253 sancto
2604 1197 2863 1269 Benigno
2895 1197 3138 1268 ejusque
3169 1194 3364 1251 abbati
3396 1193 3683 1248 Halinardo.

2300 1289 2509 1344 Actum
2541 1285 2817 1358 Lingonis
2851 1285 3101 1358 publice,
3135 1287 3414 1358 regnante
3440 1282 3652 1340 Henrico
3677 1299 3786 1355 rege,

2233 1393 2386 1432 anno
2416 1390 2541 1431 VIII.

2307 1463 2366 1520 Si
2401 1462 2634 1518 initium
2663 1463 2892 1520 Henrici
2915 1479 3224 1521 sumamus
3242 1478 3276 1517 a
3295 1461 3478 1533 prima
3496 1461 3608 1529 ejm
3622 1477 3792 1516 corona-

2235 1553 2416 1618 tione,
2449 1553 2652 1608 datum
2680 1556 2770 1608 est
2798 1551 2907 1609 hoc
2937 1550 3200 1624 diploma
3227 1567 3322 1605 an.
3355 1549 3486 1605 1034
3506 1567 3519 1615 ;
3543 1549 3583 1604 si
3611 1566 3638 1603 a
3661 1554 3793 1603 morte

2239 1641 2712 1714 patris,an.1.038.
2733 1641 2816 1694 Ad
2835 1653 3055 1698 annum
3072 1639 3212 1694 1042
3227 1639 3404 1693 refert
3419 1634 3678 1700 Mabillon,
3694 1654 3794 1709 pre-

482 1736 541 1791 id
562 1736 801 1790 meritos
815 1735 1016 1802 fuisse,
1053 1734 1227 1806 idque
1248 1733 1332 1788 illi
1365 1733 1923 1805 aregibusjussum,
1956 1735 2020 1786 ut
2048 1732 2131 1786 in-
2163 1769 2210 1832 Β
2240 1734 2472 1801 ceptum
2497 1746 2612 1801 quo
2642 1729 2953 1784 Rotbertus
2971 1727 3321 1800 Burgundiaa
3340 1727 3796 1823 duxonemsascon:

479 1824 731 1879 faustam
765 1827 822 1878 et
851 1840 965 1878 non
999 1822 1268 1877 meritam
1301 1821 1575 1877 Hichardi
1606 1824 1820 1876 sortem
1853 1825 1908 1875 et
1932 1837 2128 1876 necem

475 1912 917 1968 ulciscerentur.
945 1911 1093 1965 Addi
1126 1910 1301 1965 etiam
1335 1915 1534 1982 posset
1556 1909 1612 1963 in
1637 1910 1765 1979 ejus
1795 1907 2126 1980 apologiam

477 2018 634 2068 eum,
666 2018 700 2056 a
730 2000 948 2072 quibus
1000 2003 1301 2070 tantopere
1332 1999 1696 2069 vituperatus
1727 2001 1835 2062 est,
1870 1997 2134 2068 impense

483 2105 912 2160 nonnunquam
945 2089 1286 2143 laudatum:
1322 2089 1406 2143 sic
1436 2088 1592 2142 enim
1651 2087 1721 2140 de
1779 2103 1845 2142 eo
1874 2086 2132 2158 loquitur

482 2178 796 2234 Besuensis
827 2177 1348 2249 chronographus:
1383 2200 1410 2226 ‹‹
1445 2177 1706 2248 Hugone,
1732 2174 2049 2247 pontiﬁcali
2074 2174 2131 2228 in

481 2266 759 2321 cathedra
790 2264 1034 2320 feliciter
1063 2264 1410 2335 praesidente
1461 2264 1897 2336 Ecclesiamque
1925 2263 2132 2335 Lingo-

483 2352 612 2408 nice
645 2352 804 2407 sedis
844 2352 936 2423 pic
988 2354 1242 2424 regente,
1301 2369 1505 2406 verum
1564 2354 1856 2406 calamum
1906 2351 2136 2406 cohibet

481 2441 531 2511 ej
544 2457 612 2505 us
626 2439 996 2513 depositio,et
1013 2440 1436 2495 horrendorum
1451 2440 1761 2495 criminum
1783 2440 2132 2495 accusatio.»

555 2527 678 2582 Sub
709 2528 838 2598 ejus
867 2527 1240 2600 episcopatus
1272 2527 1458 2595 initio,
1494 2544 1627 2582 cum
1679 2527 1966 2582 Robertus
1999 2528 2138 2581 Bur-

485 2617 719 2690 gundizn
755 2617 891 2684 dux,
927 2616 1038 2672 sibi
1071 2617 1340 2684 fundum,
1374 2615 1609 2672 nomine
1634 2616 2139 2688 Vivarium,super

485 2710 762 2762 Oscaram
796 2704 1038 2760 fluvium
1069 2704 1443 2768 vindicasset.
1480 2722 1542 2759 ac
1578 2704 1919 2776 Benignioni
1944 2721 2139 2761 mona-

488 2793 581 2848 chi
611 2793 757 2848 illud
791 2796 1138 2865 repeterent,
1171 2798 1236 2848 ut
1265 2793 1377 2849 sibi
1412 2810 1445 2847 a
1473 2792 1778 2848 Willermo
1801 2794 2011 2849 comite
2034 2810 2136 2866 pro

490 2881 720 2938 Henrici
751 2881 916 2937 ducis
949 2881 1156 2937 animae
1189 2881 1376 2936 salute
1401 2882 1702 2947 collatum,
1733 2883 1817 2938 eis
1859 2883 2134 2949 restituit,

487 2975 542 3027 et
573 2970 963 3026 restitutionis
1003 2971 1265 3026 chartam
1325 2971 1508 3026 edidit
1536 2971 1608 3024 ab
1668 2971 1907 3042 Hugone
1941 2974 2138 3029 nostro

487 3058 970 3131 subscriptam,in
1009 3076 1124 3130 qua
1154 3059 1238 3114 sic
1267 3058 1527 3130 loquitur
1549 3076 1600 3114 :«
1624 3060 1740 3130 Ego
1763 3059 1926 3131 Hugo
1949 3060 2140 3130 subje-

487 3151 647 3204 ctum
666 3146 936 3203 subtexui
961 3163 1062 3219 per
1087 3148 1880 3218 quam....excommunicans
1902 3148 2138 3203 anatbe-
2166 3131 2209 3198 C

487 3236 700 3291 matizo
725 3235 1346 3306 anathematizansque
1405 3236 1866 3304 excommunico,
1903 3242 1965 3291 ut
2008 3235 2136 3290 nul-

487 3322 719 3380 lius.....
774 3339 1024 3395 persona
1080 3323 1254 3396 regis,
1288 3323 1478 3389 ducis,
1539 3323 1826 3395 praesulis,
1887 3325 2134 3392 abbatis,

489 3412 744 3480 comitis,
795 3417 904 3467 etc.
961 3411 1083 3467 ulla
1126 3411 1426 3468 occasione
1486 3413 1543 3466 in
1594 3412 1866 3483 praedicto
1909 3413 2138 3469 Vivario

489 3501 812 3572 quidquam
831 3500 1222 3572 possessionis
1238 3505 1338 3554 aut
1358 3501 1802 3556 consuetudinis
1819 3502 2031 3558 audeat
2051 3519 2142 3558 ac-

493 3589 704 3660 cipere.
739 3587 1070 3660 Largitiode
1098 3588 1308 3643 famosi
1339 3588 1600 3660 Hugonis
1629 3589 1894 3661 praesulis
1928 3590 2138 3664 Lingo-

499 3677 701 3732 nensis
752 3676 1044 3744 Ecclesiae,
1081 3677 1358 3732 Besuensi
1410 3677 1688 3733 attributa
1743 3683 1833 3734 est
1887 3680 2141 3736 Ecclesia

488 3766 686 3820 Sancti
709 3764 936 3821 Genulﬁ
965 3766 1121 3832 ;»sed
1150 3769 1206 3820 et
1235 3788 1262 3816 «
1296 3765 1582 3838 villa,quae
1612 3771 1850 3823 vocatur
1879 3767 2137 3838 Bannus,

481 3855 619 3926 jure
653 3857 927 3926 perpetuo
960 3853 1916 3926 concessa,»inquitHarduinusin
1938 3857 2142 3914 charta

494 3941 633 3999 anni
665 3943 822 3998 1059.
858 3942 1051 3999 Refert
1103 3942 1387 3999 Perardus
1445 3943 1730 4012 chartam,
1778 3945 1836 4000 in
1891 3963 2008 4018 qua
2057 3929 2140 4004 sic

490 4031 754 4103 loquitur
783 4032 948 4104 Hugo
975 4049 987 4087 :
1020 4054 1047 4081 «
1085 4032 1236 4087 Dum
1269 4033 1523 4104 quodam
1574 4038 1833 4106 tempore
1863 4035 1933 4091 de
1963 4036 2141 4092 stabi-

486 4119 682 4176 lienda
710 4119 979 4176 Ecclesia:
1007 4121 1302 4193 (Lingon.)
1335 4121 1634 4193 republica
1692 4121 2004 4196 diligenter
2028 4129 2140 4181 tra-

482 4212 776 4266 ctaremus
843 4210 955 4280 (ut)
1023 4209 1238 4264 Christi
1293 4211 1592 4282 suffragio,
1663 4212 1734 4267 ad
1793 4212 2140 4270 sublimiora

483 4297 843 4354 meliorando
869 4297 1505 4369 proveheremur,venit
1531 4304 1663 4357 ante
1686 4304 1894 4356 nostrae
1913 4304 2138 4376 magni-

481 4387 706 4442 tudinis
738 4387 1110 4458 praasentiam
1140 4391 1338 4443 noster
1379 4387 1571 4444 ﬁdelis
1601 4389 1795 4457 Wido,
1831 4391 2138 4463 postulans

482 4478 548 4529 ut
578 4474 691 4530 sibi
721 4475 920 4531 liceret
949 4493 1052 4547 per
1082 4480 1292 4532 nostra:
1323 4477 1685 4533 auctoritatis
1718 4478 2132 4547 ministerium,

481 4567 546 4618 ut
575 4564 829 4634 quadam
857 4563 1115 4620 Ecclesia
1145 4565 1201 4619 in
1236 4565 1454 4621 honore
1481 4566 1540 4620 B.
1573 4566 1849 4638 Stephani
1872 4569 2137 4626 dedicata

475 4651 624 4708 tales
651 4650 892 4709 clericos
927 4652 1155 4709 mittere
1191 4655 1289 4725 qui
1339 4655 1416 4711 ibi
1466 4657 1861 4712 communiter
1888 4658 2132 4715 vivendo

479 4741 774 4798 canonica:
807 4741 1024 4815 regulas
1049 4759 1110 4798 se
1141 4743 1345 4799 devote
1391 4745 1918 4804 submitterent.....
1951 4747 2134 4818 Cujus

476 4831 768 4887 desiderio
801 4832 1194 4888 satisfecimus
1227 4833 1324 4906 (et)
1351 4833 1700 4891 tradidimus
1718 4837 2133 4908 suprascriptis

475 4921 772 4976 canonicis
799 4921 981 4977 altare
1040 4923 1305 4994 ejusdem
1365 4922 1639 4991 ecclesiae,
1673 4941 1808 4979 cum
1860 4926 2135 4982 omnibus

475 5023 603 5076 quin
638 5011 808 5064 nobis
859 5016 1030 5065 antea
1086 5011 1322 5066 solitum
1373 5016 1498 5067 erat
1555 5011 1903 5083 persolvere,
1931 5019 2135 5085 praeter

475 5096 899 5165 subiectionem
951 5104 1008 5154 et
1055 5100 1233 5154 trium
1296 5099 1619 5156 solidorum
1681 5118 1945 5170 censum,
1980 5120 2128 5175 quos

473 5183 806 5256 quibusque
830 5187 1000 5242 annis
1027 5189 1148 5243 sedi
1173 5193 1384 5244 nostra:
1412 5189 1572 5244 reddi
1591 5189 2126 5248 constituimus.....

546 5291 574 5318 «
605 5271 812 5326 Actum
849 5273 1127 5346 Lingonis
1146 5277 1558 5348 publice,anno
1578 5278 1994 5337 incarnationis
2015 5281 2125 5336 Do-

476 5360 705 5416 minicm
727 5359 889 5428 4032,
923 5363 1122 5420 indict.
1153 5384 1244 5432 xx,
1295 5385 1388 5422 an.
1425 5385 1440 5421 ι
1493 5368 1720 5422 Henrici
1774 5368 2125 5426 Francorum

476 5449 654 5523 regis,
685 5453 743 5504 et
775 5449 1153 5521 pontiﬁcatus
1185 5454 1466 5526 llugonis.
1497 5478 1523 5505 »

539 5541 707 5602 Anno
752 5539 1044 5618 sequenti,
1079 5540 1282 5600 indict.
1342 5561 1380 5615 ι,
1443 5547 1762 5620 quamdam
1819 5547 2127 5609 ecclesiam

2241 1816 2582 1874 suetudines
2603 1817 2663 1871 in
2677 1815 2814 1872 villa
2833 1816 3074 1872 Gilliaco
3092 1818 3304 1872 Sancto
3323 1815 3592 1871 Germano
3608 1811 3797 1881 Putensi

2241 1904 2504 1970 remittit,
2537 1905 2749 1976 cuique
2779 1903 3097 1959 subscribit
3140 1904 3306 1975 Hugo
3340 1907 3542 1958 noster.
3569 1903 3736 1958 Verum
3759 1903 3797 1955 in

2242 1993 2521 2065 temporis
2553 1993 2926 2048 adnotatione
2957 2009 3073 2048 non
3098 1992 3410 2048 mediocris
3433 1997 3515 2048 est
3541 1989 3799 2047 ditlicultas.

2242 2083 2336 2138 Sic
2365 2099 2493 2138 eam
2528 2083 2702 2138 refert
2732 2081 3036 2136 Duchesne
3062 2099 3074 2136 :
3111 2083 3412 2154 Regnante
3444 2081 3659 2136 Henrico
3685 2081 3804 2134 Fran-

2243 2188 2446 2226 corum
2478 2188 2632 2243 rege,
2662 2187 2815 2226 anno
2843 2188 2898 2238 κ,
2928 2165 3170 2243 Hugone
3231 2170 3574 2243 Lingonensi
3625 2167 3803 2242 praesule

2243 2259 2557 2331 episcOpali
2586 2259 2872 2317 cathedrae
2905 2260 3276 2331 prsw'dente,
3309 2275 3459 2314 anno
3489 2258 3804 2331 quinto.ldem

2245 2353 2332 2403 est
2361 2347 2596 2403 initium
2630 2349 2790 2420 regni
2823 2353 2880 2404 et
2899 2349 3277 2420 episcopatus
3307 2365 3521 2414 eorum,
3540 2364 3653 2402 cum
3680 2345 3806 2418 patris

2247 2442 2492 2492 mortem
2543 2437 2833 2509 acceperit
2880 2437 3188 2506 Henricus,
3255 2437 3525 2509 Liugonis
3573 2436 3753 2509 positus
3771 2439 3806 2488 st

2249 2527 2546 2598 "agonem
2581 2526 2639 2580 in
2673 2526 2828 2580 sedis
2861 2526 3298 2597 possessionem
3357 2527 3652 2594 immitens.
3677 2527 3809 2594 Atque

2246 2615 2388 2669 adeo
2419 2615 2726 2668 amborum
2746 2615 3008 2670 decimus
3027 2631 3220 2670 annus
3243 2615 3421 2670 simul
3443 2619 3622 2670 currat
3639 2626 3811 2668 necesse

2246 2709 2352 2768 est,
2387 2703 2435 2757 si
2470 2702 2698 2758 Henrici
2732 2703 2967 2759 initium
3002 2721 3035 2758 a
3063 2708 3253 2760 morte
3285 2704 3466 2776 patris
3512 2707 3757 2764 sumatur,
3779 2698 3811 2752 si

2245 2808 2377 2847 vero
2401 2792 2473 2846 ab
2499 2809 2655 2847 anno
2688 2794 2848 2859 102‘},
2877 2809 2992 2864 quo
3026 2792 3083 2847 in
3115 2792 3265 2848 vivis
3314 2797 3515 2866 agente
3543 2795 3681 2863 patre
3703 2803 3816 2845 coro-

2249 2886 2421 2936 natus
2446 2886 2556 2948 est,
2595 2887 2655 2936 ut
2688 2882 2894 2954 probat
2925 2879 3251 2949 Mabillon.,
3270 2883 3401 2954 ejus
3421 2881 3656 2937 decimus
3677 2891 3813 2932 annus

2249 2986 2362 3024 non
2393 2968 2502 3025 erit
2534 2971 2690 3035 1042,
2725 2971 2825 3028 sed
2860 2970 3123 3042 1036,ᾳυὶ
3151 2970 3262 3025 fuit
3292 2972 3465 3027 etiam
3495 2971 3702 3042 quintus
3719 2981 3815 3038 pon-

2248 3057 2500 3113 tificatus
2533 3057 2953 3130 Hugonis.Scio
2978 3058 3074 3117 hic
3105 3075 3214 3114 nos
3236 3075 3556 3131 supponere
3571 3057 3837 3112 Robertum.

2248 3161 2441 3218 regem
2473 3162 2504 3202 e
2533 3145 2680 3202 vivis
2710 3151 2972 3218 ereptum
3007 3147 3190 3205 fuisse
3221 3165 3377 3204 anno
3401 3148 3550 3214 1032,
3580 3144 3707 3218 quod
3723 3140 3814 3214 qui-

2248 3234 2379 3290 dem
2413 3234 2620 3290 asserit
2649 3235 3012 3308 Holgandus,
3033 3237 3133 3291 sed
3167 3241 3389 3308 negant
3407 3237 3508 3290 viri
3534 3229 3812 3294 doctissimi,

2247 3323 2376 3393 ejus
2406 3329 2654 3379 mortem
2685 3323 3225 3397 consignantes,alii
3254 3341 3408 3380 anno
3441 3320 3672 3391 103t,alii
3692 3317 3814 3382 1033;

2247 3413 2347 3466 sed
2378 3411 2474 3468 hic
2492 3429 2526 3467 a
2549 3413 2912 3469 nostratibus
2935 3414 3337 3470 monumentis
3355 3414 3603 3469 recedere
3614 3426 3705 3466 non
3725 3421 3815 3478 pos-

2248 3501 2639 3557 sumus.0biit
2655 3500 3221 3573 Guillelmus(abbas
3233 3501 3698 3575 S.Benigni)anno
3720 3493 3812 3550 1031
3851 3562 3865 3579 ⁸

2246 3589 2374 3662 ipso
2387 3590 2852 3647 circumcisionis
2867 3591 3030 3660 festo,
3053 3591 3163 3647 hoc
3181 3596 3270 3647 est
3283 3592 3473 3664 prima
3484 3591 3570 3646 die
3583 3586 3696 3643 anni
3721 3583 3814 3638 1032

2249 3697 2352 3752 pro
2388 3684 2584 3734 nostro
2615 3679 2751 3734 anni
2795 3680 3175 3751 computandi
3235 3680 3430 3736 modo.
3463 3678 3651 3734 Eodem
3693 3682 3813 3745 pom

2249 3785 2402 3824 anno
2438 3768 2593 3835 1031,
2647 3784 2847 3824 mense
2903 3770 3188 3840 Augusto,
3251 3769 3476 3825 obierat
3529 3765 3812 3822 Lambertus,

2249 3857 2343 3912 cui
2376 3875 2409 3912 a
2439 3857 2689 3912 Roberto
2719 3856 3078 3912 substitutus
3097 3861 3187 3912 est
3207 3852 3640 3926 Richardus,qui
3655 3849 3813 3920 aliquot

2249 3945 2454 4002 diebus
2486 3962 2665 4018 supra
2693 3945 2956 4018 quinque
2996 3961 3230 4002 menses
3278 3946 3447 4002 sedit.
3478 3945 3612 4016 Ergo
3631 3942 3729 4012 jam
3751 3935 3813 3989 in-

2249 4035 2454 4092 choato
2481 4039 2676 4107 (prout
2723 4035 3126 4106 numeramus)
3154 4051 3360 4092 mense
3419 4029 3694 4091 Februario
3717 4021 3812 4080 anni

2249 4125 2632 4189 1032,veneno
2663 4121 2933 4180 sublatus
2953 4127 3062 4180 est.
3085 4123 3232 4180 Cum
3257 4141 3398 4197 ergo
3419 4119 3633 4180 nonnisi
3651 4117 3812 4190 postea.

2247 4211 2318 4268 ab
2350 4213 2552 4267 eodem
2585 4228 2719 4284 rege
2765 4212 3110 4284 designatus
3151 4213 3330 4269 fuerit
3371 4212 3652 4285 episcopus
3679 4205 3811 4271 sum

2246 4317 2314 4357 ex
2343 4300 2451 4356 hac
2476 4300 2731 4373 profecto
2778 4300 2894 4357 vita
2936 4301 3170 4357 nonnisi
3215 4318 3373 4358 anno
3424 4302 3554 4356 1032
3590 4289 3811 4368 migravit-

2246 4389 2604 4444 Memoratur
2661 4390 2865 4445 eodem
2926 4406 3080 4445 anno
3143 4391 3304 4459 1036,
3339 4390 3538 4446 indict.
3568 4403 3631 4453 IV,
3659 4383 3706 4437 in
3727 4379 3811 4433 ins-

2168 4483 2560 4566 Dtrumento,
2593 4496 2708 4551 quo
2767 4479 3093 4536 Richardus
3159 4479 3333 4538 miles
3391 4480 3490 4536 dat
3527 4501 3552 4529 α
3605 4480 3811 4531 mansum

2248 4585 2432 4624 unum
2463 4591 2489 4618 ››
2523 4568 2580 4623 in
2610 4567 2733 4624 loco
2765 4568 2865 4641 qui
2895 4573 3134 4625 vocatur
3162 4567 3546 4626 Fontanellas.

2310 4658 2662 4724 Ann0103’7,
2697 4656 3016 4714 subscribit
3072 4657 3308 4726 charta,
3371 4675 3486 4731 qua
3529 4645 3810 4726 Reginaldus

2241 4763 2436 4803 comes
2469 4747 2570 4802 dat
2618 4745 3039 4803 Flaviniacensi
3097 4747 3386 4819 coenobio,
3412 4744 3555 4819 apud
3607 4739 3809 4797 Salinum

2240 4835 2662 4900 villam,arcam
2695 4852 2874 4893 unam
2897 4853 3032 4891 cum
3055 4818 3641 4893 caldarialtainaldus
3657 4818 3812 4883 Castel-

2241 4923 2525 4981 lionensis
2546 4941 2763 4991 comes,
2799 4925 3192 4981 monasticum
3225 4925 3490 4982 habitum
3528 4923 3580 4977 in
3607 4910 3807 4974 coenobio

2244 5012 2598 5086 Benigniano
2667 5013 2916 5069 induens
2953 5055 2967 5079 ,
3033 5013 3086 5070 ei
3155 5014 3438 5071 nonnulla
3498 5005 3722 5068 concedit
3769 5001 3806 5052 et

2239 5103 2632 5184 concessionis
2698 5103 2864 5158 testis
2931 5107 3022 5158 est
3087 5104 3271 5176 Hugo,
3337 5118 3486 5160 anno
3551 5097 3683 5156 1038.
3743 5089 3803 5141 ίιι·

2239 5191 2378 5248 dict.
2448 5208 2524 5260 vx,
2589 5208 2790 5248 mense
2857 5192 3203 5264 Septembri,
3244 5193 3340 5249 die
3413 5187 3646 5248 secunda
3685 5192 3801 5236 men'

2239 5282 2345 5348 sis,
2378 5281 2522 5338 feria
2559 5299 2659 5348 vn,
2719 5286 2997 5355 regnante
3055 5282 3294 5338 Henrico
3344 5281 3666 5338 Francorum

2238 5371 2414 5426 fratre
2447 5370 2704 5426 Rotberti
2755 5371 2921 5427 ducis
2976 5371 3348 5444 Burgundiaa,
3392 5384 3536 5426 anno
3585 5379 3634 5420 xx
3680 5365 3796 5426 "8‘"

2237 5460 2510 5532 ejus.lloc
2536 5459 2663 5532 ipso
2697 5476 2870 5530 anno,
2895 5459 3158 5517 chartam
3191 5459 3308 5516 edit
3337 5475 3450 5531 qua
3469 5450 3715 5528 signiﬁcat
3736 5455 3794 5536 ξος

2237 5567 2368 5608 cum
2419 5565 2571 5624 saepe
2616 5548 2877 5607 visitaret
2925 5549 3269 5608 Divionense
3323 5533 3793 5608 emnobium,catlll
