4094 6158
440 287 594 395 132Ἶ

1479 331 1822 394 HUGONIS
1869 321 2388 393 LINGONENSIS
2434 327 2807 390 EPISCOPI.

3695 329 3862 390 1328

436 467 696 540 corporis
716 471 774 522 et
796 463 1102 538 sanguinis
1123 463 1354 520 Domini
1380 465 1717 522 nostriJesu
1736 465 1950 523 Christi
1975 481 2089 520 non
2121 469 2174 534 Α
2206 464 2286 520 ris
2316 463 2715 536 argumentari
2739 479 2804 517 eo
2837 456 2989 534 quod
3023 462 3079 517 in
3113 463 3239 518 dies
3263 460 3634 530 immolatur,
3667 463 3859 536 lcchy-

435 558 520 613 ita
549 557 812 612 crederes
841 554 1197 609 celebratum
1227 558 1294 609 ut
1342 571 1554 626 corpus
1601 571 1730 610 esse
1762 555 2008 619 diceres,
2038 558 2096 609 et

435 647 845 717 incorporeum
895 643 1264 715 praadicares.
1289 643 1554 709 Perinde,
1609 645 1656 699 si
1705 645 2095 716 perpenderes

436 734 592 806 quod
627 730 954 804 amplitudo
985 731 1195 787 divinae
1228 732 1497 804 potentiae
1525 749 1809 788 sensuum
1857 732 2098 788 excedat

438 823 647 889 circos,
693 836 763 876 ne
803 820 992 892 possit
1037 819 1388 876 sensualiter
1436 821 1648 876 ambiri
1698 820 1851 892 quod
1903 821 1961 874 in
1994 835 2099 874 vos

437 912 715 966 informet
741 925 972 978 sensus,
1002 926 1067 964 os
1121 909 1300 965 nimis
1345 914 1648 964 extensum
1701 908 2096 975 contraheres,

439 1003 806 1072 contractum
839 998 1511 1070 corrigeres,correctum
1542 997 1795 1069 denique
1837 997 2101 1052 contine-

441 1087 724 1144 res.Dicis
741 1086 1106 1154 enim,nimis
1121 1091 1357 1144 extense
1388 1085 1656 1158 loquens,
1683 1086 1740 1141 in
1756 1084 2102 1157 hujusmodi

442 1180 1056 1247 sacramento,corpus
1087 1175 1303 1231 Christi
1336 1175 1419 1231 sic
1451 1191 1579 1230 esse
1611 1181 1677 1230 ut
1710 1175 1876 1246 panis
1898 1178 1954 1230 et
1984 1172 2102 1228 vini

448 1270 660 1322 natura
689 1268 744 1320 et
774 1265 1030 1320 essentia
1061 1282 1175 1320 non
1229 1268 1491 1320 mutetur
1517 1289 1532 1331 ;
1565 1280 1914 1336 corpusque,
1951 1262 2103 1334 quod

450 1355 681 1411 dixeras
739 1353 1105 1420 crucifixum,
1176 1352 1571 1407 intellectuale
1639 1351 1966 1407 constituis.
2045 1351 2106 1405 In

452 1460 567 1516 quo
599 1441 1032 1498 evidentissime
1064 1446 1222 1514 patet
1247 1442 1402 1513 quod
1435 1441 1844 1512 incorporeum
1874 1439 2111 1494 conﬁte-

453 1533 554 1588 ris.
585 1533 709 1597 Qua
739 1531 798 1585 in
821 1547 901 1598 re,
935 1529 1324 1586 universalem
1375 1529 1692 1585 Ecclesiam
1720 1527 2106 1617 scandalizas,

453 1619 768 1692 ipsumque
794 1624 961 1673 tuum
985 1618 1230 1673 offendis
1256 1617 1681 1689 auctorem,qui
1706 1616 1994 1689 palpabile
2017 1617 2113 1671 ob-

457 1707 595 1764 tulit
626 1707 778 1779 quod
811 1707 1222 1779 incorporeum
1247 1707 1529 1762 affirmas.
1564 1705 1827 1777 Namque
1859 1705 1906 1760 si
1942 1704 2111 1776 panis

2202 553 2372 608 thum
2404 569 2516 606 non
2553 552 2712 606 dices
2746 567 2857 605 non
2890 551 3098 617 minui,
3127 569 3261 608 cum
3286 569 3354 608 ex
3380 570 3448 607 eo
3472 543 3743 625 quotidie
3773 570 3862 607 ca-

2204 641 2521 714 peretur.Si
2556 655 2689 695 vero
2724 657 2836 694 non
2865 640 3246 696 imminutum
3278 640 3683 712 protuleris,et
3711 658 3864 696 sum-

2205 734 2370 802 ptum
2404 734 2461 784 et
2488 729 2785 801 integrum
2845 729 3155 785 confiteris.
3205 731 3357 803 Ergo
3416 731 3467 786 si
3520 730 3635 784 hoc
3685 730 3872 804 potuit

2206 817 2383 884 Elias,
2417 833 2598 888 quare
2626 816 2738 872 hoc
2787 833 2900 872 non
2938 818 3126 889 potuit
3153 822 3211 872 et
3247 818 3404 877 Deus
3429 818 3460 870 ?
3481 818 3872 883 Frumentum

2208 905 2472 961 mulieris
2483 905 2852 978 Sarephtente
2867 906 2944 960 hu
2944 906 3208 978 jusmodi
3222 907 3447 978 azymis
3469 905 3872 978 prasignavit;

2210 995 2453 1068 hocipsi
2504 995 3005 1066 praisignaverunt
3051 1011 3251 1066 panes,
3302 995 3580 1050 millibus
3626 994 3876 1060 satiatis,

2210 1085 2413 1140 totitas
2444 1082 2564 1157 [al.,
2599 1083 2808 1154 deitas]
2843 1101 2956 1138 non
3008 1083 3200 1139 solum
3232 1089 3466 1140 servata
3516 1090 3630 1138 est.
3660 1084 3880 1140 Verum

2213 1173 2392 1228 etiam
2425 1172 2692 1235 bissenos
2723 1172 3070 1228 redundavit
3096 1172 3154 1227 in
3188 1173 3500 1245 cophinos.
3533 1173 3698 1236 Quos
3747 1191 3883 1246 qua-

2213 1261 2348 1317 liter
2368 1260 2654 1333 gratuitos
2677 1262 2799 1332 [al.,
2830 1262 3120 1334 gustatos]
3142 1262 3227 1318 vel
3252 1263 3411 1318 unde
3434 1269 3878 1336 augmentatos,

2215 1351 2264 1406 si
2298 1350 2644 1422 dixeris,per
2673 1352 2937 1406 eamdem
2970 1351 3078 1412 hoc
3109 1368 3236 1408 esse
3269 1353 3605 1424 potentiam
3641 1369 3880 1424 respon-

2216 1440 2463 1507 demus;
2496 1443 2714 1510 tuaque
2743 1440 2811 1494 de
2841 1438 2984 1510 ipsis
3014 1440 3302 1496 confessio
3351 1441 3504 1496 ﬁdes
3535 1446 3628 1496 est
3685 1458 3881 1497 sacra-

2219 1527 2403 1583 menti
2456 1528 2808 1583 certissima.
2839 1527 3058 1584 Natura
3099 1529 3257 1584 enim
3306 1530 3571 1598 stabilis,
3609 1547 3719 1601 per
3767 1531 3882 1585 lon-

2220 1632 2411 1689 gaevos
2441 1615 2734 1682 obtentus,
2777 1615 3104 1672 libertatem
3136 1618 3485 1673 constantiae
3526 1624 3883 1691 pactumque

2218 1705 2473 1772 virtutis,
2511 1721 2628 1776 quo
2679 1705 3034 1770 dominatur,
3069 1704 3129 1759 in
3170 1707 3345 1760 rebus
3377 1705 3742 1780 plerumque
3788 1725 3888 1780 per

459 1802 515 1853 et
543 1797 660 1852 vini
693 1800 904 1851 natura
933 1801 990 1851 et
1020 1796 1275 1852 essentia
1305 1795 1443 1851 reali
1499 1793 1947 1866 principalitate,
1981 1797 2115 1864 post
2144 1836 2189 1900 Β
2221 1809 2397 1865 quem
2425 1792 2667 1859 obtinet,
2702 1793 2873 1848 solvit
2917 1794 3036 1864 [al.,
3061 1794 3393 1865 perobtinet
3443 1795 3694 1866 solum}.
3736 1797 3883 1852 Alio—

460 1884 1330 1956 consecrationem,persistunt,
1366 1883 1718 1938 translatum
1747 1882 1892 1936 nihil
1926 1886 2116 1954 potest
2145 1881 2189 1900 ”
2221 1882 2387 1954 quin,
2422 1881 2534 1936 nisi
2569 1881 2652 1935 ita
2695 1882 3060 1953 concederes,
3110 1882 3380 1937 videatur
3411 1885 3540 1954 [al.,
3576 1885 3887 1957 videretur?

461 1973 793 2046 intelligi,et
823 1972 873 2028 si
906 1973 1062 2043 quod
1087 1973 1430 2044 adjunctum
1446 1977 1532 2028 est
1553 1971 1676 2027 sola
1697 1972 1763 2025 fit
1785 1971 2115 2028 intellectus

465 2063 746 2136 potentia,
797 2079 997 2118 revera
1046 2079 1162 2118 non
1205 2063 1433 2134 capitur
1462 2061 1775 2133 quomodo,
1817 2058 1904 2114 vel
1935 2060 2114 2126 unde,

463 2152 554 2208 vel
581 2152 737 2207 idem
771 2150 849 2206 sit
896 2150 1051 2221 quod
1102 2150 1296 2205 adhuc
1341 2167 1455 2205 non
1506 2149 1793 2204 subsistit.
1827 2149 1929 2203 Est
1958 2147 2114 2203 enim

467 2239 799 2296 intellectus
812 2239 1200 2293 essentiarum
1213 2238 1655 2303 discussor,non
1673 2235 1894 2308 opifex;
1910 2237 2113 2307 judex,

469 2345 586 2383 non
616 2326 1011 2382 institutor.Et
1041 2325 1308 2398 quamvis
1350 2343 1545 2382 rerum
1575 2325 1662 2380 vel
1712 2329 1999 2381 monstret
2029 2322 2116 2380 vel

471 2416 684 2488 figuret
714 2411 1256 2484 imagines,nullum
1288 2430 1500 2485 corpus
1531 2411 1814 2467 materiali
1847 2413 2118 2484 producit

469 2503 806 2560 exordio.At
835 2502 884 2557 si
919 2502 1088 2574 panis
1117 2507 1174 2558 et
1201 2502 1320 2558 vini
1347 2504 1800 2566 sacramentum,
1832 2502 1904 2556 ob
1932 2501 2116 2557 solam

470 2593 680 2650 salutis
710 2592 1053 2665 potentiam,
1084 2608 1217 2647 cum
1250 2595 1384 2647 nato
1436 2596 1492 2646 et
1522 2607 1694 2663 passo
1727 2607 1911 2646 unum
1944 2597 2117 2663 atque

470 2683 626 2738 idem
657 2686 778 2751 est;
812 2680 1085 2736 similiter
1112 2680 1333 2736 auctori
1383 2681 1529 2735 nihil
1579 2681 1753 2735 refert
1787 2679 1894 2735 hoc
1925 2697 2116 2736 sacra-

470 2775 737 2826 mentum
769 2770 971 2825 eodem
995 2768 1240 2840 judicio,
1275 2769 1479 2823 eadem
1513 2767 1899 2841 intelligentia
1931 2769 2117 2840 bapti-

471 2877 669 2917 smum
699 2858 784 2914 vel
816 2874 964 2926 esse,
993 2857 1081 2913 vel
1131 2857 1340 2925 dicere,
1390 2857 1481 2912 vel
1513 2857 1798 2930 quidquid
1838 2856 1899 2912 in
1931 2875 2120 2912 sacra-

473 2948 688 3004 mentis
728 2946 1042 3002 salubriter
1086 2945 1431 3011 celebratur,
1484 2947 1635 3001 sicut
1661 2951 1817 3017 patet
1846 2947 1904 3000 in
1935 2946 2118 3018 pluri-

471 3038 585 3094 mis
611 3056 623 3106 ;
657 3035 834 3104 velut,
869 3036 918 3090 si
951 3035 1415 3106 proculjustitiae
1440 3034 1694 3106 aliquem
1713 3034 1927 3090 dixeris
1951 3052 2118 3091 eum-

471 3129 604 3182 dem
637 3143 772 3182 cum
805 3126 1060 3198 regibus,
1086 3125 1193 3180 hoc
1225 3125 1420 3196 ipsum
1449 3125 1519 3178 ad
1547 3125 1858 3196 patricium
1882 3127 2118 3190 referas,

2225 1970 2440 2025 invicto
2471 1970 2702 2024 obstare
2735 1970 2870 2024 Deo.
2912 1969 3074 2033 Quod
3105 1970 3217 2025 sibi
3267 1973 3505 2026 auferre.
3551 1990 3668 2029 non
3703 1981 3888 2046 potest

2225 2059 2326 2130 qui
2362 2057 2439 2112 ibi
2471 2059 2591 2128 [al.,
2627 2057 2751 2128 tibi]
2785 2058 3132 2113 concesserit
3147 2074 3276 2130 quae
3293 2060 3366 2114 de
3383 2060 3610 2117 Christi
3628 2065 3886 2136 corporis

2225 2151 2592 2220 sacramento
2637 2152 3098 2219 praesumptuose
3127 2148 3363 2204 suades.
3399 2150 3531 2214 Qua
3560 2151 3622 2206 in
3657 2168 3719 2206 re
3748 2153 3904 2209 alios.

2226 2237 2464 2308 quidem
2496 2235 2700 2301 vincis,
2751 2235 2852 2291 sed
2909 2235 3171 2308 ipsorum
3221 2237 3482 2294 furorem
3536 2257 3758 2307 armas,
3791 2245 3886 2314 qui

2226 2324 2435 2380 divinae
2492 2323 2758 2396 potentiae
2801 2324 3172 2380 detrahentes
3222 2331 3503 2382 naturam
3566 2347 3763 2386 rerum
3806 2335 3885 2387 fa-

2227 2413 2416 2469 ctione
2450 2413 2569 2485 [al.,
2604 2413 2920 2480 factricem]
2971 2413 3475 2484 dicunt.Proi_ndc,
3499 2434 3537 2472 o
3571 2418 3631 2473 in
3665 2421 3887 2477 cunctis

2228 2501 2358 2557 aliis
2393 2502 2860 2558 reverentissime
2902 2502 3006 2571 vir,
3057 2519 3297 2559 assume
3349 2506 3459 2560 tibi
3509 2507 3720 2576 ﬁdem,
3755 2511 3888 2581 quia

2218 2593 2403 2663 justus
2432 2608 2500 2648 ex
2527 2592 2631 2662 ﬁde
2661 2594 2796 2647 vivit
2825 2594 2997 2660 (Rom.
3044 2609 3084 2659 ι,
3126 2594 3241 2663 17),
3275 2599 3332 2648 et
3360 2595 3477 2650 fide
3522 2600 3892 2654 mundantur

2227 2681 2424 2748 corda,
2487 2679 2638 2735 sicut
2681 2681 2964 2752 scriptum
3016 2685 3152 2737 est:
3191 2681 3489 2738 Mundans
3551 2686 3673 2744 ﬁde
3721 2690 3894 2744 corda

2227 2785 2452 2824 eorum.
2487 2769 2556 2823 Et
2587 2785 2718 2840 quae
2750 2769 2808 2822 in
2842 2769 3136 2841 mysteriis
3183 2769 3315 2826 ideo
3348 2775 3607 2829 tenenda
3641 2778 3894 2834 maxime

2227 2861 2336 2925 est,
2373 2857 2530 2928 quia,
2560 2857 2712 2912 sicut
2734 2857 2870 2911 alibi
2901 2857 3336 2930 scribitur,ipsa
3367 2863 3590 2917 mentis
3622 2864 3894 2920 dubietas

2228 2945 2363 3000 licet
2395 2947 2558 3000 bona:
2590 2944 2720 2998 vitae
2755 2944 2955 3016 sit,qui
3007 2947 3526 3018 accipit,excludit,
3555 2969 3630 3008 ne
3662 2953 3736 3007 ad
3768 2955 3892 3025 ejus

2229 3034 2577 3089 sacramenti
2611 3033 3060 3106 intelligentiam
3114 3036 3429 3110 pertingat.
3481 3039 3654 3102 Quod
3699 3047 3888 3097 tecum

2230 3123 2444 3194 saapius
2468 3120 2832 3187 revolvendo,
2867 3139 2937 3177 ne
2990 3123 3162 3190 ultra,
3197 3141 3420 3195 quaeso,
3454 3133 3890 3200 argumentaris

471 3218 581 3272 hoc
613 3217 684 3272 ad
717 3215 1022 3280 Czesarem,
1055 3212 1103 3268 si
1139 3213 1298 3269 velis.
1333 3213 1494 3279 Quod
1527 3213 1576 3267 si
1609 3212 1716 3267 hoc
1758 3214 1928 3269 modo
1959 3214 2119 3269 Chri-
2151 3198 2194 3265 C
2232 3212 2303 3266 de
2335 3211 2757 3283 omnipotentia
2781 3210 3164 3267 diV'inaSicut
3193 3213 3352 3269 enim
3387 3232 3505 3270 non
3533 3198 3718 3290 capis
3747 3238 3887 3292 quo-

475 3305 550 3362 sti
581 3321 790 3376 corpus
815 3303 1074 3374 applicas
1100 3303 1170 3356 ad
1201 3301 1798 3372 sacramentum,inde
1822 3303 1976 3374 quod
2004 3304 2120 3359 haec

475 3394 808 3451 communis
837 3392 1042 3456 virtus,
1072 3391 1193 3446 haec
1225 3390 1458 3463 publica
1478 3389 1773 3458 fortitudo,
1809 3408 2120 3449 commune

474 3489 532 3540 et
579 3481 881 3554 publicum
912 3479 1133 3534 malum
1167 3480 1263 3534 sit.
1294 3481 1464 3534 Porro
1495 3480 1767 3546 autem,si
1800 3497 1867 3534 ex
1896 3497 2004 3536 sua
2029 3497 2119 3537 es-

475 3571 669 3628 sentia
692 3569 778 3624 vel
806 3572 1017 3622 natura
1046 3584 1161 3621 non
1193 3567 1412 3621 habent
1439 3566 1646 3622 salutis
1675 3569 2122 3639 potentiam,ha-

473 3661 614 3714 bent
643 3658 770 3728 ejus
801 3655 1179 3722 contrarium,
1231 3657 1454 3727 sicque,
1484 3656 1623 3710 dum
1659 3657 1716 3711 in
1749 3673 1857 3712 sua
1908 3664 2120 3714 natura

471 3745 878 3820 permanserit,
910 3745 1020 3801 erit
1051 3745 1341 3818 impotens
1372 3746 1941 3801 sacramentum.Per
1961 3749 2116 3818 quod

467 3836 761 3892 evidenter
791 3834 1169 3906 consequitur
1197 3851 1409 3906 corpus
1441 3834 1653 3889 Christi
1686 3834 1768 3889 sic
1790 3852 1916 3891 esse
1933 3835 2117 3892 imbe-

467 3925 676 3993 cille,si
706 3924 1044 3998 panem,qui
1075 3923 1132 3978 in
1165 3940 1274 3978 sua
1323 3928 1536 3978 natura
1582 3925 1986 3996 permanserit,
2029 3925 2116 3980 di-

462 4014 612 4072 xerit
648 4030 859 4086 corpus
887 4030 1034 4068 esse.
1078 4012 1440 4084 Quapropter
1491 4029 1727 4067 necesse
1777 4018 1865 4067 est
1905 4019 1970 4067 ut
2013 4019 2118 4070 aut

461 4121 675 4177 panem
708 4103 946 4159 omnino
977 4119 1012 4157 a
1051 4119 1158 4158 sua
1205 4105 1415 4158 natura
1463 4101 1720 4171 dejicias,
1773 4106 1874 4157 aut
1919 4101 2114 4174 ipsum

463 4192 679 4250 Christi
699 4209 912 4263 corpus
941 4191 1133 4246 dicere
1165 4207 1280 4244 non
1313 4205 1657 4260 prmsumas.
1692 4190 1854 4254 Quod
1888 4190 1934 4245 si
1969 4191 2116 4247 forte

464 4282 682 4337 dixeris
712 4285 769 4336 et
798 4297 966 4336 suam
998 4284 1267 4335 naturam
1291 4278 1620 4344 retinere,et
1641 4282 1837 4335 tamen
1858 4295 1971 4334 non
1988 4296 2117 4340 esse

463 4371 756 4442 impotens
787 4359 1240 4434 sacramentum,
1274 4371 1475 4423 contra
1506 4365 1786 4422 rationem
1818 4366 2111 4439 loqueris;

466 4460 516 4516 si
545 4459 637 4514 cui
671 4462 941 4514 naturam
986 4460 1269 4524 conferes,
1323 4456 1726 4512 inhaerentiam
1778 4457 1898 4527 [al.,
1935 4457 2113 4512 inhae-

2231 3301 2404 3356 modo
2433 3300 2688 3355 Verbum
2708 3317 2842 3355 caro
2872 3301 3087 3356 factum
3111 3301 3302 3369 sit,sic
3336 3321 3452 3359 non
3484 3312 3658 3377 potes
3689 3326 3890 3381 capere

2228 3389 2522 3460 quomodo
2553 3389 2721 3460 panis
2753 3389 2862 3444 iste
2885 3395 3142 3445 mutetur
3169 3391 3229 3444 in
3253 3401 3581 3458 carnem,et
3609 3397 3888 3453 vinumin

2228 3478 2577 3551 sanguinem
2604 3479 3200 3547 transl’ormetur,nisi
3233 3485 3289 3535 te
3319 3482 3587 3539 docuerit
3619 3489 3891 3559 omnipo-

2225 3568 2419 3622 tentiae
2450 3566 2888 3638 ﬁdes.Alioquin
2921 3567 3158 3622 luctaris
3189 3585 3326 3624 cum
3352 3571 3468 3627 Deo
3497 3591 3510 3638 ;
3547 3575 3653 3629 sed
3684 3593 3802 3631 non
3832 3577 3888 3630 in

2227 3655 2484 3710 brachiis
2516 3655 3029 3727 patriarchas;sed
3077 3674 3266 3730 neque
3319 3675 3456 3715 cum
3511 3680 3724 3719 aurora
3771 3666 3889 3720 imo

2226 3745 2403 3799 etiam
2451 3748 2573 3800 tota
2619 3748 2720 3798 tua
2749 3743 2870 3800 haec
2904 3743 3142 3800 luctatio
3193 3754 3489 3804 nocturna
3535 3759 3647 3817 est,
3697 3754 3887 3825 magis

2225 3848 2404 3905 quam
2433 3833 2662 3888 videtur
2677 3849 2806 3888 esse
2837 3833 3115 3889 insidiose
3145 3834 3430 3892 luctantis
3465 3856 3646 3912 quam
3668 3843 3884 3899 amica-

2228 3921 2423 3977 biliter
2473 3921 2881 3994 amplexantis.
2945 3923 3078 3985 Quis
3120 3923 3406 3982 nimirum
3462 3927 3708 3984 luctatio
3767 3947 3883 3986 non

2225 4008 2418 4065 solum
2452 4027 2567 4065 non
2601 4016 2879 4081 meretur,
2915 4011 3013 4066 sed
3065 4013 3260 4081 perdit
3289 4032 3302 4082 ;
3339 4020 3396 4069 et
3444 4033 3564 4072 non
3598 4035 3632 4071 a
3683 4021 3888 4074 merito

2225 4099 2439 4154 erroris
2496 4099 2782 4154 immunis
2840 4105 2948 4164 est,
3008 4100 3177 4171 quasi
3237 4103 3455 4160 durare
3497 4107 3757 4163 nolueris
3788 4108 3884 4178 [αι.

2224 4187 2497 4259 volueris]
2529 4190 2816 4244 currendo
2848 4190 3105 4247 incurret
3137 4196 3411 4248 mortem.
3448 4195 3693 4267 Propter
3727 4198 3881 4268 quod

2225 4276 2606 4349 philosophiae
2639 4282 2750 4332 tuae
2784 4279 3000 4333 suadeo
3031 4283 3226 4334 tenere
3254 4282 3415 4351 quod
3456 4285 3742 4356 scriptum
3777 4291 3879 4340 est.

2224 4365 2406 4431 Tolle,
2441 4365 2654 4437 inquit,
2687 4364 2957 4422 luctatori
2989 4383 3290 4435 coronam,
3341 4369 3542 4441 lentus
3575 4365 3796 4444 jacebit
3825 4375 3879 4429 in

2225 4456 2446 4512 studio.
2471 4453 2700 4512 Desiste
2725 4471 2860 4527 ergo
2882 4455 3003 4510 fore
3033 4457 3250 4513 erroris
3279 4459 3476 4529 miles,
3513 4460 3736 4521 desiste
3775 4464 3881 4517 im.

465 4548 673 4617 rentia]
697 4546 872 4602 tollis.
908 4547 1122 4601 Omnes
1154 4547 1311 4600 enim
1344 4562 1457 4609 res,
1487 4545 1629 4599 dum
1682 4545 1739 4599 in
1771 4562 1879 4600 sua
1904 4550 2115 4603 natura
2148 4565 2190 4628 Ι)
2224 4560 2483 4616 pugnare
2543 4541 2771 4598 cmleste
2821 4544 3184 4615 mysterium,
3240 4550 3539 4619 perpende
3590 4551 3744 4623 quod
3786 4550 3876 4606 Dei

465 4636 813 4703 consistunt,
840 4635 910 4690 ab
958 4635 1378 4690 inhaerentibus
1411 4639 1630 4687 naturae
1663 4650 1777 4687 non
1810 4634 2108 4690 recedunt.

463 4726 611 4792 Quid
645 4741 782 4798 ergo
813 4726 884 4779 de
914 4741 1067 4795 aqua
1095 4723 1154 4778 in
1168 4723 1368 4778 vinum
1382 4721 2109 4779 conversadicis‘IDicesin

459 4832 568 4871 sua
599 4818 810 4870 natura
862 4813 1176 4881 mansisse,
1209 4817 1268 4868 et
1325 4816 1520 4866 tamen
1566 4811 1767 4865 vinum
1810 4827 1960 4880 esse,
2011 4817 2113 4868 aut

461 4905 616 4960 dices
651 4921 765 4958 non
797 4919 925 4958 esse
956 4902 1158 4957 vinum
1185 4919 1197 4969 ;
1230 4901 1383 4957 sicut
1414 4916 1517 4954 nec
1548 4898 1716 4971 panis
1748 4899 2110 4972 [al.,panem]

459 5011 672 5066 corpus
703 4993 815 5048 nisi
849 4991 1076 5064 saporis
1109 4990 1447 5062 potentiam.
1481 4989 1878 5059 Quodcunque
1899 4988 2108 5046 horum

459 5083 619 5138 dicas
652 5081 996 5136 mirabiliter
1026 5081 1192 5147 furis,
1228 5077 1685 5149 prolundissime
1719 5077 1935 5146 fundis,
1971 5078 2108 5134 soli-

456 5171 644 5225 tarius
676 5170 898 5224 hauris.
933 5169 1209 5224 Attritum
1244 5167 1403 5220 ducit
1457 5163 1612 5235 quod
1644 5164 2105 5236 incorruptibilis

458 5257 582 5331 [al.,
615 5258 1075 5328 incorruptibile]
1127 5260 1235 5326 est,
1292 5255 1549 5324 facisque
1598 5253 2098 5324 consequentiam,

455 5363 633 5419 quam
666 5347 932 5417 quaedam
954 5347 1264 5400 destruunt
1293 5341 2098 5410 elementa.Putasenim,non

452 5436 599 5491 bene
630 5435 984 5505 intelligens,
1017 5435 1215 5488 attrita
1245 5448 1488 5504 quaeque
1519 5436 1943 5501 consequenter
1973 5449 2096 5487 cor-

449 5525 781 5597 rumpi.Sed
805 5523 934 5579 vide
962 5521 1101 5592 quia
1130 5522 1285 5595 ignis
1317 5520 1586 5593 plagatus
1617 5536 1733 5574 non
1771 5520 2094 5594 corrumpi-

441 5618 624 5698 tur,et
645 5629 744 5674 aer
773 5629 889 5674 non
919 5610 1106 5672 doluit
1135 5628 1169 5670 α
1197 5610 1428 5690 sagitta.
1463 5609 1611 5680 Quid
1630 5609 1679 5666 si
1709 5608 1905 5686 ipsum
1938 5609 2093 5670 dixe-

2221 4632 2573 4700 voluntas,ct
2607 4632 2847 4687 verbum
2879 4632 3038 4687 omni
3071 4639 3290 4689 natura:
3340 4640 3765 4709 supereminet,
3799 4645 3872 4707 et,

2222 4720 2321 4792 qui
2353 4721 2410 4775 in
2446 4719 2686 4776 facturis
2719 4725 2923 4792 potens
2954 4725 3060 4788 est,
3112 4728 3411 4794 potentem
3452 4729 3875 4784 transformare

2219 4811 2448 4877 credas,
2480 4809 2633 4866 sicut
2665 4810 2948 4882 scriptum
2979 4815 3068 4866 est
3103 4813 3380 4872 :Mutabis
3410 4826 3557 4882 ea,et
3588 4819 3874 4873 mutaban-

2219 4905 2310 4952 tur
2357 4900 2527 4968 (Psal.
2571 4899 2667 4968 cr).
2699 4898 2802 4953 Dei
2857 4899 3013 4954 enim
3061 4899 3205 4955 velle
3253 4918 3360 4972 pro
3389 4904 3543 4960 facto
3575 4911 3685 4962 est.
3718 4907 3862 4961 Exue

2218 4986 2397 5059 igitur
2427 4986 2638 5043 erroris
2671 4986 3056 5055 involucrum,
3088 4993 3144 5042 et
3182 4995 3343 5047 casto
3393 4993 3529 5049 ﬁdei
3589 4994 3864 5051 velamine

2216 5075 2274 5130 in
2293 5080 2547 5132 mentem
2580 5076 3069 5148 para.Memorare
3099 5079 3253 5150 quod
3286 5081 3343 5135 in
3376 5083 3686 5140 Ambrosio
3733 5083 3861 5156 legi-

2215 5169 2314 5219 tur
2343 5165 2414 5222 de
2443 5165 2826 5221 sacramentis
2858 5164 2980 5237 (lib.
3016 5168 3088 5222 De
3117 5168 3431 5235 initiandis,
3463 5187 3592 5245 cap.
3628 5173 3703 5244 9),
3735 5174 3854 5245 qua:

2211 5269 2404 5325 corpus
2442 5253 2585 5325 quod
2639 5255 2952 5324 conﬁcimus
3007 5271 3076 5311 ex
3132 5257 3348 5328 Virgine
3397 5269 3518 5326 est;
3545 5278 3678 5317 cum
3724 5261 3851 5317 dicit

2211 5342 2350 5414 quia
2378 5360 2446 5398 ex
2475 5343 2698 5416 virgine
2719 5345 3306 5416 est,partumdicit,et
3328 5365 3442 5405 non
3467 5349 3641 5407 alicui
3667 5350 3847 5406 simile

2209 5432 2360 5488 sicut
2390 5437 2451 5488 tu
2486 5449 2587 5504 per
2616 5434 2932 5506 potentiam
2949 5435 3205 5506 judicas.
3239 5436 3358 5494 Hoc
3384 5445 3542 5497 certe
3580 5431 3844 5506 intellexi,

2206 5537 2338 5576 cum
2373 5521 2441 5576 ad
2473 5525 2528 5576 te
2555 5523 2625 5576 de
2657 5524 2948 5596 mysteriis
3001 5541 3330 5583 sermonem
3373 5529 3648 5597 adorsus,
3681 5530 3848 5585 ﬁdem

2202 5613 2366 5668 tuam
2397 5610 2664 5669 curiosus
2694 5613 2816 5688 [al.,
2850 5613 3138 5687 curiosus]
3188 5616 3622 5695 investigarem,
3670 5634 3842 5695 quam
