4094 6158
423 307 574 378 1331

861 315 1206 401 HUGONIS
1248 310 1765 381 LINGONENSIS
1809 314 2184 380 EPISCQPI.
2230 314 2333 378 DE
2377 316 2600 380 CORP.
2640 317 2740 380 ET
2787 317 3020 394 SANG.
3050 312 3390 380 CHRISTI.

3691 310 3853 375 1332

414 447 760 507 dulcedines
789 451 1166 524 temperando
1194 455 1448 524 saporat,
1462 453 1741 524 tantoque
1768 449 2069 515 intentius,
2102 448 2160 517 Α
2188 465 2296 505 nos
2325 449 2573 506 fefellit?
2601 448 2793 506 Absit!
2847 450 2966 506 Imo
3016 452 3083 506 tu
3132 448 3445 524 perturbes
3502 446 3853 513 veritatem;

421 542 641 609 quanto
672 554 801 596 eam
831 539 1085 611 amplius
1116 540 1276 596 novit
1300 540 1666 613 profuturam
1686 583 1699 609 ,
1752 540 1836 596 sic
1874 542 2077 595 noster

418 625 788 696 Procurator,
819 632 877 684 et
903 628 1180 700 providus
1209 630 1446 685 conviva
1476 629 1791 701 prandium
1814 646 1932 684 81MB
1955 645 2077 683 car-

421 715 516 804 nis
547 717 834 788 coaptavit
861 716 1570 790 horrentibus,ut,prioris
1600 721 1877 804 creatura:
1897 716 2042 773 vulti
2068 747 2077 757 -

419 803 535 860 bus
563 806 892 878 reservatis,
910 823 978 863 ex
1007 806 1210 863 forma:
1232 806 1454 863 visione
1487 803 1812 862 animosius
1844 822 2075 878 capere-

420 892 829 955 tur.Similiter
856 912 994 952 cum
1017 899 1248 952 tantum
1268 896 1423 952 Deus
1450 900 1607 952 esset
1632 896 1691 950 in
1714 912 1823 951 sua
1843 895 2080 950 immor-

421 980 525 1038 tali
554 984 813 1040 essentia
840 985 1150 1057 providens
1179 985 1508 1040 humanum
1539 1000 1725 1056 genus
1757 1000 1873 1039 non
1906 998 2079 1055 posse

422 1073 761 1144 reparari,si
793 1090 909 1129 non
940 1078 1268 1130 moreretur
1290 1090 1394 1145 per
1422 1073 1785 1143 carnem,qui
1808 1073 1954 1128 mori
1978 1089 2081 1144 per

424 1160 792 1218 divinitatem
824 1179 940 1219 non
970 1162 1534 1236 poterat,occultavit
1562 1179 1626 1218 se
1652 1165 1853 1218 nostra
1885 1161 2081 1216 carnis

426 1249 667 1323 amictu,
700 1255 759 1307 et
788 1268 893 1324 per
922 1258 1230 1325 assumpta
1258 1252 1523 1307 membra
1555 1268 1768 1323 passus
1818 1254 1907 1307 est
1955 1250 2081 1305 sine

422 1337 648 1394 visione
676 1340 998 1409 sermonis;
1033 1355 1209 1411 quem
1240 1355 1410 1394 nemo
1441 1338 1576 1395 licet
1601 1336 1901 1403 viderit,ut
1930 1353 2078 1405 reor,

425 1443 543 1483 non
575 1426 729 1484 dicet
757 1427 1035 1485 defuisse.

497 1518 624 1581 Qua
648 1517 707 1572 in
736 1533 799 1573 re
824 1517 976 1573 sicut
1015 1517 1257 1573 haberet
1299 1516 1688 1572 immortalem
1729 1521 1788 1571 et
1818 1515 2079 1571 invisibi-

422 1604 542 1661 lem
575 1622 679 1678 per
723 1623 937 1678 corpus
983 1606 1347 1679 disposuisse
1396 1605 1566 1671 mori,
1599 1606 1684 1661 sic
1728 1605 1922 1678 ipsum
1954 1605 2085 1676 ejus

428 1710 642 1767 corpus
671 1694 1025 1768 ingustabile
1054 1712 1157 1766 per
1195 1698 1487 1762 naturam,
1531 1711 1633 1766 per
1678 1693 1950 1759 formam,
1983 1710 2086 1764 per

428 1782 684 1855 speciem
754 1782 1165 1839 manducabile
1236 1781 1505 1849 contulit,
1579 1799 1651 1837 ne
1717 1782 2083 1837 abborrendo

426 1875 735 1928 cruentum
756 1873 886 1944 ipsa
896 1872 1186 1943 jejunitas
1206 1873 1793 1944 condemnaret,quos
1810 1869 2086 1927 liberatos

426 1965 616 2017 morte
644 1960 878 2017 refectio
909 1964 1283 2018 sacrosancta
1313 1961 1734 2026 satiaret.0uid
1766 1961 1923 2016 enim
1962 1963 2084 2014 tam

427 2049 683 2123 optabile
712 2050 943 2106 devenit
971 2050 1030 2105 in
1061 2049 1331 2106 habitum
1363 2066 1541 2121 quam
1567 2050 1696 2123 ipso
1739 2048 1923 2121 pasci,
1955 2049 2085 2121 ipso

427 2140 588 2195 reﬁci
617 2156 786 2212 pane,
821 2139 923 2210 qui
946 2142 1112 2195 tanta
1138 2138 1350 2195 virtute
1380 2155 1486 2195 nos
1525 2139 1777 2211 saginat,
1811 2141 1875 2192 ut
1923 2137 2086 2192 Chri-

428 2232 520 2284 sto
548 2228 960 2301 corporati[al.,
985 2227 1757 2300 concorporati]medullitus
1780 2226 2087 2299 adipemur

428 2320 489 2372 et
515 2316 694 2372 homa
712 2316 954 2371 interior
977 2315 1358 2387 spiritualiter
1380 2315 1759 2388 pinguescat?
1788 2315 1873 2370 Ad
1906 2316 2086 2371 istum

429 2404 806 2475 capiendum,
855 2404 1300 2470 comedendum,
1370 2404 1686 2459 nutrimur.
1737 2404 1843 2460 Per
1903 2405 2087 2460 istum

429 2490 722 2547 Iactamur
777 2492 912 2558 fide,
972 2490 1272 2564 pascimur
1329 2493 1517 2565 specie
1560 2494 1718 2564 [forte
1776 2495 1922 2565 spe].
1981 2494 2089 2549 Per

431 2580 628 2654 ipsum
651 2580 780 2652 jam
803 2579 908 2635 filii
939 2579 1042 2637 Dei
1073 2581 1464 2648 sumus,sicut
1494 2580 1778 2653 scriptum
1808 2586 1934 2638 est:
1958 2582 2087 2638 Filii

431 2668 535 2725 Dei
564 2685 775 2725 sumus
802 2686 908 2741 per
934 2667 1206 2742 gratiam,
1240 2685 1344 2742 per
1372 2670 1570 2736 ﬁdem,
1604 2686 1708 2743 per
1749 2687 2086 2727 sacramen-

431 2760 580 2826 tum,
632 2774 736 2831 per
782 2757 1132 2830 sanguinem
1181 2757 1422 2829 Christi,
1468 2775 1572 2830 per
1626 2758 2085 2832 redemptionem

424 2836 767 2903 ’Salvatoris.
799 2845 977 2902 Cibus
1003 2845 1377 2914 immortalis,
1409 2851 1468 2903 et
1497 2851 1756 2919 sanctus,
1777 2864 1882 2920 per
1908 2865 2084 2921 quem

424 2952 542 2992 nos
569 2938 909 3008 vegetemur
935 2936 1056 3005 [al.,
1088 2937 1448 3008 vegetamur]
1478 2940 1536 2992 et
1580 2935 1676 2991 ille
1722 2953 1838 2993 non
1869 2937 2085 2992 minui-

431 3025 549 3081 tur.
582 3023 759 3079 Panis
790 3024 919 3090 iste,
951 3024 1107 3080 sicut
1151 3022 1252 3079 lux
1295 3023 1555 3097 plurium
1585 3022 1785 3081 oculos
1815 3042 2082 3098 pascens,

431 3115 490 3170 et
518 3115 715 3168 tamen
747 3115 912 3168 tanta
940 3116 1031 3169 est
1054 3116 1275 3184 quanta
1304 3118 1448 3169 erat.
1473 3113 1914 3170 Sacramentum
1948 3116 2087 3171 fide-

2180 543 2238 595 et
2267 539 2439 611 quasi
2470 538 2773 596 mentitam
2806 540 3143 613 redarguis;
3177 555 3282 594 nec
3310 538 3536 595 vereris
3586 535 3856 609 Scriptu-

2181 645 2309 699 ram
2357 628 2648 684 dicentem
2697 629 2852 700 quod
2902 645 2988 694 ea,
3031 645 3157 700 quae
3206 627 3441 683 Veritas
3485 625 3855 699 repromisit,

2183 716 2311 773 sine
2340 723 2578 789 aspectu
2612 718 2905 772 credenda
2932 717 3053 773 sint
3085 735 3097 772 :
3124 716 3256 790 ipsa
3300 716 3463 773 enim
3494 714 3649 770 dicit
3700 731 3717 769 :
3764 715 3859 769 hoc

2182 813 2261 862 est
2287 822 2478 877 corpus
2506 822 2687 862 meum
2717 804 2921 878 (Matth.
2954 821 3107 872 xxvr,
3142 807 3257 874 26).
3289 802 3581 860 Concedis
3613 801 3860 870 dixisse,

2184 895 2286 950 sed
2346 911 2673 967 repugnare
2731 911 2847 949 non
2896 910 3110 950 cessas.
3181 892 3341 949 Dicis
3389 891 3553 948 enim
3618 907 3859 962 corpus.

2185 989 2243 1040 et
2301 1000 2417 1040 non
2471 1000 2705 1056 corpus,
2764 1000 2960 1049 suum,
3002 987 3072 1038 et
3125 998 3244 1038 non
3301 997 3506 1037 suum.
3551 980 3863 1045 Quomodo

2184 1073 2344 1130 enim
2411 1073 2593 1140 dicas,
2661 1070 2750 1127 vel
2826 1089 2941 1127 non
3020 1071 3203 1138 dicas,
3275 1069 3558 1141 superius
3638 1067 3866 1124 dixisse

2185 1179 2279 1218 me
2310 1166 2470 1234 puto.
2510 1160 2731 1217 Idcirco
2787 1160 3007 1216 dictum
3073 1163 3216 1231 puta
3282 1158 3625 1231 (Ancusruv.
3687 1173 3863 1213 seru.

2184 1253 2241 1316 2,
2273 1250 2339 1305 de
2368 1250 2525 1306 verbo
2555 1250 2762 1321 Apost.,
2795 1266 2845 1304 c.
2880 1250 2932 1315 1,
2962 1248 3049 1320 10)
3084 1265 3097 1303 :
3133 1272 3161 1298 ‹‹
3213 1250 3669 1304 Sacramentum
3722 1247 3866 1302 ﬁde-

2186 1339 2335 1394 lium
2390 1341 2720 1412 agnoscunt
2784 1337 3004 1405 ﬁdeles,
3078 1336 3387 1393 audientes
3453 1340 3657 1392 autem
3722 1335 3868 1407 quid

2188 1427 2350 1484 aliud
2383 1444 2560 1499 quam
2596 1426 2752 1499 quod
2783 1425 3072 1482 audiunt?
3101 1425 3224 1482 Erit
3252 1424 3484 1481 homini
3514 1424 3603 1479 illi
3641 1440 3868 1491 mores,

2190 1533 2308 1573 non
2348 1516 2484 1582 vita,
2518 1516 2622 1588 qui
2670 1516 2980 1572 mendaces
3031 1514 3325 1588 putaverit
3372 1514 3604 1570 vitam?
3634 1538 3659 1565 ι
3689 1514 3869 1569 verba

2189 1622 2446 1677 namque
2474 1603 2605 1660 vitae
2636 1609 2807 1673 sunt;
2841 1604 2981 1677 quia
3024 1603 3160 1659 Vita
3204 1604 3330 1659 haec
3377 1602 3528 1658 dixit
3577 1620 3591 1657 :
3643 1606 3708 1659 et
3750 1603 3869 1657 vita

2188 1693 2321 1767 ipsa
2350 1697 2507 1759 sunt,
2539 1697 2598 1749 et
2624 1692 2852 1749 Veritas
2880 1693 3001 1749 haac
3029 1692 3177 1748 dixit
3213 1710 3227 1747 :
3262 1696 3321 1747 et
3347 1708 3488 1747 vera
3516 1691 3651 1764 ipsa
3703 1693 3865 1753 sunt,

2190 1788 2248 1839 et
2279 1783 2495 1856 quibus
2524 1781 2804 1855 loquitur,
2838 1782 2977 1853 quia
3023 1782 3149 1853 ipse
3199 1785 3291 1836 est
3336 1779 3599 1835 Verbum
3652 1779 3868 1834 Patris.

2194 1873 2310 1928 Cur
2339 1871 2493 1927 enim
2525 1869 2883 1927 scandalizat
2928 1874 2983 1926 te
3026 1868 3252 1943 species
3281 1886 3412 1941 qua:
3455 1868 3769 1935 remansit,
3803 1873 3872 1924 ut

2192 1977 2344 2030 reor,
2391 1959 2441 2015 si
2487 1963 2543 2015 te
2585 1962 2953 2015 cruentasset
2998 1958 3249 2024 occisus,
3280 1956 3638 2014 scandalum
3672 1959 3870 2029 majus

2193 2052 2369 2117 esset,
2400 2047 2553 2105 sicut
2581 2047 2725 2103 dicit
2751 2047 3007 2104 Joannes
3037 2046 3501 2119 Chrysostomus
3545 2046 3774 2118 (Homil.
3804 2046 3870 2102 de

2188 2138 2501 2211 proditione
2543 2137 2720 2203 Iudae,
2753 2136 2864 2191 sub
2914 2137 3117 2205 tinem)
3150 2152 3163 2190 :
3196 2134 3549 2200 Erubesces,
3585 2156 3613 2183 »ι
3648 2134 3865 2207 inquit,

2196 2226 2546 2283 «oblationis
2567 2224 3034 2292 arcana,occisus
3055 2224 3395 2296 propositus
3421 2228 3517 2279 est
3534 2223 3866 2280 Christus.»

2195 2317 2282 2372 Ita
2309 2316 2546 2388 quidem
2579 2331 2737 2370 nunc
2768 2313 3108 2387 mysterium
3130 2317 3325 2369 tecum
3349 2317 3633 2381 est,nunc
3666 2316 3869 2386 operta

2196 2401 2559 2475 mysterio.Si
2587 2400 2743 2457 enim
2769 2418 2869 2473 per
2893 2401 3065 2457 fidem
3084 2417 3200 2456 non
3221 2400 3499 2456 ambulas
3533 2401 3593 2455 in
3616 2417 3741 2473 quo
3758 2401 3867 2455 erit

2195 2490 2584 2564 mysterium?
2609 2493 2715 2546 Per
2740 2492 2913 2563 ﬁdem
2941 2492 3089 2546 enim
3131 2490 3512 2557 ambulamus,
3544 2494 3601 2546 et
3628 2506 3747 2546 non
3770 2507 3868 2563 per

2193 2582 2427 2654 speciem
2457 2581 2528 2649 (II
2557 2580 2678 2636 Cor.
2711 2597 2768 2650 v,
2796 2582 2873 2652 7).
2906 2578 3085 2634 Aliter
3124 2579 3286 2634 enim
3338 2595 3458 2634 non
3504 2578 3751 2634 venitur
3795 2580 3868 2635 ad

2195 2685 2379 2734 aram,
2409 2685 2535 2741 quae
2566 2672 2625 2724 et
2652 2669 2924 2724 sacerdos
2953 2672 3011 2724 et
3037 2668 3400 2724 sacriﬁcium
3426 2669 3613 2723 est.ln
3635 2667 3870 2723 Christo

2193 2757 2349 2814 enim
2378 2757 2500 2813 hac
2527 2756 2884 2829 omnia.lpse
2900 2756 3055 2812 enim
3076 2761 3168 2812 est
3192 2755 3452 2812 sublime
3466 2756 3659 2812 altare
3679 2757 3874 2812 Patris

2195 2847 2344 2919 (Heb.
2374 2864 2500 2914 xm,
2535 2846 2644 2919 10),
2677 2846 2832 2902 sicut
2860 2845 3144 2917 scriptum
3174 2850 3268 2901 est
3320 2863 3333 2901 :
3391 2846 3658 2902 Putasne
3707 2845 3873 2901 aliud

2193 2952 2323 2992 esse
2354 2934 2535 2991 altare
2566 2934 2665 2991 ubi
2695 2934 2963 2991 Christus
2993 2933 3255 3006 pontifex
3283 2932 3493 3001 astitit,
3528 2950 3715 3005 quam
3741 2951 3873 2989 cor-

2193 3040 2307 3095 pus
2336 3038 2513 3080 suum
2546 3039 2648 3096 per
2676 3023 2930 3095 quod,et
2956 3021 3016 3076 in
3047 3022 3205 3094 quod
3238 3021 3355 3077 Deo
3387 3021 3550 3077 Patri
3573 3028 3714 3078 vota
3732 3023 3874 3077 fide-

2192 3112 2425 3181 1ium,et
2444 3113 2589 3167 ﬁdes
2610 3112 2935 3168 oll‘eruntur
2954 3110 3151 3167 ?Unde
3171 3114 3230 3166 et
3255 3110 3606 3166 Psalmista:
3629 3111 3873 3168 [ub-cibo

428 3200 597 3270 lium,
630 3200 785 3274 quod
816 3200 927 3257 soli
955 3205 1283 3275 agnoscunt
1320 3201 1541 3269 fideles,
1574 3206 1715 3258 tunc
1763 3203 2082 3276 unicuique
2112 3186 2156 3254 C
2194 3202 2265 3258 ad
2292 3203 2467 3257 altare
2517 3202 2616 3256 Dei
2658 3202 2774 3256 mei
2816 3200 2986 3272 (Psal.
3035 3216 3171 3267 XLII,
3219 3199 3296 3268 4).
3346 3199 3462 3255 Sed
3517 3204 3580 3255 et
3626 3201 3705 3255 de
3749 3217 3872 3272 quo

429 3290 551 3346 vita
579 3293 698 3357 est;
733 3288 782 3344 si
809 3290 963 3363 quod
996 3290 1057 3345 in
1090 3295 1524 3346 sacramentum
1555 3290 1860 3347 visibiliter
1906 3293 2086 3349 sumi-

428 3382 528 3434 tur
556 3378 615 3434 in
647 3378 777 3450 ipsa
803 3377 1043 3434 veritate
1063 3378 1452 3450 spiritualiter
1476 3379 1738 3448 bibatur;
1771 3379 1940 3436 aliter
1969 3398 2084 3437 non

429 3466 743 3523 satiaretur
791 3482 996 3534 mens;
1049 3466 1215 3524 aliter
1277 3484 1393 3522 non
1454 3472 1813 3524 recrearetur
1864 3470 2080 3538 anima,

428 3555 583 3612 sicut
605 3555 970 3627 Augustinus
1000 3555 1142 3611 dicit
1175 3574 1189 3613 :
1219 3578 1247 3606 «
1271 3555 1520 3612 Omnino
1553 3573 1667 3612 non
1699 3557 1958 3625 satiaret,
1991 3576 2086 3616 me

426 3642 606 3713 Deus,
635 3641 751 3698 nisi
781 3642 1146 3714 promitteret
1175 3658 1237 3699 se
1286 3643 1480 3714 ipsum
1513 3645 1716 3701 Deum.
1750 3668 1771 3695 ι
1808 3646 1953 3720 Ergo
1984 3648 2083 3703 ubi

427 3733 518 3786 est
560 3730 674 3786 ista
721 3729 1059 3802 promissio,
1103 3733 1296 3798 Panis,
1347 3731 1558 3804 inquit,
1606 3750 1765 3806 quem
1810 3751 1905 3806 ego
1946 3735 2083 3793 dabo

423 3835 552 3876 caro
596 3835 720 3875 mea
759 3827 859 3877 est.
874 3835 974 3890 pro
1028 3820 1225 3876 mundi
1268 3822 1424 3878 vita?
1471 3822 1646 3893 (Joan.
1694 3840 1771 3889 v1,
1820 3825 1934 3895 52.)
1969 3824 2082 3881 Sed

423 3907 585 3964 dices
629 3908 799 3979 panis
844 3908 959 3978 hic,
997 3909 1099 3964 sed
1147 3927 1264 3966 non
1313 3910 1469 3966 Deus
1517 3911 1900 3983 promittitur.
1931 3914 2082 3985 Audi

421 3995 636 4052 iterum
670 4011 684 4050 :
716 3998 826 4067 Ego
853 4014 993 4066 sum,
1038 3997 1251 4071 inquit,
1297 4000 1456 4071 panis
1501 4002 1673 4068 vivus,
1711 4002 1811 4072 qui
1849 4000 1914 4057 de
1950 4004 2081 4058 caelo

419 4085 672 4142 descendi
699 4086 862 4150 (Ibid.
893 4088 1007 4157 51).
1054 4087 1233 4145 Vivus
1278 4092 1387 4155 est,
1437 4093 1494 4143 et
1539 4088 1696 4145 vivos
1742 4089 1898 4145 facit.
1931 4091 2077 4145 Nam

418 4174 626 4230 iterato
657 4174 741 4230 sic
771 4174 955 4232 habes
990 4193 1003 4231 :
1035 4175 1099 4231 Si
1118 4177 1241 4249 quis
1266 4178 1678 4233 manducauerit
1696 4194 1766 4233 ex
1793 4177 1891 4233 hoc
1910 4195 2075 4250 pane,

415 4265 559 4321 vivet
592 4264 652 4319 in
680 4264 1264 4336 ateruum(lbid.,52).
1285 4265 1513 4322 Audisti
1546 4265 1687 4338 quia
1714 4265 1832 4322 vita
1849 4268 2075 4323 est.Sed

416 4368 545 4424 quis
574 4352 737 4408 vita?
767 4350 887 4408 vita
916 4352 1366 4425 distinguibilis,
1400 4353 1798 4425 discretibilis,
1826 4355 2072 4425 distans,

413 4441 642 4505 Quare?
668 4439 809 4513 quia
838 4441 1216 4514 perpes,quia
1243 4443 1627 4515 mterna,quia
1656 4441 2076 4515 salubris,quia

2195 3290 2434 3356 diceret,
2467 3289 2735 3361 adjunxit
2766 3307 2779 3345 :
2813 3288 2885 3345 ad
2917 3292 3085 3345 Deum
3112 3290 3211 3361 qui
3240 3289 3497 3359 laetiﬁcat
3518 3290 3877 3360 juvean

2191 3395 2391 3435 meam.
2425 3379 2544 3435 Hoc
2573 3382 2633 3433 et
2675 3378 2833 3450 apud
2880 3377 3254 3434 Ambrosium
3286 3375 3461 3447 (libro
3488 3394 3547 3431 ιν
3570 3377 3639 3433 de
3666 3378 3876 3433 Sacru-

2190 3469 2413 3524 mentis.
2448 3483 2573 3539 cap.
2601 3468 2656 3537 2)
2692 3467 2956 3533 :«forma,
2991 3466 3205 3538 inquit,
3242 3465 3510 3539 corporis
3541 3464 3733 3522 altare
3751 3471 3868 3533 est,

2193 3562 2252 3614 et
2281 3574 2495 3630 corpus
2525 3555 2738 3612 Christi
2769 3560 2859 3612 est
2888 3556 2947 3610 in
2978 3555 3203 3611 altari.»
3230 3555 3364 3628 Ipse
3383 3555 3547 3612 enim
3568 3560 3661 3612 est
3680 3572 3872 3612 sacer-

2193 3647 2299 3702 dos
2347 3646 2500 3703 sicut
2544 3644 2851 3716 Scriptura
2900 3644 3045 3700 dicit
3095 3661 3109 3699 :
3160 3644 3450 3700 Terribile
3500 3648 3613 3715 est,
3648 3643 3869 3717 inquit,

2192 3734 2570 3791 immundum
2603 3732 2877 3789 accedere
2907 3732 2979 3788 ad
3011 3749 3097 3788 ea.
3132 3732 3240 3788 Ubi
3290 3732 3571 3788 sacerdos
3619 3738 3733 3801 est,
3766 3736 3872 3806 qui

2186 3831 2507 3896 potestatem
2531 3822 2692 3878 habet
2718 3838 2928 3895 corpus,
2956 3830 3007 3878 et
3037 3823 3289 3877 animam
3304 3821 3536 3894 perdere
3565 3823 3629 3876 in
3654 3822 3871 3892 gehen-

2189 3929 2324 3968 nam
2380 3912 2586 3985 (Matth.
2642 3929 2696 3966 x.
2760 3914 2881 3981 28);
2940 3914 2999 3967 et
3054 3908 3200 3966 illud
3253 3909 3634 3966 Psalmistae:
3681 3912 3754 3965 Tu
3811 3927 3865 3966 es

2188 4001 2431 4058 sacerdos
2478 4003 2540 4056 in
2584 4007 2860 4057 aeternum
2902 4000 3080 4069 (Psal.
3133 4015 3244 4066 cxx,
3278 4000 3370 4070 li);
3404 4002 3463 4055 et
3492 3998 3733 4065 Paulus,
3766 3998 3866 4054 hic

2189 4094 2388 4146 autem
2418 4106 2484 4145 eo
2511 4089 2663 4160 quod
2702 4092 2933 4143 maneat
2980 4088 3037 4142 in
3088 4091 3376 4143 aeternum
3426 4087 3864 4160 sempiternum

2188 4179 2367 4235 habet
2398 4178 2813 4234 sacerdotium.
2838 4176 2999 4232 Unde
3053 4180 3111 4231 et
3159 4176 3319 4231 idem
3348 4192 3362 4231 :
3402 4178 3608 4245 Talem,
3643 4175 3861 4248 inquit,

2187 4266 2446 4322 habemus
2472 4264 2821 4334 sacerdotem,
2851 4266 2949 4337 qui
2964 4263 3206 4320 consedit
3228 4263 3300 4319 ad
3319 4264 3607 4320 dexteram
3636 4266 3861 4334 magni-

2188 4354 2397 4410 tudinis
2427 4356 2487 4409 in
2516 4354 2747 4408 excelsis
2776 4354 2958 4424 (Hebr.
2991 4370 3087 4419 vn,
3119 4352 3193 4424 1).
3229 4352 3305 4407 Ut
3331 4352 3491 4408 enim
3524 4351 3861 4408 ostenderet

2186 4460 2249 4499 se
2277 4458 2407 4499 esse
2437 4441 2792 4497 sacriﬁcium
2825 4458 2839 4496 :
2887 4441 3004 4497 ideo
3034 4441 3351 4512 ingrediens
3376 4440 3652 4496 mundum
3679 4440 3858 4495 dicit:

413 4528 809 4601 corruptionis
839 4529 1057 4597 nescia,
1090 4531 1230 4602 quia
1258 4530 1552 4587 felicitatis
1582 4530 1890 4605 plena.Per
1919 4532 2075 4604 quod
2111 4548 2158 4613 ι)
2186 4532 2433 4588 Hostiam
2461 4538 2513 4586 et
2539 4529 2868 4586 oblatin
2895 4530 3152 4598 noluisti,
3181 4546 3380 4602 corpus
3421 4537 3611 4586 autem
3657 4531 3859 4602 aptasti

412 4621 645 4686 aeterne,
678 4633 782 4689 per
811 4619 968 4689 quod
994 4618 1333 4688 salubriter,
1364 4636 1466 4693 per
1494 4620 1651 4692 quod
1706 4620 1832 4676 sine
1881 4637 2077 4677 corru-

411 4705 637 4778 ptione,
672 4721 777 4778 per
799 4707 952 4778 quod
981 4706 1225 4781 feliciter
1252 4709 1692 4765 vivitur.Nonne
1722 4709 1832 4764 hoc
1855 4710 2075 4782 optabi-

408 4792 544 4850 liter
574 4794 1448 4864 amandum,amando,colendo
1474 4797 1829 4853 credendum
1856 4802 1979 4854 est?
2011 4798 2072 4853 In

409 4882 503 4939 his
533 4883 713 4940 etiam
745 4899 780 4939 a
808 4888 1011 4941 nostra
1043 4883 1459 4942 :liifert.Activa
1489 4886 1645 4942 enim
1690 4902 1793 4941 nec
1840 4902 2068 4958 perpes,

408 4986 516 5026 nec
546 4970 788 5028 colenda
804 4971 1287 5041 ;exterminabilis
1318 4978 1406 5030 est
1437 4973 1773 5041 enim,sicut
1799 4973 2072 5045 Augusti-

409 5074 524 5114 nus
554 5060 696 5116 dicit
732 5078 745 5116 :
776 5059 929 5132 Vita,
959 5060 1172 5134 inquit,
1208 5061 1322 5117 ista
1346 5079 1527 5133 vapor
1555 5067 1645 5118 est
1675 5062 1747 5116 ad
1771 5062 2066 5117 modicum

409 5161 722 5218 apparens,
752 5149 1028 5224 deinceps
1061 5150 1577 5218 exterminabitur;
1612 5156 1668 5206 et
1703 5149 1845 5206 alibi
1891 5168 1904 5206 :
1936 5150 2071 5206 Vita

406 5232 685 5303 hominis,
711 5241 767 5292 et
796 5238 847 5293 si
876 5238 1249 5312 longa,quasi
1281 5245 1449 5313 gutta
1479 5257 1597 5295 una
1621 5239 1693 5294 ad
1728 5239 2068 5301 universum

407 5337 589 5379 mare.
624 5323 765 5379 Item
796 5324 941 5398 ipse,
966 5328 1079 5399 ipsi
1111 5329 1238 5384 dies
1270 5346 1385 5389 non
1416 5333 1598 5399 stant,
1624 5333 1688 5384 tu
1719 5345 1900 5400 quare
1931 5345 2066 5384 cum

405 5409 525 5466 illis
556 5410 641 5466 vis
672 5414 863 5469 stare?
895 5415 1035 5487 quid
1066 5417 1173 5481 tibi
1208 5417 1455 5474 ulterius
1482 5417 1530 5472 si
1564 5417 1842 5484 contra,si
1874 5417 2065 5489 aliter,

405 5500 456 5557 si
486 5517 678 5568 secus,
714 5500 764 5556 si
812 5521 881 5558 ex
928 5504 1168 5560 adverso
1217 5505 1879 5579 credjm‘mnquid
1907 5507 2064 5563 enim

405 5525 456 5557 δι
486 5525 678 5568 sucus,
714 5525 764 5556 SI
812 5525 881 5558 ex.
928 5525 1168 5560 αανθτδο
1217 5525 1350 5561 (περ
1619 5525 1879 5579 γυηᾳυια
1907 5525 2064 5563 enim

402 5605 539 5646 vera
570 5606 687 5647 non
719 5595 876 5659 sunt,
911 5608 1038 5663 qua:
1072 5602 1105 5648 a‘
1133 5525 1762 5669 veritaéﬂum;
1793 5600 1898 5655 aut
1937 5596 2065 5672 ipsa

1400 5615 1613 5669 ιιι-ιω

1546 5674 1556 5687 ρ

2191 4622 2369 4675 mihi:
2402 4628 2531 4675 tunc
2559 4619 2684 4674 dixi
2714 4635 2728 4673 :
2761 4619 2892 4674 Ecce
2919 4619 3096 4674 venio.
3125 4619 3186 4673 In
3217 4620 3398 4690 capite
3428 4617 3563 4673 libri
3586 4620 3857 4689 scriptam

2184 4717 2264 4764 est
2288 4708 2353 4763 de
2378 4724 2466 4764 me
2494 4715 2554 4762 ut
2575 4708 2809 4778 fecerem
2834 4707 3169 4762 voluntatem
3215 4714 3373 4762 tuam
3410 4706 3592 4777 (Hebr.
3625 4723 3686 4773 x,
3713 4708 3852 4774 5-7).

2184 4798 2250 4852 In
2281 4797 2412 4869 ipsa
2439 4795 2739 4852 voluntate
2774 4795 2926 4851 sicut
2953 4793 3270 4867 Apostolus
3300 4795 3482 4851 dicit:
3507 4796 3857 4866 Sanctiﬁcati

2180 4902 2368 4942 sumus
2393 4903 2493 4957 per
2519 4885 2847 4941 oblationem
2876 4885 3121 4956 corporis
3152 4883 3363 4940 Christi
3388 4886 3519 4941 Iesu
3547 4884 3849 4957 (Ibib.,l0.)

2182 4975 2295 5032 Sed
2326 4979 2391 5029 ut
2420 4972 2567 5041 nihil
2598 4974 2870 5029 deficeret
2888 4972 3129 5030 omnino
3149 4973 3408 5030 venienti
3428 4973 3501 5029 ad
3522 4972 3841 5037 Christum,

2180 5064 2305 5135 ipse
2335 5069 2425 5119 est
2455 5061 3069 5129 tabernaculum,huic
3091 5060 3196 5117 soli
3222 5066 3526 5127 servatum
3549 5059 3843 5134 mysterio,

2181 5157 2245 5207 ut
2274 5151 2471 5207 omnia
2500 5155 2700 5206 essent
2724 5151 2833 5206 sub
2859 5149 3050 5223 gratia
3079 5165 3182 5223 per
3211 5149 3646 5222 plenitudinem
3666 5149 3840 5221 pieta-

2177 5240 2527 5297 tis.Nccesse
2558 5239 2631 5295 de
2658 5243 2863 5295 caetero
2886 5239 2983 5311 qui
3011 5238 3260 5295 laniaret
3289 5238 3453 5294 aliud
3477 5237 3834 5310 pro[a1.,per}

2178 5346 2240 5385 se
2265 5346 2443 5401 quam
2474 5329 2671 5401 ipsum
2702 5327 2763 5383 in
2795 5344 2911 5399 quo
2941 5327 3077 5383 finis
3109 5325 3535 5383 sacriﬁciorum
3565 5332 3686 5393 est;
3734 5340 3835 5396 per

2177 5435 2352 5490 quem
2376 5435 2493 5473 non
2524 5415 2715 5474 solum
2749 5434 2854 5472 nos
2885 5432 3254 5493 reservamur
3281 5417 3356 5472 ad
3402 5416 3604 5482 vitam,
3636 5429 3828 5469 verum

2175 5507 2350 5562 etiam
2383 5504 2582 5560 omnia
2612 5503 2711 5560 illa
2745 5521 2871 5576 qua:
2898 5503 2957 5559 in
2992 5502 3347 5559 sacrificium
3379 5497 3829 5558 dabantur.Nul-

2172 5594 2246 5652 lis
2263 5595 2422 5651 enim
2438 5595 2566 5666 jam
2588 5591 3089 5666 synagoga,nullis
3107 5593 3339 5650 fumant
3355 5590 3514 5649 idola
3532 5587 3823 5653 carnibus,
