4060 6174
262 308 414 374 1333

914 303 1386 372 HILINARDUS
1429 307 1776 371 LUGDUN.
1808 292 2152 367 EPISCODP.
2196 297 2517 363 NOTITIA
2561 293 2998 359 HISTORICA.

3504 286 3661 356 1334

265 443 422 522 plebs
474 443 599 515 [αι.
632 441 766 516 ista]
817 444 1081 518 ipsarum
1124 441 1518 509 victimarum,
1551 457 1683 498 cum
1731 437 1901 512 plebe
1928 437 1983 506 Α
2012 435 2170 510 quod
2199 433 2545 491 universitas
2565 448 2680 522 non
2703 430 2968 522 assentit,
2993 430 3150 503 quia,
3169 428 3322 522 sicut
3340 428 3398 484 in
3421 429 3662 522 ambro-

267 533 423 592 salva
449 536 540 589 est
570 549 583 588 ε
616 533 679 588 In
709 549 825 606 quo
857 533 1016 588 enim
1047 530 1298 588 cessavit
1326 530 1546 602 unctio,
1577 529 1825 587 cessavit
1851 530 1910 584 et

263 623 516 680 victima.
548 621 744 695 Caliga
765 621 963 694 igitur,
991 624 1049 677 et
1064 619 1496 693 quodammodo
1517 635 1704 676 czecus
1734 616 1910 685 sis,ut

264 712 459 769 videas
488 728 665 784 quem
686 727 800 767 non
823 709 1082 778 videbas,
1102 715 1162 765 et
1185 709 1339 764 sicut
1357 725 1460 781 per
1488 707 1708 763 bonum
1732 705 1911 778 pudo-

268 817 386 858 rem
415 799 578 856 visus
608 798 715 856 tibi
745 798 994 856 exterior
1022 798 1325 871 premitur,
1354 801 1418 852 ut
1438 813 1567 869 quae
1595 795 1768 862 videt,
1792 811 1908 850 non

265 891 483 958 videat;
509 889 593 946 sic
615 905 717 962 per
736 887 837 945 Dei
867 886 1136 943 timorem
1166 903 1412 943 acumen
1444 890 1555 941 tuae
1585 883 1911 940 sublimita-

260 980 339 1036 tis
368 978 623 1036 occultas
645 979 717 1034 ab
747 979 1085 1035 occurrente
1111 992 1325 1041 errore,
1348 992 1421 1031 ne
1442 974 1690 1033 forensis
1710 989 1911 1046 aspec-

265 1073 358 1124 tus
386 1084 491 1140 per
519 1066 802 1124 exteriora
831 1065 1093 1139 mysterii
1124 1064 1289 1121 fallat
1322 1068 1600 1130 mentem,
1634 1067 1692 1119 et
1720 1065 1912 1126 castos

261 1156 596 1213 intellectus
616 1173 802 1229 pravae
822 1154 1164 1211 intentionis
1182 1151 1440 1210 adulatio
1463 1153 1583 1225 [al.,
1606 1151 1913 1223 adulterio]

263 1249 645 1318 corrumpat:
693 1262 799 1301 nec
855 1260 1178 1318 praesumas
1240 1241 1620 1316 singulariter
1675 1239 1911 1310 sentire,

2016 525 2104 584 sio
2120 524 2395 598 legimus,
2408 539 2524 578 non
2546 520 2738 578 solum
2756 519 3120 593 singulorum
3144 519 3234 586 [αι.
3247 560 3260 585 ,
3276 516 3664 592 angelorum],

2014 630 2217 670 verum
2262 617 2321 669 et
2366 610 2763 668 universitatis
2810 610 2925 665 ista
2972 607 3250 680 mysteria
3299 612 3457 674 sunt,
3488 612 3546 664 et
3592 608 3665 664 ob

2017 704 2127 760 hoc
2158 719 2469 759 commune
2498 701 2714 756 debent
2764 699 2977 754 habere
3015 697 3310 769 judicium
3343 697 3665 753 secundum

2019 791 2334 850 catholicos
2363 794 2420 848 et
2442 789 2753 848 canonicos
2777 804 3007 855 sensus,
3029 803 3177 859 quos
3206 790 3368 842 extra
3397 786 3524 857 ipse
3544 792 3669 841 sen-

2019 882 2098 938 tis
2128 881 2375 953 ideoque
2407 879 2695 935 forensem
2725 877 2885 946 duxi,
2918 893 2985 933 eo
3027 876 3183 949 quod
3212 878 3373 934 extra
3403 890 3668 930 commu-

2020 988 2126 1027 nes
2155 968 2376 1036 oculos,
2409 969 2481 1024 de
2510 967 2851 1040 hujusmodi
2892 966 3112 1033 videas,
3153 965 3309 1020 sicut
3347 980 3577 1020 mecum
3609 963 3670 1018 in

2020 1064 2123 1116 tuo
2152 1059 2417 1115 discubio
2461 1056 2779 1114 contulisti.
2833 1056 3113 1129 Expertus
3160 1053 3387 1127 loquor,
3436 1052 3671 1109 audisse

2023 1148 2284 1223 contigit,
2318 1164 2454 1204 nam
2501 1164 2616 1204 non
2666 1146 2983 1203 crederem.
3013 1144 3254 1217 Abjecta
3299 1143 3547 1211 unitate,
3598 1143 3673 1199 de

2024 1241 2187 1311 parte
2216 1236 2529 1294 extolleris.

272 1413 3671 1477 Μ

1674 1607 1829 1648 ANNO
1869 1606 2074 1647 DOMINI
2115 1606 2158 1646 Μ
2167 1606 2259 1645 ιιι.

1342 1775 2606 1937 HALINARDUS

1497 2053 1994 2112 LUGDUNENSIS
2031 2052 2437 2110 EPISCOPUS.

1760 2206 2176 2217 ——————-

1162 2336 1508 2409 NOTITIA
1567 2333 2015 2406 HISTORICA
2066 2333 2152 2405 ΙΝ
2211 2332 2781 2404 HALINARDUM

1429 2484 1633 2555 (Gallia
1665 2485 1890 2552 (ναίει,
1924 2486 2067 2539 tom.
2104 2481 2197 2549 IV,
2230 2499 2362 2556 pag.
2395 2482 2509 2555 84.)

335 2670 718 2735 Halinardus,
739 2666 840 2740 qui
862 2669 922 2723 et
950 2664 1298 2722 Helmardus
1329 2668 1386 2721 et
1413 2664 1750 2731 Almardus,
1769 2661 1929 2719 nobi-
1955 2664 2005 2730 Β
2035 2679 2151 2727 sar,
2202 2662 2462 2735 diploma
2492 2662 2780 2729 concedit,
2814 2662 2931 2719 imo
2962 2668 3018 2719 et
3067 2667 3417 2735 praeceptum
3447 2662 3683 2729 emittit,

253 2759 297 2816 li
335 2758 829 2832 Burgundionum
887 2771 1097 2827 genere
1143 2758 1306 2813 ortus
1354 2760 1463 2821 est,
1496 2758 1660 2826 patre
1707 2753 1924 2821 Lingo-

258 2850 461 2914 nensi,
496 2852 681 2903 matre
728 2842 1033 2909 Eduensi,
1082 2841 1292 2898 litteris
1345 2842 1609 2914 apprime
1658 2834 1953 2905 eruditus.

254 2939 397 3005 fuit,
423 2940 665 2991 curante
686 2933 745 2989 'rn
778 2930 988 3004 primis
1017 2930 1293 2987 Walterio
1322 2929 1599 2986 IEduensi
1631 2929 1923 3002 episcopo,

255 3028 445 3097 cujus
476 3041 507 3080 e
535 3036 702 3079 sacro
733 3021 892 3076 fonte
939 3018 1097 3074 filius
1144 3023 1287 3075 erat.
1325 3008 1534 3075 Factus
1564 3017 1925 3084 adolescens,

254 3111 533 3169 Brunoui
585 3106 1043 3182 Lingonensium
1096 3106 1367 3179 episcopo
1399 3124 1434 3163 a
1463 3111 1627 3180 patre
1660 3105 1927 3171 traditus,

256 3202 322 3257 in
356 3199 779 3256 canonicorum
810 3200 1021 3252 coetum
1053 3199 1360 3268 cooptatur
1391 3212 1404 3251 :
1439 3195 1637 3267 ibique
1673 3193 1931 3267 philoso-

255 3291 421 3364 phos
454 3305 522 3346 ac
551 3285 977 3344 ecclesiasticos
1004 3284 1159 3341 viros
1191 3284 1373 3341 saccis
1413 3283 1627 3341 studiis
1656 3285 1932 3358 praeposi-

258 3385 359 3436 tos
392 3377 640 3442 audivit,
664 3374 999 3446 mirumque
1030 3374 1141 3429 sub
1172 3390 1373 3429 eorum
1406 3372 1720 3447 disciplina
1750 3373 1934 3445 profe-

260 3474 438 3526 ctum
467 3465 619 3522 fecit.
646 3463 943 3536 Praecipua
962 3467 1161 3519 tamen
1182 3463 1253 3518 de
1275 3463 1539 3519 moribus
1565 3464 1616 3519 ei
1638 3479 1780 3519 cura
1805 3463 1933 3530 fuit,

261 3558 418 3614 adeo
446 3559 514 3611 ut
531 3556 657 3626 jam
680 3556 806 3608 tum
830 3551 1101 3608 monachi
1124 3550 1421 3623 specimen
1446 3552 1760 3619 exhiberet,
1780 3551 1935 3608 solli-

2034 2751 2135 2805 sed
2170 2751 2407 2814 frustra.
2429 2750 2651 2807 invicto‘
2668 2751 2863 2807 animo
2887 2755 3117 2807 tantum
3148 2768 3296 2806 onus
3323 2750 3436 2806 sibi
3466 2750 3687 2823 imponi

2035 2840 2333 2894 detrectat.
2368 2840 2629 2895 Tandem
2673 2841 2742 2895 ad
2794 2857 3096 2895 summum
3128 2838 3463 2913 pontificem
3492 2834 3687 2912 perfu-

2034 2928 2206 3000 giunt
2236 2928 2680 2999 Lugdunenses,
2700 2944 2904 2984 eorum
2934 2926 3083 2984 votis
3115 2928 3523 2984 obsecundans
3554 2928 3688 2984 Gre-

2038 3015 2239 3090 gorius
2290 3016 2364 3072 Vl
2395 3015 2557 3071 misit
2606 3017 2679 3071 ad
2736 3034 2892 3083 eum,
2947 3016 3291 3089 praecipiens
3346 3017 3691 3074 auctoritate

2039 3103 2355 3178 pontiﬁcali
2389 3109 2453 3160 ut
2481 3104 2742 3161 odediret
2774 3105 3046 3178 precibus
3074 3104 3213 3161 cleri
3244 3110 3303 3162 et
3354 3106 3573 3179 populi.
3605 3108 3691 3163 Ad

2040 3193 2155 3249 tale
2187 3193 2529 3249 mandatum
2558 3197 2819 3250 tremens
2848 3194 3027 3250 cessit
3055 3194 3142 3248 vir
3170 3193 3496 3267 piissimus,
3528 3196 3691 3251 dato-

2042 3300 2156 3354 que
2187 3299 2475 3338 conscnsu
2505 3284 2578 3338 ad
2608 3283 2832 3339 curiam
2864 3283 3093 3340 Henrici
3132 3284 3427 3357 profectus
3455 3288 3564 3353 est,
3596 3301 3691 3340 co-

2043 3370 2389 3427 mitantibus
2418 3371 2824 3443 episcopor‘um
2850 3372 3355 3445 suﬂ'raganeorum
3375 3372 3584 3445 legatis
3609 3390 3696 3429 ar-

2046 3459 2404 3516 chidiaconis
2435 3476 2503 3515 ac
2537 3461 2945 3533 Lugdunensis
2975 3461 3229 3517 ecclesiae
3260 3460 3507 3530 clericis,
3527 3465 3592 3517 ut
3622 3462 3693 3517 ab

2047 3566 2114 3605 eo
2147 3547 2360 3622 regalia
2407 3549 2712 3620 acciperet.
2747 3550 2871 3605 Non
2921 3549 3114 3606 renuit
3141 3550 3353 3619 Caesar,
3387 3551 3487 3607 sed
3514 3550 3698 3622 jussit

260 3648 428 3703 citus
453 3644 749 3715 integrum
772 3658 835 3698 se
855 3657 923 3696 ac
944 3640 1242 3697 sincerum
1275 3641 1350 3696 ab
1379 3639 1498 3697 illis
1522 3641 1682 3698 vitiis
1711 3657 1941 3696 servare
2049 3643 2115 3694 ut
2144 3638 2306 3711 prius
2339 3638 2471 3694 fidei
2502 3637 2613 3694 sibi
2644 3639 2850 3695 debita:
2896 3643 3330 3703 sacramentum
3374 3641 3693 3713 praestaret.

262 3734 501 3808 quibus
533 3730 635 3788 illa
660 3735 803 3786 retas
835 3727 1223 3787 contaminari
1243 3727 1409 3796 solet,
1432 3729 1720 3785 bonorum
1741 3733 1943 3784 contu-
2051 3727 2113 3783 Id
2166 3743 2229 3783 se
2278 3728 2568 3784 facturum
2614 3727 2843 3799 negavit
2888 3729 3240 3787 Halinardus
3287 3732 3487 3789 dicens
3521 3718 3539 3788 τ’
3571 3755 3599 3781 ‹‹
3638 3729 3700 3788 Si

262 3822 554 3880 bernium
585 3818 832 3886 ambire,
856 3816 1150 3873 malorum
1182 3816 1383 3872 vitare.
1405 3818 1515 3873 Tot
1540 3834 1606 3873 ac
1637 3816 1816 3874 tantis
1846 3817 1947 3875 do-
2053 3816 2229 3890 Regis
2258 3816 2476 3883 aeterni,
2501 3822 2559 3872 et
2579 3817 2810 3888 regulae,
2834 3833 3011 3889 quam
3026 3819 3413 3891 jurejurando
3434 3820 3698 3893 promisi,

264 3912 439 3969 tibus
492 3908 848 3964 instructum
899 3906 1247 3962 Lambertus
1294 3904 1606 3978 episcopus
1652 3905 1945 3961 Brunonis
2054 3908 2341 3978 praecepta
2369 3910 2774 3977 postposuero,
2797 3923 2923 3977 qua:
2946 3906 3092 3962 mihi
3114 3908 3259 3964 fides
3283 3909 3412 3975 erit,
3440 3910 3706 3981 utimpe—

265 4013 612 4064 successor,
632 3996 703 4051 ad
727 3994 1153 4057 ecclesiasticas
1174 3993 1491 4067 dignitates
1513 3993 1695 4049 voluit
1718 4010 1947 4066 promo-
1974 4026 2019 4089 Ω
2055 3993 2268 4049 ratoris
2309 3994 2714 4064 juramentum
2760 3993 3052 4050 custodire
3100 3995 3341 4051 debeam
3363 3996 3391 4050 ?
3420 3996 3704 4051 Dominus

266 4105 447 4154 vere;
478 4090 541 4142 at
568 4084 740 4157 longe
769 4082 885 4138 alia
915 4100 1083 4139 mens
1113 4082 1193 4155 pii
1226 4081 1635 4151 adolescentis,
1656 4083 1946 4138 mundum
1975 4068 2019 4091 "
2058 4083 2215 4138 enim
2242 4082 2384 4137 dicit
2421 4082 2479 4137 in
2514 4082 2822 4156 Evangelio
2848 4100 2960 4140 non
2995 4084 3195 4156 jurare
3242 4087 3463 4141 omnino
3493 4085 3705 4158 (Matth.
3792 4086 3803 4090 “

271 4176 548 4250 fugiens,
569 4171 960 4228 mouasticum
982 4170 1249 4227 habitum
1275 4172 1335 4227 in
1361 4171 1420 4227 S.
1456 4170 1699 4245 Benigni
1720 4171 1947 4239 Divion,
2057 4189 2143 4240 ιιι,
2173 4172 2208 4226 3
2249 4171 2265 4241 )
2288 4189 2302 4238 ;
2325 4176 2382 4226 et
2404 4171 2603 4244 regula
2628 4172 2815 4228 Patris
2839 4171 3132 4229 Benedicti
3162 4172 3421 4245 praecipit
3450 4176 3709 4231 monacho

272 4262 558 4323 ccenobio
602 4260 815 4330 induit,
849 4277 1072 4333 suaque
1123 4261 1557 4333 perseverantia
1599 4264 1872 4334 parentes
1895 4265 1955 4316 et
2062 4277 2179 4316 non
2201 4261 2423 4331 jurare,
2443 4264 2502 4316 et
2527 4277 2560 4314 a
2586 4260 2781 4316 saeculi
2811 4262 3038 4318 actibus
3068 4280 3131 4318 se
3156 4263 3345 4319 facere
3375 4262 3651 4319 alienum.
3680 4288 3709 4313 ››

273 4353 641 4428 episcopum
672 4348 767 4421 pio
799 4365 906 4405 suo
955 4348 1252 4422 proposito
1296 4349 1624 4406 consentire
1654 4348 1857 4422 coegit.
1892 4350 1954 4404 In
2062 4350 2197 4414 Quae
2229 4354 2321 4404 res
2369 4349 2718 4404 Teutonicos
2749 4349 3026 4420 praesules
3064 4368 3181 4407 non
3212 4368 3421 4424 parum
3453 4368 3710 4408 commo-

274 4461 350 4500 eo
384 4439 692 4504 instituto,
724 4438 835 4493 sub
867 4437 1076 4494 abbate
1105 4436 1406 4494 Willelmo
1437 4437 1745 4494 exsultavit
1778 4442 1842 4493 ut
1871 4438 1957 4510 gi-
2064 4439 2146 4493 vit
2193 4438 2348 4510 quod
2396 4437 2453 4491 id
2502 4443 2773 4509 praestare
2820 4444 3133 4507 recusaret,
3182 4442 3337 4512 quod
3395 4441 3509 4513 ipsi
3560 4440 3715 4496 ultro

279 4548 395 4605 gas
427 4530 508 4587 ad
554 4527 907 4584 currendam
955 4525 1327 4599 perfectionis
1378 4527 1553 4594 viam,
1587 4528 1741 4583 unde
1785 4526 1958 4599 paulo
2067 4527 2478 4599 praestiterant,
2511 4526 2570 4581 in
2603 4526 2712 4582 hoc
2759 4526 2936 4596 enim,
2970 4529 3019 4583 si
3063 4528 3437 4585 Menestrerio
3468 4530 3632 4596 fides,
3666 4530 3716 4585 si

279 4623 425 4694 post
451 4635 491 4675 a
516 4615 786 4689 piissimo
816 4618 980 4687 patre
1012 4614 1124 4669 sub
1154 4630 1217 4671 se
1242 4614 1583 4671 monasterii
1612 4616 1962 4688 praepositus
2068 4633 2131 4672 se
2163 4617 2325 4689 pium
2359 4615 2416 4670 in
2449 4614 2584 4671 aula
2607 4615 2890 4682 exhibuit,
2921 4621 3072 4673 certe
3102 4634 3207 4673 nec
3237 4619 3473 4674 doctum
3503 4617 3718 4674 theolo-

280 4705 677 4767 renuntiatus
708 4707 834 4773 est;
868 4719 935 4760 ac
964 4702 1202 4759 tandem
1233 4707 1368 4776 post
1395 4702 1584 4775 ipsius
1612 4703 1837 4759 obitum
1868 4704 1964 4758 ab.
2070 4722 2232 4778 gum,
2286 4721 2392 4759 nec
2441 4705 2597 4775 juris
2645 4704 2906 4761 canonici
2956 4706 3230 4778 peritum,
3283 4712 3718 4763 sacramentum

279 4801 395 4855 bas
431 4793 790 4851 instituitur.
1782 4811 1786 4814 ‘
2072 4797 2346 4865 praestare
2392 4809 2612 4865 negans
2661 4794 2813 4865 quod
2864 4792 2973 4867 legi
3006 4794 3106 4850 Dei
3140 4793 3284 4850 nihil
3316 4794 3491 4851 habet
3519 4795 3719 4850 adver-

361 4887 432 4943 In
483 4900 560 4940 ea
607 4880 896 4955 dignitate
948 4884 1173 4936 tantum
1220 4878 1591 4952 splendorem
1640 4880 1854 4935 virtute
1900 4896 1966 4936 ac
2074 4899 2230 4948 sum,
2261 4885 2459 4952 utpote
2503 4882 2659 4954 quod
2692 4899 2806 4937 non
2832 4883 3087 4956 exigitur
3115 4887 3403 4956 quantum
3436 4884 3507 4939 ad
3540 4882 3722 4939 eccle-

288 4973 560 5033 seientia
586 4969 805 5039 emisit,
839 4972 905 5025 ut
935 4970 1154 5025 famam
1185 4985 1355 5025 suam
1385 4967 1555 5041 longe
1588 4968 1818 5040 lateque
1843 4985 1969 5040 pro-
2078 4970 2314 5027 siastica
2343 4970 2567 5038 munia,
2588 4971 2689 5027 sed
2716 4972 2905 5043 quoad
2930 4971 3119 5027 civilia
3149 4973 3367 5045 quibus
3386 4972 3725 5029 cohonesta-

286 5066 507 5121 lerret.
542 5058 690 5116 Hinc
718 5058 1078 5114 Francorum
1132 5056 1369 5130 regibus
1418 5056 1667 5113 Roherto
1716 5060 1773 5113 et
1819 5057 1970 5112 Hen-
2079 5060 2294 5116 bantur
2338 5059 2648 5115 antistites.
2685 5059 2803 5115 Rex
2848 5065 3043 5117 tamen
3092 5060 3219 5132 ejus
3253 5061 3640 5118 constantiam
3670 5066 3729 5118 et

292 5154 427 5209 rico
480 5146 935 5220 acceptissimus
982 5146 1111 5202 fuit.
1146 5146 1291 5202 Hinc
1342 5145 1588 5202 Henrico
1626 5146 1721 5215 ΙΙΙ,
1754 5163 1973 5220 cogno-
2082 5149 2355 5221 pietatem
2413 5147 2759 5215 admiratus,
2818 5153 2875 5204 et
2930 5148 3349 5205 nonnullorum
3407 5150 3725 5224 rraesulum

295 5244 517 5296 mento
548 5235 746 5308 Nigro,
777 5236 1112 5308 episcopatu
1160 5234 1537 5308 Lugdunensi
1568 5234 1784 5307 dignus
1814 5235 1975 5292 visus
2081 5237 2351 5308 precibus
2383 5242 2732 5302 commotus,
2765 5236 2949 5292 dixit:
2978 5260 3005 5287 «
3039 5238 3289 5295 Suadete
3316 5237 3508 5307 illum,
3530 5240 3581 5296 si
3613 5257 3730 5297 non

292 5329 551 5400 estjam
578 5341 731 5380 anno
755 5325 1114 5397 10M,quem
1137 5324 1282 5387 utin
1309 5322 1576 5380 Odolrico
1597 5323 1677 5379 ibi
1698 5324 1974 5394 vidimus,
2008 5393 2044 5401 _
2082 5324 2207 5380 vult
2252 5330 2685 5381 sacramentum
2748 5326 2950 5394 facere,
2996 5326 3077 5382 ita
3123 5344 3185 5383 se
3231 5332 3384 5401 agat,
3426 5334 3491 5384 ut
3534 5329 3729 5385 videa-

294 5393 462 5475 mir'a
494 5412 835 5470 humilitate
866 5393 1089 5486 effugit.
1125 5413 1237 5470 Sed
1267 5429 1336 5469 eo
1365 5412 1658 5482 defuncto,
1692 5430 1812 5469 una
1840 5393 1978 5471 cleri
2006 5393 2054 5459 Π
2083 5418 2183 5470 tur
2232 5413 2459 5480 fecisse,
2508 5430 2580 5469 ne
2630 5430 2758 5469 mos
2811 5393 3009 5487 patriae
3070 5393 3299 5473 nostra;
3336 5393 3667 5474 annuletur.
3701 5438 3726 5469 ι)
3774 5439 3779 5445 ·

295 5512 359 5566 et
373 5501 742 5581 populivoce
759 5501 1110 5575 postulatur,
1127 5501 1461 5565 mittuntur,
1476 5503 1548 5558 ad
1566 5502 1976 5575 imperatorem
2089 5502 2406 5575 Respondit
2436 5501 2813 5581 vimrus
2849 5522 2861 5558 :
2900 5506 3252 5563 Tantumdcm
3296 5510 3349 5562 si
3382 5508 3730 5572 simulavcro,

295 5600 602 5662 oratores,
645 5591 747 5666 qui
776 5593 906 5667 ejus
937 5608 1246 5651 assensum
1291 5591 1593 5664 ﬂagitent;
1626 5591 1833 5649 annuit
1860 5593 1977 5650 ϐω·
2087 5608 2152 5649 ac
2175 5594 2228 5649 si
2253 5593 2478 5663 fecerim
2503 5609 2515 5660 ;
2536 5591 2689 5648 W1
2721 5592 2818 5649 hoc
2847 5610 2880 5648 a
2925 5610 3028 5651 me.
3063 5595 3226 5653 Unde
3272 5613 3372 5654 rex
3415 5596 3650 5652 tandem
3682 5594 3733 5651 ei
