  <div class='ocr_page' id='page_1' title='image "/cluster/home/n/w/nwhite01/storage/ocr_20150623/142/hvd.32044054760020/673.png"; bbox 0 0 4060 6174; ppageno 0'>
   <div class='ocr_carea' id='block_1_1' title="bbox 272 885 776 944">
    <p class='ocr_par' dir='ltr' id='par_1_1' title="bbox 272 885 776 944">
     <span class='ocr_line' id='line_1_1' title="bbox 272 885 776 944; baseline -0.008 1"><span class='ocrx_word' id='word_1_1' title='bbox 272 902 279 909; x_wconf 88' lang='grc'><em>’</em></span> <span class='ocrx_word' id='word_1_2' title='bbox 351 885 584 944; x_wconf 86' lang='lat' dir='ltr'><strong>Domini</strong></span> <span class='ocrx_word' id='word_1_3' title='bbox 618 886 776 942; x_wconf 84' lang='grc'>1046.</span> 
     </span>
    </p>
   </div>
   <div class='ocr_carea' id='block_1_2' title="bbox 342 294 3757 370">
    <p class='ocr_par' dir='ltr' id='par_1_2' title="bbox 342 294 3757 370">
     <span class='ocr_line' id='line_1_2' title="bbox 342 294 3757 370; baseline -0.004 0"><span class='ocrx_word' id='word_1_4' title='bbox 342 296 498 370; x_wconf 72' lang='lat'><strong>{335</strong></span> <span class='ocrx_word' id='word_1_5' title='bbox 1492 302 1920 368; x_wconf 80' lang='lat' dir='ltr'><strong>HALINARDI</strong></span> <span class='ocrx_word' id='word_1_6' title='bbox 1965 299 2286 364; x_wconf 81' lang='lat' dir='ltr'><strong>LUGDUN</strong></span> <span class='ocrx_word' id='word_1_7' title='bbox 2297 344 2312 362; x_wconf 93' lang='lat'><strong>.</strong></span> <span class='ocrx_word' id='word_1_8' title='bbox 2360 299 2603 363; x_wconf 84' lang='lat' dir='ltr'><strong>EPISC.</strong></span> <span class='ocrx_word' id='word_1_9' title='bbox 2906 314 2913 317; x_wconf 75' lang='lat'><strong>‘</strong></span> <span class='ocrx_word' id='word_1_10' title='bbox 3604 294 3757 359; x_wconf 67' lang='lat'><strong>1336</strong></span> 
     </span>
    </p>
   </div>
   <div class='ocr_carea' id='block_1_3' title="bbox 334 428 3757 515">
    <p class='ocr_par' dir='ltr' id='par_1_3' title="bbox 334 428 3757 515">
     <span class='ocr_line' id='line_1_3' title="bbox 334 428 3757 515; baseline -0.003 -17"><span class='ocrx_word' id='word_1_11' title='bbox 334 440 743 515; x_wconf 89' lang='lat' dir='ltr'><strong>juramentum</strong></span> <span class='ocrx_word' id='word_1_12' title='bbox 764 439 1009 514; x_wconf 90' lang='lat' dir='ltr'><strong>remisit,</strong></span> <span class='ocrx_word' id='word_1_13' title='bbox 1023 428 1195 498; x_wconf 82' lang='lat' dir='ltr'><strong>verbo</strong></span> <span class='ocrx_word' id='word_1_14' title='bbox 1211 441 1268 498; x_wconf 89' lang='lat' dir='ltr'><strong>et</strong></span> <span class='ocrx_word' id='word_1_15' title='bbox 1283 439 1592 514; x_wconf 83' lang='lat' dir='ltr'><strong>promissis</strong></span> <span class='ocrx_word' id='word_1_16' title='bbox 1611 439 1741 510; x_wconf 83' lang='lat' dir='ltr'><strong>ejus</strong></span> <span class='ocrx_word' id='word_1_17' title='bbox 1766 438 1999 494; x_wconf 89' lang='lat' dir='ltr'><strong>conten-</strong></span> <span class='ocrx_word' id='word_1_18' title='bbox 2025 433 2081 502; x_wconf 72' lang='grc' dir='ltr'>Α</span> <span class='ocrx_word' id='word_1_19' title='bbox 2110 434 2358 491; x_wconf 89' lang='lat' dir='ltr'><strong>duinum</strong></span> <span class='ocrx_word' id='word_1_20' title='bbox 2390 433 2729 508; x_wconf 82' lang='lat' dir='ltr'><strong>episcopum</strong></span> <span class='ocrx_word' id='word_1_21' title='bbox 2768 432 2829 490; x_wconf 91' lang='lat' dir='ltr'><strong>in</strong></span> <span class='ocrx_word' id='word_1_22' title='bbox 2878 430 3187 508; x_wconf 72' lang='lat' dir='ltr'><strong>praasentia</strong></span> <span class='ocrx_word' id='word_1_23' title='bbox 3234 449 3397 507; x_wconf 76' lang='lat' dir='ltr'><strong>papae</strong></span> <span class='ocrx_word' id='word_1_24' title='bbox 3444 430 3757 488; x_wconf 74' lang='lat' dir='ltr'><strong>ordinavit.</strong></span> 
     </span>
    </p>
   </div>
   <div class='ocr_carea' id='block_1_4' title="bbox 345 522 3761 603">
    <p class='ocr_par' dir='ltr' id='par_1_4' title="bbox 345 522 3761 603">
     <span class='ocr_line' id='line_1_4' title="bbox 345 522 3761 603; baseline -0.004 -15"><span class='ocrx_word' id='word_1_25' title='bbox 345 534 465 600; x_wconf 90' lang='lat' dir='ltr'><strong>tus,</strong></span> <span class='ocrx_word' id='word_1_26' title='bbox 490 548 556 587; x_wconf 92' lang='lat' dir='ltr'><strong>ac</strong></span> <span class='ocrx_word' id='word_1_27' title='bbox 573 529 635 586; x_wconf 94' lang='lat' dir='ltr'><strong>in</strong></span> <span class='ocrx_word' id='word_1_28' title='bbox 665 548 773 587; x_wconf 89' lang='lat' dir='ltr'><strong>sua</strong></span> <span class='ocrx_word' id='word_1_29' title='bbox 793 529 1101 603; x_wconf 70' lang='lat' dir='ltr'><strong>przesentia</strong></span> <span class='ocrx_word' id='word_1_30' title='bbox 1122 530 1257 587; x_wconf 87' lang='lat' dir='ltr'><strong>fecit</strong></span> <span class='ocrx_word' id='word_1_31' title='bbox 1276 528 1444 585; x_wconf 92' lang='lat' dir='ltr'><strong>illum</strong></span> <span class='ocrx_word' id='word_1_32' title='bbox 1477 527 1756 595; x_wconf 88' lang='lat' dir='ltr'><strong>ordinari,</strong></span> <span class='ocrx_word' id='word_1_33' title='bbox 1779 527 1925 583; x_wconf 90' lang='lat' dir='ltr'><strong>dans</strong></span> <span class='ocrx_word' id='word_1_34' title='bbox 1946 524 1999 580; x_wconf 91' lang='lat' dir='ltr'><strong>ei</strong></span> <span class='ocrx_word' id='word_1_35' title='bbox 2104 526 2270 580; x_wconf 87' lang='lat' dir='ltr'><strong>Anno</strong></span> <span class='ocrx_word' id='word_1_36' title='bbox 2300 525 2458 593; x_wconf 89' lang='grc'><strong>1051,</strong></span> <span class='ocrx_word' id='word_1_37' title='bbox 2477 527 2780 597; x_wconf 86' lang='lat' dir='ltr'><strong>egressum</strong></span> <span class='ocrx_word' id='word_1_38' title='bbox 2812 524 2955 580; x_wconf 85' lang='lat' dir='ltr'><strong>urbe</strong></span> <span class='ocrx_word' id='word_1_39' title='bbox 2985 525 3235 580; x_wconf 86' lang='lat' dir='ltr'><strong>Leonem</strong></span> <span class='ocrx_word' id='word_1_40' title='bbox 3268 522 3607 589; x_wconf 77' lang='lat' dir='ltr'><strong>comitatus,</strong></span> <span class='ocrx_word' id='word_1_41' title='bbox 3627 537 3761 577; x_wconf 89' lang='lat' dir='ltr'><strong>cum</strong></span> 
     </span>
    </p>
   </div>
   <div class='ocr_carea' id='block_1_5' title="bbox 349 610 3765 694">
    <p class='ocr_par' dir='ltr' id='par_1_5' title="bbox 349 610 3765 694">
     <span class='ocr_line' id='line_1_5' title="bbox 349 610 3765 694; baseline -0.003 -17"><span class='ocrx_word' id='word_1_42' title='bbox 349 636 713 694; x_wconf 57' lang='lat' dir='ltr'><strong>quacunque</strong></span> <span class='ocrx_word' id='word_1_43' title='bbox 740 620 973 677; x_wconf 85' lang='lat' dir='ltr'><strong>fuerunt</strong></span> <span class='ocrx_word' id='word_1_44' title='bbox 1004 618 1349 676; x_wconf 79' lang='lat' dir='ltr'><strong>sacerdotali</strong></span> <span class='ocrx_word' id='word_1_45' title='bbox 1382 616 1770 676; x_wconf 89' lang='lat' dir='ltr'><strong>benedictioni</strong></span> <span class='ocrx_word' id='word_1_46' title='bbox 1800 631 1998 672; x_wconf 89' lang='lat' dir='ltr'><strong>neces-</strong></span> <span class='ocrx_word' id='word_1_47' title='bbox 2107 612 2207 670; x_wconf 92' lang='lat' dir='ltr'><strong>illo</strong></span> <span class='ocrx_word' id='word_1_48' title='bbox 2254 614 2670 682; x_wconf 84' lang='lat' dir='ltr'><strong>Beneventum,</strong></span> <span class='ocrx_word' id='word_1_49' title='bbox 2720 615 3000 686; x_wconf 81' lang='lat' dir='ltr'>Capuam,</span> <span class='ocrx_word' id='word_1_50' title='bbox 3050 613 3357 670; x_wconf 81' lang='lat' dir='ltr'><strong>Salernum</strong></span> <span class='ocrx_word' id='word_1_51' title='bbox 3408 610 3638 677; x_wconf 83' lang='lat' dir='ltr'><strong>invisit,</strong></span> <span class='ocrx_word' id='word_1_52' title='bbox 3695 611 3765 667; x_wconf 86' lang='lat' dir='ltr'><strong>ad</strong></span> 
     </span>
    </p>
   </div>
   <div class='ocr_carea' id='block_1_6' title="bbox 351 700 3765 781">
    <p class='ocr_par' dir='ltr' id='par_1_6' title="bbox 351 700 3765 781">
     <span class='ocr_line' id='line_1_6' title="bbox 351 700 3765 781; baseline -0.004 -14"><span class='ocrx_word' id='word_1_53' title='bbox 351 708 854 767; x_wconf 87' lang='lat' dir='ltr'><strong>saria.0rdinatus</strong></span> <span class='ocrx_word' id='word_1_54' title='bbox 877 724 1049 781; x_wconf 91' lang='lat' dir='ltr'><strong>porro</strong></span> <span class='ocrx_word' id='word_1_55' title='bbox 1075 711 1165 764; x_wconf 84' lang='lat' dir='ltr'><strong>est</strong></span> <span class='ocrx_word' id='word_1_56' title='bbox 1188 709 1259 764; x_wconf 91' lang='lat' dir='ltr'><strong>ab</strong></span> <span class='ocrx_word' id='word_1_57' title='bbox 1288 708 1527 780; x_wconf 88' lang='lat' dir='ltr'><strong>Hugone</strong></span> <span class='ocrx_word' id='word_1_58' title='bbox 1546 702 2001 763; x_wconf 89' lang='lat' dir='ltr'><strong>Vesuntionensi</strong></span> <span class='ocrx_word' id='word_1_59' title='bbox 2109 703 2218 759; x_wconf 91' lang='lat' dir='ltr'><strong>hoc</strong></span> <span class='ocrx_word' id='word_1_60' title='bbox 2250 708 2611 775; x_wconf 84' lang='lat' dir='ltr'><strong>assumptus,</strong></span> <span class='ocrx_word' id='word_1_61' title='bbox 2643 706 2726 771; x_wconf 93' lang='lat' dir='ltr'><strong>ut,</strong></span> <span class='ocrx_word' id='word_1_62' title='bbox 2760 702 2901 775; x_wconf 89' lang='lat' dir='ltr'><strong>quia</strong></span> <span class='ocrx_word' id='word_1_63' title='bbox 2942 706 3270 776; x_wconf 73' lang='lat' dir='ltr'><strong>praepotens</strong></span> <span class='ocrx_word' id='word_1_64' title='bbox 3300 705 3425 758; x_wconf 90' lang='lat' dir='ltr'><strong>erat</strong></span> <span class='ocrx_word' id='word_1_65' title='bbox 3457 701 3517 756; x_wconf 93' lang='lat' dir='ltr'><strong>in</strong></span> <span class='ocrx_word' id='word_1_66' title='bbox 3550 700 3765 767; x_wconf 83' lang='lat' dir='ltr'><strong>verbis,</strong></span> 
     </span>
    </p>
   </div>
   <div class='ocr_carea' id='block_1_7' title="bbox 349 788 3770 872">
    <p class='ocr_par' dir='ltr' id='par_1_7' title="bbox 349 788 3770 872">
     <span class='ocr_line' id='line_1_7' title="bbox 349 788 3770 872; baseline -0.003 -17"><span class='ocrx_word' id='word_1_67' title='bbox 349 797 620 872; x_wconf 86' lang='lat' dir='ltr'><strong>episcopo</strong></span> <span class='ocrx_word' id='word_1_68' title='bbox 669 797 825 870; x_wconf 89' lang='lat' dir='ltr'><strong>apud</strong></span> <span class='ocrx_word' id='word_1_69' title='bbox 876 796 1237 864; x_wconf 85' lang='lat' dir='ltr'><strong>Herbestein,</strong></span> <span class='ocrx_word' id='word_1_70' title='bbox 1285 813 1438 854; x_wconf 90' lang='lat' dir='ltr'><strong>anno</strong></span> <span class='ocrx_word' id='word_1_71' title='bbox 1487 795 1559 852; x_wconf 91' lang='lat' dir='ltr'><strong>ab</strong></span> <span class='ocrx_word' id='word_1_72' title='bbox 1603 794 2002 851; x_wconf 90' lang='lat' dir='ltr'><strong>incarnatione</strong></span> <span class='ocrx_word' id='word_1_73' title='bbox 2112 796 2170 849; x_wconf 93' lang='lat' dir='ltr'><strong>et</strong></span> <span class='ocrx_word' id='word_1_74' title='bbox 2200 793 2271 848; x_wconf 89' lang='lat' dir='ltr'><strong>ad</strong></span> <span class='ocrx_word' id='word_1_75' title='bbox 2305 793 2674 849; x_wconf 88' lang='lat' dir='ltr'><strong>suadendum</strong></span> <span class='ocrx_word' id='word_1_76' title='bbox 2713 791 3017 866; x_wconf 87' lang='lat' dir='ltr'><strong>quodlibet</strong></span> <span class='ocrx_word' id='word_1_77' title='bbox 3064 792 3269 864; x_wconf 87' lang='lat' dir='ltr'><strong>lingua</strong></span> <span class='ocrx_word' id='word_1_78' title='bbox 3299 789 3653 858; x_wconf 78' lang='lat' dir='ltr'><strong>sufficiebat,</strong></span> <span class='ocrx_word' id='word_1_79' title='bbox 3685 788 3770 845; x_wconf 89' lang='lat' dir='ltr'><strong>le-</strong></span> 
     </span>
    </p>
   </div>
   <div class='ocr_carea' id='block_1_8' title="bbox 2113 877 3770 955">
    <p class='ocr_par' dir='ltr' id='par_1_8' title="bbox 2113 877 3770 955">
     <span class='ocr_line' id='line_1_8' title="bbox 2113 877 3770 955; baseline -0.002 -17"><span class='ocrx_word' id='word_1_80' title='bbox 2113 886 2285 955; x_wconf 88' lang='lat' dir='ltr'><strong>gatus</strong></span> <span class='ocrx_word' id='word_1_81' title='bbox 2328 885 2385 937; x_wconf 90' lang='lat' dir='ltr'><strong>et</strong></span> <span class='ocrx_word' id='word_1_82' title='bbox 2414 880 2701 938; x_wconf 89' lang='lat' dir='ltr'><strong>mediator</strong></span> <span class='ocrx_word' id='word_1_83' title='bbox 2730 880 2893 954; x_wconf 90' lang='lat' dir='ltr'><strong>pacis</strong></span> <span class='ocrx_word' id='word_1_84' title='bbox 2924 879 3076 936; x_wconf 90' lang='lat' dir='ltr'><strong>inter</strong></span> <span class='ocrx_word' id='word_1_85' title='bbox 3104 880 3498 937; x_wconf 89' lang='lat' dir='ltr'><strong>Nortmannos</strong></span> <span class='ocrx_word' id='word_1_86' title='bbox 3531 877 3770 935; x_wconf 90' lang='lat' dir='ltr'><strong>illorum</strong></span> 
     </span>
    </p>
   </div>
   <div class='ocr_carea' id='block_1_9' title="bbox 422 966 3775 1048">
    <p class='ocr_par' dir='ltr' id='par_1_9' title="bbox 422 966 3775 1048">
     <span class='ocr_line' id='line_1_9' title="bbox 422 966 3775 1048; baseline -0.003 -16"><span class='ocrx_word' id='word_1_87' title='bbox 422 976 634 1032; x_wconf 86' lang='lat' dir='ltr'><strong>Factus</strong></span> <span class='ocrx_word' id='word_1_88' title='bbox 689 973 995 1048; x_wconf 86' lang='lat' dir='ltr'><strong>apostolici</strong></span> <span class='ocrx_word' id='word_1_89' title='bbox 1052 991 1293 1048; x_wconf 87' lang='lat' dir='ltr'><strong>compos</strong></span> <span class='ocrx_word' id='word_1_90' title='bbox 1347 978 1404 1030; x_wconf 90' lang='lat' dir='ltr'><strong>et</strong></span> <span class='ocrx_word' id='word_1_91' title='bbox 1462 990 1701 1046; x_wconf 89' lang='lat' dir='ltr'><strong>compar</strong></span> <span class='ocrx_word' id='word_1_92' title='bbox 1759 971 2000 1028; x_wconf 89' lang='lat' dir='ltr'><strong>honoris</strong></span> <span class='ocrx_word' id='word_1_93' title='bbox 2115 971 2380 1044; x_wconf 91' lang='lat' dir='ltr'><strong>partibus</strong></span> <span class='ocrx_word' id='word_1_94' title='bbox 2402 970 2761 1037; x_wconf 87' lang='lat' dir='ltr'><strong>dominos,et</strong></span> <span class='ocrx_word' id='word_1_95' title='bbox 2781 970 2978 1042; x_wconf 90' lang='lat' dir='ltr'><strong>ipsum</strong></span> <span class='ocrx_word' id='word_1_96' title='bbox 2999 970 3289 1026; x_wconf 86' lang='lat' dir='ltr'><strong>existeret.</strong></span> <span class='ocrx_word' id='word_1_97' title='bbox 3312 971 3478 1024; x_wconf 90' lang='lat' dir='ltr'><strong>Anno</strong></span> <span class='ocrx_word' id='word_1_98' title='bbox 3505 966 3775 1040; x_wconf 85' lang='lat' dir='ltr'><strong>sequenti</strong></span> 
     </span>
    </p>
   </div>
   <div class='ocr_carea' id='block_1_10' title="bbox 352 1055 3776 1138">
    <p class='ocr_par' dir='ltr' id='par_1_10' title="bbox 352 1055 3776 1138">
     <span class='ocr_line' id='line_1_10' title="bbox 352 1055 3776 1138; baseline -0.003 -16"><span class='ocrx_word' id='word_1_99' title='bbox 352 1064 521 1122; x_wconf 83' lang='lat' dir='ltr'><strong>duxit</strong></span> <span class='ocrx_word' id='word_1_100' title='bbox 548 1063 931 1138; x_wconf 86' lang='lat' dir='ltr'><strong>apostolicam</strong></span> <span class='ocrx_word' id='word_1_101' title='bbox 978 1064 1145 1121; x_wconf 89' lang='lat' dir='ltr'><strong>factis</strong></span> <span class='ocrx_word' id='word_1_102' title='bbox 1194 1068 1251 1120; x_wconf 90' lang='lat' dir='ltr'><strong>et</strong></span> <span class='ocrx_word' id='word_1_103' title='bbox 1301 1065 1537 1120; x_wconf 89' lang='lat' dir='ltr'><strong>nomine</strong></span> <span class='ocrx_word' id='word_1_104' title='bbox 1578 1063 1782 1129; x_wconf 90' lang='lat' dir='ltr'><strong>vitam,</strong></span> <span class='ocrx_word' id='word_1_105' title='bbox 1816 1061 2009 1134; x_wconf 89' lang='lat' dir='ltr'><strong>inquit</strong></span> <span class='ocrx_word' id='word_1_106' title='bbox 2116 1060 2301 1116; x_wconf 82' lang='lat' dir='ltr'><strong>Roma</strong></span> <span class='ocrx_word' id='word_1_107' title='bbox 2323 1059 2627 1116; x_wconf 89' lang='lat' dir='ltr'><strong>discedens</strong></span> <span class='ocrx_word' id='word_1_108' title='bbox 2650 1060 2763 1116; x_wconf 89' lang='lat' dir='ltr'><strong>Leo</strong></span> <span class='ocrx_word' id='word_1_109' title='bbox 2786 1059 2845 1114; x_wconf 91' lang='lat' dir='ltr'><strong>in</strong></span> <span class='ocrx_word' id='word_1_110' title='bbox 2868 1059 3227 1132; x_wconf 89' lang='lat' dir='ltr'><strong>Hungariam</strong></span> <span class='ocrx_word' id='word_1_111' title='bbox 3249 1055 3776 1131; x_wconf 83' lang='lat' dir='ltr'><strong>profecturus,illic</strong></span> 
     </span>
    </p>
   </div>
   <div class='ocr_carea' id='block_1_11' title="bbox 353 1145 3775 1228">
    <p class='ocr_par' dir='ltr' id='par_1_11' title="bbox 353 1145 3775 1228">
     <span class='ocr_line' id='line_1_11' title="bbox 353 1145 3775 1228; baseline -0.003 -17"><span class='ocrx_word' id='word_1_112' title='bbox 353 1153 928 1228; x_wconf 87' lang='lat' dir='ltr'><strong>San-Benignianum</strong></span> <span class='ocrx_word' id='word_1_113' title='bbox 957 1153 1304 1211; x_wconf 87' lang='lat' dir='ltr'><strong>Chronicon.</strong></span> <span class='ocrx_word' id='word_1_114' title='bbox 1327 1154 1544 1210; x_wconf 90' lang='lat' dir='ltr'><strong>Eadem</strong></span> <span class='ocrx_word' id='word_1_115' title='bbox 1572 1153 1760 1208; x_wconf 89' lang='lat' dir='ltr'><strong>virtus</strong></span> <span class='ocrx_word' id='word_1_116' title='bbox 1790 1151 2007 1207; x_wconf 89' lang='lat' dir='ltr'><strong>mansit</strong></span> <span class='ocrx_word' id='word_1_117' title='bbox 2118 1149 2500 1206; x_wconf 89' lang='lat' dir='ltr'><strong>Halinardum</strong></span> <span class='ocrx_word' id='word_1_118' title='bbox 2552 1148 2786 1221; x_wconf 87' lang='lat' dir='ltr'><strong>reliquit</strong></span> <span class='ocrx_word' id='word_1_119' title='bbox 2837 1148 2897 1204; x_wconf 91' lang='lat' dir='ltr'><strong>in</strong></span> <span class='ocrx_word' id='word_1_120' title='bbox 2934 1147 3286 1219; x_wconf 84' lang='lat' dir='ltr'><strong>monasterio</strong></span> <span class='ocrx_word' id='word_1_121' title='bbox 3314 1148 3374 1203; x_wconf 92' lang='lat' dir='ltr'><strong>S.</strong></span> <span class='ocrx_word' id='word_1_122' title='bbox 3407 1145 3673 1220; x_wconf 82' lang='lat' dir='ltr'><strong>Gregorii</strong></span> <span class='ocrx_word' id='word_1_123' title='bbox 3702 1145 3775 1202; x_wconf 88' lang='lat' dir='ltr'><strong>ad</strong></span> 
     </span>
    </p>
   </div>
   <div class='ocr_carea' id='block_1_12' title="bbox 358 1240 2009 1317">
    <p class='ocr_par' dir='ltr' id='par_1_12' title="bbox 358 1240 2009 1317">
     <span class='ocr_line' id='line_1_12' title="bbox 358 1240 2009 1317; baseline -0.002 -18"><span class='ocrx_word' id='word_1_124' title='bbox 358 1242 732 1311; x_wconf 87' lang='lat' dir='ltr'><strong>humilitatis,</strong></span> <span class='ocrx_word' id='word_1_125' title='bbox 750 1260 923 1317; x_wconf 91' lang='lat' dir='ltr'><strong>opere</strong></span> <span class='ocrx_word' id='word_1_126' title='bbox 944 1243 1333 1317; x_wconf 89' lang='lat' dir='ltr'><strong>multiplicato</strong></span> <span class='ocrx_word' id='word_1_127' title='bbox 1364 1241 1685 1310; x_wconf 90' lang='lat' dir='ltr'><strong>charitatis,</strong></span> <span class='ocrx_word' id='word_1_128' title='bbox 1705 1240 2009 1297; x_wconf 89' lang='lat' dir='ltr'><strong>omnibus-</strong></span> 
     </span>
    </p>
   </div>
   <div class='ocr_carea' id='block_1_13' title="bbox 360 1330 2011 1405">
    <p class='ocr_par' dir='ltr' id='par_1_13' title="bbox 360 1330 2011 1405">
     <span class='ocr_line' id='line_1_13' title="bbox 360 1330 2011 1405; baseline -0.004 -16"><span class='ocrx_word' id='word_1_129' title='bbox 360 1344 478 1405; x_wconf 83' lang='lat' dir='ltr'><strong>que</strong></span> <span class='ocrx_word' id='word_1_130' title='bbox 503 1332 694 1405; x_wconf 87' lang='lat' dir='ltr'><strong>quoad</strong></span> <span class='ocrx_word' id='word_1_131' title='bbox 722 1330 864 1387; x_wconf 81' lang='lat' dir='ltr'><strong>vixit</strong></span> <span class='ocrx_word' id='word_1_132' title='bbox 912 1332 1086 1388; x_wconf 91' lang='lat' dir='ltr'><strong>verbo</strong></span> <span class='ocrx_word' id='word_1_133' title='bbox 1138 1330 1405 1404; x_wconf 69' lang='lat' dir='ltr'><strong>praeluxit</strong></span> <span class='ocrx_word' id='word_1_134' title='bbox 1432 1334 1490 1386; x_wconf 86' lang='lat' dir='ltr'><strong>et</strong></span> <span class='ocrx_word' id='word_1_135' title='bbox 1529 1330 1790 1403; x_wconf 86' lang='lat' dir='ltr'><strong>exemplo</strong></span> <span class='ocrx_word' id='word_1_136' title='bbox 1821 1345 2011 1401; x_wconf 88' lang='lat' dir='ltr'><strong>quan-</strong></span> 
     </span>
    </p>
   </div>
   <div class='ocr_carea' id='block_1_14' title="bbox 360 1418 2014 1494">
    <p class='ocr_par' dir='ltr' id='par_1_14' title="bbox 360 1418 2014 1494">
     <span class='ocr_line' id='line_1_14' title="bbox 360 1418 2014 1494; baseline -0.002 -17"><span class='ocrx_word' id='word_1_137' title='bbox 360 1437 541 1494; x_wconf 88' lang='lat' dir='ltr'><strong>quam</strong></span> <span class='ocrx_word' id='word_1_138' title='bbox 590 1419 961 1477; x_wconf 90' lang='lat' dir='ltr'><strong>Divionensis</strong></span> <span class='ocrx_word' id='word_1_139' title='bbox 1008 1419 1352 1476; x_wconf 86' lang='lat' dir='ltr'><strong>monasterii</strong></span> <span class='ocrx_word' id='word_1_140' title='bbox 1403 1418 1684 1493; x_wconf 90' lang='lat' dir='ltr'><strong>regimen,</strong></span> <span class='ocrx_word' id='word_1_141' title='bbox 1717 1436 1821 1491; x_wconf 88' lang='lat' dir='ltr'><strong>pro</strong></span> <span class='ocrx_word' id='word_1_142' title='bbox 1853 1434 2014 1473; x_wconf 91' lang='lat' dir='ltr'><strong>more</strong></span> 
     </span>
    </p>
   </div>
   <div class='ocr_carea' id='block_1_15' title="bbox 362 1507 2013 1582">
    <p class='ocr_par' dir='ltr' id='par_1_15' title="bbox 362 1507 2013 1582">
     <span class='ocr_line' id='line_1_15' title="bbox 362 1507 2013 1582; baseline -0.002 -16"><span class='ocrx_word' id='word_1_143' title='bbox 362 1510 598 1566; x_wconf 91' lang='lat' dir='ltr'><strong>illorum</strong></span> <span class='ocrx_word' id='word_1_144' title='bbox 627 1514 983 1582; x_wconf 83' lang='lat' dir='ltr'><strong>temporum,</strong></span> <span class='ocrx_word' id='word_1_145' title='bbox 1013 1511 1085 1566; x_wconf 92' lang='lat' dir='ltr'><strong>ad</strong></span> <span class='ocrx_word' id='word_1_146' title='bbox 1109 1508 1333 1566; x_wconf 90' lang='lat' dir='ltr'><strong>obitum</strong></span> <span class='ocrx_word' id='word_1_147' title='bbox 1357 1526 1545 1573; x_wconf 87' lang='lat' dir='ltr'><strong>usque</strong></span> <span class='ocrx_word' id='word_1_148' title='bbox 1576 1507 1852 1576; x_wconf 86' lang='lat' dir='ltr'><strong>retinuit;</strong></span> <span class='ocrx_word' id='word_1_149' title='bbox 1877 1511 1934 1564; x_wconf 86' lang='lat' dir='ltr'><strong>et</strong></span> <span class='ocrx_word' id='word_1_150' title='bbox 1953 1507 2013 1562; x_wconf 91' lang='lat' dir='ltr'><strong>in</strong></span> 
     </span>
    </p>
   </div>
   <div class='ocr_carea' id='block_1_16' title="bbox 363 1596 2014 1671">
    <p class='ocr_par' dir='ltr' id='par_1_16' title="bbox 363 1596 2014 1671">
     <span class='ocr_line' id='line_1_16' title="bbox 363 1596 2014 1671; baseline -0.002 -16"><span class='ocrx_word' id='word_1_151' title='bbox 363 1598 704 1671; x_wconf 84' lang='lat' dir='ltr'><strong>episcOpatu</strong></span> <span class='ocrx_word' id='word_1_152' title='bbox 762 1614 869 1654; x_wconf 89' lang='lat' dir='ltr'><strong>suo</strong></span> <span class='ocrx_word' id='word_1_153' title='bbox 918 1597 1014 1654; x_wconf 81' lang='lat' dir='ltr'><strong>vix</strong></span> <span class='ocrx_word' id='word_1_154' title='bbox 1070 1602 1464 1654; x_wconf 88' lang='lat' dir='ltr'><strong>commoratus</strong></span> <span class='ocrx_word' id='word_1_155' title='bbox 1518 1597 1710 1665; x_wconf 89' lang='lat' dir='ltr'><strong>fuerit,</strong></span> <span class='ocrx_word' id='word_1_156' title='bbox 1753 1596 1865 1653; x_wconf 90' lang='lat' dir='ltr'><strong>alio</strong></span> <span class='ocrx_word' id='word_1_157' title='bbox 1910 1613 2014 1669; x_wconf 89' lang='lat' dir='ltr'><strong>pro</strong></span> 
     </span>
    </p>
   </div>
   <div class='ocr_carea' id='block_1_17' title="bbox 364 1685 2016 1761">
    <p class='ocr_par' dir='ltr' id='par_1_17' title="bbox 364 1685 2016 1761">
     <span class='ocr_line' id='line_1_17' title="bbox 364 1685 2016 1761; baseline -0.002 -18"><span class='ocrx_word' id='word_1_158' title='bbox 364 1686 542 1743; x_wconf 89' lang='lat' dir='ltr'><strong>variis</strong></span> <span class='ocrx_word' id='word_1_159' title='bbox 592 1685 860 1743; x_wconf 64' lang='lat' dir='ltr'><strong>Ecclesiae</strong></span> <span class='ocrx_word' id='word_1_160' title='bbox 909 1686 1158 1761; x_wconf 87' lang='lat' dir='ltr'><strong>negotiis</strong></span> <span class='ocrx_word' id='word_1_161' title='bbox 1188 1692 1447 1742; x_wconf 88' lang='lat' dir='ltr'><strong>vocatus.</strong></span> <span class='ocrx_word' id='word_1_162' title='bbox 1480 1686 1673 1742; x_wconf 90' lang='lat' dir='ltr'><strong>Primo</strong></span> <span class='ocrx_word' id='word_1_163' title='bbox 1705 1703 1823 1742; x_wconf 68' lang='lat' dir='ltr'><strong>sua:</strong></span> <span class='ocrx_word' id='word_1_164' title='bbox 1861 1685 2016 1741; x_wconf 81' lang='lat' dir='ltr'><strong>ordi—</strong></span> 
     </span>
    </p>
   </div>
   <div class='ocr_carea' id='block_1_18' title="bbox 2119 1234 3773 1311">
    <p class='ocr_par' dir='ltr' id='par_1_18' title="bbox 2119 1234 3773 1311">
     <span class='ocr_line' id='line_1_18' title="bbox 2119 1234 3773 1311; baseline -0.002 -17"><span class='ocrx_word' id='word_1_165' title='bbox 2119 1238 2335 1295; x_wconf 93' lang='lat' dir='ltr'><strong>clivum</strong></span> <span class='ocrx_word' id='word_1_166' title='bbox 2364 1237 2588 1306; x_wconf 89' lang='lat' dir='ltr'><strong>Scauri,</strong></span> <span class='ocrx_word' id='word_1_167' title='bbox 2626 1238 2782 1311; x_wconf 89' lang='lat' dir='ltr'><strong>quod</strong></span> <span class='ocrx_word' id='word_1_168' title='bbox 2813 1236 2864 1294; x_wconf 91' lang='lat' dir='ltr'><strong>ei</strong></span> <span class='ocrx_word' id='word_1_169' title='bbox 2897 1237 3156 1310; x_wconf 81' lang='lat' dir='ltr'><strong>pontifex</strong></span> <span class='ocrx_word' id='word_1_170' title='bbox 3182 1237 3257 1292; x_wconf 92' lang='lat' dir='ltr'><strong>ad</strong></span> <span class='ocrx_word' id='word_1_171' title='bbox 3287 1234 3651 1303; x_wconf 87' lang='lat' dir='ltr'><strong>monendum</strong></span> <span class='ocrx_word' id='word_1_172' title='bbox 3679 1251 3773 1291; x_wconf 87' lang='lat' dir='ltr'><strong>as-</strong></span> 
     </span>
    </p>
   </div>
   <div class='ocr_carea' id='block_1_19' title="bbox 2121 1323 3778 1402">
    <p class='ocr_par' dir='ltr' id='par_1_19' title="bbox 2121 1323 3778 1402">
     <span class='ocr_line' id='line_1_19' title="bbox 2121 1323 3778 1402; baseline -0.003 -18"><span class='ocrx_word' id='word_1_173' title='bbox 2121 1328 2465 1402; x_wconf 88' lang='lat' dir='ltr'><strong>signaverat.</strong></span> <span class='ocrx_word' id='word_1_174' title='bbox 2490 1331 2641 1383; x_wconf 88' lang='lat' dir='ltr'><strong>Dum</strong></span> <span class='ocrx_word' id='word_1_175' title='bbox 2658 1343 2793 1384; x_wconf 86' lang='lat' dir='ltr'><strong>vero</strong></span> <span class='ocrx_word' id='word_1_176' title='bbox 2825 1325 2943 1381; x_wconf 92' lang='lat' dir='ltr'><strong>illic</strong></span> <span class='ocrx_word' id='word_1_177' title='bbox 2964 1328 3292 1383; x_wconf 85' lang='lat' dir='ltr'><strong>moraretur</strong></span> <span class='ocrx_word' id='word_1_178' title='bbox 3311 1326 3369 1382; x_wconf 90' lang='lat' dir='ltr'><strong>S.</strong></span> <span class='ocrx_word' id='word_1_179' title='bbox 3395 1325 3670 1393; x_wconf 87' lang='lat' dir='ltr'><strong>antistes,</strong></span> <span class='ocrx_word' id='word_1_180' title='bbox 3687 1323 3778 1380; x_wconf 90' lang='lat' dir='ltr'><strong>die</strong></span> 
     </span>
    </p>
   </div>
   <div class='ocr_carea' id='block_1_20' title="bbox 2123 1408 3779 1490">
    <p class='ocr_par' dir='ltr' id='par_1_20' title="bbox 2123 1408 3779 1490">
     <span class='ocr_line' id='line_1_20' title="bbox 2123 1408 3779 1490; baseline -0.002 -17"><span class='ocrx_word' id='word_1_181' title='bbox 2123 1418 2379 1490; x_wconf 87' lang='lat' dir='ltr'><strong>quadam</strong></span> <span class='ocrx_word' id='word_1_182' title='bbox 2408 1415 2821 1483; x_wconf 90' lang='lat' dir='ltr'><strong>discumbenti,</strong></span> <span class='ocrx_word' id='word_1_183' title='bbox 2851 1432 2886 1471; x_wconf 91' lang='lat' dir='ltr'><strong>a</strong></span> <span class='ocrx_word' id='word_1_184' title='bbox 2926 1408 3076 1473; x_wconf 59' lang='lat' dir='ltr'><strong>falso</strong></span> <span class='ocrx_word' id='word_1_185' title='bbox 3104 1413 3291 1471; x_wconf 91' lang='lat' dir='ltr'><strong>amico</strong></span> <span class='ocrx_word' id='word_1_186' title='bbox 3333 1414 3515 1488; x_wconf 88' lang='lat' dir='ltr'><strong>piscis</strong></span> <span class='ocrx_word' id='word_1_187' title='bbox 3543 1412 3779 1470; x_wconf 86' lang='lat' dir='ltr'><strong>oblatus</strong></span> 
     </span>
    </p>
   </div>
   <div class='ocr_carea' id='block_1_21' title="bbox 2122 1501 3780 1577">
    <p class='ocr_par' dir='ltr' id='par_1_21' title="bbox 2122 1501 3780 1577">
     <span class='ocr_line' id='line_1_21' title="bbox 2122 1501 3780 1577; baseline -0.004 -14"><span class='ocrx_word' id='word_1_188' title='bbox 2122 1510 2210 1563; x_wconf 87' lang='lat' dir='ltr'><strong>est</strong></span> <span class='ocrx_word' id='word_1_189' title='bbox 2238 1522 2457 1562; x_wconf 88' lang='lat' dir='ltr'><strong>veneno</strong></span> <span class='ocrx_word' id='word_1_190' title='bbox 2486 1505 2757 1573; x_wconf 87' lang='lat' dir='ltr'><strong>infectus,</strong></span> <span class='ocrx_word' id='word_1_191' title='bbox 2789 1522 2859 1561; x_wconf 84' lang='lat' dir='ltr'><strong>ex</strong></span> <span class='ocrx_word' id='word_1_192' title='bbox 2902 1520 3017 1577; x_wconf 90' lang='lat' dir='ltr'><strong>quo</strong></span> <span class='ocrx_word' id='word_1_193' title='bbox 3069 1504 3197 1577; x_wconf 91' lang='lat' dir='ltr'><strong>ipse</strong></span> <span class='ocrx_word' id='word_1_194' title='bbox 3243 1508 3302 1560; x_wconf 93' lang='lat' dir='ltr'><strong>et</strong></span> <span class='ocrx_word' id='word_1_195' title='bbox 3338 1504 3455 1559; x_wconf 92' lang='lat' dir='ltr'><strong>duo</strong></span> <span class='ocrx_word' id='word_1_196' title='bbox 3507 1501 3780 1559; x_wconf 89' lang='lat' dir='ltr'><strong>monachi</strong></span> 
     </span>
    </p>
   </div>
   <div class='ocr_carea' id='block_1_22' title="bbox 2126 1592 3781 1667">
    <p class='ocr_par' dir='ltr' id='par_1_22' title="bbox 2126 1592 3781 1667">
     <span class='ocr_line' id='line_1_22' title="bbox 2126 1592 3781 1667; baseline -0.001 -18"><span class='ocrx_word' id='word_1_197' title='bbox 2126 1594 2284 1651; x_wconf 88' lang='lat' dir='ltr'><strong>illius</strong></span> <span class='ocrx_word' id='word_1_198' title='bbox 2303 1594 2440 1664; x_wconf 90' lang='lat' dir='ltr'><strong>loci,</strong></span> <span class='ocrx_word' id='word_1_199' title='bbox 2455 1593 2763 1667; x_wconf 70' lang='lat' dir='ltr'><strong>caeterique</strong></span> <span class='ocrx_word' id='word_1_200' title='bbox 2784 1594 2887 1666; x_wconf 87' lang='lat' dir='ltr'><strong>qui</strong></span> <span class='ocrx_word' id='word_1_201' title='bbox 2910 1593 3309 1658; x_wconf 87' lang='lat' dir='ltr'><strong>comederunt,</strong></span> <span class='ocrx_word' id='word_1_202' title='bbox 3327 1592 3486 1649; x_wconf 85' lang='lat' dir='ltr'><strong>intra</strong></span> <span class='ocrx_word' id='word_1_203' title='bbox 3506 1596 3640 1649; x_wconf 87' lang='lat' dir='ltr'><strong>octo</strong></span> <span class='ocrx_word' id='word_1_204' title='bbox 3661 1592 3781 1648; x_wconf 89' lang='lat' dir='ltr'><strong>dies</strong></span> 
     </span>
    </p>
   </div>
   <div class='ocr_carea' id='block_1_23' title="bbox 2125 1681 3781 1765">
    <p class='ocr_par' dir='ltr' id='par_1_23' title="bbox 2125 1681 3781 1765">
     <span class='ocr_line' id='line_1_23' title="bbox 2125 1681 3781 1765; baseline -0.001 -26"><span class='ocrx_word' id='word_1_205' title='bbox 2125 1685 2414 1765; x_wconf 83' lang='lat' dir='ltr'><strong>interiere.</strong></span> <span class='ocrx_word' id='word_1_206' title='bbox 2439 1683 2595 1739; x_wconf 91' lang='lat' dir='ltr'><strong>Obiit</strong></span> <span class='ocrx_word' id='word_1_207' title='bbox 2623 1687 2679 1739; x_wconf 90' lang='lat' dir='ltr'><strong>S.</strong></span> <span class='ocrx_word' id='word_1_208' title='bbox 2709 1682 2925 1756; x_wconf 67' lang='lat' dir='ltr'><strong>praesul</strong></span> <span class='ocrx_word' id='word_1_209' title='bbox 2949 1699 3006 1739; x_wconf 79' lang='lat' dir='ltr'><strong>Iv</strong></span> <span class='ocrx_word' id='word_1_210' title='bbox 3028 1681 3321 1739; x_wconf 87' lang='lat' dir='ltr'><strong>Kalendas</strong></span> <span class='ocrx_word' id='word_1_211' title='bbox 3350 1683 3607 1754; x_wconf 77' lang='lat' dir='ltr'><strong>Augusti</strong></span> <span class='ocrx_word' id='word_1_212' title='bbox 3634 1698 3781 1737; x_wconf 88' lang='lat' dir='ltr'><strong>anno</strong></span> 
     </span>
    </p>
   </div>
   <div class='ocr_carea' id='block_1_24' title="bbox 368 1770 3784 1875">
    <p class='ocr_par' dir='ltr' id='par_1_24' title="bbox 368 1770 3784 1875">
     <span class='ocr_line' id='line_1_24' title="bbox 368 1770 3784 1875; baseline -0.002 -42"><span class='ocrx_word' id='word_1_213' title='bbox 368 1774 625 1833; x_wconf 88' lang='lat' dir='ltr'><strong>nationis</strong></span> <span class='ocrx_word' id='word_1_214' title='bbox 646 1791 799 1831; x_wconf 90' lang='lat' dir='ltr'><strong>anno</strong></span> <span class='ocrx_word' id='word_1_215' title='bbox 820 1774 1231 1849; x_wconf 89' lang='lat' dir='ltr'><strong>imperatorem</strong></span> <span class='ocrx_word' id='word_1_216' title='bbox 1256 1776 1501 1832; x_wconf 81' lang='lat' dir='ltr'><strong>Romam</strong></span> <span class='ocrx_word' id='word_1_217' title='bbox 1533 1774 2016 1848; x_wconf 85' lang='lat' dir='ltr'><strong>proﬁciscentem,</strong></span> <span class='ocrx_word' id='word_1_218' title='bbox 2048 1810 2096 1875; x_wconf 85' lang='lat' dir='ltr'><strong>B</strong></span> <span class='ocrx_word' id='word_1_219' title='bbox 2128 1775 2284 1840; x_wconf 82' lang='grc'>1052,</span> <span class='ocrx_word' id='word_1_220' title='bbox 2310 1771 2682 1845; x_wconf 80' lang='lat' dir='ltr'><strong>pbntiﬁcatus</strong></span> <span class='ocrx_word' id='word_1_221' title='bbox 2704 1789 2857 1828; x_wconf 90' lang='lat' dir='ltr'><strong>anno</strong></span> <span class='ocrx_word' id='word_1_222' title='bbox 2881 1771 3289 1845; x_wconf 82' lang='lat' dir='ltr'><strong>vn,regiminis</strong></span> <span class='ocrx_word' id='word_1_223' title='bbox 3320 1770 3667 1827; x_wconf 89' lang='lat' dir='ltr'><strong>monasterii</strong></span> <span class='ocrx_word' id='word_1_224' title='bbox 3690 1775 3784 1827; x_wconf 83' lang='lat' dir='ltr'><strong>Be-</strong></span> 
     </span>
    </p>
   </div>
   <div class='ocr_carea' id='block_1_25' title="bbox 364 1862 2021 1937">
    <p class='ocr_par' dir='ltr' id='par_1_25' title="bbox 364 1862 2021 1937">
     <span class='ocr_line' id='line_1_25' title="bbox 364 1862 2021 1937; baseline -0.002 -16"><span class='ocrx_word' id='word_1_225' title='bbox 364 1881 499 1921; x_wconf 91' lang='lat' dir='ltr'><strong>cum</strong></span> <span class='ocrx_word' id='word_1_226' title='bbox 526 1865 762 1937; x_wconf 84' lang='lat' dir='ltr'><strong>[Iugone</strong></span> <span class='ocrx_word' id='word_1_227' title='bbox 783 1863 1116 1920; x_wconf 89' lang='lat' dir='ltr'><strong>ordinatore</strong></span> <span class='ocrx_word' id='word_1_228' title='bbox 1137 1880 1243 1919; x_wconf 90' lang='lat' dir='ltr'><strong>suo</strong></span> <span class='ocrx_word' id='word_1_229' title='bbox 1270 1867 1526 1930; x_wconf 89' lang='lat' dir='ltr'><strong>secutus,</strong></span> <span class='ocrx_word' id='word_1_230' title='bbox 1548 1862 1805 1935; x_wconf 85' lang='lat' dir='ltr'><strong>Gregorii</strong></span> <span class='ocrx_word' id='word_1_231' title='bbox 1831 1863 1907 1918; x_wconf 84' lang='lat' dir='ltr'><strong>Vl</strong></span> <span class='ocrx_word' id='word_1_232' title='bbox 1929 1863 2021 1917; x_wconf 90' lang='lat' dir='ltr'><strong>de-</strong></span> 
     </span>
    </p>
   </div>
   <div class='ocr_carea' id='block_1_26' title="bbox 364 1951 2021 2027">
    <p class='ocr_par' dir='ltr' id='par_1_26' title="bbox 364 1951 2021 2027">
     <span class='ocr_line' id='line_1_26' title="bbox 364 1951 2021 2027; baseline -0.001 -18"><span class='ocrx_word' id='word_1_233' title='bbox 364 1951 661 2027; x_wconf 84' lang='lat' dir='ltr'><strong>positioni,</strong></span> <span class='ocrx_word' id='word_1_234' title='bbox 694 1955 751 2009; x_wconf 90' lang='lat' dir='ltr'><strong>et</strong></span> <span class='ocrx_word' id='word_1_235' title='bbox 776 1952 1094 2009; x_wconf 89' lang='lat' dir='ltr'><strong>Clementis</strong></span> <span class='ocrx_word' id='word_1_236' title='bbox 1124 1952 1174 2008; x_wconf 91' lang='lat' dir='ltr'><strong>II</strong></span> <span class='ocrx_word' id='word_1_237' title='bbox 1203 1951 1553 2024; x_wconf 89' lang='lat' dir='ltr'><strong>promotioni</strong></span> <span class='ocrx_word' id='word_1_238' title='bbox 1586 1951 1869 2008; x_wconf 82' lang='lat' dir='ltr'><strong>interfuit.</strong></span> <span class='ocrx_word' id='word_1_239' title='bbox 1903 1952 2021 2008; x_wconf 91' lang='lat' dir='ltr'><strong>Hoc</strong></span> 
     </span>
    </p>
   </div>
   <div class='ocr_carea' id='block_1_27' title="bbox 371 2039 2023 2114">
    <p class='ocr_par' dir='ltr' id='par_1_27' title="bbox 371 2039 2023 2114">
     <span class='ocr_line' id='line_1_27' title="bbox 371 2039 2023 2114; baseline -0.001 -17"><span class='ocrx_word' id='word_1_240' title='bbox 371 2042 668 2107; x_wconf 86' lang='lat' dir='ltr'><strong>defuncto,</strong></span> <span class='ocrx_word' id='word_1_241' title='bbox 716 2041 964 2098; x_wconf 83' lang='lat' dir='ltr'><strong>Romani</strong></span> <span class='ocrx_word' id='word_1_242' title='bbox 1021 2041 1319 2114; x_wconf 89' lang='lat' dir='ltr'><strong>petierunt</strong></span> <span class='ocrx_word' id='word_1_243' title='bbox 1374 2057 1509 2096; x_wconf 89' lang='lat' dir='ltr'><strong>eum</strong></span> <span class='ocrx_word' id='word_1_244' title='bbox 1569 2039 2023 2112; x_wconf 87' lang='lat' dir='ltr'><strong>(Halinardum),</strong></span> 
     </span>
    </p>
   </div>
   <div class='ocr_carea' id='block_1_28' title="bbox 370 2128 2026 2203">
    <p class='ocr_par' dir='ltr' id='par_1_28' title="bbox 370 2128 2026 2203">
     <span class='ocr_line' id='line_1_28' title="bbox 370 2128 2026 2203; baseline -0.001 -17"><span class='ocrx_word' id='word_1_245' title='bbox 370 2130 444 2186; x_wconf 88' lang='lat' dir='ltr'><strong>ab</strong></span> <span class='ocrx_word' id='word_1_246' title='bbox 501 2130 852 2203; x_wconf 90' lang='lat' dir='ltr'><strong>imperatore</strong></span> <span class='ocrx_word' id='word_1_247' title='bbox 907 2130 968 2185; x_wconf 91' lang='lat' dir='ltr'><strong>in</strong></span> <span class='ocrx_word' id='word_1_248' title='bbox 1027 2130 1355 2186; x_wconf 81' lang='lat' dir='ltr'><strong>Romanum</strong></span> <span class='ocrx_word' id='word_1_249' title='bbox 1414 2128 1772 2202; x_wconf 90' lang='lat' dir='ltr'><strong>pontiﬁcem,</strong></span> <span class='ocrx_word' id='word_1_250' title='bbox 1833 2128 2026 2201; x_wconf 85' lang='lat' dir='ltr'><strong>inquit</strong></span> 
     </span>
    </p>
   </div>
   <div class='ocr_carea' id='block_1_29' title="bbox 371 2218 2024 2292">
    <p class='ocr_par' dir='ltr' id='par_1_29' title="bbox 371 2218 2024 2292">
     <span class='ocr_line' id='line_1_29' title="bbox 371 2218 2024 2292; baseline -0.002 -17"><span class='ocrx_word' id='word_1_251' title='bbox 371 2219 643 2275; x_wconf 90' lang='lat' dir='ltr'><strong>Chronic.</strong></span> <span class='ocrx_word' id='word_1_252' title='bbox 677 2218 1069 2292; x_wconf 87' lang='lat' dir='ltr'><strong>San-Benign.</strong></span> <span class='ocrx_word' id='word_1_253' title='bbox 1109 2239 1135 2271; x_wconf 81' lang='grc' dir='ltr'>α</span> <span class='ocrx_word' id='word_1_254' title='bbox 1164 2219 1330 2274; x_wconf 90' lang='lat' dir='ltr'><strong>Anno</strong></span> <span class='ocrx_word' id='word_1_255' title='bbox 1382 2219 1537 2284; x_wconf 81' lang='grc'>1048,</span> <span class='ocrx_word' id='word_1_256' title='bbox 1571 2218 1762 2290; x_wconf 90' lang='lat' dir='ltr'><strong>inquit</strong></span> <span class='ocrx_word' id='word_1_257' title='bbox 1798 2218 2024 2274; x_wconf 88' lang='lat' dir='ltr'><strong>Alberi-</strong></span> 
     </span>
    </p>
   </div>
   <div class='ocr_carea' id='block_1_30' title="bbox 374 2305 2025 2379">
    <p class='ocr_par' dir='ltr' id='par_1_30' title="bbox 374 2305 2025 2379">
     <span class='ocr_line' id='line_1_30' title="bbox 374 2305 2025 2379; baseline -0.002 -15"><span class='ocrx_word' id='word_1_258' title='bbox 374 2324 502 2369; x_wconf 86' lang='lat' dir='ltr'><strong>cus.</strong></span> <span class='ocrx_word' id='word_1_259' title='bbox 534 2324 672 2363; x_wconf 91' lang='lat' dir='ltr'><strong>cum</strong></span> <span class='ocrx_word' id='word_1_260' title='bbox 702 2308 774 2363; x_wconf 90' lang='lat' dir='ltr'><strong>de</strong></span> <span class='ocrx_word' id='word_1_261' title='bbox 820 2306 1039 2364; x_wconf 91' lang='lat' dir='ltr'><strong>summi</strong></span> <span class='ocrx_word' id='word_1_262' title='bbox 1068 2306 1360 2379; x_wconf 88' lang='lat' dir='ltr'><strong>pontiﬁcis</strong></span> <span class='ocrx_word' id='word_1_263' title='bbox 1390 2306 1669 2363; x_wconf 87' lang='lat' dir='ltr'><strong>electione</strong></span> <span class='ocrx_word' id='word_1_264' title='bbox 1719 2307 1871 2362; x_wconf 88' lang='lat' dir='ltr'><strong>inter</strong></span> <span class='ocrx_word' id='word_1_265' title='bbox 1916 2305 2025 2361; x_wconf 90' lang='lat' dir='ltr'><strong>im-</strong></span> 
     </span>
    </p>
   </div>
   <div class='ocr_carea' id='block_1_31' title="bbox 376 2394 2026 2468">
    <p class='ocr_par' dir='ltr' id='par_1_31' title="bbox 376 2394 2026 2468">
     <span class='ocr_line' id='line_1_31' title="bbox 376 2394 2026 2468; baseline 0.001 -18"><span class='ocrx_word' id='word_1_266' title='bbox 376 2398 703 2468; x_wconf 89' lang='lat' dir='ltr'><strong>peratorem</strong></span> <span class='ocrx_word' id='word_1_267' title='bbox 748 2399 804 2451; x_wconf 92' lang='lat' dir='ltr'><strong>et</strong></span> <span class='ocrx_word' id='word_1_268' title='bbox 834 2395 1126 2451; x_wconf 83' lang='lat' dir='ltr'><strong>Romanos</strong></span> <span class='ocrx_word' id='word_1_269' title='bbox 1155 2399 1443 2468; x_wconf 84' lang='lat' dir='ltr'><strong>ageretur,</strong></span> <span class='ocrx_word' id='word_1_270' title='bbox 1478 2394 1806 2468; x_wconf 88' lang='lat' dir='ltr'><strong>postulatus</strong></span> <span class='ocrx_word' id='word_1_271' title='bbox 1836 2400 1925 2451; x_wconf 88' lang='lat' dir='ltr'><strong>est</strong></span> <span class='ocrx_word' id='word_1_272' title='bbox 1955 2396 2026 2451; x_wconf 93' lang='lat' dir='ltr'><strong>ab</strong></span> 
     </span>
    </p>
   </div>
   <div class='ocr_carea' id='block_1_32' title="bbox 377 2484 2027 2558">
    <p class='ocr_par' dir='ltr' id='par_1_32' title="bbox 377 2484 2027 2558">
     <span class='ocr_line' id='line_1_32' title="bbox 377 2484 2027 2558; baseline 0 -17"><span class='ocrx_word' id='word_1_273' title='bbox 377 2501 497 2541; x_wconf 89' lang='lat' dir='ltr'><strong>una</strong></span> <span class='ocrx_word' id='word_1_274' title='bbox 523 2488 688 2557; x_wconf 89' lang='lat' dir='ltr'><strong>parte</strong></span> <span class='ocrx_word' id='word_1_275' title='bbox 717 2484 777 2541; x_wconf 90' lang='lat' dir='ltr'><strong>in</strong></span> <span class='ocrx_word' id='word_1_276' title='bbox 807 2488 1025 2558; x_wconf 88' lang='lat' dir='ltr'><strong>papatu</strong></span> <span class='ocrx_word' id='word_1_277' title='bbox 1055 2484 1406 2541; x_wconf 90' lang='lat' dir='ltr'><strong>Halinardus</strong></span> <span class='ocrx_word' id='word_1_278' title='bbox 1444 2486 1710 2558; x_wconf 89' lang='lat' dir='ltr'><strong>Lugdun.</strong></span> <span class='ocrx_word' id='word_1_279' title='bbox 1744 2485 2027 2558; x_wconf 88' lang='lat' dir='ltr'><strong>archiepi-</strong></span> 
     </span>
    </p>
   </div>
   <div class='ocr_carea' id='block_1_33' title="bbox 377 2572 2032 2648">
    <p class='ocr_par' dir='ltr' id='par_1_33' title="bbox 377 2572 2032 2648">
     <span class='ocr_line' id='line_1_33' title="bbox 377 2572 2032 2648; baseline -0.001 -17"><span class='ocrx_word' id='word_1_280' title='bbox 377 2591 538 2646; x_wconf 92' lang='lat' dir='ltr'><strong>scop.</strong></span> <span class='ocrx_word' id='word_1_281' title='bbox 569 2572 900 2646; x_wconf 88' lang='lat' dir='ltr'><strong>Diligebant</strong></span> <span class='ocrx_word' id='word_1_282' title='bbox 948 2574 1105 2630; x_wconf 91' lang='lat' dir='ltr'><strong>enim</strong></span> <span class='ocrx_word' id='word_1_283' title='bbox 1149 2590 1283 2630; x_wconf 91' lang='lat' dir='ltr'><strong>eum</strong></span> <span class='ocrx_word' id='word_1_284' title='bbox 1322 2573 1487 2630; x_wconf 88' lang='lat' dir='ltr'><strong>valde</strong></span> <span class='ocrx_word' id='word_1_285' title='bbox 1518 2575 1765 2630; x_wconf 86' lang='lat' dir='ltr'><strong>Romani</strong></span> <span class='ocrx_word' id='word_1_286' title='bbox 1796 2579 2032 2648; x_wconf 90' lang='lat' dir='ltr'><strong>pr0pter</strong></span> 
     </span>
    </p>
   </div>
   <div class='ocr_carea' id='block_1_34' title="bbox 379 2661 2034 2732">
    <p class='ocr_par' dir='ltr' id='par_1_34' title="bbox 379 2661 2034 2732">
     <span class='ocr_line' id='line_1_34' title="bbox 379 2661 2034 2732; baseline 0 -14"><span class='ocrx_word' id='word_1_287' title='bbox 379 2662 717 2719; x_wconf 81' lang='lat' dir='ltr'><strong>facundiam</strong></span> <span class='ocrx_word' id='word_1_288' title='bbox 748 2661 866 2719; x_wconf 89' lang='lat' dir='ltr'><strong>oris</strong></span> <span class='ocrx_word' id='word_1_289' title='bbox 905 2661 998 2718; x_wconf 89' lang='lat' dir='ltr'><strong>sui</strong></span> <span class='ocrx_word' id='word_1_290' title='bbox 1045 2666 1102 2718; x_wconf 91' lang='lat' dir='ltr'><strong>et</strong></span> <span class='ocrx_word' id='word_1_291' title='bbox 1148 2661 1551 2719; x_wconf 83' lang='lat' dir='ltr'><strong>ail‘abilitatem</strong></span> <span class='ocrx_word' id='word_1_292' title='bbox 1594 2663 1922 2732; x_wconf 90' lang='lat' dir='ltr'><strong>sermonis;</strong></span> <span class='ocrx_word' id='word_1_293' title='bbox 1951 2664 2034 2719; x_wconf 90' lang='lat' dir='ltr'><strong>ita</strong></span> 
     </span>
    </p>
   </div>
   <div class='ocr_carea' id='block_1_35' title="bbox 374 2751 2034 2826">
    <p class='ocr_par' dir='ltr' id='par_1_35' title="bbox 374 2751 2034 2826">
     <span class='ocr_line' id='line_1_35' title="bbox 374 2751 2034 2826; baseline -0.001 -17"><span class='ocrx_word' id='word_1_294' title='bbox 374 2751 537 2809; x_wconf 89' lang='lat' dir='ltr'><strong>enim</strong></span> <span class='ocrx_word' id='word_1_295' title='bbox 570 2752 900 2826; x_wconf 89' lang='lat' dir='ltr'><strong>proferebat</strong></span> <span class='ocrx_word' id='word_1_296' title='bbox 927 2752 1305 2808; x_wconf 90' lang='lat' dir='ltr'><strong>vernaculum</strong></span> <span class='ocrx_word' id='word_1_297' title='bbox 1329 2768 1539 2808; x_wconf 88' lang='lat' dir='ltr'><strong>sonum</strong></span> <span class='ocrx_word' id='word_1_298' title='bbox 1560 2752 1803 2825; x_wconf 69' lang='lat' dir='ltr'><strong>loquelae</strong></span> <span class='ocrx_word' id='word_1_299' title='bbox 1834 2752 2034 2809; x_wconf 90' lang='lat' dir='ltr'><strong>unius-</strong></span> 
     </span>
    </p>
   </div>
   <div class='ocr_carea' id='block_1_36' title="bbox 380 2840 2032 2916">
    <p class='ocr_par' dir='ltr' id='par_1_36' title="bbox 380 2840 2032 2916">
     <span class='ocr_line' id='line_1_36' title="bbox 380 2840 2032 2916; baseline -0.001 -18"><span class='ocrx_word' id='word_1_300' title='bbox 380 2842 669 2913; x_wconf 87' lang='lat' dir='ltr'><strong>cujusque</strong></span> <span class='ocrx_word' id='word_1_301' title='bbox 697 2841 913 2914; x_wconf 88' lang='lat' dir='ltr'><strong>gentis,</strong></span> <span class='ocrx_word' id='word_1_302' title='bbox 943 2857 1251 2913; x_wconf 89' lang='lat' dir='ltr'><strong>quousque</strong></span> <span class='ocrx_word' id='word_1_303' title='bbox 1283 2840 1487 2897; x_wconf 88' lang='lat' dir='ltr'><strong>Latina</strong></span> <span class='ocrx_word' id='word_1_304' title='bbox 1518 2845 1782 2914; x_wconf 87' lang='lat' dir='ltr'><strong>penetrat</strong></span> <span class='ocrx_word' id='word_1_305' title='bbox 1808 2841 2032 2916; x_wconf 86' lang='lat' dir='ltr'><strong>lingua,</strong></span> 
     </span>
    </p>
   </div>
   <div class='ocr_carea' id='block_1_37' title="bbox 380 2928 2036 3004">
    <p class='ocr_par' dir='ltr' id='par_1_37' title="bbox 380 2928 2036 3004">
     <span class='ocr_line' id='line_1_37' title="bbox 380 2928 2036 3004; baseline 0 -18"><span class='ocrx_word' id='word_1_306' title='bbox 380 2947 452 2986; x_wconf 90' lang='lat' dir='ltr'><strong>ac</strong></span> <span class='ocrx_word' id='word_1_307' title='bbox 483 2930 530 2985; x_wconf 90' lang='lat' dir='ltr'><strong>si</strong></span> <span class='ocrx_word' id='word_1_308' title='bbox 552 2930 767 2986; x_wconf 82' lang='lat' dir='ltr'><strong>eadem</strong></span> <span class='ocrx_word' id='word_1_309' title='bbox 800 2929 989 3002; x_wconf 88' lang='lat' dir='ltr'><strong>patria</strong></span> <span class='ocrx_word' id='word_1_310' title='bbox 1018 2933 1172 2986; x_wconf 87' lang='lat' dir='ltr'><strong>esset</strong></span> <span class='ocrx_word' id='word_1_311' title='bbox 1200 2928 1644 3003; x_wconf 87' lang='lat' dir='ltr'><strong>primogenilus.</strong></span> <span class='ocrx_word' id='word_1_312' title='bbox 1665 2931 1779 2987; x_wconf 89' lang='lat' dir='ltr'><strong>Sed</strong></span> <span class='ocrx_word' id='word_1_313' title='bbox 1803 2929 2036 3004; x_wconf 88' lang='lat' dir='ltr'><strong>cognita</strong></span> 
     </span>
    </p>
   </div>
   <div class='ocr_carea' id='block_1_38' title="bbox 381 3017 2035 3091">
    <p class='ocr_par' dir='ltr' id='par_1_38' title="bbox 381 3017 2035 3091">
     <span class='ocr_line' id='line_1_38' title="bbox 381 3017 2035 3091; baseline 0 -16"><span class='ocrx_word' id='word_1_314' title='bbox 381 3017 679 3075; x_wconf 88' lang='lat' dir='ltr'><strong>voluntate</strong></span> <span class='ocrx_word' id='word_1_315' title='bbox 707 3017 990 3091; x_wconf 88' lang='lat' dir='ltr'><strong>principis</strong></span> <span class='ocrx_word' id='word_1_316' title='bbox 1019 3020 1077 3074; x_wconf 91' lang='lat' dir='ltr'><strong>et</strong></span> <span class='ocrx_word' id='word_1_317' title='bbox 1106 3017 1328 3091; x_wconf 90' lang='lat' dir='ltr'><strong>populi,</strong></span> <span class='ocrx_word' id='word_1_318' title='bbox 1354 3018 1443 3072; x_wconf 92' lang='lat' dir='ltr'><strong>vir</strong></span> <span class='ocrx_word' id='word_1_319' title='bbox 1457 3018 1828 3075; x_wconf 90' lang='lat' dir='ltr'><strong>humillimus</strong></span> <span class='ocrx_word' id='word_1_320' title='bbox 1858 3019 2035 3076; x_wconf 84' lang='lat' dir='ltr'><strong>dissi-</strong></span> 
     </span>
    </p>
   </div>
   <div class='ocr_carea' id='block_1_39' title="bbox 2129 1860 3789 1936">
    <p class='ocr_par' dir='ltr' id='par_1_39' title="bbox 2129 1860 3789 1936">
     <span class='ocr_line' id='line_1_39' title="bbox 2129 1860 3789 1936; baseline -0.001 -18"><span class='ocrx_word' id='word_1_321' title='bbox 2129 1863 2391 1936; x_wconf 87' lang='lat' dir='ltr'><strong>nigniani</strong></span> <span class='ocrx_word' id='word_1_322' title='bbox 2415 1880 2505 1917; x_wconf 85' lang='lat' dir='ltr'><strong>xx.</strong></span> <span class='ocrx_word' id='word_1_323' title='bbox 2529 1866 2705 1918; x_wconf 90' lang='lat' dir='ltr'><strong>Suam</strong></span> <span class='ocrx_word' id='word_1_324' title='bbox 2740 1862 2797 1918; x_wconf 91' lang='lat' dir='ltr'><strong>in</strong></span> <span class='ocrx_word' id='word_1_325' title='bbox 2828 1862 3105 1934; x_wconf 75' lang='lat' dir='ltr'><strong>praedicto</strong></span> <span class='ocrx_word' id='word_1_326' title='bbox 3130 1862 3188 1918; x_wconf 92' lang='lat' dir='ltr'><strong>S.</strong></span> <span class='ocrx_word' id='word_1_327' title='bbox 3214 1860 3476 1934; x_wconf 84' lang='lat' dir='ltr'><strong>Gregorii</strong></span> <span class='ocrx_word' id='word_1_328' title='bbox 3504 1864 3789 1917; x_wconf 88' lang='lat' dir='ltr'><strong>monaste-</strong></span> 
     </span>
    </p>
   </div>
   <div class='ocr_carea' id='block_1_40' title="bbox 2130 1949 3789 2024">
    <p class='ocr_par' dir='ltr' id='par_1_40' title="bbox 2130 1949 3789 2024">
     <span class='ocr_line' id='line_1_40' title="bbox 2130 1949 3789 2024; baseline -0.002 -17"><span class='ocrx_word' id='word_1_329' title='bbox 2130 1952 2215 2007; x_wconf 93' lang='lat' dir='ltr'><strong>rio</strong></span> <span class='ocrx_word' id='word_1_330' title='bbox 2238 1951 2601 2023; x_wconf 89' lang='lat' dir='ltr'><strong>sepulturam</strong></span> <span class='ocrx_word' id='word_1_331' title='bbox 2619 1951 2901 2024; x_wconf 86' lang='lat' dir='ltr'><strong>elegerat;</strong></span> <span class='ocrx_word' id='word_1_332' title='bbox 2922 1956 2986 2006; x_wconf 93' lang='lat' dir='ltr'><strong>ut</strong></span> <span class='ocrx_word' id='word_1_333' title='bbox 3006 1950 3231 2007; x_wconf 87' lang='lat' dir='ltr'><strong>nobiles</strong></span> <span class='ocrx_word' id='word_1_334' title='bbox 3254 1949 3502 2007; x_wconf 84' lang='lat' dir='ltr'><strong>Romani</strong></span> <span class='ocrx_word' id='word_1_335' title='bbox 3520 1950 3574 2022; x_wconf 88' lang='lat' dir='ltr'><strong>ej</strong></span> <span class='ocrx_word' id='word_1_336' title='bbox 3585 1967 3657 2006; x_wconf 89' lang='lat' dir='ltr'><strong>us</strong></span> <span class='ocrx_word' id='word_1_337' title='bbox 3672 1966 3789 2006; x_wconf 85' lang='lat' dir='ltr'><strong>cor-</strong></span> 
     </span>
    </p>
   </div>
   <div class='ocr_carea' id='block_1_41' title="bbox 2132 2037 3788 2113">
    <p class='ocr_par' dir='ltr' id='par_1_41' title="bbox 2132 2037 3788 2113">
     <span class='ocr_line' id='line_1_41' title="bbox 2132 2037 3788 2113; baseline -0.001 -17"><span class='ocrx_word' id='word_1_338' title='bbox 2132 2058 2243 2113; x_wconf 91' lang='lat' dir='ltr'><strong>pus</strong></span> <span class='ocrx_word' id='word_1_339' title='bbox 2275 2041 2347 2096; x_wconf 91' lang='lat' dir='ltr'><strong>ad</strong></span> <span class='ocrx_word' id='word_1_340' title='bbox 2377 2041 2435 2097; x_wconf 87' lang='lat' dir='ltr'><strong>S.</strong></span> <span class='ocrx_word' id='word_1_341' title='bbox 2470 2040 2630 2096; x_wconf 89' lang='lat' dir='ltr'><strong>Pauli</strong></span> <span class='ocrx_word' id='word_1_342' title='bbox 2660 2039 2964 2096; x_wconf 88' lang='lat' dir='ltr'><strong>basilicam</strong></span> <span class='ocrx_word' id='word_1_343' title='bbox 2999 2039 3210 2096; x_wconf 81' lang='lat' dir='ltr'><strong>deferri</strong></span> <span class='ocrx_word' id='word_1_344' title='bbox 3242 2042 3548 2107; x_wconf 91' lang='lat' dir='ltr'><strong>curarunt,</strong></span> <span class='ocrx_word' id='word_1_345' title='bbox 3585 2039 3689 2095; x_wconf 92' lang='lat' dir='ltr'><strong>ubi</strong></span> <span class='ocrx_word' id='word_1_346' title='bbox 3718 2037 3788 2095; x_wconf 89' lang='lat' dir='ltr'><strong>ad</strong></span> 
     </span>
    </p>
   </div>
   <div class='ocr_carea' id='block_1_42' title="bbox 2132 2126 3789 2201">
    <p class='ocr_par' dir='ltr' id='par_1_42' title="bbox 2132 2126 3789 2201">
     <span class='ocr_line' id='line_1_42' title="bbox 2132 2126 3789 2201; baseline -0.001 -17"><span class='ocrx_word' id='word_1_347' title='bbox 2132 2129 2335 2185; x_wconf 70' lang='lat' dir='ltr'><strong>laevam</strong></span> <span class='ocrx_word' id='word_1_348' title='bbox 2354 2128 2609 2185; x_wconf 84' lang='lat' dir='ltr'><strong>ecclesiae</strong></span> <span class='ocrx_word' id='word_1_349' title='bbox 2627 2128 2990 2201; x_wconf 89' lang='lat' dir='ltr'><strong>partem,sub</strong></span> <span class='ocrx_word' id='word_1_350' title='bbox 3007 2144 3144 2184; x_wconf 93' lang='lat' dir='ltr'><strong>arcu</strong></span> <span class='ocrx_word' id='word_1_351' title='bbox 3161 2144 3337 2200; x_wconf 91' lang='lat' dir='ltr'><strong>super</strong></span> <span class='ocrx_word' id='word_1_352' title='bbox 3350 2129 3400 2199; x_wconf 86' lang='lat' dir='ltr'><strong>ej</strong></span> <span class='ocrx_word' id='word_1_353' title='bbox 3410 2143 3480 2183; x_wconf 91' lang='lat' dir='ltr'><strong>us</strong></span> <span class='ocrx_word' id='word_1_354' title='bbox 3490 2126 3789 2183; x_wconf 86' lang='lat' dir='ltr'><strong>tumulum</strong></span> 
     </span>
    </p>
   </div>
   <div class='ocr_carea' id='block_1_43' title="bbox 2133 2216 3791 2288">
    <p class='ocr_par' dir='ltr' id='par_1_43' title="bbox 2133 2216 3791 2288">
     <span class='ocr_line' id='line_1_43' title="bbox 2133 2216 3791 2288; baseline -0.001 -15"><span class='ocrx_word' id='word_1_355' title='bbox 2133 2222 2322 2274; x_wconf 88' lang='lat' dir='ltr'><strong>erecto</strong></span> <span class='ocrx_word' id='word_1_356' title='bbox 2344 2217 2659 2273; x_wconf 86' lang='lat' dir='ltr'><strong>honoriﬁce</strong></span> <span class='ocrx_word' id='word_1_357' title='bbox 2679 2216 2981 2273; x_wconf 89' lang='lat' dir='ltr'><strong>conditum</strong></span> <span class='ocrx_word' id='word_1_358' title='bbox 3005 2220 3112 2272; x_wconf 93' lang='lat' dir='ltr'><strong>est.</strong></span> <span class='ocrx_word' id='word_1_359' title='bbox 3133 2217 3373 2272; x_wconf 89' lang='lat' dir='ltr'><strong>Sacram</strong></span> <span class='ocrx_word' id='word_1_360' title='bbox 3395 2232 3638 2272; x_wconf 89' lang='lat' dir='ltr'><strong>omnem</strong></span> <span class='ocrx_word' id='word_1_361' title='bbox 3661 2233 3791 2288; x_wconf 91' lang='lat' dir='ltr'><strong>sup-</strong></span> 
     </span>
    </p>
   </div>
   <div class='ocr_carea' id='block_1_44' title="bbox 2135 2303 3788 2379">
    <p class='ocr_par' dir='ltr' id='par_1_44' title="bbox 2135 2303 3788 2379">
     <span class='ocr_line' id='line_1_44' title="bbox 2135 2303 3788 2379; baseline -0.001 -18"><span class='ocrx_word' id='word_1_362' title='bbox 2135 2305 2502 2379; x_wconf 88' lang='lat' dir='ltr'><strong>pellectilem,</strong></span> <span class='ocrx_word' id='word_1_363' title='bbox 2524 2321 2640 2379; x_wconf 90' lang='lat' dir='ltr'><strong>qua</strong></span> <span class='ocrx_word' id='word_1_364' title='bbox 2661 2305 2734 2360; x_wconf 91' lang='lat' dir='ltr'><strong>ad</strong></span> <span class='ocrx_word' id='word_1_365' title='bbox 2764 2303 2961 2361; x_wconf 90' lang='lat' dir='ltr'><strong>divina</strong></span> <span class='ocrx_word' id='word_1_366' title='bbox 2985 2303 3310 2361; x_wconf 77' lang='lat' dir='ltr'><strong>ministeria</strong></span> <span class='ocrx_word' id='word_1_367' title='bbox 3339 2304 3641 2371; x_wconf 84' lang='lat' dir='ltr'><strong>utebatur,</strong></span> <span class='ocrx_word' id='word_1_368' title='bbox 3659 2321 3788 2361; x_wconf 88' lang='lat' dir='ltr'><strong>eum</strong></span> 
     </span>
    </p>
   </div>
   <div class='ocr_carea' id='block_1_45' title="bbox 2134 2393 3789 2467">
    <p class='ocr_par' dir='ltr' id='par_1_45' title="bbox 2134 2393 3789 2467">
     <span class='ocr_line' id='line_1_45' title="bbox 2134 2393 3789 2467; baseline -0.001 -16"><span class='ocrx_word' id='word_1_369' title='bbox 2134 2396 2290 2451; x_wconf 90' lang='lat' dir='ltr'><strong>vasis</strong></span> <span class='ocrx_word' id='word_1_370' title='bbox 2321 2395 2630 2467; x_wconf 86' lang='lat' dir='ltr'><strong>argenteis,</strong></span> <span class='ocrx_word' id='word_1_371' title='bbox 2667 2398 2724 2449; x_wconf 91' lang='lat' dir='ltr'><strong>et</strong></span> <span class='ocrx_word' id='word_1_372' title='bbox 2751 2394 2879 2450; x_wconf 90' lang='lat' dir='ltr'><strong>auri</strong></span> <span class='ocrx_word' id='word_1_373' title='bbox 2921 2410 3158 2450; x_wconf 87' lang='lat' dir='ltr'><strong>summa</strong></span> <span class='ocrx_word' id='word_1_374' title='bbox 3187 2411 3303 2449; x_wconf 90' lang='lat' dir='ltr'><strong>non</strong></span> <span class='ocrx_word' id='word_1_375' title='bbox 3333 2393 3569 2450; x_wconf 84' lang='lat' dir='ltr'><strong>modica</strong></span> <span class='ocrx_word' id='word_1_376' title='bbox 3598 2397 3789 2449; x_wconf 83' lang='lat' dir='ltr'><strong>trans-</strong></span> 
     </span>
    </p>
   </div>
   <div class='ocr_carea' id='block_1_46' title="bbox 2138 2482 3796 2554">
    <p class='ocr_par' dir='ltr' id='par_1_46' title="bbox 2138 2482 3796 2554">
     <span class='ocr_line' id='line_1_46' title="bbox 2138 2482 3796 2554; baseline -0.001 -14"><span class='ocrx_word' id='word_1_377' title='bbox 2138 2484 2297 2541; x_wconf 86' lang='lat' dir='ltr'><strong>misit</strong></span> <span class='ocrx_word' id='word_1_378' title='bbox 2330 2482 2629 2539; x_wconf 88' lang='lat' dir='ltr'><strong>Divionem</strong></span> <span class='ocrx_word' id='word_1_379' title='bbox 2657 2483 2729 2539; x_wconf 87' lang='lat' dir='ltr'><strong>ad</strong></span> <span class='ocrx_word' id='word_1_380' title='bbox 2753 2500 2929 2539; x_wconf 92' lang='lat' dir='ltr'><strong>suum</strong></span> <span class='ocrx_word' id='word_1_381' title='bbox 2952 2482 3397 2550; x_wconf 89' lang='lat' dir='ltr'><strong>monasterium,</strong></span> <span class='ocrx_word' id='word_1_382' title='bbox 3413 2482 3577 2554; x_wconf 90' lang='lat' dir='ltr'><strong>quod</strong></span> <span class='ocrx_word' id='word_1_383' title='bbox 3601 2483 3796 2538; x_wconf 82' lang='lat' dir='ltr'><strong>vivens</strong></span> 
     </span>
    </p>
   </div>
   <div class='ocr_carea' id='block_1_47' title="bbox 2139 2570 3787 2639">
    <p class='ocr_par' dir='ltr' id='par_1_47' title="bbox 2139 2570 3787 2639">
     <span class='ocr_line' id='line_1_47' title="bbox 2139 2570 3787 2639; baseline -0.002 -9"><span class='ocrx_word' id='word_1_384' title='bbox 2139 2572 2344 2630; x_wconf 89' lang='lat' dir='ltr'><strong>multis</strong></span> <span class='ocrx_word' id='word_1_385' title='bbox 2383 2572 2766 2639; x_wconf 90' lang='lat' dir='ltr'><strong>ornamentis,</strong></span> <span class='ocrx_word' id='word_1_386' title='bbox 2798 2571 2967 2629; x_wconf 92' lang='lat' dir='ltr'><strong>libris</strong></span> <span class='ocrx_word' id='word_1_387' title='bbox 3005 2576 3061 2628; x_wconf 89' lang='lat' dir='ltr'><strong>et</strong></span> <span class='ocrx_word' id='word_1_388' title='bbox 3101 2570 3362 2627; x_wconf 70' lang='lat' dir='ltr'><strong>aediﬁciis</strong></span> <span class='ocrx_word' id='word_1_389' title='bbox 3392 2572 3787 2628; x_wconf 87' lang='lat' dir='ltr'><strong>decoraverat.</strong></span> 
     </span>
    </p>
   </div>
   <div class='ocr_carea' id='block_1_48' title="bbox 2210 2660 3794 2718">
    <p class='ocr_par' dir='ltr' id='par_1_48' title="bbox 2210 2660 3794 2718">
     <span class='ocr_line' id='line_1_48' title="bbox 2210 2660 3794 2718; baseline -0.001 0"><span class='ocrx_word' id='word_1_390' title='bbox 2210 2662 2468 2718; x_wconf 87' lang='lat' dir='ltr'><strong>Habetur</strong></span> <span class='ocrx_word' id='word_1_391' title='bbox 2526 2661 2582 2716; x_wconf 92' lang='lat' dir='ltr'><strong>in</strong></span> <span class='ocrx_word' id='word_1_392' title='bbox 2642 2660 2999 2718; x_wconf 89' lang='lat' dir='ltr'><strong>chartulario</strong></span> <span class='ocrx_word' id='word_1_393' title='bbox 3044 2661 3435 2717; x_wconf 87' lang='lat' dir='ltr'><strong>Athanacensi</strong></span> <span class='ocrx_word' id='word_1_394' title='bbox 3494 2660 3794 2717; x_wconf 86' lang='lat' dir='ltr'><strong>Halinardi</strong></span> 
     </span>
    </p>
   </div>
   <div class='ocr_carea' id='block_1_49' title="bbox 2139 2750 3796 2823">
    <p class='ocr_par' dir='ltr' id='par_1_49' title="bbox 2139 2750 3796 2823">
     <span class='ocr_line' id='line_1_49' title="bbox 2139 2750 3796 2823; baseline -0.001 -16"><span class='ocrx_word' id='word_1_395' title='bbox 2139 2751 2620 2818; x_wconf 88' lang='lat' dir='ltr'><strong>instrumentum,</strong></span> <span class='ocrx_word' id='word_1_396' title='bbox 2643 2750 2797 2823; x_wconf 92' lang='lat' dir='ltr'><strong>quod</strong></span> <span class='ocrx_word' id='word_1_397' title='bbox 2820 2750 2950 2821; x_wconf 87' lang='lat' dir='ltr'><strong>ejus</strong></span> <span class='ocrx_word' id='word_1_398' title='bbox 2969 2753 3390 2806; x_wconf 87' lang='lat' dir='ltr'><strong>testamentum</strong></span> <span class='ocrx_word' id='word_1_399' title='bbox 3415 2750 3649 2806; x_wconf 83' lang='lat' dir='ltr'><strong>censeri</strong></span> <span class='ocrx_word' id='word_1_400' title='bbox 3674 2767 3796 2823; x_wconf 81' lang='lat' dir='ltr'><strong>pos-</strong></span> 
     </span>
    </p>
   </div>
   <div class='ocr_carea' id='block_1_50' title="bbox 2142 2838 3791 2912">
    <p class='ocr_par' dir='ltr' id='par_1_50' title="bbox 2142 2838 3791 2912">
     <span class='ocr_line' id='line_1_50' title="bbox 2142 2838 3791 2912; baseline -0.002 -15"><span class='ocrx_word' id='word_1_401' title='bbox 2142 2844 2250 2897; x_wconf 87' lang='lat' dir='ltr'><strong>set.</strong></span> <span class='ocrx_word' id='word_1_402' title='bbox 2285 2840 2497 2896; x_wconf 90' lang='lat' dir='ltr'><strong>Datum</strong></span> <span class='ocrx_word' id='word_1_403' title='bbox 2528 2842 2618 2896; x_wconf 86' lang='lat' dir='ltr'><strong>est</strong></span> <span class='ocrx_word' id='word_1_404' title='bbox 2648 2838 2905 2895; x_wconf 90' lang='lat' dir='ltr'><strong>dominis</strong></span> <span class='ocrx_word' id='word_1_405' title='bbox 2953 2838 3445 2912; x_wconf 88' lang='lat' dir='ltr'><strong>Lugdunensibus</strong></span> <span class='ocrx_word' id='word_1_406' title='bbox 3476 2838 3791 2894; x_wconf 78' lang='lat' dir='ltr'><strong>canonicis.</strong></span> 
     </span>
    </p>
   </div>
   <div class='ocr_carea' id='block_1_51' title="bbox 2145 2927 3793 3002">
    <p class='ocr_par' dir='ltr' id='par_1_51' title="bbox 2145 2927 3793 3002">
     <span class='ocr_line' id='line_1_51' title="bbox 2145 2927 3793 3002; baseline -0.002 -16"><span class='ocrx_word' id='word_1_407' title='bbox 2145 2931 2208 2987; x_wconf 89' lang='lat' dir='ltr'><strong>In</strong></span> <span class='ocrx_word' id='word_1_408' title='bbox 2242 2947 2309 2986; x_wconf 92' lang='lat' dir='ltr'><strong>eo</strong></span> <span class='ocrx_word' id='word_1_409' title='bbox 2341 2933 2507 3002; x_wconf 86' lang='lat' dir='ltr'><strong>rogat</strong></span> <span class='ocrx_word' id='word_1_410' title='bbox 2534 2928 2722 3001; x_wconf 89' lang='lat' dir='ltr'><strong>primo</strong></span> <span class='ocrx_word' id='word_1_411' title='bbox 2754 2933 2817 2984; x_wconf 91' lang='lat' dir='ltr'><strong>ut</strong></span> <span class='ocrx_word' id='word_1_412' title='bbox 2848 2927 3193 3002; x_wconf 88' lang='lat' dir='ltr'><strong>indulgeant</strong></span> <span class='ocrx_word' id='word_1_413' title='bbox 3223 2927 3512 3000; x_wconf 90' lang='lat' dir='ltr'><strong>quidquid</strong></span> <span class='ocrx_word' id='word_1_414' title='bbox 3546 2928 3607 2982; x_wconf 92' lang='lat' dir='ltr'><strong>in</strong></span> <span class='ocrx_word' id='word_1_415' title='bbox 3660 2927 3793 3000; x_wconf 85' lang='lat' dir='ltr'><strong>ipsis</strong></span> 
     </span>
    </p>
   </div>
   <div class='ocr_carea' id='block_1_52' title="bbox 2145 3016 3792 3092">
    <p class='ocr_par' dir='ltr' id='par_1_52' title="bbox 2145 3016 3792 3092">
     <span class='ocr_line' id='line_1_52' title="bbox 2145 3016 3792 3092; baseline -0.003 -17"><span class='ocrx_word' id='word_1_416' title='bbox 2145 3018 2511 3092; x_wconf 69' lang='lat' dir='ltr'><strong>negligentiae</strong></span> <span class='ocrx_word' id='word_1_417' title='bbox 2559 3017 2865 3074; x_wconf 82' lang='lat' dir='ltr'><strong>contraxit.</strong></span> <span class='ocrx_word' id='word_1_418' title='bbox 2899 3017 3235 3074; x_wconf 87' lang='lat' dir='ltr'><strong>Obtestatus</strong></span> <span class='ocrx_word' id='word_1_419' title='bbox 3284 3020 3373 3072; x_wconf 89' lang='lat' dir='ltr'><strong>est</strong></span> <span class='ocrx_word' id='word_1_420' title='bbox 3422 3032 3512 3085; x_wconf 89' lang='lat' dir='ltr'><strong>se,</strong></span> <span class='ocrx_word' id='word_1_421' title='bbox 3543 3017 3597 3072; x_wconf 88' lang='lat' dir='ltr'><strong>si</strong></span> <span class='ocrx_word' id='word_1_422' title='bbox 3646 3016 3792 3072; x_wconf 88' lang='lat' dir='ltr'><strong>Deus</strong></span> 
     </span>
    </p>
   </div>
   <div class='ocr_carea' id='block_1_53' title="bbox 385 3102 3789 3180">
    <p class='ocr_par' dir='ltr' id='par_1_53' title="bbox 385 3102 3789 3180">
     <span class='ocr_line' id='line_1_53' title="bbox 385 3102 3789 3180; baseline -0.001 -17"><span class='ocrx_word' id='word_1_423' title='bbox 385 3106 630 3164; x_wconf 85' lang='lat' dir='ltr'><strong>mulavit</strong></span> <span class='ocrx_word' id='word_1_424' title='bbox 675 3106 760 3162; x_wconf 90' lang='lat' dir='ltr'><strong>ire</strong></span> <span class='ocrx_word' id='word_1_425' title='bbox 801 3107 875 3162; x_wconf 88' lang='lat' dir='ltr'><strong>ad</strong></span> <span class='ocrx_word' id='word_1_426' title='bbox 926 3105 1171 3172; x_wconf 89' lang='lat' dir='ltr'><strong>curiam,</strong></span> <span class='ocrx_word' id='word_1_427' title='bbox 1204 3107 1387 3162; x_wconf 90' lang='lat' dir='ltr'><strong>donec</strong></span> <span class='ocrx_word' id='word_1_428' title='bbox 1428 3108 1693 3163; x_wconf 88' lang='lat' dir='ltr'><strong>tardante</strong></span> <span class='ocrx_word' id='word_1_429' title='bbox 1722 3125 1788 3164; x_wconf 91' lang='lat' dir='ltr'><strong>eo</strong></span> <span class='ocrx_word' id='word_1_430' title='bbox 1820 3107 2038 3165; x_wconf 89' lang='lat' dir='ltr'><strong>electus</strong></span> <span class='ocrx_word' id='word_1_431' title='bbox 2083 3179 2104 3180; x_wconf 25' lang='grc' dir='ltr'><em>η</em></span> <span class='ocrx_word' id='word_1_432' title='bbox 2144 3108 2324 3165; x_wconf 86' lang='lat' dir='ltr'><strong>vitam</strong></span> <span class='ocrx_word' id='word_1_433' title='bbox 2357 3106 2712 3180; x_wconf 87' lang='lat' dir='ltr'><strong>produxerit,</strong></span> <span class='ocrx_word' id='word_1_434' title='bbox 2728 3123 2900 3162; x_wconf 89' lang='lat' dir='ltr'><strong>omne</strong></span> <span class='ocrx_word' id='word_1_435' title='bbox 2923 3106 3186 3162; x_wconf 90' lang='lat' dir='ltr'><strong>studium</strong></span> <span class='ocrx_word' id='word_1_436' title='bbox 3220 3105 3481 3178; x_wconf 89' lang='lat' dir='ltr'><strong>ipsorum</strong></span> <span class='ocrx_word' id='word_1_437' title='bbox 3518 3102 3789 3179; x_wconf 88' lang='lat' dir='ltr'><strong>profectui</strong></span> 
     </span>
    </p>
   </div>
   <div class='ocr_carea' id='block_1_54' title="bbox 382 3179 3791 3268">
    <p class='ocr_par' dir='ltr' id='par_1_54' title="bbox 382 3179 3791 3268">
     <span class='ocr_line' id='line_1_54' title="bbox 382 3179 3791 3268; baseline -0.001 -15"><span class='ocrx_word' id='word_1_438' title='bbox 382 3189 475 3253; x_wconf 79' lang='lat' dir='ltr'><strong>est</strong></span> <span class='ocrx_word' id='word_1_439' title='bbox 522 3196 717 3253; x_wconf 88' lang='lat' dir='ltr'><strong>Bruno</strong></span> <span class='ocrx_word' id='word_1_440' title='bbox 761 3194 1056 3252; x_wconf 90' lang='lat' dir='ltr'><strong>Tullcnsis</strong></span> <span class='ocrx_word' id='word_1_441' title='bbox 1100 3194 1432 3268; x_wconf 87' lang='lat' dir='ltr'><strong>episcopus,</strong></span> <span class='ocrx_word' id='word_1_442' title='bbox 1468 3196 1578 3259; x_wconf 90' lang='lat' dir='ltr'><strong>Leo</strong></span> <span class='ocrx_word' id='word_1_443' title='bbox 1609 3196 1680 3251; x_wconf 86' lang='lat' dir='ltr'><strong>IX</strong></span> <span class='ocrx_word' id='word_1_444' title='bbox 1710 3195 2036 3268; x_wconf 87' lang='lat' dir='ltr'><strong>appellatus</strong></span> <span class='ocrx_word' id='word_1_445' title='bbox 2066 3179 2108 3247; x_wconf 86' lang='lat' dir='ltr'>C</span> <span class='ocrx_word' id='word_1_446' title='bbox 2147 3179 2443 3253; x_wconf 84' lang='lat' dir='ltr'><strong>daturum.</strong></span> <span class='ocrx_word' id='word_1_447' title='bbox 2476 3200 2536 3252; x_wconf 86' lang='lat'><strong>2°</strong></span> <span class='ocrx_word' id='word_1_448' title='bbox 2565 3197 2645 3252; x_wconf 90' lang='lat' dir='ltr'><strong>De</strong></span> <span class='ocrx_word' id='word_1_449' title='bbox 2672 3195 3081 3252; x_wconf 90' lang='lat' dir='ltr'><strong>substituendo</strong></span> <span class='ocrx_word' id='word_1_450' title='bbox 3124 3193 3236 3251; x_wconf 90' lang='lat' dir='ltr'><strong>sibi</strong></span> <span class='ocrx_word' id='word_1_451' title='bbox 3268 3199 3499 3268; x_wconf 87' lang='lat' dir='ltr'><strong>pastore</strong></span> <span class='ocrx_word' id='word_1_452' title='bbox 3529 3194 3633 3249; x_wconf 89' lang='lat' dir='ltr'><strong>dat</strong></span> <span class='ocrx_word' id='word_1_453' title='bbox 3660 3210 3791 3250; x_wconf 87' lang='lat' dir='ltr'><strong>eon-</strong></span> 
     </span>
    </p>
   </div>
   <div class='ocr_carea' id='block_1_55' title="bbox 384 3284 2036 3342">
    <p class='ocr_par' dir='ltr' id='par_1_55' title="bbox 384 3284 2036 3342">
     <span class='ocr_line' id='line_1_55' title="bbox 384 3284 2036 3342; baseline -0.001 0"><span class='ocrx_word' id='word_1_454' title='bbox 384 3302 538 3342; x_wconf 89' lang='lat' dir='ltr'><strong>anno</strong></span> <span class='ocrx_word' id='word_1_455' title='bbox 566 3284 724 3340; x_wconf 84' lang='grc'>1049.</span> <span class='ocrx_word' id='word_1_456' title='bbox 744 3305 773 3335; x_wconf 83' lang='lat'><strong>»</strong></span> <span class='ocrx_word' id='word_1_457' title='bbox 796 3285 879 3339; x_wconf 90' lang='lat' dir='ltr'><strong>Ab</strong></span> <span class='ocrx_word' id='word_1_458' title='bbox 904 3300 970 3340; x_wconf 92' lang='lat' dir='ltr'><strong>eo</strong></span> <span class='ocrx_word' id='word_1_459' title='bbox 1003 3284 1226 3340; x_wconf 83' lang='lat' dir='ltr'><strong>Roman</strong></span> <span class='ocrx_word' id='word_1_460' title='bbox 1257 3287 1529 3340; x_wconf 89' lang='lat' dir='ltr'><strong>evocatus</strong></span> <span class='ocrx_word' id='word_1_461' title='bbox 1560 3284 1913 3341; x_wconf 90' lang='lat' dir='ltr'><strong>Halinardus</strong></span> <span class='ocrx_word' id='word_1_462' title='bbox 1935 3286 2036 3341; x_wconf 89' lang='lat' dir='ltr'><strong>ad-</strong></span> 
     </span>
    </p>
   </div>
   <div class='ocr_carea' id='block_1_56' title="bbox 385 3372 2036 3431">
    <p class='ocr_par' dir='ltr' id='par_1_56' title="bbox 385 3372 2036 3431">
     <span class='ocr_line' id='line_1_56' title="bbox 385 3372 2036 3431; baseline 0.001 -1"><span class='ocrx_word' id='word_1_463' title='bbox 385 3374 498 3431; x_wconf 90' lang='lat' dir='ltr'><strong>fuit</strong></span> <span class='ocrx_word' id='word_1_464' title='bbox 526 3373 771 3430; x_wconf 91' lang='lat' dir='ltr'><strong>concilio</strong></span> <span class='ocrx_word' id='word_1_465' title='bbox 819 3376 1023 3429; x_wconf 89' lang='lat' dir='ltr'><strong>contra</strong></span> <span class='ocrx_word' id='word_1_466' title='bbox 1069 3372 1454 3429; x_wconf 88' lang='lat' dir='ltr'><strong>Simoniacos.</strong></span> <span class='ocrx_word' id='word_1_467' title='bbox 1505 3372 1621 3429; x_wconf 89' lang='lat' dir='ltr'><strong>Hoc</strong></span> <span class='ocrx_word' id='word_1_468' title='bbox 1650 3374 1853 3429; x_wconf 91' lang='lat' dir='ltr'><strong>eodem</strong></span> <span class='ocrx_word' id='word_1_469' title='bbox 1884 3391 2036 3431; x_wconf 89' lang='lat' dir='ltr'><strong>anno</strong></span> 
     </span>
    </p>
   </div>
   <div class='ocr_carea' id='block_1_57' title="bbox 386 3460 2038 3535">
    <p class='ocr_par' dir='ltr' id='par_1_57' title="bbox 386 3460 2038 3535">
     <span class='ocr_line' id='line_1_57' title="bbox 386 3460 2038 3535; baseline 0.001 -17"><span class='ocrx_word' id='word_1_470' title='bbox 386 3479 599 3535; x_wconf 88' lang='lat' dir='ltr'><strong>papam</strong></span> <span class='ocrx_word' id='word_1_471' title='bbox 632 3462 845 3519; x_wconf 85' lang='lat' dir='ltr'><strong>Remos</strong></span> <span class='ocrx_word' id='word_1_472' title='bbox 884 3460 1201 3517; x_wconf 88' lang='lat' dir='ltr'><strong>comitatus</strong></span> <span class='ocrx_word' id='word_1_473' title='bbox 1231 3466 1337 3529; x_wconf 88' lang='lat' dir='ltr'><strong>est,</strong></span> <span class='ocrx_word' id='word_1_474' title='bbox 1384 3477 1450 3517; x_wconf 90' lang='lat' dir='ltr'><strong>ac</strong></span> <span class='ocrx_word' id='word_1_475' title='bbox 1499 3460 1764 3518; x_wconf 85' lang='lat' dir='ltr'><strong>interfuit</strong></span> <span class='ocrx_word' id='word_1_476' title='bbox 1793 3462 2038 3519; x_wconf 91' lang='lat' dir='ltr'><strong>concilio</strong></span> 
     </span>
    </p>
   </div>
   <div class='ocr_carea' id='block_1_58' title="bbox 387 3548 2041 3622">
    <p class='ocr_par' dir='ltr' id='par_1_58' title="bbox 387 3548 2041 3622">
     <span class='ocr_line' id='line_1_58' title="bbox 387 3548 2041 3622; baseline 0.001 -16"><span class='ocrx_word' id='word_1_477' title='bbox 387 3552 447 3606; x_wconf 92' lang='lat' dir='ltr'><strong>in</strong></span> <span class='ocrx_word' id='word_1_478' title='bbox 477 3549 722 3606; x_wconf 90' lang='lat' dir='ltr'><strong>basilica</strong></span> <span class='ocrx_word' id='word_1_479' title='bbox 748 3554 805 3605; x_wconf 79' lang='grc' dir='ltr'><strong>Β.</strong></span> <span class='ocrx_word' id='word_1_480' title='bbox 838 3549 1085 3622; x_wconf 87' lang='lat' dir='ltr'><strong>Remigii</strong></span> <span class='ocrx_word' id='word_1_481' title='bbox 1115 3550 1335 3616; x_wconf 90' lang='lat' dir='ltr'><strong>habito,</strong></span> <span class='ocrx_word' id='word_1_482' title='bbox 1355 3548 1412 3603; x_wconf 88' lang='lat' dir='ltr'><strong>in</strong></span> <span class='ocrx_word' id='word_1_483' title='bbox 1439 3566 1551 3622; x_wconf 92' lang='lat' dir='ltr'><strong>quo</strong></span> <span class='ocrx_word' id='word_1_484' title='bbox 1574 3567 1607 3606; x_wconf 89' lang='lat' dir='ltr'><strong>a</strong></span> <span class='ocrx_word' id='word_1_485' title='bbox 1632 3550 1885 3607; x_wconf 90' lang='lat' dir='ltr'><strong>simonia</strong></span> <span class='ocrx_word' id='word_1_486' title='bbox 1908 3552 2041 3608; x_wconf 90' lang='lat' dir='ltr'><strong>alie-</strong></span> 
     </span>
    </p>
   </div>
   <div class='ocr_carea' id='block_1_59' title="bbox 392 3637 2039 3712">
    <p class='ocr_par' dir='ltr' id='par_1_59' title="bbox 392 3637 2039 3712">
     <span class='ocr_line' id='line_1_59' title="bbox 392 3637 2039 3712; baseline 0.002 -17"><span class='ocrx_word' id='word_1_487' title='bbox 392 3656 526 3705; x_wconf 91' lang='lat' dir='ltr'><strong>nus,</strong></span> <span class='ocrx_word' id='word_1_488' title='bbox 552 3638 696 3694; x_wconf 89' lang='lat' dir='ltr'><strong>tanti</strong></span> <span class='ocrx_word' id='word_1_489' title='bbox 723 3637 987 3695; x_wconf 87' lang='lat' dir='ltr'><strong>criminis</strong></span> <span class='ocrx_word' id='word_1_490' title='bbox 1013 3654 1141 3695; x_wconf 88' lang='lat' dir='ltr'><strong>reos</strong></span> <span class='ocrx_word' id='word_1_491' title='bbox 1171 3655 1276 3695; x_wconf 91' lang='lat' dir='ltr'><strong>suo</strong></span> <span class='ocrx_word' id='word_1_492' title='bbox 1297 3639 1574 3712; x_wconf 80' lang='lat' dir='ltr'><strong>suffragio</strong></span> <span class='ocrx_word' id='word_1_493' title='bbox 1606 3640 1923 3696; x_wconf 88' lang='lat' dir='ltr'><strong>damnavit.</strong></span> <span class='ocrx_word' id='word_1_494' title='bbox 1958 3642 2039 3698; x_wconf 91' lang='lat' dir='ltr'><strong>De</strong></span> 
     </span>
    </p>
   </div>
   <div class='ocr_carea' id='block_1_60' title="bbox 390 3726 2038 3800">
    <p class='ocr_par' dir='ltr' id='par_1_60' title="bbox 390 3726 2038 3800">
     <span class='ocr_line' id='line_1_60' title="bbox 390 3726 2038 3800; baseline 0.002 -16"><span class='ocrx_word' id='word_1_495' title='bbox 390 3726 599 3784; x_wconf 86' lang='lat' dir='ltr'><strong>Leonis</strong></span> <span class='ocrx_word' id='word_1_496' title='bbox 628 3727 873 3783; x_wconf 86' lang='lat' dir='ltr'><strong>Romam</strong></span> <span class='ocrx_word' id='word_1_497' title='bbox 905 3728 1244 3784; x_wconf 89' lang='lat' dir='ltr'><strong>revertentis</strong></span> <span class='ocrx_word' id='word_1_498' title='bbox 1274 3728 1553 3784; x_wconf 89' lang='lat' dir='ltr'><strong>comitatu</strong></span> <span class='ocrx_word' id='word_1_499' title='bbox 1584 3728 1795 3785; x_wconf 87' lang='lat' dir='ltr'><strong>iterum</strong></span> <span class='ocrx_word' id='word_1_500' title='bbox 1820 3729 1945 3800; x_wconf 83' lang='lat' dir='ltr'><strong>fuit,</strong></span> <span class='ocrx_word' id='word_1_501' title='bbox 1971 3748 2038 3787; x_wconf 90' lang='lat' dir='ltr'><strong>ac</strong></span> 
     </span>
    </p>
   </div>
   <div class='ocr_carea' id='block_1_61' title="bbox 389 3816 2037 3891">
    <p class='ocr_par' dir='ltr' id='par_1_61' title="bbox 389 3816 2037 3891">
     <span class='ocr_line' id='line_1_61' title="bbox 389 3816 2037 3891; baseline 0.001 -18"><span class='ocrx_word' id='word_1_502' title='bbox 389 3818 518 3889; x_wconf 86' lang='lat' dir='ltr'><strong>ejus</strong></span> <span class='ocrx_word' id='word_1_503' title='bbox 548 3816 811 3891; x_wconf 90' lang='lat' dir='ltr'><strong>diploma</strong></span> <span class='ocrx_word' id='word_1_504' title='bbox 838 3816 897 3872; x_wconf 90' lang='lat' dir='ltr'><strong>in</strong></span> <span class='ocrx_word' id='word_1_505' title='bbox 929 3816 1179 3891; x_wconf 88' lang='lat' dir='ltr'><strong>gratiam</strong></span> <span class='ocrx_word' id='word_1_506' title='bbox 1206 3816 1440 3873; x_wconf 88' lang='lat' dir='ltr'><strong>Milonis</strong></span> <span class='ocrx_word' id='word_1_507' title='bbox 1471 3817 1776 3874; x_wconf 90' lang='lat' dir='ltr'><strong>Dervensis</strong></span> <span class='ocrx_word' id='word_1_508' title='bbox 1808 3820 2037 3876; x_wconf 88' lang='lat' dir='ltr'><strong>abbatis</strong></span> 
     </span>
    </p>
   </div>
   <div class='ocr_carea' id='block_1_62' title="bbox 388 3905 2036 3980">
    <p class='ocr_par' dir='ltr' id='par_1_62' title="bbox 388 3905 2036 3980">
     <span class='ocr_line' id='line_1_62' title="bbox 388 3905 2036 3980; baseline 0.001 -18"><span class='ocrx_word' id='word_1_509' title='bbox 388 3923 498 3963; x_wconf 89' lang='lat' dir='ltr'><strong>sua</strong></span> <span class='ocrx_word' id='word_1_510' title='bbox 517 3905 944 3979; x_wconf 86' lang='lat' dir='ltr'><strong>subscriptione</strong></span> <span class='ocrx_word' id='word_1_511' title='bbox 960 3906 1233 3963; x_wconf 87' lang='lat' dir='ltr'><strong>ﬁrmavit.</strong></span> <span class='ocrx_word' id='word_1_512' title='bbox 1255 3906 1611 3963; x_wconf 87' lang='lat' dir='ltr'><strong>Memoratur</strong></span> <span class='ocrx_word' id='word_1_513' title='bbox 1625 3911 1680 3963; x_wconf 91' lang='lat' dir='ltr'><strong>et</strong></span> <span class='ocrx_word' id='word_1_514' title='bbox 1697 3908 1756 3963; x_wconf 92' lang='lat' dir='ltr'><strong>in</strong></span> <span class='ocrx_word' id='word_1_515' title='bbox 1774 3908 2036 3980; x_wconf 88' lang='lat' dir='ltr'><strong>ejusdem</strong></span> 
     </span>
    </p>
   </div>
   <div class='ocr_carea' id='block_1_63' title="bbox 387 3994 2036 4070">
    <p class='ocr_par' dir='ltr' id='par_1_63' title="bbox 387 3994 2036 4070">
     <span class='ocr_line' id='line_1_63' title="bbox 387 3994 2036 4070; baseline 0.002 -19"><span class='ocrx_word' id='word_1_516' title='bbox 387 3994 686 4069; x_wconf 89' lang='lat' dir='ltr'><strong>privilegio</strong></span> <span class='ocrx_word' id='word_1_517' title='bbox 718 3994 1069 4053; x_wconf 89' lang='lat' dir='ltr'><strong>monasterio</strong></span> <span class='ocrx_word' id='word_1_518' title='bbox 1100 3996 1159 4052; x_wconf 91' lang='lat' dir='ltr'><strong>S.</strong></span> <span class='ocrx_word' id='word_1_519' title='bbox 1209 3995 1470 4052; x_wconf 90' lang='lat' dir='ltr'><strong>Mauricii</strong></span> <span class='ocrx_word' id='word_1_520' title='bbox 1503 3997 1870 4070; x_wconf 90' lang='lat' dir='ltr'><strong>Agaunensis</strong></span> <span class='ocrx_word' id='word_1_521' title='bbox 1900 4015 2036 4055; x_wconf 92' lang='lat' dir='ltr'><strong>con-</strong></span> 
     </span>
    </p>
   </div>
   <div class='ocr_carea' id='block_1_64' title="bbox 385 4084 2036 4143">
    <p class='ocr_par' dir='ltr' id='par_1_64' title="bbox 385 4084 2036 4143">
     <span class='ocr_line' id='line_1_64' title="bbox 385 4084 2036 4143; baseline 0.001 -2"><span class='ocrx_word' id='word_1_522' title='bbox 385 4100 552 4142; x_wconf 89' lang='lat' dir='ltr'><strong>cesso</strong></span> <span class='ocrx_word' id='word_1_523' title='bbox 580 4084 785 4141; x_wconf 91' lang='lat' dir='ltr'><strong>eodem</strong></span> <span class='ocrx_word' id='word_1_524' title='bbox 816 4101 988 4141; x_wconf 88' lang='lat' dir='ltr'><strong>anno.</strong></span> <span class='ocrx_word' id='word_1_525' title='bbox 1023 4084 1285 4141; x_wconf 85' lang='lat' dir='ltr'><strong>Romano</strong></span> <span class='ocrx_word' id='word_1_526' title='bbox 1317 4084 1561 4142; x_wconf 89' lang='lat' dir='ltr'><strong>concilio</strong></span> <span class='ocrx_word' id='word_1_527' title='bbox 1594 4103 1745 4142; x_wconf 89' lang='lat' dir='ltr'><strong>anno</strong></span> <span class='ocrx_word' id='word_1_528' title='bbox 1780 4087 1919 4143; x_wconf 88' lang='grc'>1050</span> <span class='ocrx_word' id='word_1_529' title='bbox 1949 4087 2036 4143; x_wconf 90' lang='lat' dir='ltr'><strong>in-</strong></span> 
     </span>
    </p>
   </div>
   <div class='ocr_carea' id='block_1_65' title="bbox 384 4172 2037 4246">
    <p class='ocr_par' dir='ltr' id='par_1_65' title="bbox 384 4172 2037 4246">
     <span class='ocr_line' id='line_1_65' title="bbox 384 4172 2037 4246; baseline 0.002 -16"><span class='ocrx_word' id='word_1_530' title='bbox 384 4173 607 4242; x_wconf 81' lang='lat' dir='ltr'><strong>terfuit,</strong></span> <span class='ocrx_word' id='word_1_531' title='bbox 639 4173 701 4230; x_wconf 92' lang='lat' dir='ltr'><strong>in</strong></span> <span class='ocrx_word' id='word_1_532' title='bbox 726 4190 840 4246; x_wconf 90' lang='lat' dir='ltr'><strong>quo</strong></span> <span class='ocrx_word' id='word_1_533' title='bbox 871 4174 929 4231; x_wconf 92' lang='lat' dir='ltr'><strong>S.</strong></span> <span class='ocrx_word' id='word_1_534' title='bbox 959 4172 1244 4231; x_wconf 88' lang='lat' dir='ltr'><strong>Geraldus</strong></span> <span class='ocrx_word' id='word_1_535' title='bbox 1274 4174 1332 4229; x_wconf 91' lang='lat' dir='ltr'><strong>in</strong></span> <span class='ocrx_word' id='word_1_536' title='bbox 1359 4178 1694 4231; x_wconf 87' lang='lat' dir='ltr'><strong>sanctorum</strong></span> <span class='ocrx_word' id='word_1_537' title='bbox 1726 4193 2037 4233; x_wconf 90' lang='lat' dir='ltr'><strong>numerum</strong></span> 
     </span>
    </p>
   </div>
   <div class='ocr_carea' id='block_1_66' title="bbox 390 4262 2036 4337">
    <p class='ocr_par' dir='ltr' id='par_1_66' title="bbox 390 4262 2036 4337">
     <span class='ocr_line' id='line_1_66' title="bbox 390 4262 2036 4337; baseline 0.001 -18"><span class='ocrx_word' id='word_1_538' title='bbox 390 4266 696 4336; x_wconf 89' lang='lat' dir='ltr'><strong>cooptatus</strong></span> <span class='ocrx_word' id='word_1_539' title='bbox 741 4267 850 4330; x_wconf 89' lang='lat' dir='ltr'><strong>est,</strong></span> <span class='ocrx_word' id='word_1_540' title='bbox 895 4267 954 4319; x_wconf 90' lang='lat' dir='ltr'><strong>et</strong></span> <span class='ocrx_word' id='word_1_541' title='bbox 1004 4263 1433 4337; x_wconf 86' lang='lat' dir='ltr'><strong>Berengariana</strong></span> <span class='ocrx_word' id='word_1_542' title='bbox 1472 4262 1708 4321; x_wconf 70' lang='lat' dir='ltr'><strong>haeresis</strong></span> <span class='ocrx_word' id='word_1_543' title='bbox 1738 4265 2036 4322; x_wconf 83' lang='lat' dir='ltr'><strong>damnata.</strong></span> 
     </span>
    </p>
   </div>
   <div class='ocr_carea' id='block_1_67' title="bbox 390 4341 2038 4427">
    <p class='ocr_par' dir='ltr' id='par_1_67' title="bbox 390 4341 2038 4427">
     <span class='ocr_line' id='line_1_67' title="bbox 390 4341 2038 4427; baseline 0.001 -17"><span class='ocrx_word' id='word_1_544' title='bbox 390 4353 512 4410; x_wconf 91' lang='lat' dir='ltr'><strong>Sub</strong></span> <span class='ocrx_word' id='word_1_545' title='bbox 544 4341 831 4409; x_wconf 74' lang='lat' dir='ltr'><strong>autumno</strong></span> <span class='ocrx_word' id='word_1_546' title='bbox 862 4352 1325 4425; x_wconf 86' lang='lat' dir='ltr'><strong>proﬁciscentem</strong></span> <span class='ocrx_word' id='word_1_547' title='bbox 1359 4353 1417 4409; x_wconf 89' lang='lat' dir='ltr'><strong>in</strong></span> <span class='ocrx_word' id='word_1_548' title='bbox 1456 4352 1674 4410; x_wconf 89' lang='lat' dir='ltr'><strong>Gallias</strong></span> <span class='ocrx_word' id='word_1_549' title='bbox 1704 4354 2038 4427; x_wconf 86' lang='lat' dir='ltr'><strong>pontiﬁcem</strong></span> 
     </span>
    </p>
   </div>
   <div class='ocr_carea' id='block_1_68' title="bbox 2145 3282 3791 3357">
    <p class='ocr_par' dir='ltr' id='par_1_68' title="bbox 2145 3282 3791 3357">
     <span class='ocr_line' id='line_1_68' title="bbox 2145 3282 3791 3357; baseline -0.003 -16"><span class='ocrx_word' id='word_1_550' title='bbox 2145 3286 2366 3353; x_wconf 91' lang='lat' dir='ltr'><strong>silium,</strong></span> <span class='ocrx_word' id='word_1_551' title='bbox 2399 3291 2572 3357; x_wconf 90' lang='lat' dir='ltr'><strong>atque</strong></span> <span class='ocrx_word' id='word_1_552' title='bbox 2606 3285 2663 3340; x_wconf 90' lang='lat' dir='ltr'><strong>in</strong></span> <span class='ocrx_word' id='word_1_553' title='bbox 2697 3283 2904 3357; x_wconf 90' lang='lat' dir='ltr'><strong>primis</strong></span> <span class='ocrx_word' id='word_1_554' title='bbox 2935 3284 3162 3354; x_wconf 90' lang='lat' dir='ltr'><strong>suadet,</strong></span> <span class='ocrx_word' id='word_1_555' title='bbox 3198 3300 3288 3350; x_wconf 88' lang='lat' dir='ltr'><strong>ne,</strong></span> <span class='ocrx_word' id='word_1_556' title='bbox 3322 3282 3475 3340; x_wconf 90' lang='lat' dir='ltr'><strong>sicut</strong></span> <span class='ocrx_word' id='word_1_557' title='bbox 3514 3283 3791 3339; x_wconf 88' lang='lat' dir='ltr'><strong>hactenus</strong></span> 
     </span>
    </p>
   </div>
   <div class='ocr_carea' id='block_1_69' title="bbox 2147 3371 3789 3444">
    <p class='ocr_par' dir='ltr' id='par_1_69' title="bbox 2147 3371 3789 3444">
     <span class='ocr_line' id='line_1_69' title="bbox 2147 3371 3789 3444; baseline -0.002 -15"><span class='ocrx_word' id='word_1_558' title='bbox 2147 3375 2427 3443; x_wconf 78' lang='lat' dir='ltr'><strong>fecerunt,</strong></span> <span class='ocrx_word' id='word_1_559' title='bbox 2451 3374 2560 3430; x_wconf 87' lang='lat' dir='ltr'><strong>hac</strong></span> <span class='ocrx_word' id='word_1_560' title='bbox 2580 3375 2651 3430; x_wconf 92' lang='lat' dir='ltr'><strong>de</strong></span> <span class='ocrx_word' id='word_1_561' title='bbox 2673 3390 2853 3430; x_wconf 87' lang='lat' dir='ltr'><strong>causa</strong></span> <span class='ocrx_word' id='word_1_562' title='bbox 2879 3373 3106 3429; x_wconf 87' lang='lat' dir='ltr'><strong>diversa</strong></span> <span class='ocrx_word' id='word_1_563' title='bbox 3134 3376 3191 3428; x_wconf 92' lang='lat' dir='ltr'><strong>et</strong></span> <span class='ocrx_word' id='word_1_564' title='bbox 3219 3376 3427 3428; x_wconf 75' lang='lat' dir='ltr'><strong>caetera</strong></span> <span class='ocrx_word' id='word_1_565' title='bbox 3455 3371 3586 3427; x_wconf 89' lang='lat' dir='ltr'><strong>loca</strong></span> <span class='ocrx_word' id='word_1_566' title='bbox 3618 3371 3789 3444; x_wconf 86' lang='lat' dir='ltr'><strong>perlu-</strong></span> 
     </span>
    </p>
   </div>
   <div class='ocr_carea' id='block_1_70' title="bbox 2148 3460 3790 3535">
    <p class='ocr_par' dir='ltr' id='par_1_70' title="bbox 2148 3460 3790 3535">
     <span class='ocr_line' id='line_1_70' title="bbox 2148 3460 3790 3535; baseline -0.003 -16"><span class='ocrx_word' id='word_1_567' title='bbox 2148 3468 2352 3529; x_wconf 88' lang='lat' dir='ltr'><strong>strent,</strong></span> <span class='ocrx_word' id='word_1_568' title='bbox 2372 3464 2475 3519; x_wconf 89' lang='lat' dir='ltr'><strong>sed</strong></span> <span class='ocrx_word' id='word_1_569' title='bbox 2506 3462 2827 3535; x_wconf 65' lang='lat' dir='ltr'><strong>praemissis</strong></span> <span class='ocrx_word' id='word_1_570' title='bbox 2855 3462 3126 3535; x_wconf 90' lang='lat' dir='ltr'><strong>precibus</strong></span> <span class='ocrx_word' id='word_1_571' title='bbox 3147 3466 3324 3534; x_wconf 90' lang='lat' dir='ltr'><strong>atque</strong></span> <span class='ocrx_word' id='word_1_572' title='bbox 3345 3460 3597 3533; x_wconf 89' lang='lat' dir='ltr'><strong>jejuniis</strong></span> <span class='ocrx_word' id='word_1_573' title='bbox 3617 3461 3790 3516; x_wconf 89' lang='lat' dir='ltr'><strong>Deum</strong></span> 
     </span>
    </p>
   </div>
   <div class='ocr_carea' id='block_1_71' title="bbox 2147 3549 3792 3624">
    <p class='ocr_par' dir='ltr' id='par_1_71' title="bbox 2147 3549 3792 3624">
     <span class='ocr_line' id='line_1_71' title="bbox 2147 3549 3792 3624; baseline -0.004 -15"><span class='ocrx_word' id='word_1_574' title='bbox 2147 3554 2473 3621; x_wconf 80' lang='lat' dir='ltr'><strong>obsecrant,</strong></span> <span class='ocrx_word' id='word_1_575' title='bbox 2498 3557 2561 3607; x_wconf 90' lang='lat' dir='ltr'><strong>ut</strong></span> <span class='ocrx_word' id='word_1_576' title='bbox 2590 3569 2660 3608; x_wconf 81' lang='lat' dir='ltr'><strong>ex</strong></span> <span class='ocrx_word' id='word_1_577' title='bbox 2680 3552 2823 3624; x_wconf 87' lang='lat' dir='ltr'><strong>ipsis</strong></span> <span class='ocrx_word' id='word_1_578' title='bbox 2855 3568 2916 3608; x_wconf 90' lang='lat' dir='ltr'><strong>se</strong></span> <span class='ocrx_word' id='word_1_579' title='bbox 2946 3551 3190 3624; x_wconf 88' lang='lat' dir='ltr'><strong>dignum</strong></span> <span class='ocrx_word' id='word_1_580' title='bbox 3218 3550 3541 3623; x_wconf 72' lang='lat' dir='ltr'><strong>prazficiant</strong></span> <span class='ocrx_word' id='word_1_581' title='bbox 3570 3549 3792 3605; x_wconf 83' lang='lat' dir='ltr'><strong>antisti-</strong></span> 
     </span>
    </p>
   </div>
   <div class='ocr_carea' id='block_1_72' title="bbox 2147 3636 3792 3714">
    <p class='ocr_par' dir='ltr' id='par_1_72' title="bbox 2147 3636 3792 3714">
     <span class='ocr_line' id='line_1_72' title="bbox 2147 3636 3792 3714; baseline -0.002 -18"><span class='ocrx_word' id='word_1_582' title='bbox 2147 3645 2286 3698; x_wconf 90' lang='lat' dir='ltr'><strong>tem.</strong></span> <span class='ocrx_word' id='word_1_583' title='bbox 2321 3641 2464 3697; x_wconf 91' lang='lat' dir='ltr'><strong>Huic</strong></span> <span class='ocrx_word' id='word_1_584' title='bbox 2496 3657 2666 3714; x_wconf 91' lang='lat' dir='ltr'><strong>porro</strong></span> <span class='ocrx_word' id='word_1_585' title='bbox 2709 3640 2900 3696; x_wconf 86' lang='lat' dir='ltr'><strong>officio</strong></span> <span class='ocrx_word' id='word_1_586' title='bbox 2950 3640 3274 3696; x_wconf 90' lang='lat' dir='ltr'><strong>secundum</strong></span> <span class='ocrx_word' id='word_1_587' title='bbox 3306 3638 3491 3711; x_wconf 88' lang='lat' dir='ltr'><strong>hujus</strong></span> <span class='ocrx_word' id='word_1_588' title='bbox 3520 3636 3792 3712; x_wconf 75' lang='lat' dir='ltr'><strong>temporis</strong></span> 
     </span>
    </p>
   </div>
   <div class='ocr_carea' id='block_1_73' title="bbox 2148 3727 3793 3802">
    <p class='ocr_par' dir='ltr' id='par_1_73' title="bbox 2148 3727 3793 3802">
     <span class='ocr_line' id='line_1_73' title="bbox 2148 3727 3793 3802; baseline -0.002 -17"><span class='ocrx_word' id='word_1_589' title='bbox 2148 3730 2485 3802; x_wconf 85' lang='lat' dir='ltr'><strong>qualitatem</strong></span> <span class='ocrx_word' id='word_1_590' title='bbox 2518 3731 2795 3786; x_wconf 92' lang='lat' dir='ltr'><strong>idoneum</strong></span> <span class='ocrx_word' id='word_1_591' title='bbox 2824 3728 2936 3784; x_wconf 90' lang='lat' dir='ltr'><strong>sibi</strong></span> <span class='ocrx_word' id='word_1_592' title='bbox 2962 3728 3143 3785; x_wconf 90' lang='lat' dir='ltr'><strong>videri</strong></span> <span class='ocrx_word' id='word_1_593' title='bbox 3166 3727 3298 3784; x_wconf 91' lang='lat' dir='ltr'><strong>Um.</strong></span> <span class='ocrx_word' id='word_1_594' title='bbox 3323 3727 3793 3800; x_wconf 49' lang='lat' dir='ltr'><strong>praepositum?</strong></span> 
     </span>
    </p>
   </div>
   <div class='ocr_carea' id='block_1_74' title="bbox 2146 3816 3789 3875">
    <p class='ocr_par' dir='ltr' id='par_1_74' title="bbox 2146 3816 3789 3875">
     <span class='ocr_line' id='line_1_74' title="bbox 2146 3816 3789 3875; baseline -0.003 0"><span class='ocrx_word' id='word_1_595' title='bbox 2146 3819 2416 3875; x_wconf 91' lang='lat' dir='ltr'><strong>Pontium</strong></span> <span class='ocrx_word' id='word_1_596' title='bbox 2448 3816 2846 3875; x_wconf 90' lang='lat' dir='ltr'><strong>Senescallum</strong></span> <span class='ocrx_word' id='word_1_597' title='bbox 2870 3817 3139 3873; x_wconf 90' lang='lat' dir='ltr'><strong>obsecrat</strong></span> <span class='ocrx_word' id='word_1_598' title='bbox 3163 3821 3223 3871; x_wconf 91' lang='lat' dir='ltr'><strong>ut</strong></span> <span class='ocrx_word' id='word_1_599' title='bbox 3247 3817 3538 3872; x_wconf 90' lang='lat' dir='ltr'><strong>bonorum</strong></span> <span class='ocrx_word' id='word_1_600' title='bbox 3560 3832 3789 3873; x_wconf 88' lang='lat' dir='ltr'><strong>suorum</strong></span> 
     </span>
    </p>
   </div>
   <div class='ocr_carea' id='block_1_75' title="bbox 2146 3904 3790 3981">
    <p class='ocr_par' dir='ltr' id='par_1_75' title="bbox 2146 3904 3790 3981">
     <span class='ocr_line' id='line_1_75' title="bbox 2146 3904 3790 3981; baseline -0.002 -18"><span class='ocrx_word' id='word_1_601' title='bbox 2146 3912 2373 3981; x_wconf 87' lang='lat' dir='ltr'><strong>partem</strong></span> <span class='ocrx_word' id='word_1_602' title='bbox 2400 3907 2791 3963; x_wconf 88' lang='lat' dir='ltr'><strong>Athanacensi</strong></span> <span class='ocrx_word' id='word_1_603' title='bbox 2821 3905 3173 3962; x_wconf 88' lang='lat' dir='ltr'><strong>monasterio</strong></span> <span class='ocrx_word' id='word_1_604' title='bbox 3204 3904 3445 3961; x_wconf 88' lang='lat' dir='ltr'><strong>tribuat.</strong></span> <span class='ocrx_word' id='word_1_605' title='bbox 3468 3905 3606 3961; x_wconf 81' lang='lat' dir='ltr'><strong>Sum</strong></span> <span class='ocrx_word' id='word_1_606' title='bbox 3632 3906 3790 3975; x_wconf 64' lang='lat' dir='ltr'><strong>etaim,</strong></span> 
     </span>
    </p>
   </div>
   <div class='ocr_carea' id='block_1_76' title="bbox 2148 3993 3791 4071">
    <p class='ocr_par' dir='ltr' id='par_1_76' title="bbox 2148 3993 3791 4071">
     <span class='ocr_line' id='line_1_76' title="bbox 2148 3993 3791 4071; baseline -0.003 -18"><span class='ocrx_word' id='word_1_607' title='bbox 2148 3997 2362 4071; x_wconf 91' lang='lat' dir='ltr'><strong>inquit,</strong></span> <span class='ocrx_word' id='word_1_608' title='bbox 2396 3997 2511 4052; x_wconf 79' lang='lat' dir='ltr'><strong>illis</strong></span> <span class='ocrx_word' id='word_1_609' title='bbox 2539 3998 2778 4051; x_wconf 82' lang='lat' dir='ltr'><strong>multum</strong></span> <span class='ocrx_word' id='word_1_610' title='bbox 2804 3995 3029 4052; x_wconf 79' lang='lat' dir='ltr'><strong>debitor.</strong></span> <span class='ocrx_word' id='word_1_611' title='bbox 3064 3995 3278 4050; x_wconf 90' lang='lat' dir='ltr'><strong>Locum</strong></span> <span class='ocrx_word' id='word_1_612' title='bbox 3328 3994 3389 4049; x_wconf 91' lang='lat' dir='ltr'><strong>in</strong></span> <span class='ocrx_word' id='word_1_613' title='bbox 3419 3993 3592 4051; x_wconf 88' lang='lat' dir='ltr'><strong>fastis</strong></span> <span class='ocrx_word' id='word_1_614' title='bbox 3622 3994 3791 4050; x_wconf 86' lang='lat' dir='ltr'><strong>sacris</strong></span> 
     </span>
    </p>
   </div>
   <div class='ocr_carea' id='block_1_77' title="bbox 2146 4082 3790 4155">
    <p class='ocr_par' dir='ltr' id='par_1_77' title="bbox 2146 4082 3790 4155">
     <span class='ocr_line' id='line_1_77' title="bbox 2146 4082 3790 4155; baseline -0.004 -12"><span class='ocrx_word' id='word_1_615' title='bbox 2146 4087 2409 4143; x_wconf 91' lang='lat' dir='ltr'><strong>nondum</strong></span> <span class='ocrx_word' id='word_1_616' title='bbox 2441 4085 2682 4155; x_wconf 89' lang='lat' dir='ltr'><strong>invenit,</strong></span> <span class='ocrx_word' id='word_1_617' title='bbox 2714 4084 2814 4141; x_wconf 90' lang='lat' dir='ltr'><strong>sed</strong></span> <span class='ocrx_word' id='word_1_618' title='bbox 2852 4084 3191 4142; x_wconf 75' lang='lat' dir='ltr'><strong>Venerabilis</strong></span> <span class='ocrx_word' id='word_1_619' title='bbox 3236 4082 3406 4140; x_wconf 91' lang='lat' dir='ltr'><strong>titulo</strong></span> <span class='ocrx_word' id='word_1_620' title='bbox 3455 4084 3710 4140; x_wconf 87' lang='lat' dir='ltr'><strong>donatur</strong></span> <span class='ocrx_word' id='word_1_621' title='bbox 3737 4082 3790 4137; x_wconf 91' lang='lat' dir='ltr'><strong>in</strong></span> 
     </span>
    </p>
   </div>
   <div class='ocr_carea' id='block_1_78' title="bbox 2147 4172 3788 4248">
    <p class='ocr_par' dir='ltr' id='par_1_78' title="bbox 2147 4172 3788 4248">
     <span class='ocr_line' id='line_1_78' title="bbox 2147 4172 3788 4248; baseline -0.004 -16"><span class='ocrx_word' id='word_1_622' title='bbox 2147 4175 2471 4248; x_wconf 90' lang='lat' dir='ltr'><strong>Menologio</strong></span> <span class='ocrx_word' id='word_1_623' title='bbox 2503 4174 2876 4231; x_wconf 85' lang='lat' dir='ltr'><strong>Benedictino</strong></span> <span class='ocrx_word' id='word_1_624' title='bbox 2899 4173 2990 4230; x_wconf 90' lang='lat' dir='ltr'><strong>die</strong></span> <span class='ocrx_word' id='word_1_625' title='bbox 3019 4172 3088 4228; x_wconf 86' lang='lat'><strong>29</strong></span> <span class='ocrx_word' id='word_1_626' title='bbox 3113 4172 3278 4229; x_wconf 86' lang='lat' dir='ltr'><strong>Julii.</strong></span> <span class='ocrx_word' id='word_1_627' title='bbox 3303 4174 3452 4229; x_wconf 88' lang='lat' dir='ltr'><strong>Eum</strong></span> <span class='ocrx_word' id='word_1_628' title='bbox 3484 4173 3639 4228; x_wconf 87' lang='lat' dir='ltr'><strong>inter</strong></span> <span class='ocrx_word' id='word_1_629' title='bbox 3656 4189 3788 4245; x_wconf 67' lang='lat' dir='ltr'><strong>prae-</strong></span> 
     </span>
    </p>
   </div>
   <div class='ocr_carea' id='block_1_79' title="bbox 2147 4260 3785 4336">
    <p class='ocr_par' dir='ltr' id='par_1_79' title="bbox 2147 4260 3785 4336">
     <span class='ocr_line' id='line_1_79' title="bbox 2147 4260 3785 4336; baseline -0.003 -15"><span class='ocrx_word' id='word_1_630' title='bbox 2147 4266 2453 4322; x_wconf 90' lang='lat' dir='ltr'><strong>termissos</strong></span> <span class='ocrx_word' id='word_1_631' title='bbox 2486 4267 2813 4321; x_wconf 89' lang='lat' dir='ltr'><strong>memorant</strong></span> <span class='ocrx_word' id='word_1_632' title='bbox 2832 4262 3197 4320; x_wconf 90' lang='lat' dir='ltr'><strong>Bollandiani</strong></span> <span class='ocrx_word' id='word_1_633' title='bbox 3228 4263 3301 4319; x_wconf 88' lang='lat' dir='ltr'><strong>ad</strong></span> <span class='ocrx_word' id='word_1_634' title='bbox 3327 4262 3486 4319; x_wconf 90' lang='lat' dir='ltr'><strong>diem</strong></span> <span class='ocrx_word' id='word_1_635' title='bbox 3520 4264 3590 4318; x_wconf 80' lang='lat'><strong>26</strong></span> <span class='ocrx_word' id='word_1_636' title='bbox 3616 4260 3785 4336; x_wconf 85' lang='lat' dir='ltr'><strong>April.</strong></span> 
     </span>
    </p>
   </div>
   <div class='ocr_carea' id='block_1_80' title="bbox 2150 4351 3784 4428">
    <p class='ocr_par' dir='ltr' id='par_1_80' title="bbox 2150 4351 3784 4428">
     <span class='ocr_line' id='line_1_80' title="bbox 2150 4351 3784 4428; baseline -0.005 -17"><span class='ocrx_word' id='word_1_637' title='bbox 2150 4355 2212 4411; x_wconf 91' lang='lat' dir='ltr'><strong>In</strong></span> <span class='ocrx_word' id='word_1_638' title='bbox 2243 4354 2582 4428; x_wconf 88' lang='lat' dir='ltr'><strong>Necrologio</strong></span> <span class='ocrx_word' id='word_1_639' title='bbox 2604 4353 2800 4410; x_wconf 87' lang='lat' dir='ltr'><strong>Sancti</strong></span> <span class='ocrx_word' id='word_1_640' title='bbox 2824 4352 3065 4427; x_wconf 89' lang='lat' dir='ltr'><strong>Benigni</strong></span> <span class='ocrx_word' id='word_1_641' title='bbox 3086 4351 3311 4409; x_wconf 90' lang='lat' dir='ltr'><strong>Divion.</strong></span> <span class='ocrx_word' id='word_1_642' title='bbox 3332 4352 3456 4408; x_wconf 59' lang='lat' dir='ltr'><strong>haec</strong></span> <span class='ocrx_word' id='word_1_643' title='bbox 3477 4351 3784 4408; x_wconf 88' lang='lat' dir='ltr'><strong>habentur:</strong></span> 
     </span>
    </p>
   </div>
   <div class='ocr_carea' id='block_1_81' title="bbox 392 4438 3782 4518">
    <p class='ocr_par' dir='ltr' id='par_1_81' title="bbox 392 4438 3782 4518">
     <span class='ocr_line' id='line_1_81' title="bbox 392 4438 3782 4518; baseline -0.001 -21"><span class='ocrx_word' id='word_1_644' title='bbox 392 4446 738 4515; x_wconf 90' lang='lat' dir='ltr'><strong>prosecutus</strong></span> <span class='ocrx_word' id='word_1_645' title='bbox 785 4444 910 4511; x_wconf 91' lang='lat' dir='ltr'><strong>est;</strong></span> <span class='ocrx_word' id='word_1_646' title='bbox 944 4459 1009 4497; x_wconf 92' lang='lat' dir='ltr'><strong>ac</strong></span> <span class='ocrx_word' id='word_1_647' title='bbox 1052 4440 1207 4498; x_wconf 89' lang='lat' dir='ltr'><strong>Tulli</strong></span> <span class='ocrx_word' id='word_1_648' title='bbox 1271 4443 1594 4498; x_wconf 89' lang='lat' dir='ltr'><strong>Leucorum</strong></span> <span class='ocrx_word' id='word_1_649' title='bbox 1641 4442 1944 4499; x_wconf 89' lang='lat' dir='ltr'><strong>elevationi</strong></span> <span class='ocrx_word' id='word_1_650' title='bbox 1976 4445 2034 4500; x_wconf 91' lang='lat' dir='ltr'><strong>S.</strong></span> <span class='ocrx_word' id='word_1_651' title='bbox 2070 4446 2116 4512; x_wconf 86' lang='lat' dir='ltr'>D</span> <span class='ocrx_word' id='word_1_652' title='bbox 2148 4467 2176 4495; x_wconf 84' lang='lat'><strong>«</strong></span> <span class='ocrx_word' id='word_1_653' title='bbox 2212 4444 2304 4499; x_wconf 92' lang='lat' dir='ltr'><strong>lV.</strong></span> <span class='ocrx_word' id='word_1_654' title='bbox 2357 4442 2482 4499; x_wconf 85' lang='lat' dir='ltr'><strong>Kal.</strong></span> <span class='ocrx_word' id='word_1_655' title='bbox 2530 4443 2780 4518; x_wconf 87' lang='lat' dir='ltr'><strong>Augusti</strong></span> <span class='ocrx_word' id='word_1_656' title='bbox 2828 4441 3132 4516; x_wconf 89' lang='lat' dir='ltr'><strong>depositio.</strong></span> <span class='ocrx_word' id='word_1_657' title='bbox 3167 4441 3235 4498; x_wconf 92' lang='lat' dir='ltr'><strong>D.</strong></span> <span class='ocrx_word' id='word_1_658' title='bbox 3272 4440 3561 4497; x_wconf 86' lang='lat' dir='ltr'><strong>Altinardi</strong></span> <span class='ocrx_word' id='word_1_659' title='bbox 3611 4438 3782 4497; x_wconf 87' lang='lat' dir='ltr'><strong>archi-</strong></span> 
     </span>
    </p>
   </div>
   <div class='ocr_carea' id='block_1_82' title="bbox 393 4529 2042 4604">
    <p class='ocr_par' dir='ltr' id='par_1_82' title="bbox 393 4529 2042 4604">
     <span class='ocr_line' id='line_1_82' title="bbox 393 4529 2042 4604; baseline -0.001 -15"><span class='ocrx_word' id='word_1_660' title='bbox 393 4530 619 4589; x_wconf 87' lang='lat' dir='ltr'><strong>Ceraldi</strong></span> <span class='ocrx_word' id='word_1_661' title='bbox 684 4529 913 4600; x_wconf 85' lang='lat' dir='ltr'><strong>adfuit;</strong></span> <span class='ocrx_word' id='word_1_662' title='bbox 981 4533 1039 4587; x_wconf 89' lang='lat' dir='ltr'><strong>et</strong></span> <span class='ocrx_word' id='word_1_663' title='bbox 1109 4530 1403 4604; x_wconf 86' lang='lat' dir='ltr'><strong>Lingonas</strong></span> <span class='ocrx_word' id='word_1_664' title='bbox 1466 4530 1724 4601; x_wconf 89' lang='lat' dir='ltr'><strong>veniens,</strong></span> <span class='ocrx_word' id='word_1_665' title='bbox 1795 4532 1862 4588; x_wconf 94' lang='lat' dir='ltr'><strong>D.</strong></span> <span class='ocrx_word' id='word_1_666' title='bbox 1934 4535 2042 4589; x_wconf 87' lang='lat' dir='ltr'><strong>Ar-</strong></span> 
     </span>
    </p>
   </div>
   <div class='ocr_carea' id='block_1_83' title="bbox 2148 4530 3445 4613">
    <p class='ocr_par' dir='ltr' id='par_1_83' title="bbox 2148 4530 3445 4613">
     <span class='ocr_line' id='line_1_83' title="bbox 2148 4530 3445 4613; baseline -0.002 -23"><span class='ocrx_word' id='word_1_667' title='bbox 2148 4533 2402 4607; x_wconf 91' lang='lat' dir='ltr'><strong>episcopi</strong></span> <span class='ocrx_word' id='word_1_668' title='bbox 2436 4532 2647 4606; x_wconf 89' lang='lat' dir='ltr'><strong>Lugd.,</strong></span> <span class='ocrx_word' id='word_1_669' title='bbox 2680 4536 2737 4590; x_wconf 90' lang='lat' dir='ltr'><strong>et</strong></span> <span class='ocrx_word' id='word_1_670' title='bbox 2764 4532 2943 4605; x_wconf 86' lang='lat' dir='ltr'><strong>hujus</strong></span> <span class='ocrx_word' id='word_1_671' title='bbox 2985 4530 3096 4588; x_wconf 92' lang='lat' dir='ltr'><strong>loci</strong></span> <span class='ocrx_word' id='word_1_672' title='bbox 3128 4530 3376 4613; x_wconf 88' lang='lat' dir='ltr'><strong>abbatis.</strong></span> <span class='ocrx_word' id='word_1_673' title='bbox 3416 4552 3445 4580; x_wconf 85' lang='lat'><strong><em>»</em></strong></span> 
     </span>
    </p>
   </div>
  </div>
