4094 6158
220 289 386 357 1319

1545 292 1860 358 NO'I‘I'I‘IA
1909 289 2362 357 IIISTORICA.
2455 359 2463 366 ,

217 430 280 485 S.
308 426 604 483 Martialis
628 425 1062 499 imposuerunt.
1089 426 1327 484 Interim
1353 429 1665 486 Gauslinus
1687 429 1896 485 Bituri-
1923 429 1979 494 Α
2011 429 2300 500 synodum
2333 426 2490 499 apud
2526 407 2888 498 Lemovicas,
2921 434 2979 490 in
3012 454 3126 510 qua
3155 439 3358 495 eadem
3391 456 3568 495 causa
3598 443 3680 495 di.

217 517 422 574 censis
470 512 982 588 archiepiscopus,
1016 515 1256 589 indigne
1291 518 1481 574 ferens
1512 520 1664 590 quod
1698 518 1908 574 fuisset

218 625 254 664 a
281 605 549 663 Jordano
581 607 961 676 contemptus
992 605 1086 675 (ab
1117 605 1244 677 ipso
1298 607 1455 662 enim
1489 625 1593 663 suo
1641 607 1909 663 videlicet

222 693 688 768 metropolitano
744 693 1032 749 debuerat
1073 694 1375 765 ordinari),
1417 696 1656 752 collecta
1684 696 1908 770 synodo

220 801 425 841 coram
461 785 716 840 Roberto
748 799 906 856 rege,
938 781 1032 837 cui
1063 787 1288 855 septem
1321 785 1738 859 archiepiscopi
1770 801 1906 840 cum

222 872 619 946 suﬁ'raganeis
641 871 944 943 episcOpis
965 869 1304 938 adfuerunt,
1321 881 1489 928 totum
1506 877 1908 932 Lemovicimim

221 961 798 1019 excommunicauit...
833 961 1127 1032 ipsumque
1152 961 1455 1017 larda-num
1485 964 1550 1018 ab
1580 965 1758 1035 ofﬁcio
1784 963 1908 1035 epi-

221 1051 443 1122 scopali
468 1050 771 1123 prohibuit.

298 1140 667 1196 Causabatur
684 1137 988 1194 Jordanus
1015 1137 1264 1194 vitanda:
1287 1139 1550 1196 simonize
1572 1157 1768 1206 causa,
1797 1141 1906 1195 im-

225 1229 587 1301 positionem
612 1244 924 1293 manuum,
956 1243 1061 1299 pro
1092 1243 1210 1299 qua
1242 1229 1564 1286 Gauslinus
1595 1229 1908 1303 pecuniam

225 1317 575 1388 requirebat
604 1317 676 1372 ab
708 1314 825 1393 aliq
850 1315 1100 1388 petitam
1153 1319 1211 1370 et
1241 1322 1567 1390 acceptam.
1601 1315 1908 1374 Nihilomi-

229 1422 348 1461 nus
397 1409 618 1472 tamen,
650 1409 715 1460 ut
762 1404 1152 1472 satisfaceret,
1189 1405 1365 1461 nudis
1417 1407 1665 1478 pedibus
1710 1406 1908 1462 sedem

227 1493 660 1548 Bituricensem
692 1493 856 1559 adiit,
891 1508 1028 1547 cum
1078 1498 1315 1548 centum
1361 1494 1590 1550 clericis
1620 1499 1676 1550 et
1706 1511 1912 1550 mona-

228 1582 362 1638 chis
412 1581 689 1637 omnibus
739 1581 1014 1636 similiter
1063 1581 1438 1638 discalceatis
1493 1583 1763 1654 pedibus.
1809 1582 1910 1636 Cui

227 1670 714 1742 archiepiscopus
763 1686 898 1724 cum
952 1668 1107 1725 clero
1157 1671 1391 1726 obviam
1448 1672 1627 1738 venit,
1661 1676 1718 1726 et
1766 1687 1914 1742 quos

230 1759 402 1832 prius
430 1757 726 1831 ligaverat,
751 1774 852 1812 eos
878 1757 1198 1814 honoriﬁce
1230 1759 1545 1816 adducens
1575 1759 1840 1815 absolvit.

305 1850 414 1903 An.
451 1847 608 1915 1024,
641 1846 824 1919 pridie
872 1846 1070 1902 Nonas
1119 1849 1383 1918 Martias,
1434 1848 1646 1904 indict.
1680 1865 1779 1913 νη,
1814 1865 1913 1918 ap-

231 1936 501 2012 probavit
546 1935 947 1991 fundationem
998 1935 1152 1992 cella:
1198 1938 1273 1992 de
1307 1936 1631 2004 Liziniaco,
1683 1941 1916 1992 auctore

234 2028 482 2099 HugOne
528 2026 598 2081 de
645 2023 932 2080 Liziniaco
982 2025 1104 2080 viro
1152 2025 1562 2081 nobilissimo.
1608 2029 1755 2081 Ante
1784 2040 1916 2096 pro-

234 2116 550 2173 fectionem
571 2112 1121 2186 Jerosolymitanam
1155 2115 1457 2170 dedicavit
1493 2115 1917 2170 monasterium

237 2206 312 2261 de
343 2207 568 2261 Arnaco
594 2204 654 2260 in
685 2220 799 2275 quo
827 2202 1079 2274 quiescit
1098 2219 1320 2275 corpus
1341 2203 1400 2259 S.
1425 2201 1920 2268 PardulﬁJdibus

235 2295 405 2362 Julii,
457 2310 613 2350 anno
663 2292 978 2348 Dominicis
1024 2291 1461 2352 incarnationis
1526 2293 1685 2346 1028.
1721 2290 1923 2346 Adfuit

240 2384 435 2441 Guido
481 2384 555 2438 de
599 2381 885 2438 Turribus
917 2381 1130 2436 nobilis
1161 2381 1480 2447 Lemoviae,
1516 2397 1650 2436 cum
1683 2391 1920 2435 venera-

241 2474 347 2530 bili
379 2473 632 2544 conjuge
661 2470 935 2542 Engalsia
968 2470 1088 2541 [al.,
1115 2458 1413 2540 Emallia],
1445 2473 1503 2524 et
1531 2470 1820 2525 Ademaro
1851 2467 1922 2522 de

243 2564 438 2618 Loron
475 2559 792 2629 [Learum],
825 2558 1061 2625 Geraro,
1086 2558 1268 2613 Ebolo
1296 2558 1720 2614 Combornensi
1752 2558 1924 2612 fratre

243 2648 685 2715 Archambaldi,
711 2647 1056 2719 cognomine
1082 2648 1324 2702 Chamba
1349 2647 1752 2718 putrida,cum
1785 2647 1926 2702 Ade-

245 2757 391 2796 naro
432 2738 557 2794 ﬁlio
603 2735 887 2792 Guidonis
937 2735 1316 2803 vicecomitis,
1351 2740 1588 2790 auctore
1647 2735 1924 2791 Gaufrido

246 2827 522 2887 Vosiensi
552 2827 613 2880 in
649 2825 859 2881 Chron.
894 2842 1021 2897 cap.
1055 2823 1109 2878 9.

252 2918 471 2974 Eodem
505 2932 659 2971 anno
709 2919 1047 2971 consecrata
1089 2918 1179 2969 est
1201 2913 1446 2969 basilica
1478 2914 1698 2985 regalis
1728 2913 1925 2970 Salva-

253 3005 400 3062 toris
433 3004 748 3061 Lemovices
769 3021 842 3058 xv
863 3002 988 3057 Kal.
1010 3001 1342 3057 Decembris
1373 3002 1446 3056 ab
1474 3003 1756 3060 undecim
1780 3019 1924 3075 prac-

253 3094 538 3151 sulibus:
582 3093 933 3154 Gothofredo
981 3090 1418 3164 archiepiscopo
1471 3090 1924 3166 Burdegalensi,

2015 520 2278 588 sceptata
2307 519 2368 570 et
2390 515 2655 586 judicata
2677 518 2804 588 jam
2840 522 3048 595 fuerat,
3081 527 3170 582 cui
3205 528 3327 599 ipse
3359 528 3573 583 aderat.
3599 529 3679 584 De
3711 571 3716 574 .

2016 605 2126 660 hoc
2159 607 2216 661 S.
2245 603 2532 661 Martialis
2559 608 2889 676 apostolatu
2912 613 3168 670 Joannes
3189 616 3361 670 XVIII
3389 617 3511 686 [al.,
3533 617 3674 685 XIX,

2015 694 2098 748 vel
2129 694 2238 762 XX]
2275 692 2513 764 scripsit
2543 694 2614 748 ad
2645 694 2996 769 Jordanum,
3029 703 3242 758 docens
3266 720 3366 758 eos
3395 703 3676 776 insanire,

2015 783 2117 855 qui
2149 784 2306 838 hunc
2339 786 2607 838 sanctum
2640 788 2972 856 apostolum
3006 795 3306 863 negarent.

2091 873 2149 928 In
2183 870 2434 928 concilio
2457 872 2593 926 anni
2621 866 2755 929 1031
2780 876 3076 935 Jordanus
3106 880 3298 952 palam
3331 881 3680 938 declamavit

2015 963 2076 1018 in
2109 962 2330 1017 milites
2362 960 2460 1031 qui
2496 978 2586 1017 res
2608 965 2927 1021 sanctuarii
2951 967 3522 1040 depraedabantur,et
3541 987 3681 1042 pau-

2017 1068 2184 1123 peres
2232 1049 2681 1122 opprimebant;
2716 1057 2919 1110 contra
2967 1072 3116 1128 quos
3155 1055 3278 1111 hmo
3308 1058 3684 1116 anathemata

2017 1140 2390 1213 protulerunt
2421 1138 2620 1193 Patres
2647 1154 2660 1195 :
2696 1163 2722 1189 ‹‹
2755 1142 3350 1202 Excommunicamus
3380 1146 3512 1202 illos
3535 1147 3687 1202 mili-

2017 1233 2174 1284 tes...
2206 1226 2508 1284 maledicti
2540 1227 2651 1300 ipsi
2683 1233 2738 1284 et
2760 1231 3064 1300 adjutores
3093 1249 3294 1289 eorum
3324 1234 3384 1291 in
3417 1237 3681 1294 malum:

2018 1317 2333 1372 maledicta
2357 1332 2523 1376 arma
2543 1332 2744 1372 eorum
2767 1323 2824 1373 et
2839 1319 3054 1374 caballi
3078 1320 3335 1379 illorum.
3349 1325 3535 1382 Erunt
3550 1343 3686 1382 cum

2019 1409 2157 1461 Cain
2191 1403 2511 1471 fratricida,
2536 1409 2747 1460 etcum
2770 1407 2802 1462 J
2811 1407 2928 1460 uda
2961 1410 3311 1468 traditore...
3334 1418 3390 1470 et
3419 1415 3571 1472 sicut
3598 1417 3688 1472 has

2019 1494 2268 1550 lucernas
2293 1494 2752 1567 exstinguuntur
2772 1495 2830 1548 in
2854 1496 3053 1553 oculis
3075 1501 3387 1568 vestris,ita
3406 1505 3690 1578 gaudium

2021 1600 2222 1638 eorum
2253 1582 2660 1655 exstinguetur
2687 1583 2745 1638 in
2787 1592 3115 1656 conspectu
3147 1596 3480 1648 sanctorum
3514 1610 3691 1667 ange-

2022 1671 2232 1736 lorum,
2281 1671 2396 1726 nisi
2450 1675 2582 1727 ante
2627 1675 2874 1727 mortem
2911 1673 2992 1727 ad
3025 1677 3485 1736 satisfactionem
3517 1687 3693 1754 atque

1945 1798 1991 1862 Β
2024 1759 2490 1815 emendationem
2528 1761 2648 1816 sive
2697 1761 3113 1833 pmnitentiam
3161 1767 3397 1841 dignam
3428 1773 3696 1828 venerint

2026 1850 2082 1903 in
2106 1849 2399 1920 judicium
2434 1850 2691 1922 episcopi
2725 1850 2840 1904 sui.
2877 1871 2908 1897 »

2094 1939 2258 1992 Anno
2289 1937 2556 2009 sequenti
2586 1939 2877 1993 Jordanus
2901 1943 3177 1998 convenit
3198 1947 3389 2002 adhuc
3420 1949 3490 2003 ad
3523 1966 3695 2020 syno-

2027 2026 2166 2080 dum
2227 2026 2643 2082 Pictaviensem
2703 2038 3230 2088 commemoratam
3292 2034 3350 2089 in
3405 2035 3691 2092 Chronico

2029 2114 2404 2170 Malliacensi.
2429 2117 2592 2170 Anno
2625 2116 2763 2170 1047
2795 2115 2950 2172 facta
2980 2122 3070 2174 est
3099 2121 3388 2177 dedicatio
3409 2128 3466 2179 8.
3492 2124 3689 2180 Marias

2029 2203 2411 2258 Santonensis
2442 2221 2476 2259 a
2507 2203 2778 2276 plurimis
2826 2204 3140 2276 episcopis,
3175 2208 3328 2264 inter
3373 2227 3523 2282 quos
3552 2213 3689 2268 Jor-

2030 2292 2219 2347 danus
2249 2297 2600 2348 recensctur.
2651 2296 2816 2348 Anno
2867 2295 3007 2348 1048
3045 2295 3235 2350 adfuit
3264 2301 3689 2357 consecrationi

2030 2381 2284 2436 ecclesiae
2317 2380 2673 2436 Userciensis
2705 2397 2838 2436 cum
2871 2381 3118 2438 Geraldo
3144 2383 3690 2456 Petragoricensi,et

2032 2468 2340 2525 Guillelmo
2385 2468 2816 2541 Engolismensi
2865 2470 3192 2542 episcopis;
3222 2475 3480 2545 tuncque
3517 2477 3687 2533 testis

2033 2558 2143 2613 fuit
2173 2557 2503 2614 donationis
2534 2559 2698 2614 factae
2727 2559 2863 2614 huic
2894 2560 3156 2614 coenobio
3177 2560 3250 2614 ab
3278 2560 3565 2635 Aalberga
3591 2581 3686 2619 vo-

2032 2651 2160 2702 cata
2189 2647 2437 2702 Bonasia
2461 2648 2911 2713 sanctimoniali,
2945 2652 3001 2702 et
3033 2647 3150 2702 lilio
3183 2648 3311 2718 ejus
3345 2650 3586 2705 Bosone.

2105 2737 2181 2789 Ex
2213 2735 2500 2790 chartario
2531 2735 2783 2791 ecclesiae
2807 2735 3232 2791 Lemovicensis
3261 2736 3686 2808 descripsimus

2033 2825 2083 2895 ej
2097 2825 2296 2879 usdem
2330 2823 2585 2896 episcopi
2617 2824 2839 2879 litteras
2873 2823 3088 2895 quibus
3133 2822 3322 2878 multa
3369 2825 3593 2882 confert
3621 2829 3681 2884 S.

2033 2913 2324 2984 Stephano
2371 2913 2440 2966 ad
2498 2911 2914 2980 Communium;
2949 2912 3119 2966 inviis
3166 2916 3362 2969 autem
3410 2913 3688 2987 leguntur

2034 3002 2162 3072 ejus
2193 3005 2500 3073 parentum
2533 3001 2788 3056 nomina.
2813 3001 2893 3055 Ex
2923 3002 3121 3056 eodem
3157 2999 3448 3058 chartario
3480 3003 3687 3061 habui-

2035 3107 2169 3145 mus
2197 3089 2539 3144 concordiam
2585 3089 2792 3144 initam
2841 3088 2990 3144 inter
3034 3105 3170 3144 eum
3214 3093 3271 3144 et
3317 3090 3683 3151 Willelmum

251 3181 1278 3248 JordanoLemovicensi,Isemberto
1298 3164 1924 3248 Pictaviensiﬁohone
1955 3164 1996 3230 C
2038 3179 2398 3235 Pictavorum
2432 3177 2724 3234 comitem.
2755 3178 2992 3233 Jordani
3024 3194 3182 3232 mors
3213 3195 3367 3236 anno
3401 3182 3541 3236 1052
3579 3183 3683 3238 tri-

255 3271 711 3346 Engolismensi,
733 3268 986 3326 A‘maldo
1020 3269 1468 3336 Petraroniensi,
1498 3270 1670 3327 Petro
1696 3272 1924 3328 Gerun-

256 3361 449 3433 densi,
485 3361 799 3416 Deusdedit
828 3358 1206 3423 Cadurcensi,
1233 3362 1341 3413 etc.
1377 3359 1541 3413 Anno
1578 3361 1712 3416 1031
1738 3359 1928 3416 adfuit

258 3449 506 3506 concilio
551 3449 934 3510 Bituricensis
979 3447 1308 3519 provinciae,
1344 3447 1669 3504 Lemovicis
1701 3449 1925 3517 habito,

261 3542 318 3595 in
352 3557 470 3612 quo
502 3543 698 3594 actum
730 3542 818 3594 est
847 3538 916 3592 de
951 3541 1008 3591 S.
1043 3534 1326 3592 Martialis
1359 3537 1714 3606 apostolatu,
1749 3555 1923 3610 quem

259 3628 320 3685 in
355 3629 592 3684 Patrum
626 3630 774 3683 coitu
799 3623 1228 3698 propugnavit;
1261 3622 1492 3678 tametsi
1524 3625 1689 3695 prius
1713 3625 1926 3697 episto-

269 3717 388 3772 lam
439 3717 755 3788 scripserat
783 3714 854 3769 ad
891 3713 1267 3769 Benedictum
1298 3727 1510 3782 papam
1543 3712 1672 3768 VIII
1704 3714 1776 3768 de
1807 3730 1923 3768 non

265 3805 628 3862 accensendo
674 3802 956 3876 apostolis
987 3801 1095 3857 hoc
1126 3805 1348 3856 sancto.
1382 3801 1463 3854 Ex
1510 3799 1604 3856 his
1629 3818 1763 3858 vero
1795 3819 1922 3874 quis

263 3895 560 3951 Jordanus
599 3893 658 3948 in
703 3893 939 3966 praefato
987 3891 1230 3947 concilio
1276 3888 1584 3960 peroravit,
1637 3890 1922 3947 discimus

265 4001 421 4040 anno
453 3982 610 4052 1029,
642 3982 731 4038 vel
772 3981 968 4054 potius
1017 3980 1154 4035 1028
1201 3977 1462 4033 habitam
1514 3977 1697 4035 fuisse
1745 3979 1922 4036 aliam

2034 3267 2254 3324 buitur.
2288 3267 2562 3340 Sepultus
2592 3271 2680 3323 est
2709 3268 2766 3322 in
2799 3267 2916 3322 divi
2944 3267 3254 3340 Augustini
3299 3269 3538 3342 templo.

2103 3358 2424 3413 Ademarus
2453 3356 2810 3412 Cabonensis
2840 3356 2891 3412 ei
2921 3359 2978 3413 et
3005 3355 3209 3412 multis
3238 3359 3365 3412 tum
3395 3358 3684 3434 episcOpis
3730 3399 3742 3405 -

2035 3451 2161 3502 tum
2207 3447 2517 3503 abbatibus
2566 3445 2872 3518 epistolam
2924 3444 3210 3502 dedicavit
3256 3447 3680 3521 apologeticam

2033 3553 2136 3608 pro
2167 3535 2492 3608 apostolatu
2521 3539 2576 3590 S.
2626 3535 2927 3605 Martialis,
2961 3551 3113 3590 anno
3162 3535 3321 3604 1029,
3353 3553 3529 3609 quem
3559 3539 3679 3596 Ma-

2034 3624 2310 3682 billonius
2340 3625 2521 3681 edidit
2565 3629 2705 3681 tom.
2763 3625 2836 3680 IV
2864 3623 3096 3692 Annal.,
3129 3623 3185 3679 in
3219 3626 3577 3699 appendice;
3611 3645 3680 3685 ex

2033 3730 2101 3770 ea
2129 3721 2323 3771 autem
2357 3714 2641 3770 discimus
2689 3731 2804 3769 non
2835 3713 3024 3769 solum
3059 3731 3279 3769 annum
3313 3732 3427 3787 quo
3462 3717 3680 3790 scripta

2033 3807 2142 3870 est,
2174 3805 2276 3859 sed
2307 3803 2482 3859 etiam
2514 3819 2630 3873 quo
2659 3802 2861 3858 habita
2890 3806 2978 3858 est
3007 3801 3165 3874 prior
3187 3805 3445 3875 synodus
3480 3805 3680 3863 Lemo-

2030 3893 2280 3948 vicensis
2312 3908 2413 3963 pro
2440 3882 2752 3947 asserendo
2773 3891 2880 3946 hoc
2904 3889 3252 3962 apostolatu,
3273 3893 3498 3950 scilicet
3517 3896 3675 3954 1028.

1164 4337 1862 4447 JOBDANI
1975 4341 2770 4451 EPISTOLA

345 4566 440 4629 Ad
499 4564 901 4629 Benedictum
958 4563 1094 4625 VIII
1152 4563 1504 4624 Romanum
1564 4563 1950 4644 pontiﬁcem,
2013 4566 2135 4640 cui,
2197 4566 2492 4628 defuncto
2561 4566 2921 4643 Benedicto,
2992 4585 3360 4649 responsum
3420 4568 3594 4634 dedit

1729 4664 2005 4725 Joannes
2046 4665 2204 4726 XIX.

975 4848 1122 4923 (Vide
1167 4847 1226 4902 in
1272 4846 1496 4904 JUANNE
1547 4847 1686 4918 XIX,
1731 4848 1801 4904 ad
1848 4867 1944 4936 an.
1994 4851 2151 4920 1033,
2197 4852 2534 4922 Patrologia?
2582 4858 2711 4910 tom.
2765 4853 2960 4927 CXLI.)

3523 274 3696 370 issi?
3789 341 3794 344 ‹
