4060 6174
476 269 634 342 1851

1249 261 1580 327 JORDANI
1625 236 2192 326 LEM‘OVICENSIS
2238 258 2592 322 EPISCOPI
2638 258 3118 326 DIPLOMATA.

3672 274 3785 340 1352

484 454 3784 488 Mm

1312 613 1882 740 JORDANI
1949 608 2731 735 DIPLOMATA
2794 612 3048 740 DUO

829 831 993 904 (Gali.
1031 831 1231 887 Christ.
1265 833 1409 886 tom.
1444 829 1511 898 II,
1541 827 1830 900 Append.,
1865 842 1996 898 pag.
2030 826 2152 891 171,
2190 825 2310 892 172,
2345 839 2412 877 ex
2442 822 2732 880 chartario
2763 824 3032 880 Ecclesiae
3065 824 3518 895 Lemovicensis.)

1970 982 2381 993 —————_

1274 1106 1315 1160 Ι.

467 1186 695 1252 Litterae
721 1194 952 1252 Ιονάαηί
997 1195 1388 1250 Lemovicensis
1419 1193 1677 1265 episcopi,
1721 1190 1922 1265 quibus
1951 1190 2126 1243 multa

847 1268 1054 1336 confert
1083 1266 1323 1338 capitulo
1355 1264 1746 1319 Lc-movicensi.

541 1355 604 1411 In
639 1355 874 1411 nomine
925 1359 1137 1410 sancta:
1185 1359 1242 1408 et
1291 1353 1600 1408 individuae
1645 1349 1968 1413 Trinitatis,
2019 1365 2125 1420 ego

465 1441 785 1510 Jordanus,
829 1443 928 1499 Dei
979 1443 1167 1515 gratia
1226 1439 1536 1496 Lemovices
1587 1439 1744 1496 sedis
1792 1438 2120 1510 episcopus,

467 1529 740 1586 humanae
783 1531 1116 1601 fragilitatis
1168 1529 1547 1584 considerans
1600 1545 1824 1592 casum,
1877 1527 1944 1581 de
1996 1542 2123 1581 meo

468 1617 661 1674 alodio
693 1619 846 1690 quod
883 1619 1246 1673 hrcraditario
1281 1617 1424 1672 mihi
1455 1616 1761 1684 successit,
1803 1631 1904 1687 pro
1938 1630 2122 1669 reme-

467 1706 565 1762 dio
597 1707 804 1762 animae
839 1724 978 1762 mea:
1021 1712 1447 1779 parentumque
1480 1722 1741 1760 meorum
1775 1703 2032 1758 Marbodi
2067 1707 2124 1757 et

466 1792 806 1868 Odolgarda:
856 1795 1053 1850 uxoris
1103 1796 1252 1866 ejus,
1286 1799 1343 1849 et
1390 1794 1538 1866 patri
1590 1810 1718 1848 meo
1773 1791 2019 1847 Gcraldo
2068 1796 2124 1845 et

467 1899 644 1939 uxore
675 1883 1014 1957 Odolgardaz
1049 1884 1200 1939 dono
1249 1888 1422 1954 atque
1451 1883 1702 1938 concedo
1735 1882 1792 1936 S.
1829 1880 2121 1952 Stephano

463 1973 534 2026 ad
599 1974 797 2027 sedem
857 1973 1167 2028 Lemovices
1238 1973 1510 2036 civitatis,
1573 1975 1628 2026 et
1683 1971 1752 2024 ad
1811 1969 2121 2025 canonicos

463 2059 727 2131 ejusdem
769 2061 928 2116 sedis
959 2061 1017 2115 in
1054 2060 1290 2116 alodum
1326 2061 1378 2115 in
1415 2060 1752 2114 communia
1782 2059 1852 2112 ad
1883 2058 2118 2113 canoni-

463 2163 582 2216 cos,
617 2147 741 2205 sine
772 2149 1038 2204 omnium
1071 2148 1381 2204 hominum
1416 2145 2119 2211 contradictione,scilicet

463 2235 699 2292 castello
733 2253 878 2292 novo
921 2242 1142 2291 turrem
1187 2237 1542 2309 superiorem
1577 2241 1632 2291 et
1665 2235 1821 2308 [quod
1851 2234 2116 2289 domnio-

463 2341 538 2379 no
568 2326 730 2392 vulgo
769 2325 976 2379 dicitur
1023 2326 1263 2395 donjon]
1315 2325 1413 2379 ubi
1470 2325 1651 2392 sedet,
1695 2328 1751 2379 et
1803 2324 2027 2388 domos,
2062 2329 2118 2379 et

460 2409 594 2466 illas
628 2410 926 2483 pleiduras
950 2429 1076 2484 quae
1103 2413 1170 2467 ad
1207 2429 1396 2467 meam
1426 2412 1717 2484 pertinent
1745 2411 2111 2478 divisionem,

462 2503 696 2572 pratum
741 2500 1040 2572 superiore
1090 2501 1158 2555 ad
1215 2503 1455 2567 fontem,
1490 2499 1693 2556 silvam
1727 2517 1853 2570 quas
1904 2500 2120 2555 dicitur

461 2588 656 2656 Serra,
710 2594 978 2661 quartam
1037 2594 1258 2661 partem
1321 2589 1552 2661 capella:
1597 2593 1652 2643 S.
1699 2587 2003 2644 Michaelis
2061 2593 2118 2643 et

459 2680 517 2732 S.
553 2677 814 2743 Quintini
849 2694 981 2732 cum
1013 2678 1172 2733 omni
1207 2683 1361 2734 terra
1404 2695 1529 2751 qua:
1561 2678 1632 2733 ad
1666 2677 1946 2750 capellam
1980 2695 2114 2750 per-

458 2765 668 2835 tinent,
728 2771 904 2822 curtae
964 2768 1031 2823 de
1099 2767 1356 2824 Cursatae
1427 2767 1578 2823 sicut
1637 2771 1725 2822 est
1785 2767 1854 2822 de
1921 2768 2112 2822 t‘evum

463 2854 697 2911 comiti
729 2854 1125 2911 Pictaviensis.
1161 2856 1290 2928 Ipse
1337 2855 1673 2912 Willelmus
1702 2873 1897 2912 comes
1926 2860 2113 2911 totum

460 2942 633 2999 illum
665 2945 856 3000 fevum
890 2945 1047 3000 dedit
1077 2945 1221 3000 mihi
1254 2945 1313 3000 in
1354 2944 1590 3001 alodum
1621 2949 1783 3001 extra
1811 2945 2116 3017 episcopa-

459 3037 608 3089 tum.
643 3033 700 3088 Si
751 3034 885 3105 quis
934 3051 1068 3090 vero
1117 3033 1266 3089 hanc
1311 3034 1709 3106 supradictam
1740 3033 2114 3090 donationem

457 3122 894 3188 contradixerit,
928 3127 1030 3178 aut
1084 3123 1441 3178 calumniare
1491 3122 1756 3188 voluerit,
1803 3123 2116 3179 anathema

457 3210 554 3278 sit,
586 3216 642 3267 et
671 3228 807 3266 cum
842 3211 1070 3268 Dathan
1102 3215 1157 3266 et
1207 3211 1424 3267 Abiron
1467 3211 1527 3266 in
1562 3212 1855 3267 infernum
1889 3212 2113 3268 demer-

455 3302 648 3373 gatur.

525 3388 771 3462 Signum
803 3387 1044 3445 Jordani
1077 3387 1358 3462 episcopi,
1390 3388 1489 3462 qui
1539 3389 1689 3445 hanc
1720 3389 1982 3445 chartam
2017 3389 2112 3443 fir-

459 3477 640 3532 mavit
669 3481 726 3533 et
755 3478 1009 3533 scribere
1027 3478 1228 3548 jussit.
1250 3478 1378 3533 Haec
1403 3478 1606 3534 charta
1631 3478 1783 3534 facta
1806 3481 1893 3534 est
1915 3494 2114 3534 mense

458 3565 790 3633 Februario,
844 3572 1123 3638 regnante
1172 3566 1418 3622 Henrico
1469 3583 1600 3640 rege
1649 3567 2023 3636 Francorum,
2057 3573 2115 3624 et

457 3651 768 3710 Guillelmo
795 3654 941 3708 duce
973 3654 1421 3726 Aquitanorum.

458 3845 755 3904 Concordia
798 3848 1139 3923 inita__iriter
1180 3848 1481 3905 Jordanum
1529 3851 1836 3923 episcopum
1865 3851 2112 3907 Lemovi-

581 3933 812 3986 censem,
845 3929 896 3975 et
933 3918 1268 3976 Willelmum
1293 3923 1542 3977 comitem
1555 3918 1984 3978 'Pictaviensem.

528 4023 837 4080 Credimus
865 4041 976 4080 non
995 4024 1174 4081 latere
1198 4026 1414 4098 peritos
1431 4027 1639 4099 prisca:
1656 4026 2110 4094 constitutionis,

456 4112 612 4184 quod
645 4129 917 4168 summus
941 4114 1132 4186 opifex
1151 4114 1333 4170 totius
1356 4114 1667 4170 creationis
1693 4132 1760 4171 ea
1786 4115 2115 4171 conditione

452 4198 600 4272 legis
640 4189 922 4257 fabricam
952 4202 1225 4257 etticiavit
1257 4201 1538 4267 hominis,
1566 4207 1855 4278 quatenus
1888 4203 2114 4259 cunctis

456 4294 733 4360 praeesset
761 4289 1162 4346 animantibus
1193 4307 1320 4362 qua:
1343 4297 1654 4346 moventur
1683 4293 1740 4347 in
1776 4293 1965 4349 terris.
1987 4293 2116 4348 Om-

456 4393 562 4434 nes
593 4377 863 4434 homines
895 4383 1104 4434 natura
1133 4378 1385 4451 aequales
1415 4379 1638 4451 genuit,
1685 4381 1784 4436 sed
1818 4381 2113 4454 ampliﬁce

455 4466 558 4522 Dei
591 4467 997 4538 dispositione,
1020 4485 1154 4524 cum
1189 4485 1430 4540 qumque
1462 4485 1568 4524 suo
1591 4470 1714 4540 juri
1743 4470 2008 4541 subjecta
2036 4475 2114 4525 te-

456 4570 594 4620 nene
639 4555 943 4628 quivisset,
977 4573 1089 4612 non
1139 4563 1354 4613 natura
1399 4559 1832 4624 accomodante,
1867 4559 1965 4615 sed
2013 4577 2112 4615 va-

455 4642 644 4699 riante
662 4644 1005 4700 meritorum
1025 4646 1249 4712 ordine,
1264 4645 1411 4701 alios
1429 4646 1558 4702 aliis
1572 4646 1744 4719 culpa
1759 4647 2109 4719 postposuit.

454 4735 580 4787 Imo
607 4747 793 4804 reges,
815 4733 1080 4799 comites,
1101 4733 1378 4805 praesules
1408 4733 1541 4790 aliis
1572 4734 1910 4792 hominibus
1931 4735 2115 4792 domi-

455 4821 650 4877 nando
673 4838 923 4894 praeesse
945 4827 1263 4894 cmperunt,
1293 4823 1444 4879 sicut
1468 4823 1610 4880 dicit
1633 4823 1942 4880 Psalmista
1967 4842 1978 4880 :
2006 4828 2114 4881 lm-

427 4913 684 4982 ‘posuisti
711 4911 958 4968 homines
988 4928 1150 4984 super
1178 4915 1357 4984 capita
1404 4921 1590 4969 nostra
1623 4914 1790 4985 (Psal.
1829 4932 1953 4982 cxv,
1981 4916 2068 4983 t2)
2095 4933 2108 4982 ;

455 5002 514 5054 et
544 4999 750 5056 beatus
781 5018 930 5074 papa
954 5000 1264 5074 Gregorius
1290 5019 1302 5057 :
1330 5001 1520 5058 Gratia
1539 5003 1640 5058 Dei
1665 5019 1834 5074 supra
1865 5003 2111 5059 homines

454 5101 658 5144 sumus.
676 5089 778 5147 His
798 5089 1149 5147 testimoniis
1167 5089 1493 5148 Willelmus
1515 5107 1711 5148 comes
1735 5091 2111 5148 Pictaviensis

459 5176 862 5247 conﬁrmatus,
897 5196 1076 5236 causa
1105 5178 1266 5251 pacis
1317 5179 1682 5236 Lemovicum
1723 5179 1881 5236 venit
1910 5180 2109 5236 civita-
2143 5202 2192 5266 Β

458 5264 596 5331 tem,
621 5271 677 5321 et
706 5267 937 5324 firmata
968 5285 1108 5341 pace
1139 5269 1199 5325 in
1232 5269 1540 5341 praesentia
1573 5268 1859 5324 nobilium
1882 5268 2114 5326 clerico-

458 5369 591 5409 rum
621 5353 708 5411 vel
736 5354 1039 5424 laicorum,
1072 5357 1186 5414 tale
1217 5375 1350 5414 cum
1385 5358 1658 5430 episcopo
1696 5357 1973 5430 Jordano,
2007 5359 2112 5414 ha-

458 5443 589 5502 buit
616 5445 1064 5502 conventum.Si
1091 5462 1285 5502 comes
1318 5445 1697 5503 Pictaviensis
1729 5445 1785 5500 in
1818 5446 2114 5522 episcopa-

459 5537 588 5600 tum
643 5532 957 5593 Lemovices
1013 5534 1170 5594 sedis
1228 5534 1487 5594 mitteret
1542 5535 1902 5614 episCOpum,
1952 5536 2113 5600 nullo

2149 1100 2205 1166 Α
2236 1099 2407 1154 modo
2439 1103 2594 1154 esset
2626 1099 2844 1156 factum
2897 1101 2985 1172 [f.,
3020 1101 3296 1167 facturus]
3350 1099 3468 1156 sine
3509 1099 3732 1160 electione
3752 1108 3792 1161 et

2235 1187 2360 1243 sine
2391 1187 2634 1243 consilio
2665 1193 2719 1243 S.
2745 1189 3023 1260 Stephani
3057 1188 3486 1256 canonicorum,
3507 1194 3555 1244 et
3579 1190 3678 1247 sine
3695 1209 3793 1248 con-

2235 1276 2364 1331 silio
2389 1277 2649 1332 Aimirici
2682 1277 2753 1332 de
2783 1277 2988 1344 Niolio,
3022 1293 3156 1332 cum
3190 1293 3302 1332 unc
3335 1276 3445 1332 {ilio
3473 1294 3584 1344 suo,
3613 1278 3652 1334 si
3675 1280 3791 1337 vinis

2233 1365 2362 1431 erit,
2412 1364 2498 1420 vel
2547 1370 2814 1422 mortuus
2857 1366 3048 1432 fuerit,
3082 1383 3216 1421 cum
3268 1366 3491 1422 duobus
3533 1365 3636 1422 suis
3678 1367 3792 1437 ﬁliis,

2234 1452 2508 1509 similiter
2537 1471 2672 1510 cum
2702 1455 2934 1511 duobus
2966 1453 3104 1510 {iliis
3143 1454 3376 1509 Alduini
3409 1454 3474 1510 de
3501 1454 3738 1511 Nobiliaoo
3759 1457 3794 1513 si

2233 1541 2343 1595 vivi
2375 1546 2578 1610 erunt;
2608 1542 2654 1597 si
2680 1543 2893 1599 mortui
2917 1546 3057 1598 sunt
3082 1559 3220 1598 cum
3248 1541 3482 1599 consilio
3510 1542 3702 1598 illorum
3724 1546 3793 1616 qui

2232 1634 2432 1685 tenent
2462 1631 2605 1686 istas
2636 1635 2829 1686 turres
2862 1632 2932 1686 de
2964 1631 3149 1687 Niolio
3181 1635 3240 1686 et
3287 1632 3356 1686 de
3400 1630 3674 1686 Nobiliaco.
3700 1631 3794 1687 Pro-

2233 1722 2360 1790 pter
2376 1736 2501 1775 com
2512 1721 2680 1775 mend
2691 1724 2989 1776 amentum
3015 1719 3293 1792 episc0pi,
3317 1720 3430 1775 haec
3448 1719 3623 1776 electio
3642 1737 3727 1776 non
3743 1722 3795 1775 sit

2233 1808 2382 1862 facta
2406 1813 2640 1880 propter
2660 1808 2889 1864 lucrum
2911 1812 3231 1875 terrenum,
3250 1823 3434 1879 neque
3456 1816 3657 1881 propter
3671 1807 3795 1862 alicu-

2222 1895 2324 1966 jus
2349 1895 2688 1963 amicitiam,
2707 1897 2805 1952 sed
2828 1896 2895 1951 ad
2924 1896 3171 1952 salutem
3195 1897 3253 1951 S.
3274 1895 3540 1968 Stephani
3559 1895 3793 1951 Lemon'ca

2230 1985 2409 2049 sedis,
2442 1985 2559 2040 illis
2591 1985 2949 2052 scientibus;
2985 1990 3041 2040 et
3073 1984 3167 2040 ille
3193 1985 3496 2057 episcopus
3523 1985 3610 2056 qui
3635 1983 3794 2040 venerit

2229 2078 2362 2144 post
2379 2073 2701 2128 Jordanum
2725 2074 3090 2146 episcopum,
3115 2073 3294 2130 faciat
3316 2072 3482 2129 talem
3504 2063 3792 2130 securitatem

2227 2166 2284 2217 et
2315 2163 2651 2218 firmitatem
2684 2161 2919 2234 qualem
2973 2161 3108 2217 fecit
3137 2161 3432 2218 Jordanus
3461 2161 3734 2233 episcOpus,
3757 2163 3794 2215 et

2227 2251 2318 2305 sui
2353 2256 2769 2316 antecessores,
2808 2251 2879 2307 ad
2913 2251 3225 2306 canonicos
3253 2251 3312 2305 S.
3347 2249 3602 2323 Stephani
3630 2249 3687 2305 de
3709 2249 3792 2321 epi-

2225 2344 2466 2411 scopatu
2487 2339 2634 2394 etde
2666 2338 3004 2393 communia
3036 2337 3270 2393 illorum
3294 2357 3306 2405 ;
3332 2344 3429 2393 aut
3456 2337 3612 2392 talem
3635 2335 3794 2392 securi-

2222 2431 2403 2482 tatem
2438 2425 2673 2498 qualem
2706 2427 2817 2499 ipsi
2840 2427 2993 2483 inter
3017 2443 3076 2482 se
3099 2425 3401 2499 elegerint,
3435 2431 3488 2482 et
3515 2425 3624 2482 sine
3650 2423 3793 2480 forcia.

2227 2515 2430 2571 Comes
2460 2514 2794 2570 Willelmus
2844 2532 2975 2571 cum
3026 2515 3286 2572 Jordano
3333 2514 3584 2588 episcopo
3625 2519 3670 2569 et
3700 2528 3793 2568 cum

2227 2603 2521 2659 canonicis
2561 2604 2618 2659 S.
2652 2603 2932 2676 Stephani
2965 2603 3079 2660 tale
3112 2603 3324 2660 habuit
3365 2608 3675 2659 conventum
3701 2617 3793 2657 cum

2219 2693 2578 2763 juramento,
2613 2695 2677 2747 ut
2706 2692 2777 2746 de
2806 2693 3144 2766 episcopatu
3179 2691 3329 2748 nihil
3364 2693 3520 2748 daret
3546 2708 3633 2748 nec
3659 2689 3797 2745 mino-

2229 2785 2400 2848 raret,
2434 2797 2538 2836 nec
2569 2797 2712 2836 suus
2743 2797 3046 2837 successor
3078 2781 3178 2853 qui
3209 2785 3343 2854 post
3373 2797 3499 2837 eum
3526 2779 3736 2844 veniret;
3761 2781 3798 2832 et

2229 2869 2278 2925 si
2323 2870 2393 2925 de
2424 2869 2532 2926 hoc
2581 2873 2867 2926 conventu
2900 2870 3352 2943 congregatione
3379 2868 3559 2926 Sancti
3587 2865 3798 2940 Stephani

2228 2957 2376 3014 male
2411 2959 2714 3026 minasset,
2749 2962 2805 3013 et
2831 2957 2888 3013 in
2924 2958 3288 3030 adjutorium
3323 2959 3468 3014 infra
3498 2975 3548 3012 x1
3576 2955 3676 3012 dies
3700 2970 3798 3010 con-

2227 3052 2317 3103 tra
2347 3046 2480 3103 illos
2511 3046 2779 3102 homines
2806 3063 2921 3102 non
2955 3047 3161 3103 fuisset
3184 3047 3284 3119 qui
3319 3045 3464 3103 male
3493 3045 3734 3107 fecissent,
3755 3057 3798 3096 ac

2225 3136 2672 3209 congregatione
2724 3135 2919 3192 Sancti
2975 3135 3254 3208 Stephani
3288 3141 3352 3192 ut
3380 3139 3563 3191 essent
3609 3129 3796 3188 absoluti

2225 3226 2378 3298 quod
2410 3225 2467 3280 in
2500 3242 2608 3280 sua
2633 3223 2912 3280 fidelitate
2934 3241 3049 3280 non
3072 3229 3320 3291 starent,
3337 3223 3510 3295 hujus
3533 3223 3602 3278 rei
3623 3225 3798 3294 propter

2223 3314 2604 3385 adjutorium,
2633 3329 2826 3368 comes
2848 3311 3180 3369 Willelmus
3203 3313 3366 3368 dedit
3387 3312 3599 3368 obsides
3626 3307 3797 3364 Aimiri-

2223 3419 2356 3458 eum
2389 3402 2459 3458 de
2491 3402 2774 3469 Roncum,
2831 3400 3133 3458 Albertum
3188 3403 3262 3459 de
3310 3401 3550 3470 Cambo;
3580 3403 3629 3455 et
3663 3396 3702 3452 si
3726 3394 3793 3450 isti

2223 3489 2438 3547 mortui
2476 3490 2714 3557 fuerint,
2749 3489 2893 3547 alios
2925 3489 2984 3545 in
3018 3490 3212 3546 locum
3265 3489 3495 3546 illorum
3539 3485 3793 3543 restaurent

2221 3585 2453 3638 tantum
2478 3578 2736 3636 valentes
2764 3597 2776 3648 ;
2811 3584 2867 3635 et
2912 3583 3150 3652 propter
3180 3583 3521 3635 conventum
3549 3579 3598 3633 et
3621 3570 3793 3630 electio-

2223 3686 2357 3725 nem
2389 3668 2758 3742 episcOpatus
2803 3667 2900 3724 isti
2952 3672 3090 3724 sunt
3121 3668 3360 3725 obsides
3392 3685 3405 3724 :
3435 3663 3720 3722 Willelmus
3743 3659 3790 3713 de

2223 3759 2400 3826 Roca,
2429 3757 2774 3816 Guillelmus
2825 3757 2895 3814 de
2941 3761 3169 3824 Kartes,
3203 3757 3327 3830 Ugo
3357 3758 3427 3814 de
3472 3752 3681 3818 Lacella,
3717 3747 3792 3804 Go-

2143 3832 2186 3899 C
2227 3846 2426 3903 raldus
2466 3847 2538 3903 de
2567 3845 2832 3913 Volvent,
2863 3846 3018 3902 filius
3049 3846 3390 3914 Raimundi,
3415 3844 3600 3900 Vivian
3626 3841 3682 3895 de
3703 3838 3792 3892 Bre-

2222 3937 2402 4006 derio,
2419 3935 2622 3992 Petrus
2647 3936 2718 3991 de
2739 3935 2935 4005 Niort;
2961 3941 3016 3992 et
3037 3935 3086 3992 si
3109 3935 3325 4008 aliquis
3356 3934 3574 3990 illorum
3593 3931 3790 3986 mortqu

2223 4026 2414 4090 fuerit,
2449 4025 2600 4080 intra
2630 4025 2967 4096 quindecim
3015 4025 3159 4092 dies,
3194 4025 3242 4080 si
3277 4040 3468 4080 comes
3498 4011 3788 4077 Pictaviensis

2221 4112 2598 4170 submonitus
2662 4113 2858 4180 fuerit,
2920 4117 3320 4181 restauretur;
3353 4118 3409 4168 et
3461 4109 3549 4165 ille
3600 4104 3678 4178 qui
3722 4113 3788 4156 eos

2224 4201 2650 4270 submonuerit,
2702 4203 2985 4258 damnum
3044 4219 3158 4258 non
3209 4202 3422 4269 habet;
3455 4203 3508 4255 et
3532 4197 3575 4253 si
3611 4196 3673 4250 ita
3708 4202 3788 4245 non

2222 4291 2472 4348 attendit
2503 4291 2656 4346 infra
2685 4307 2758 4346 xv
2789 4289 2914 4346 dies
2947 4295 3260 4362 postquam
3295 4283 3593 4346 submoniti
3615 4275 3788 4339 fuerint.

2223 4382 2282 4436 in
2313 4378 2630 4436 Castellum
2687 4381 2746 4436 S.
2781 4378 3061 4451 Stephani
3111 4395 3174 4434 se
3223 4378 3458 4433 mittant
3500 4374 3637 4428 intus
3676 4368 3788 4437 [forte

2223 4470 2401 4543 quod]
2432 4467 2698 4523 clausum
2730 4471 2820 4524 est
2851 4484 3018 4523 muro
3051 4472 3108 4522 et
3137 4467 3357 4522 fossato
3379 4465 3497 4521 sine
3525 4458 3653 4516 malo
3677 4454 3789 4525 inge-

2223 4558 2339 4626 nio,
2371 4562 2428 4613 et
2457 4556 2592 4612 inde
2623 4573 2737 4612 non
2785 4561 2989 4612 exeant
3039 4556 3164 4612 sine
3214 4552 3564 4612 absolutione
3593 4543 3788 4618 quinque

2222 4645 2563 4702 clericorum
2583 4645 2682 4716 qui
2698 4649 2836 4700 sunt
2852 4645 3154 4701 obsides...
3171 4643 3438 4700 comitem
3455 4634 3787 4696 Pictaviensem

2221 4735 2271 4790 si
2300 4734 2412 4790 vivi
2435 4738 2592 4803 sunt,
2617 4738 2674 4789 et
2696 4734 2744 4789 si
2772 4733 2987 4790 mortui
3008 4738 3167 4798 sunt,
3193 4737 3427 4806 propter
3447 4723 3787 4814 absolutionem

2221 4840 2422 4881 eorum
2449 4822 2548 4895 qui
2575 4823 2852 4878 honorem
2879 4821 3046 4878 illum
3070 4805 3442 4887 tenent,cum
3471 4811 3675 4872 consilio
3693 4805 3790 4862 alio-

2221 4929 2351 4968 rum
2385 4912 2645 4984 quinque
2674 4911 3015 4968 clericorum
3049 4912 3149 4983 qui
3182 4914 3320 4966 sunt
3352 4909 3408 4964 in
3438 4906 3628 4991 loco,et
3651 4897 3705 4954 ad
3725 4908 3787 4991 εξ·

2222 5003 2408 5059 lutem
2441 5001 2498 5056 S.
2532 4999 2831 5073 Stephani,
2884 4999 3001 5056 illis
3034 5000 3356 5057 scientibus
3387 5001 3440 5053 et
3467 4995 3531 5049 de
3557 4990 3787 5046 submoui-

2221 5091 2378 5147 tione
2409 5106 2522 5145 non
2554 5093 2768 5145 vetant.

2292 5180 2464 5235 Facta
2492 5178 2576 5233 est
2607 5177 2721 5234 ista
2750 5178 2947 5234 charla
2979 5178 3148 5235 tertio
3174 5177 3366 5232 Nonas
3395 5175 3552 5245 Aug,
3573 5160 3780 5237 regnante

2221 5267 2453 5324 Hinrico
2486 5283 2619 5340 rege
2652 5267 3005 5323 Francorum
3055 5264 3344 5323 Willelmo
3376 5263 3512 5318 duce
3539 5252 3784 5328 Aquitano-

2221 5374 2374 5423 rum,
2405 5356 2659 5412 Jordano
2690 5355 2959 5428 episcopo
2991 5354 3304 5412 Lemovicaa
3336 5351 3516 5416 sedis;
3546 5343 3629 5419 qui
3654 5341 3778 5394 ista“

2222 5447 2486 5505 chartam
2517 5445 2770 5503 scribere
2799 5450 2855 5503 et
2886 5445 3117 5502 ﬁrmare
3139 5444 3457 5526 jusserunt.
