4060 6174
175 257 339 351 iaci

1239 268 1441 334 ACTA
1482 266 1810 338 eoseum
1853 264 2426 350 Lauowcsusrs
2471 267 2552 334 ιι..

3436 265 3591 357 13559
3625 300 3644 359 ξ

175 419 210 451 (ι
243 394 342 457 Ilii
366 399 550 455 autem
591 399 823 472 profecti
862 399 1304 474 prada-avorum
1345 407 1565 479 ubique,
1603 405 1831 462 Domino
1858 405 1913 473 Α
1945 405 2239 481 longiores
2270 405 2477 463 faciam
2503 420 2626 473 vos,
2660 419 2691 460 ο
2738 399 3096 483 venerabiles
3149 400 3347 461 Patres
3397 403 3499 476 qui
3527 402 3590 461 in

172 508 210 541 α
240 495 582 560 cooperante,
631 497 682 545 et
724 506 1026 548 sermonem
1074 496 1434 566 co-nﬁrmante
1489 495 1832 566 sequentibus

168 601 202 629 «
238 578 417 650 signis
450 578 632 650 (Marc.
665 579 801 650 XVI).
829 581 1143 653 Apostolus
1175 582 1376 639 nullus
1405 583 1535 654 fuit,
1568 584 1680 638 nisi
1731 583 1831 656 qui

169 689 203 719 «
238 683 278 734 a
305 667 636 722 Jerusalem
667 667 962 739 profectus
994 675 1102 737 est,
1137 671 1363 728 dicente
1405 672 1555 728 Isaia
1607 674 1678 728 De
1700 671 1831 727 Sion

168 777 201 806 ι(
231 757 412 812 exibit
441 757 549 820 lex,
581 760 634 811 et
659 756 880 812 verbum
907 760 1127 816 Domini
1154 761 1218 816 de
1253 762 1556 816 Jerusalem
1589 761 1710 833 (Isa.
1746 761 1828 830 ll).

170 867 202 895 ‹‹
235 849 506 916 Itemque
538 844 823 902 Dominus
854 846 933 903 ait
966 865 978 902 :
1014 848 1302 920 Oportebat
1334 850 1608 925 Christum
1627 852 1765 922 pati,
1780 855 1832 905 et

172 955 198 982 ι
229 933 546 1006 praedicare
565 936 624 989 in
646 937 865 991 nomine
874 939 989 1009 ejus
1003 940 1385 1009 paenitentiam
1397 947 1446 995 et
1460 940 1833 996 remissionem

166 1046 200 1074 «
229 1030 578 1099 peccatorum
604 1025 662 1078 in
694 1040 876 1081 omnes
893 1028 1422 1100 gentes,incipie-ntes
1443 1028 1510 1084 ab
1535 1029 1832 1101 Hierosoly-

174 1132 201 1160 ι
233 1129 329 1172 ma
358 1113 503 1185 (Luc.
537 1112 794 1183 xxxv).Et
823 1113 962 1168 alibi
993 1114 1135 1174 dicit
1167 1133 1180 1170 :
1212 1117 1384 1172 Eritis
1413 1117 1558 1172 mihi
1587 1125 1744 1173 testes
1768 1119 1828 1172 in

168 1224 192 1249 ε
231 1205 627 1274 Jerusatem,et
656 1201 715 1255 in
736 1204 888 1256 omni
908 1207 948 1259 .1
955 1202 1192 1272 udaza,et
1213 1205 1545 1272 Samaria,et
1563 1222 1732 1278 usque
1761 1205 1831 1270 ad

160 1312 192 1338 ‹‹
228 1290 492 1360 ultimum
519 1297 684 1362 terra:
715 1291 852 1360 (Act.
889 1291 950 1361 ι).
993 1290 1101 1346 Ubi
1157 1297 1355 1349 autem
1406 1298 1494 1349 est
1525 1293 1689 1350 locus
1732 1293 1829 1350 ubi

159 1401 191 1428 ‹‹
231 1380 487 1453 Frontus
518 1378 832 1450 Georgium
857 1379 1070 1454 legitur
1092 1382 1452 1438 suscitasse?
1473 1383 1646 1438 Porro
1668 1383 1826 1454 apud

160 1490 192 1517 «
233 1467 363 1542 Else
382 1470 744 1523 monstratur
758 1485 990 1542 semper
1009 1469 1174 1526 locus
1190 1471 1289 1526 ubi
1311 1471 1596 1527 Martialis
1612 1472 1832 1528 Austri-

163 1579 194 1605 ‹‹
231 1555 557 1630 clinianum
575 1556 898 1612 suscitavit.
917 1557 1207 1614 Martinus
1231 1559 1589 1616 Turonensis
1608 1563 1828 1614 tantam

159 1666 193 1694 ‹‹
230 1649 366 1720 post
389 1643 689 1714 apostolos
713 1645 959 1717 gratiam
994 1663 1027 1702 a
1056 1647 1173 1702 Deo
1205 1647 1422 1722 legitur
1453 1647 1830 1716 habuisse,ut

162 1755 195 1783 ι(
233 1732 419 1810 trium
451 1737 818 1789 mortuorum
852 1735 1165 1790 suscitator
1198 1736 1677 1809 fieret.Discipu1i
1702 1737 1830 1808 ejus
1858 1773 1904 1838 Β

163 1844 196 1871 ‹‹
230 1821 737 1898 orbem-lustrasse
766 1823 1123 1889 dicuntur,si
1147 1842 1322 1896 quem
1349 1826 1492 1881 forte
1514 1830 1654 1880 tunc
1669 1827 1831 1896 juve-

163 1933 196 1961 α
232 1927 370 1966 nem
395 1909 648 1966 invenire
671 1911 1000 1983 potuissent
1025 1912 1082 1968 in
1098 1913 1476 1972 suscitatione
1491 1913 1669 1969 trium
1685 1931 1832 1970 mor-

165 2021 198 2049 «
237 2003 476 2060 tuorum
499 2000 746 2074 Martino
769 1998 1045 2068 similem,
1064 2017 1168 2056 nec
1200 2001 1459 2056 invenire
1489 2006 1827 2074 potuerunt.

165 2111 198 2138 ‹‹
234 2088 335 2144 Die
363 2087 554 2155 nobis,
589 2087 785 2162 frater,
809 2105 958 2162 quos
1008 2093 1312 2162 martyres,
1340 2107 1486 2162 quos
1537 2091 1830 2148 confesso-

160 2200 195 2228 α
231 2193 351 2252 res,
366 2192 512 2250 quas
541 2176 798 2250 virgines
829 2177 1021 2248 legisti
1053 2183 1185 2251 post
1217 2178 1511 2250 apostolos
1533 2165 1689 2234 ultra
1711 2185 1832 2236 tres

159 2287 193 2315 ‹‹
230 2269 494 2332 mortuos
549 2263 907 2321 suscitasse?
938 2265 1228 2322 Nimirum
1279 2266 1388 2324 hac
1437 2267 1498 2322 in
1545 2285 1608 2324 re
1653 2268 1829 2324 etiam

161 2376 194 2403 ‹‹
231 2353 517 2412 Martialis
548 2354 879 2409 ostenditur
900 2371 1030 2411 vere
1053 2355 1352 2428 apostolus
1375 2373 1523 2430 esse,
1548 2373 1614 2412 eo
1648 2359 1825 2429 quod,

164 2467 198 2494 ‹‹
232 2447 300 2522 ut
315 2442 562 2519 multam
579 2443 694 2499 Deo
719 2443 1107 2519 gentilitatem
1129 2445 1551 2516 acquireret,ut
1575 2446 1826 2502 fructum

166 2554 202 2582 ‹‹
235 2532 558 2607 plurimum
609 2532 862 2600 afferret,
894 2550 994 2598 sex
1041 2538 1306 2590 mortuos
1363 2538 1644 2607 tanquam
1697 2551 1829 2602 vere

166 2643 200 2670 ‹‹
235 2621 536 2698 apostolus
565 2622 890 2696 suscitavit.
924 2623 1036 2679 Sed
1067 2623 1228 2696 ipsos
1262 2629 1523 2680 mortuos
1572 2624 1633 2679 in
1673 2617 1832 2681 testi;

171 2730 204 2761 «
235 2711 499 2782 monium
531 2711 792 2784 veritatis
825 2729 1142 2784 possumus
1175 2712 1480 2768 ostendere
1513 2712 1572 2768 in
1611 2713 1828 2784 quibus

171 2799 427 2875 «iacent
474 2801 892 2856 monumentis.
927 2800 1450 2872 Austricliniauum
1503 2800 1740 2872 quippe,
1774 2805 1831 2856 et

163 2910 200 2937 ‹‹
235 2887 423 2962 {ilium
456 2889 673 2954 Nervas,
706 2889 971 2961 duosque
1001 2888 1291 2954 idolorum
1326 2889 1830 2961 pontiﬁces,atque

163 2999 201 3028 ‹‹
234 2975 593 3049 armigerum
625 2975 926 3047 Stephani,
960 2981 1018 3032 et
1049 2976 1236 3032 filium
1278 2977 1510 3032 Arcadii
1563 2978 1832 3035 novimus

163 3088 200 3118 ‹‹
237 3064 338 3120 ubi
372 3063 738 3135 quiescentes
769 3069 1105 3137 exspectent
1156 3064 1640 3122 resurrectionem
1671 3083 1828 3122 mor-

1940 496 2048 552 hoc
2073 496 2367 552 interestis
2389 493 2654 561 concilio,
2669 493 2778 549 hoc
2800 497 3029 548 tantum
3052 491 3300 550 breviter
3319 493 3594 567 perstrin-

1942 602 2100 658 gam,
2133 585 2271 657 quia
2322 600 2626 655 nunquam
2676 599 2862 654 usque
2912 583 2983 637 ad
3034 580 3190 636 hunc
3243 581 3592 639 hodiernum

1941 674 2234 746 diem,qui
2268 677 2356 728 est
2385 673 2593 745 quinta
2625 671 2865 726 Sabbati
2900 673 3014 742 (xw
3035 671 3161 726 Kal.
3179 670 3480 739 Decembr.,
3513 673 3594 742 fe-

1941 765 2028 820 ria
2056 763 2136 834 v),
2165 764 2354 818 factus
2384 766 2472 817 est
2503 761 2650 815 liber
2684 760 2740 814 in
2770 763 2889 815 toto
2920 760 3056 815 orbe
3086 759 3512 832 terrarum,qui
3533 760 3594 816 in

1941 851 2143 908 ordine
2177 849 2572 923 apostolorum
2605 865 2707 920 per
2737 847 2971 904 litanias
3002 847 3216 904 habeat
3245 847 3462 920 scripta
3493 864 3596 905 no-

1943 941 2104 996 mina
2157 940 2372 1007 Fronti,
2407 937 2726 1004 Saturnini,
2761 937 3040 1009 Dionysii,
3081 936 3325 1004 Juliani,
3356 938 3595 993 Austra-

1943 1029 2377 1096 monii,Ursini,
2404 1043 2593 1100 neque
2623 1025 2892 1092 aliorum,
2914 1023 3010 1098 qui
3045 1030 3176 1098 post
3191 1025 3508 1082 Martialem
3533 1025 3592 1082 in

1940 1119 2184 1175 Galliam
2217 1121 2516 1183 venerunt,
2553 1116 2826 1183 Patrum;
2861 1115 3142 1170 Martialis
3173 1131 3306 1170 vero
3353 1132 3590 1181 nomen,

1942 1212 2016 1270 ut;
2021 1207 2147 1279 jam
2179 1207 2318 1272 dixi,
2351 1211 2406 1261 et
2436 1205 2496 1260 in
2524 1202 2941 1260 vetustissimis
2970 1203 3293 1278 Aquitaniae
3325 1208 3381 1259 et
3411 1204 3589 1258 Fran-

1939 1296 2059 1362 ciae,
2096 1313 2199 1350 nec
2243 1312 2358 1351 non
2409 1299 2466 1349 et
2513 1292 2828 1366 Hispaniae,
2860 1291 2977 1347 sive
3025 1291 3274 1348 aliarum
3324 1292 3588 1365 gentium

1941 1383 2129 1454 libris,
2162 1400 2264 1456 per
2293 1383 2634 1438 innumeras
2677 1381 2911 1437 litanias
2945 1398 3080 1436 cum
3130 1381 3261 1437 aliis
3310 1381 3588 1455 apostolis

1940 1473 2288 1545 inscriptum
2321 1470 2696 1544 comperitur.
2717 1470 2976 1542 Denique
2999 1470 3100 1542 qui
3127 1487 3262 1526 eum
3287 1470 3346 1524 in
3377 1471 3588 1526 duode-

1939 1561 2054 1617 cim
2086 1560 2474 1634 apostolorum
2508 1559 2655 1616 serie
2687 1575 2789 1631 per
2819 1562 3109 1613 Canonem
3143 1558 3334 1613 missa:
3386 1563 3442 1632 ct
3488 1575 3591 1629 per

1940 1651 2058 1706 atia
2088 1650 2214 1706 loca
2246 1650 2625 1721 scripserunt,
2661 1648 2812 1702 sicut
2842 1647 3109 1712 Paulum,
3138 1650 3196 1701 et
3238 1647 3586 1711 Barnabam,

1940 1739 2178 1810 Lucam,
2211 1744 2268 1794 et
2308 1740 2590 1802 Marcum,
2618 1741 2673 1792 et
2729 1735 3066 1806 Cleopham,
3100 1752 3218 1789 non
3268 1735 3470 1807 utique
3530 1736 3588 1790 id

1931 1827 2318 1900 ‘agerent,nisi
2340 1843 2476 1882 eum
2497 1842 2627 1880 vere
2651 1823 2982 1897 apostolum
3007 1823 3221 1879 scirent
3243 1824 3470 1890 esse,de
3492 1823 3588 1880 illo

1939 1916 2164 1973 scilicet
2193 1916 2395 1984 ordine
2427 1931 2541 1986 quo
2575 1912 2850 1968 dicuntur
2898 1928 3029 1968 esse
3076 1911 3322 1984 apostoli
3373 1912 3588 1968 Paulus

1940 2011 2114 2078 atque
2144 2005 2461 2062 Barnabas.
2497 2027 2524 2052 ››

2009 2096 2091 2150 Ad
2124 2094 2246 2150 haec
2276 2111 2344 2149 ex
2372 2092 2596 2149 clericis
2646 2090 3206 2163 Engolismensibus,
3240 2091 3339 2163 qui
3388 2095 3586 2164 tamen

1940 2184 2137 2239 minus
2165 2183 2432 2238 eruditus
2470 2185 2612 2248 erat,
2649 2181 2888 2252 quidam
2917 2197 2978 2235 se
3006 2179 3296 2252 opposuit,
3330 2180 3531 2236 dicens
3567 2195 3580 2234 :

1938 2295 1965 2322 «
2000 2273 2059 2328 Si
2087 2288 2297 2342 nomen
2331 2269 2614 2326 Martialis
2645 2268 3002 2324 inveniretur
3045 2267 3102 2322 in
3134 2267 3371 2324 Actibus
3419 2284 3586 2339 apos-

1936 2360 2209 2429 tolorum,
2240 2359 2532 2428 sufficeret
2561 2357 2750 2412 nobis.
2781 2380 2810 2405 ››

2008 2450 2110 2506 Cui
2145 2467 2278 2521 mox
2308 2448 2549 2520 quidam
2579 2445 2846 2502 eruditus
2869 2462 2937 2500 ex
2970 2444 3114 2517 ipsis
3134 2443 3587 2518 Engolismensi-

1936 2540 2047 2598 bus
2078 2537 2325 2603 clericis,
2350 2536 2448 2609 qui
2479 2541 2620 2592 tunc
2653 2535 2724 2589 ab
2763 2535 3100 2606 Engolisma
3129 2551 3263 2589 cum
3314 2534 3614 2608 episcopo-

1939 2628 2176 2683 Rohone
2199 2627 2267 2682 ad
2289 2623 2601 2681 concilium
2628 2627 2880 2690 venerat,
2899 2623 3537 2693 obviavit,respondens_
3569 2638 3584 2677 :

1939 2739 1966 2765 ‹‹
1999 2716 2283 2786 Adjurarc
2311 2712 2614 2784 episcopos
2645 2711 2704 2764 in
2733 2709 2978 2766 concilio
3011 2710 3124 2765 isto
3149 2708 3485 2764 audivimus
3519 2726 3590 2766 ne

1939 2803 2072 2875 quis
2099 2802 2349 2858 scienter
2368 2801 2462 2854 hic
2480 2803 2666 2854 taceat
2685 2798 2983 2852 veritatem
3001 2815 3015 2864 ;
3031 2797 3277 2869 ideoque
3306 2797 3378 2852 de
3408 2797 3515 2852 hac
3533 2814 3592 2853 re

1940 2909 2055 2948 non
2089 2891 2274 2946 audeo
2307 2889 2450 2960 quin
2483 2888 2586 2942 tibi
2619 2904 2814 2942 coram
2861 2885 3134 2941 omnibus
3185 2886 3590 2958 respondeam.

1940 2979 2190 3036 Nomina
2219 2977 2594 3050 septuaginta
2623 2977 2874 3031 duorum
2907 2992 3012 3032 nec
3043 2974 3102 3030 in
3128 2974 3456 3048 Evangeliis
3487 2991 3592 3045 nec

1944 3070 2001 3125 in
2037 3068 2280 3123 Actibus
2324 3064 2720 3138 apostolorum
2766 3063 3162 3129 inveniuntur,
3207 3067 3266 3119 et
3306 3061 3591 3120 Martialis

171 3176 204 3204 ‹‹
236 3153 724 3220 tuorum.Praater
744 3153 852 3209 hos
875 3135 1186 3218 suscitavit
1212 3153 1627 3226 puellamque:
1657 3172 1831 3227 quasi
1861 3135 1904 3202 (ἶ
1944 3157 2144 3231 procul
2177 3135 2537 3212 dubio—unus
2568 3159 2657 3209 est
2685 3154 2756 3209 de
2788 3152 2903 3208 illis
2932 3152 3303 3225 septuaginta
3323 3151 3586 3221 duobus.

173 3265 206 3292 ‹‹
241 3245 473 3310 mortua
504 3242 654 3296 facta
683 3245 808 3297 erat
839 3240 1123 3298 dilaniata
1150 3259 1184 3297 a
1217 3244 1524 3308 daemonio.
1557 3243 1700 3301 Item
1741 3261 1837 3316 pe-

179 3353 209 3380 ‹‹
243 3347 345 3385 nes
375 3329 784 3386 Mauritaniam
815 3330 1096 3402 oppidum
1131 3331 1518 3400 maritimum,
1553 3335 1652 3406 qui
1701 3339 1836 3389 ante

180 3441 209 3468 ‹‹
238 3419 415 3492 pedes
442 3419 572 3490 ejus
603 3419 773 3490 quasi
804 3419 1019 3476 mortui
1041 3421 1340 3491 jacebant,
1372 3425 1434 3476 ut
1465 3427 1713 3478 cunctus
1743 3440 1838 3494 po-

182 3529 210 3556 ‹‹
237 3505 417 3578 pulus
447 3510 710 3562 mortuos
758 3523 859 3576 eos
915 3509 1194 3581 crederet,
1229 3525 1441 3563 novum
1474 3509 1652 3564 simul
1682 3511 1838 3567 viros

183 3618 211 3645 «
243 3595 568 3666 suscitavit.
593 3594 908 3652 Veritatem
937 3596 1212 3662 dico,non
1243 3597 1662 3664 mentior;nisi
1689 3599 1830 3654 Mar~

185 3707 212 3735 «
243 3682 403 3741 tialis
420 3685 492 3739 ab
514 3701 579 3739 eo
604 3685 706 3757 qui
731 3683 1040 3756 discipulis
1061 3684 1186 3741 suis
1209 3689 1553 3757 potestatem
1581 3691 1842 3744 mortuos

183 3796 209 3823 α
235 3773 567 3828 .suseitandi
602 3774 860 3842 tradidit,
885 3778 1108 3830 tantam
1143 3773 1446 3846 signorum
1468 3775 1716 3846 gratiam
1743 3777 1846 3838 ha.

186 3884 213 3912 ιι
245 3862 426 3926 heret,
460 3879 572 3917 non
605 3865 827 3917 tantam
860 3861 1002 3918 cmlo
1049 3861 1438 3934 gentilitatem
1492 3864 1842 3936 acquireret.

182 3973 210 4002 «
244 3949 486 4006 Talibus
512 3950 697 4023 signis
715 3951 947 4005 barbari
968 3949 1136 4007 facile
1153 3954 1393 4022 potuere
1417 3951 1591 4006 fidem
1613 3958 1669 4008 et
1681 3954 1846 4010 Chri-

182 4062 210 4090 «
245 4038 320 4094 sti
351 4055 561 4095 nomen
595 4038 914 4110 suscipere.
950 4040 1066 4094 Nos
1097 4042 1250 4094 atem
1287 4039 1385 4105 ita,
1416 4040 1527 4098 Deo
1560 4057 1730 4112 opem
1762 4043 1846 4098 fe-

183 4150 211 4178 «
245 4132 426 4194 rente,
452 4127 512 4182 in
545 4128 804 4184 Ecclesia
835 4127 1124 4184 catholica
1149 4131 1487 4184 constantes
1537 4145 1749 4185 sumus
1793 4148 1850 4221 et

185 4215 439 4283 «solidi,
466 4220 548 4281 ut,
570 4215 840 4287 quamvis
863 4215 1063 4270 omnia
1079 4215 1201 4270 haec
1223 4215 1468 4287 apostoli
1494 4217 1683 4272 officio
1702 4215 1849 4278 Mar:

183 4327 212 4356 ‹‹
251 4303 406 4358 tialis
455 4304 660 4376 egerit,
696 4304 855 4358 nullo
899 4308 1089 4358 tamen
1144 4310 1312 4376 pacto
1365 4323 1496 4359 eum
1534 4307 1849 4375 fateremur

185 4392 603 4466 «apostolum,
636 4391 745 4448 hoc
795 4396 884 4448 est
913 4392 1170 4465 legatum
1206 4394 1330 4459 Dei,
1358 4393 1472 4450 nisi
1521 4394 1629 4450 hoc
1669 4396 1845 4452 etiam

1944 3245 2185 3311 Quando
2218 3247 2410 3298 autem
2431 3239 2754 3312 discipulus
2775 3239 2939 3294 Pauli
2964 3239 3148 3294 Lucas
3172 3240 3352 3293 Actus
3369 3241 3598 3310 aposto-

1944 3335 2133 3391 lorum
2185 3331 2438 3403 scripsit,
2465 3331 2590 3401 jam
2642 3332 2776 3383 ante
2806 3328 3047 3400 triginta
3075 3325 3262 3382 annus
3310 3325 3593 3393 Martialis

1947 3424 2100 3496 apud
2155 3419 2527 3492 Aquitaniam
2580 3416 2956 3473 eratTacuit
3002 3417 3184 3470 Lucas
3233 3415 3304 3470 de
3342 3414 3596 3470 adventu

1947 3512 2098 3568 Petri
2149 3511 2208 3565 in
2257 3507 2647 3571 Antiochiam,
2683 3504 2866 3560 tacuit
2914 3505 2984 3560 de
3033 3505 3285 3560 adventu
3319 3502 3472 3558 Petri
3522 3502 3594 3557 ad

1950 3602 2155 3657 urbem
2189 3600 2452 3654 Romam.
2478 3596 2532 3651 Si
2570 3595 2688 3649 haec
2719 3594 2833 3649 duo
2859 3596 3121 3665 tangeret
3151 3591 3338 3664 plene,
3361 3595 3418 3646 et
3446 3591 3597 3646 Mar-

1949 3688 2148 3746 tialem
2179 3704 2293 3744 non
2318 3684 2664 3756 exprimeret
2693 3681 3062 3748 nominatim,
3085 3682 3247 3752 juste
3279 3678 3598 3735 mirareris.

1952 3779 2167 3834 Verum
2191 3775 2327 3847 quia
2349 3774 2551 3827 Petrus
2575 3771 2630 3826 in
2649 3769 3258 3836 Antiochiam,dehinc
3289 3769 3361 3824 ad
3394 3769 3602 3823 urbem

1952 3867 2196 3930 Romam
2228 3879 2358 3918 cum
2388 3860 2649 3928 Martiale
2679 3858 2853 3922 venit,
2888 3863 2944 3912 et
2975 3857 3232 3929 primum
3262 3856 3601 3925 Antiochiae,

1953 3953 2368 4011 dehincRomaz
2390 3951 2699 4021 episcopus
2721 3946 2951 4012 sedit,et
2973 3945 3416 4016 quatuordecim
3435 3945 3605 3999 annis

1955 4049 2088 4100 ante
2113 4040 2358 4095 Paulum
2389 4042 2670 4104 venerunt
2702 4036 2946 4090 Romam
2982 4035 3186 4089 Petrus
3217 4037 3274 4088 et
3315 4031 3604 4086 condisci-

1959 4130 2133 4203 pulus
2149 4129 2276 4198 ejus
2299 4125 2670 4191 Martialis,et
2695 4124 2882 4178 Lucas
2905 4123 2976 4178 de
2999 4122 3093 4176 his
3122 4119 3268 4175 nihil
3287 4117 3605 4185 dixit,nihil

1956 4223 2045 4276 est
2074 4218 2229 4289 quod
2262 4214 2494 4270 mireris
2520 4211 2604 4266 vel
2640 4210 2893 4266 dubites.
2929 4210 2986 4266 Si
3029 4211 3186 4264 enim
3235 4211 3470 4280 propter
3499 4206 3606 4262 hoc

1956 4307 2212 4369 dubitas,
2241 4303 2408 4375 quasi
2446 4301 2732 4356 Martialis
2763 4300 2834 4353 de
2866 4303 3125 4369 tempore
3173 4294 3607 4369 praedicationis

1957 4394 2186 4453 Domini
2221 4411 2334 4470 non
2371 4392 2739 4461 fuerit,gesta
2770 4389 2900 4459 ejus
2932 4405 3046 4442 nou
3079 4385 3296 4453 credis;
3320 4391 3375 4440 et
3390 4384 3605 4440 idcirco

184 4506 213 4534 «ι
242 4481 315 4536 ab
347 4481 606 4552 antiquis
628 4481 893 4553 patribus
925 4481 1142 4538 nostris
1172 4487 1326 4538 esset
1342 4490 1832 4556 praeoccupatum.
1869 4500 1912 4563 ί)
1948 4485 2156 4542 merito
2185 4485 2424 4538 brutum
2459 4477 2678 4534 animal
2713 4475 3022 4549 reputaris,
3051 4476 3100 4531 si
3131 4479 3217 4530 tot
3241 4491 3308 4530 ac
3333 4477 3527 4530 tantos
3543 4476 3603 4529 et

185 4594 215 4623 ει
245 4569 367 4640 Nisi
399 4569 555 4626 enim
603 4587 734 4626 vere
784 4569 1012 4643 legatus
1055 4570 1272 4626 Christi
1320 4576 1494 4636 esset,
1529 4572 1637 4628 hoc
1685 4579 1773 4630 est
1801 4591 1836 4629 a

184 4684 212 4710 ‹‹
243 4658 472 4734 Christo
489 4659 707 4715 missus
728 4659 802 4715 ad
817 4657 1584 4732 pri-edicendummunquam
1607 4662 1834 4734 antiqui

187 4771 216 4800 (ε
240 4746 386 4804 olim
419 4764 554 4803 eum
596 4748 918 4805 faterentur
964 4764 1094 4804 esse
1141 4747 1492 4819 apostolum,
1532 4767 1835 4822 nunquam

185 4859 218 4887 ιο
248 4852 460 4892 nomen
492 4837 621 4907 ejus
654 4853 786 4892 cum
809 4835 1148 4892 nominibus
1169 4835 1418 4892 aliorum
1437 4838 1838 4908 apostolorum

189 4945 217 4974 ι(
247 4922 416 4983 nobis
438 4924 757 4982 scriberent
786 4925 1312 4998 pronuntiandum.
1346 4925 1505 4980 Hanc
1538 4943 1656 4981 rem
1681 4927 1839 4982 anti-

187 5037 215 5064 «
247 5011 351 5085 qui
379 5013 609 5083 codices
641 5031 674 5069 a
702 5014 964 5080 Francia,
999 5014 1071 5069 ab
1105 5013 1412 5085 Hispanin,
1450 5032 1484 5069 a
1510 5019 1680 5086 gente
1719 5017 1838 5070 An-

187 5126 213 5152 ‹‹
248 5101 476 5174 glorum
501 5102 724 5159 advecti
749 5103 1154 5158 demonstrant
1175 5120 1188 5170 ;
1209 5103 1318 5158 hoc
1338 5103 1600 5176 priorum
1623 5106 1839 5159 tracta-

189 5212 217 5240 «
249 5194 345 5244 tus
375 5190 703 5257 doctorum,
737 5190 839 5262 qui
865 5190 924 5245 in
959 5191 1090 5262 ejus
1124 5189 1296 5247 laude
1343 5192 1609 5263 quazdam
1659 5192 1839 5264 probe

190 5301 217 5328 «
250 5278 581 5346 ediderunt,
616 5281 854 5336 indicat.
891 5280 1122 5335 Scimus
1154 5281 1292 5352 quia
1333 5281 1487 5336 Deus
1536 5281 1838 5337 mendacio

194 5390 222 5419 «
255 5384 369 5424 non
383 5366 920 5436 oblectatur,sancti
938 5369 1064 5439 ejus
1082 5369 1413 5424 adulatione
1427 5386 1539 5425 non
1560 5370 1836 5441 gaudent.

199 5455 564 5513 «Veritatem
610 5456 857 5530 requirit
902 5456 1205 5528 Dominus,
1262 5462 1497 5530 propter
1538 5457 1838 5513 veritatem

195 5567 224 5596 α
256 5545 435 5602 sancti
462 5551 846 5618 pervenrrunt
867 5547 936 5602 ad
962 5562 1227 5619 regnum.
1257 5568 1283 5595 »
1310 5547 1393 5615 Et,
1419 5564 1488 5602 ne
1509 5548 1681 5603 verbo
1711 5563 1839 5604 meo

1944 4576 2111 4641 tales,
2145 4573 2346 4628 Patres
2376 4567 2772 4634 doctissimos,
2808 4570 2866 4622 et
2896 4566 3140 4638 priscos,
3165 4568 3223 4620 et
3264 4564 3598 4632 modernos,

1946 4664 2046 4738 qui
2077 4665 2204 4733 ejus
2235 4664 2401 4733 gesta
2430 4673 2664 4714 summa
2700 4654 3021 4712 reverentia
3049 4659 3106 4709 et
3130 4656 3513 4726 susceperunt
3542 4655 3603 4708 et

1949 4751 2298 4823 suscipiunt,
2331 4752 2571 4803 nutasse
2611 4747 2718 4802 hac
2749 4746 2807 4800 in
2841 4763 2901 4801 re
2931 4743 3254 4800 arbitraris.
3289 4743 3450 4809 Quod
3497 4760 3602 4797 au-

1949 4846 2065 4897 tem
2099 4858 2130 4895 a
2160 4837 2516 4910 quibusdam
2541 4835 2765 4890 dudum
2789 4833 3250 4900 audivi,necesse
3271 4831 3514 4886 estmihi
3539 4830 3601 4885 in

1948 4930 2058 4985 hoc
2087 4925 2331 4984 concilio
2366 4925 2639 4997 proferre.
2667 4922 2940 4978 Nonnulli
2973 4923 3153 4986 enim,
3185 4920 3378 4976 nescio
3401 4923 3602 4975 utrum

1947 5036 2082 5074 vero
2114 5035 2187 5072 an
2216 5015 2381 5080 falso,
2414 5013 2732 5084 opinantur
2763 5010 3085 5066 Martialem
3118 5025 3246 5065 esse
3273 5007 3441 5062 illum
3471 5008 3606 5064 ado~

1947 5107 2262 5162 lescentem
2297 5101 2418 5174 qui,
2453 5101 2784 5157 secundum
2819 5098 3174 5166 Marcum,in
3208 5097 3480 5170 passione
3499 5103 3604 5158 Do-

1949 5195 2177 5250 minum
2211 5197 2345 5265 post
2383 5207 2590 5246 omnes
2621 5188 2944 5260 discipulos
2976 5192 3065 5243 est
3117 5189 3371 5241 secutus.
3397 5185 3468 5240 Et
3493 5185 3604 5242 hoc

1947 5288 2255 5354 propterea
2295 5280 2613 5350 opinantur
2661 5294 2728 5332 eo
2776 5277 2928 5348 quod
2980 5283 3116 5331 tunc
3155 5273 3436 5330 Martialis
3465 5275 3604 5329 ado-

1903 5370 1909 5375 ’
1948 5371 2175 5426 lescens
2207 5374 2346 5424 erat.
2384 5372 2439 5421 et
2473 5367 2527 5420 in
2561 5371 2733 5420 Cccua
2762 5371 2927 5420 nocte
2958 5365 3086 5436 ipsa
3133 5363 3380 5419 Domino
3429 5363 3602 5417 mini-

1949 5462 2253 5515 straverat.
2293 5456 2492 5512 [litatis
2541 5456 2694 5510 enim
2745 5455 3078 5525 quindecim
3129 5470 3413 5508 annorum
3457 5458 3603 5521 erat,

1953 5547 2188 5622 quando
2221 5563 2354 5603 eum
2386 5544 2669 5601 Dominus
2699 5543 2921 5601 vocavit
2969 5549 3026 5602 et
3065 5542 3343 5616 baptizari
3373 5559 3408 5598 a
3436 5542 3602 5618 Petro
