4094 6158
516 305 684 378 1363-

1455 299 1866 378 JOBDANUS
1906 298 2479 373 LEMOVIGENSIS
2521 296 2984 370 EPISCOPUS.‘

3721 307 3847 374 1361

509 447 716 522 jussit.
746 442 858 504 Alii
890 441 1086 504 autem
1117 441 1286 502 illum
1317 443 1746 502 adolescentem
1793 443 2170 516 suspicantur
2198 443 2249 508 Α
2283 441 2611 498 duodecim.
2645 441 2846 512 Itaque
2876 438 3008 494 illos
3038 433 3277 494 conveni
3318 436 3556 502 Grzccos,
3597 438 3846 498 sciscitans

512 553 642 594 esse
664 537 951 594 Joannem
981 531 1524 607 erangelistam.Sic
1555 537 1751 588 autem
1783 534 2013 589 Marcus
2039 533 2158 588 ait:

513 627 660 683 Tunc
688 623 948 696 discipuli
977 637 1161 679 omnes
1189 621 1377 676 relicto
1423 637 1484 676 eo
1528 623 1815 694 fugerunt.
1848 621 2166 677 Adolescens

512 717 698 770 autem
719 711 946 785 quidam
972 710 1298 784 sequebatur
1325 725 1450 766 eum
1479 712 1714 766 amictu:
1741 710 1968 766 sindone
2004 722 2168 782 super

511 801 742 870 nudo,et
771 807 1063 858 tenuerunt
1084 815 1229 856 eum.
1251 803 1324 854 Αε
1349 799 1466 866 ille,
1501 799 1702 870 rejecta
1729 797 2168 865 sindone,an

506 891 754 964 profugit
778 889 847 946 ab
875 891 954 966 ei;
985 891 1188 960 (Marc.
1222 887 1455 958 xxv).De
1485 904 1603 959 qua
1633 903 1693 942 re
1721 887 1782 942 in
1815 892 2168 942 commenta-

511 978 598 1036 rio
628 995 807 1052 super
836 977 1100 1034 Marcum
1132 977 1287 1032 Beda
1317 974 1460 1031 dicit
1490 975 1568 1048 (4)
1597 993 1658 1029 ;‹‹
1679 975 1782 1030 Hic
1804 975 2162 1052 adolescens.

513 1089 543 1118 ‹‹
575 1051 721 1124 sive,
747 1066 1026 1132 Joannes,
1061 1065 1181 1120 sive
1229 1064 1380 1121 alius
1425 1062 1670 1136 quilibet
1711 1051 1882 1120 nobis
1931 1064 2166 1136 ignotus

513 1179 543 1210 «
574 1155 809 1230 proprio
841 1155 1077 1211 nomine
1109 1154 1302 1220 fuerit,
1340 1157 1562 1209 certum
1595 1156 1683 1208 est
1705 1151 1847 1224 quia
1883 1167 2166 1222 magnum

514 1267 544 1297 ιι
575 1243 794 1301 amoris
823 1243 1089 1300 ardorem
1119 1242 1179 1298 in
1202 1241 1513 1298 Dominum
1549 1240 1879 1296 habuerit.»
1911 1240 2052 1296 Item
2071 1237 2170 1296 alii

517 1332 836 1406 opinantur
865 1330 1188 1388 Martialem
1217 1329 1401 1386 fuisse
1430 1329 1594 1384 illum
1645 1328 2002 1400 discipulum
2046 1329 2168 1400 qui,

512 1420 840 1478 secundum
879 1419 1194 1484 Joannem,
1224 1421 1400 1472 notus
1449 1420 1574 1472 erat
1627 1416 1910 1490 pontiﬁci,
1941 1421 1997 1473 et
2025 1417 2174 1477 dixit

511 1509 860 1576 ostiariis,et
885 1505 1209 1562 introduxit
1233 1505 1500 1572 Petrum;
1523 1506 1680 1578 quod
1713 1505 1822 1560 hac
1861 1507 1934 1561 de
1959 1522 2019 1561 re
2049 1505 2172 1578 opi-

511 1600 752 1661 nantur,
775 1595 915 1669 quia
943 1595 1014 1650 de
1047 1591 1228 1649 nobili
1260 1593 1444 1650 fuisse
1476 1593 1691 1668 legitur
1719 1609 1948 1666 genere,
1973 1611 2039 1650 ac
2071 1611 2174 1667 per

509 1685 624 1742 hoc
654 1681 922 1756 cognitus
967 1681 1249 1753 pontiﬁci.
1296 1681 1406 1736 Alii
1449 1687 1644 1738 autem
1689 1681 1800 1737 hoc
1847 1686 2085 1754 negant,
2117 1685 2174 1738 et

511 1777 784 1832 asserunt
809 1772 1006 1844 ipsum
1037 1767 1392 1842 discipulum
1427 1770 1610 1826 fuisse
1629 1770 2171 1844 Joannem.Augus-

510 1862 672 1920 tinus
702 1877 834 1918 vero
855 1859 916 1915 in
939 1857 1359 1916 commentario
1399 1875 1576 1931 super
1610 1859 1720 1914 hac
1757 1876 1817 1915 re
1839 1859 1922 1914 sic
1944 1861 2026 1914 ait
2046 1860 2119 1932 (5)
2149 1876 2161 1914 :

511 1973 544 2002 ι(
573 1949 883 2006 Nescimus
914 1945 1049 2020 quis
1079 1946 1190 2002 iste
1218 1946 1546 2020 discipulus
1569 1946 1740 2002 fuerit
1773 1951 1948 2004 notus
1974 1947 2166 2020 ponti-

511 2061 544 2091 ‹‹
575 2037 692 2095 ﬁci.
723 2037 849 2093 Non
879 2035 1040 2092 enim
1071 2051 1388 2107 possumus
1427 2036 1720 2091 affirmare
1767 2034 1934 2092 illum
1985 2037 2168 2094 fuisse

509 2145 544 2180 κ
571 2124 1036 2197 Joannem,quia
1061 2123 1688 2196 Joannes,ubicunque
1719 2141 1782 2180 se
1809 2141 2167 2182 commemo-

511 2238 544 2268 α
574 2219 685 2284 rat,
715 2214 828 2270 hoc
858 2212 1082 2284 adjicit,
1115 2227 1276 2284 quem
1304 2211 1571 2281 diligebat
1599 2217 1759 2270 Iesus
1791 2214 1969 2284 (Joan.
1998 2215 2162 2286 xm);

513 2325 544 2357 α
573 2303 670 2359 hic
697 2317 832 2358 vero
863 2299 1314 2373 praetermittit.»
1336 2300 1493 2356 Alios
1517 2317 1751 2373 quoque
1772 2301 1888 2356 vidi
1911 2302 2012 2374 qui
2041 2303 2166 2375 opi-

511 2391 809 2448 nabantur
827 2386 1150 2444 Martialem
1173 2386 1370 2460 ipsum
1389 2405 1518 2444 esse
1551 2389 1856 2445 Matthiam
1878 2395 1936 2446 et
1964 2391 2169 2447 simili-

510 2477 719 2536 tudine
751 2475 1009 2532 nominis
1029 2493 1063 2530 a
1083 2474 1288 2548 lingua
1305 2476 1730 2549 Aquitanorum
1764 2477 1846 2533 ita
1879 2479 2044 2535 facile
2062 2496 2170 2536 cm-

511 2565 674 2641 pisse
696 2564 912 2631 vocari,
937 2563 1058 2620 sive
1087 2567 1395 2636 prepterea
1419 2566 1576 2636 quod
1607 2582 1723 2621 non
1749 2565 1914 2622 facile
1943 2567 2166 2624 inveni-

511 2659 612 2712 tur
638 2653 741 2711 ubi
771 2669 984 2724 corpus
1007 2653 1167 2724 jacet
1196 2652 1470 2709 Matthiae.
1492 2653 1609 2726 Ego
1641 2657 1836 2710 autem
1869 2671 1970 2728 pro
2010 2662 2166 2714 certo

509 2747 682 2802 teneo
713 2741 870 2816 quod
892 2740 941 2796 si
965 2756 1081 2796 non
1103 2739 1256 2796 alius
1277 2745 1432 2797 esset
1451 2741 1812 2810 Matthias,et
1835 2742 1989 2801 alius
2015 2746 2166 2802 Mar-

511 2829 946 2902 tialis,uterque
964 2831 1086 2884 tam
1107 2828 1166 2883 in
1184 2829 1401 2885 nostris
1424 2846 1600 2901 quam
1625 2831 1682 2886 in
1697 2830 2014 2904 Anglorum
2033 2850 2171 2907 gen-

513 2918 594 2977 tis
607 2917 1031 2975 librisminime
1062 2917 1120 2972 in
1152 2917 1355 2974 ordine
1382 2918 1782 2990 apostolorum
1813 2925 1966 2977 esset
1991 2923 2168 2996 scrip-

513 3009 632 3066 tus.
665 3005 772 3064 Per
788 3003 1028 3062 litanias
1067 3005 1360 3078 siquidem
1399 3011 1762 3064 vetustorum
1802 3009 2169 3068 voluminum

513 3095 850 3170 Angligenaa
877 3093 1225 3168 gentis,quae
1244 3093 1378 3151 ﬁdei
1402 3095 1802 3152 rudimentum
1825 3101 1883 3153 et
1903 3097 2172 3156 ecclesia-

2273 533 2473 585 utrum
2510 527 2835 584 Orientales
2867 525 3184 584 Martialem
3214 531 3468 584 nossent.
3500 525 3618 594 Qui,
3647 527 3766 584 alter
3781 529 3848 586 Si-

2275 635 2465 686 meon,
2490 617 2634 673 alter
2655 615 2894 673 nomine
2923 617 3184 684 Cosmas,
3200 632 3455 672 consono
3487 631 3576 671 ore
3599 619 3848 688 responde-

2275 710 2432 772 runt,
2464 705 2722 761 dicentes
2753 721 2767 760 :
2799 727 2828 756 ‹‹
2865 705 3070 777 Utique
3108 703 3431 760 Martialem
3462 703 3704 762 novimus
3719 723 3852 780 apos-

2276 817 2303 845 «
2323 794 2719 862 tolum,unum
2742 794 2816 850 de
2847 792 3218 866 septuaginta
3239 793 3521 848 duobus.»
3545 793 3851 858 Quibuscum
3954 831 3968 851 .

2274 882 2631 938 diceremus:
2647 905 2674 932 «
2689 879 2996 938 Nescimus
3013 885 3220 954 praeter
3238 879 3544 936 duodecim
3558 880 3852 952 apostolosp

2275 971 2774 1043 interrogaverunt
2789 987 2897 1026 nos
2919 987 2932 1024 :
2955 993 2981 1020 ‹‹
3005 969 3342 1033 Habetisne,
3358 968 3732 1041 inquiunt,per
3748 971 3857 1027 istas

2277 1083 2306 1109 «
2340 1058 2726 1115 occidentales
2753 1057 3042 1114 Ecclesias
3088 1055 3506 1129 evangelistam
3551 1056 3754 1125 Lucam,
3781 1059 3856 1130 qui

2279 1170 2306 1197 «
2339 1147 2542 1203 scribit
2558 1147 2701 1204 alios
2714 1145 3085 1219 septuaginta
3095 1145 3245 1202 duos
3255 1161 3384 1200 esse
3405 1143 3610 1200 electos
3623 1162 3654 1200 a
3666 1145 3859 1202 Domino

2278 1259 2308 1288 ‹‹
2341 1240 2473 1310 post
2491 1235 2798 1292 duodecim
2822 1234 3200 1308 apostolos?»
3225 1235 3294 1290 Et
3313 1249 3448 1289 cum
3472 1232 3759 1288 diceremus
3775 1236 3861 1289 uti-

2279 1341 2392 1397 que
2423 1324 2646 1392 haberi,
2671 1325 2773 1380 sed
2805 1323 2938 1380 illos
2969 1322 3345 1396 septuaginta
3374 1322 3521 1377 duos
3549 1338 3580 1377 a
3608 1321 3750 1378 nobis
3774 1339 3860 1378 non

2281 1414 2436 1470 credi
2461 1413 2640 1470 fuisse
2656 1411 3076 1485 apostolos,sed
3100 1415 3336 1467 tantum
3356 1409 3753 1482 discipulos,illi
3770 1429 3864 1484 pro-

2280 1502 2442 1558 tinus
2470 1519 2575 1558 nos
2607 1501 2916 1575 fugientes,
2947 1504 3006 1556 et
3051 1500 3222 1573 signo
3248 1498 3442 1556 crucis
3489 1515 3549 1555 se
3577 1497 3862 1567 munientes,

2281 1594 2583 1662 cmperunt
2611 1588 2890 1646 detestari
2913 1605 3107 1646 vocem
3138 1586 3683 1654 nostram,dicentes
3702 1603 3714 1642 :
3730 1611 3752 1636 α
3775 1588 3866 1644 Dis-

2281 1701 2309 1725 u
2344 1679 2532 1734 cedite
2562 1677 2763 1751 procul
2794 1695 2829 1734 a
2852 1678 3040 1744 nobis,
3067 1675 3288 1743 miseri,
3313 1675 3457 1748 quia
3484 1675 3716 1732 heretici
3741 1677 3863 1744 estis,

2283 1789 2311 1818 «
2344 1784 2478 1822 cum
2513 1784 2626 1822 non
2653 1765 2890 1822 creditis
2910 1765 3102 1822 verbis
3124 1763 3632 1832 Domini,dicentis
3650 1765 3712 1820 ad
3728 1763 3865 1821 illos:

2281 1877 2310 1906 «
2344 1856 2440 1918 Ite,
2463 1872 2580 1912 ecce
2606 1871 2702 1926 ego
2722 1857 2878 1911 mitto
2898 1871 2987 1911 vos
3005 1856 3148 1911 sicut
3163 1869 3338 1923 agnos
3360 1855 3505 1910 inter
3526 1853 3666 1926 lupas
3684 1853 3804 1925 (Luc.
3822 1855 3865 1924 l).

2278 1967 2305 1994 «
2339 1944 2467 1999 Non
2487 1944 2722 2000 creditis
2738 1960 2864 2000 esse
2881 1943 3176 2016 apostolos
3195 1942 3329 1998 illos
3354 1959 3506 2015 quos
3529 1942 3646 2014 ipse
3665 1943 3870 1998 incarna-

2278 2054 2306 2084 «
2337 2037 2433 2088 tus
2463 2033 2748 2090 Dominus
2777 2033 2850 2089 ad
2883 2031 3320 2105 praedicandum
3369 2029 3566 2087 misit?
3621 2023 3867 2086 Duodecim

2280 2141 2310 2173 ‹‹
2341 2121 2506 2177 misit
2521 2121 2772 2187 binos,et
2791 2125 2993 2194 postea
3013 2119 3406 2175 nihilominus
3428 2117 3594 2174 binos
3614 2118 3754 2175 misit
3764 2118 3870 2175 alios

2279 2231 2308 2261 «
2341 2210 2716 2284 septuaginta
2739 2210 2905 2266 duos.
2939 2207 3123 2265 Graeci
3153 2224 3394 2281 semper
3434 2207 3648 2264 Latinis
3691 2207 3869 2280 sapien-

2280 2321 2309 2349 «
2339 2297 2516 2354 tiores
2539 2299 2796 2363 fuerunt,
2819 2302 2878 2354 et
2909 2299 3222 2370 Scriptura;
3246 2297 3591 2354 Latinorum
3618 2314 3680 2352 ex
3705 2297 3871 2353 Graeco-

2280 2409 2308 2438 «
2344 2404 2475 2442 rum
2495 2388 2650 2444 fonte
2671 2386 2938 2443 derivata;
2963 2391 3121 2443 sunt.
3138 2385 3471 2442 Martialem
3495 2385 3869 2459 proinde,quem

2283 2496 2312 2525 «
2342 2492 2447 2531 nos
2497 2475 2767 2543 dicimus,
2799 2483 2826 2532 ὁ
2855 2485 2986 2548 ἅγιος
3015 2483 3328 2549 Nupsit/am,
3365 2491 3502 2532 vere
3548 2473 3746 2532 scimus
3780 2489 3872 2530 esse

2280 2587 2308 2615 «
2335 2581 2523 2637 unum
2549 2565 2621 2620 de
2649 2563 2766 2621 illis
2797 2563 3170 2638 septuaginta
3198 2563 3440 2620 duobus
3463 2563 3562 2636 qui
3592 2579 3715 2618 cum
3748 2562 3872 2618 Petro

2281 2676 2309 2704 ‹‹
2337 2653 2710 2709 Occidentem
2741 2653 2909 2725 petiit
2937 2653 3010 2708 ad
3042 2642 3512 2724 praedicandum,
3545 2651 3702 2722 cujus
3735 2655 3876 2724 gesta,

2280 2763 2308 2791 «
2343 2745 2400 2796 et
2428 2741 2694 2796 omnium
2725 2741 3100 2815 septuaginta
3127 2741 3410 2807 duorum,
3446 2741 3506 2795 in
3537 2743 3718 2795 monte
3755 2737 3877 2794 Sinai

2279 2853 2308 2880 ‹‹
2341 2829 2401 2885 in
2431 2829 2662 2902 eloquio
2690 2833 2890 2886 nostro
2921 2829 3228 2886 habemus.
3257 2851 3285 2878 »
3316 2829 3444 2886 Hoc
3473 2844 3576 2902 ego
3603 2825 3881 2884 testimonio

2281 2935 2314 2974 a
2344 2918 2559 2974 Graecis
2607 2922 2842 2990 accepto
2895 2918 3040 2990 ccepi
3091 2933 3323 2974 mecum
3383 2917 3570 2973 multa
3595 2915 3878 2981 volvere,et,

2281 3006 2508 3062 curiose
2557 3006 2932 3078 antiquorum
2977 3005 3348 3062 voluminum
3411 3021 3621 3062 arcana
3660 3003 3876 3064 rimatus,

2283 3096 2648 3167 frequentius
2692 3093 3014 3150 Martialem
3072 3095 3509 3167 comperiebam
3561 3094 3628 3150 ab
3673 3091 3877 3164 antiquis

531 3167 717 3244 sticus
721 3167 1121 3241 institutiones
1133 3199 1167 3238 a
1178 3183 1453 3256 Gregorio
1466 3200 1616 3256 papa
1627 3185 2182 3258 percepit,Matthias
2213 3167 2256 3234 C
2295 3184 2737 3256 pronuntiatum
2755 3199 2884 3240 esse
2900 3181 3251 3256 apostolum.
3266 3181 3674 3238 Anamadverti
3699 3195 3879 3252 quoque

533 3277 594 3332 et
621 3271 928 3338 Martialis,
951 3277 1194 3344 uterque
1225 3289 1357 3328 cum
1390 3272 1524 3328 aliis
1555 3272 1836 3345 apostolis
1864 3273 2185 3349 inscriptus

431 3431 446 3440 ί
531 3361 802 3420 habetur.
817 3361 1065 3416 Proinde
1085 3376 1201 3416 non
1233 3360 1537 3434 ignorabat
1563 3362 1874 3434 Gregorius
1895 3381 2009 3419 non
2027 3381 2186 3421 eum-

532 3451 668 3508 dem
692 3465 823 3507 esse
851 3447 1157 3504 Matthiam
1207 3449 1308 3520 qui
1357 3453 1415 3504 et
1461 3450 1803 3506 Martialem.
1839 3453 1956 3525 Ego
1987 3458 2182 3510 autem

529 3539 848 3612 quemdam
879 3535 1142 3592 Graecum
1174 3537 1429 3607 peritum
1462 3537 1848 3610 interrogans,
1882 3541 2058 3597 didici
2107 3543 2180 3599 ab

529 3641 597 3684 eo
627 3623 934 3682 Matthiam
955 3623 1239 3678 Armenias
1271 3625 1476 3680 Minori
1511 3626 1875 3697 praedicasse,
1907 3634 1963 3684 et
1993 3629 2070 3685 ibi
2121 3631 2180 3686 in

527 3729 670 3788 pace
693 3711 998 3783 migrasse.
1031 3711 1142 3767 Sed
1194 3711 1440 3768 libenter
1490 3730 1582 3770 me
1631 3716 1830 3771 audiat
1871 3733 2036 3773 sacer
2075 3719 2180 3774 l’a-

527 3805 687 3858 trum
720 3802 1040 3856 conventus
1092 3801 1239 3856 Ante
1271 3800 1378 3856 hos
1410 3801 1606 3874 plures
1631 3821 1816 3860 annos
1851 3805 2092 3878 quidam
2112 3823 2180 3863 ex

530 3886 812 3945 lratribus
835 3887 908 3944 de
929 3890 1124 3944 monte
1144 3888 1300 3944 Sinai
1323 3889 1382 3944 in
1405 3889 1554 3964 hanc
1577 3895 1798 3963 partem
1825 3895 2185 3951 advenerunt

529 3975 835 4035 occiduam
855 3974 956 4033 Dei
979 3975 1324 4049 disponente
1355 3983 1522 4047 nutu,
1549 3981 1811 4036 moribus
1840 3983 2184 4054 graves,do-

529 4064 718 4124 ctrina
747 4064 1043 4122 catholica
1083 4065 1218 4122 ﬁdei
1263 4068 1640 4139 proﬂuentes,
1673 4067 1789 4123 vita
1835 4086 1938 4142 per
1985 4070 2185 4128 omnia

527 4153 782 4224 honesti,
812 4153 1121 4227 utriusque
1147 4154 1363 4228 lingua:
1395 4156 1596 4228 periti;
1622 4157 1744 4228 qui.
1777 4174 1912 4212 cum
1944 4158 2042 4214 diu
2077 4177 2182 4216 no-

525 4241 760 4300 hiscum
777 4241 1126 4314 Engolismze
1151 4243 1402 4299 fuissent
1431 4249 1832 4316 exspectantes
1854 4246 2180 4320 principem

529 4329 804 4398 civitatis,
825 4333 885 4386 et
913 4327 1122 4386 litteris
1152 4331 1363 4388 Graecis
1394 4337 1450 4388 et
1472 4333 1693 4388 Latinis
1723 4350 1822 4390 eos
1854 4334 2182 4392 videremus

529 4419 601 4475 ad
627 4433 886 4492 unguem
917 4417 1389 4492 imbutos,super
1418 4419 1526 4476 hac
1560 4437 1618 4476 re
1640 4421 1996 4494 interrogare
2015 4441 2180 4480 cura-

2297 3273 2541 3328 Paulum
2570 3277 2629 3328 et
2656 3273 3007 3341 Barnabam,
3039 3270 3216 3328 Silam
3266 3275 3326 3328 et
3377 3269 3753 3334 Timotheum,
3784 3284 3879 3324 esse

2292 3361 2608 3433 apostolos,
2640 3377 2756 3416 non
2805 3361 2876 3416 de
2920 3359 3250 3426 duodecim,
3281 3377 3405 3416 non
3465 3360 3538 3416 de
3575 3357 3879 3430 septuaginta

2291 3449 2539 3504 duobus.
2576 3447 2844 3521 Perspexi
2873 3449 3016 3522 quia
3042 3447 3388 3505 Timotheus
3421 3446 3731 3520 discipulus
3755 3443 3877 3502 Pauli

2291 3554 2323 3593 a
2358 3537 2704 3610 Hieronymo
2753 3536 2968 3592 dicitur
3023 3537 3346 3610 apostolus.
3383 3537 3614 3593 Marcus
3659 3534 3804 3590 etiam
3839 3533 3880 3586 et

2292 3626 2500 3692 Lucas,
2532 3623 2685 3682 Silas
2727 3631 2902 3697 atque
2950 3625 3282 3694 Onesimus,
3314 3630 3378 3680 et
3407 3623 3509 3681 alii
3557 3624 3772 3698 quidam
3809 3636 3880 3693 per

2287 3720 2507 3771 veteres
2534 3714 2855 3787 scripturas
2876 3713 3156 3770 dicuntur
3170 3714 3511 3786 apostoli,et
3532 3711 3781 3769 memoria
3796 3708 3876 3764 illis

2288 3803 2606 3876 apostolica
2650 3803 2976 3860 exhibetur.
3023 3804 3137 3873 Sic,
3170 3803 3286 3858 Deo
3338 3803 3648 3870 revelante,
3679 3802 3882 3874 patenter

2291 3891 2614 3964 intelligere
2633 3891 2776 3964 ccepi
2802 3909 2934 3970 vere
2963 3891 3131 3947 illum
3155 3908 3282 3948 esse
3313 3891 3664 3964 apostolum,
3690 3887 3788 3961 qui,
3807 3902 3877 3957 ge-

2293 3996 2429 4036 nere
2459 3980 2752 4048 Hebraaus,
2787 3980 3020 4036 Domini
3051 3979 3406 4052 discipulus,
3429 3979 3656 4037 Domini
3685 3979 3736 4033 in
3763 3989 3880 4032 cana

2292 4068 2582 4134 minister,
2595 4067 2826 4124 Domini
2859 4067 3251 4124 insul‘ﬂatione
3279 4069 3508 4140 Spiritu
3541 4073 3726 4124 sancto
3749 4061 3882 4135 reple-

2291 4161 2409 4224 tus,
2444 4173 2478 4212 a
2507 4155 2750 4212 Domino
2783 4161 3072 4228 potestate
3102 4155 3322 4229 ligandi
3356 4161 3538 4230 atque
3566 4153 3792 4213 solvendi
3809 4167 3879 4206 su-

2289 4244 2630 4313 blimatus,a
2660 4245 2902 4300 Domino
2927 4247 2998 4300 ad
3032 4244 3475 4318 praedicandum
3505 4237 3908 4310 missueructio-

2290 4335 2494 4390 ﬁcator
2523 4334 2816 4390 maximus
2849 4334 2906 4388 in
2939 4334 3129 4390 ofﬁcio
3155 4333 3527 4406 apostolatus
3551 4333 3770 4390 existere
3793 4343 3879 4383 me-

2291 4423 2436 4490 ruit;
2469 4427 2526 4478 et
2556 4423 2705 4478 hanc
2737 4421 3001 4496 regulam
3031 4422 3466 4491 rationabilem,
3496 4428 3554 4480 et
3582 4414 3880 4478 auctoritatis

525 4506 722 4563 vimus
750 4523 871 4595 eos.
905 4507 982 4562 Eo
1013 4511 1275 4580 tempore
1307 4508 1429 4564 ha-c
1465 4509 1666 4583 regula
1695 4510 1766 4566 de
1789 4511 2034 4582 apostoli
2067 4530 2183 4570 me-
2212 4531 2258 4595 Ι)
2289 4511 2665 4583 antiquorum
2719 4510 2976 4584 plenam,
3009 4515 3066 4567 et
3095 4511 3191 4568 Dei
3223 4511 3526 4568 voluntate
3571 4509 3878 4595 inspiratam.

527 4595 716 4652 moria
744 4593 804 4649 in
825 4593 936 4649 hac
953 4595 1096 4652 urbe
1119 4596 1965 4672 frequentabatur,recuperata
1987 4601 2182 4674 potius
2213 4593 2245 4595 Ὗ
2290 4599 2565 4672 deinceps
2585 4600 2938 4672 judicavi,et
2967 4617 3036 4656 ex
3085 4617 3150 4656 eo
3199 4600 3512 4657 defendere
3539 4599 3670 4656 totis
3708 4593 3882 4650 viribus

529 4699 707 4758 quam
733 4681 922 4756 primo
969 4681 1262 4751 inchoata,
1289 4685 1618 4742 viventibus
1665 4703 1798 4756 rege
1847 4687 2097 4744 Roberto
2124 4695 2182 4746 et

527 4770 819 4829 Gauzleno
851 4769 1196 4829 Bituricensi
1235 4773 1826 4849 archiepiscopo.Ego
1857 4781 2051 4834 autem
2075 4779 2181 4834 En-

528 4859 790 4935 golismas
821 4861 1070 4934 positus,
1088 4861 1186 4918 ubi
1208 4862 1383 4918 etiam
1406 4864 1478 4918 ab
1511 4864 1746 4920 ineunte
1777 4869 1944 4922 aetate
1973 4867 2180 4924 educa—

527 4949 625 5006 tus
645 4965 802 5016 sum,
827 4948 968 5005 dum
999 4949 1152 5006 inter
1171 4949 1314 5006 alios
1341 4951 1508 5023 quasi
1542 4951 1759 5007 sciolus
1777 4951 2018 5024 viderer,
2045 4959 2179 5013 ante

527 5051 733 5094 omnes
761 5040 820 5094 et
849 5052 1027 5110 super
1057 5055 1263 5096 omnes
1293 5039 1427 5096 huic
1455 5057 1594 5096 sane
1635 5040 1846 5112 regulae
1896 5059 2180 5116 repugna-

524 5123 684 5195 bam,
707 5127 924 5198 putans
952 5143 1082 5183 esse
1099 5144 1315 5183 vanum
1347 5136 1402 5184 ct
1436 5128 1802 5194 falsum,sive
1832 5147 1900 5186 ex
1929 5131 2178 5188 elatione

524 5212 920 5282 descendisse,
953 5213 1093 5287 quia
1121 5215 1446 5272 Martialem
1475 5217 1782 5272 audiebam
1808 5218 1864 5272 in
1899 5218 2006 5274 hac
2034 5221 2178 5277 urbe

525 5299 924 5358 Lemovicensi
959 5304 1254 5374 praedicari
1276 5322 1405 5361 esse
1431 5307 1760 5377 apostolum
1783 5324 1795 5362 :
1817 5313 1875 5362 et
1907 5308 2177 5368 incautus

521 5387 878 5446 rusticorum
909 5390 1168 5463 opinioni
1204 5411 1393 5450 meam
1426 5395 1939 5451 accommodabam
1971 5396 2176 5454 intelli-

519 5475 802 5553 gentiam,
833 5483 1045 5552 putans
1075 5483 1366 5540 neminem
1413 5501 1540 5540 esse
1585 5483 1918 5556 apostolum
1969 5493 2176 5559 praeter

595 5565 674 5642 (4)
697 5565 863 5625 Beda
895 5585 1124 5640 sensus,
1158 5588 1273 5628 non
1304 5571 1496 5628 verba.

2290 4688 2618 4760 cmpi,quod
2648 4688 2786 4744 totis
2806 4688 3029 4745 viribus
3061 4693 3194 4746 ante
3225 4688 3510 4763 ignorans
3531 4683 3878 4762 persequebar.

2287 4777 2434 4832 Nam
2465 4781 2520 4832 et
2548 4776 2863 4849 episcopus
2893 4781 3092 4834 noster
3127 4777 3591 4851 Engolismensis
3632 4776 3792 4842 Euge,
3817 4768 3882 4822 vir

2287 4865 2678 4937 undequaque
2707 4864 3225 4937 doctissimus,qui
3247 4869 3383 4921 ante
3414 4865 3522 4922 hos
3551 4856 3878 4936 quadraginta

2286 4971 2472 5010 annos
2503 4951 2791 5027 migravit,
2823 4954 2998 5025 cujus
3029 4971 3332 5010 successor
3362 4959 3499 5010 ante
3528 4952 3632 5008 hos
3651 4951 3875 5022 quatuor-

2287 5043 2474 5098 decim
2506 5059 2690 5098 annos
2721 5047 2812 5098 est
2841 5043 3240 5114 defunctus,in
3267 5043 3526 5115 quadam
3551 5057 3652 5096 sua
3673 5033 3873 5094 editione

2287 5130 2357 5186 de
2387 5129 2647 5186 Martiale
2676 5129 2799 5186 haec
2827 5129 3058 5186 locutus
3087 5136 3211 5188 est:
3237 5155 3265 5182 ‹‹
3287 5116 3872 5202 Illis,inquit,tempori-

2286 5243 2314 5271 «
2349 5221 2459 5275 bus
2490 5221 2691 5276 civitas
2723 5221 3026 5278 Lemovica
3047 5227 3182 5279 ante
3211 5239 3413 5278 omnes
3435 5225 3493 5278 et
3521 5235 3688 5291 super
3711 5223 3867 5270 omne!

2286 5333 2313 5359 ‹‹
2349 5310 2670 5366 Galliarum
2693 5311 2865 5366 urbes
2889 5311 3398 5379 eminebat,arcem
3421 5308 3583 5384 regni
3600 5294 3866 5378 Aquitzmici

2285 5423 2311 5448 ‹‹
2347 5403 2552 5454 tenens
2576 5416 2588 5455 ε
2612 5403 2668 5454 et
2685 5399 2944 5470 pervenit
2965 5401 3034 5455 ad
3055 5417 3181 5456 eam
3207 5401 3410 5457 beatus
3438 5395 3722 5460 Martialis,
3741 5386 3819 5462 qui
3840 5399 3866 5436 ι

2288 5510 2314 5538 «
2348 5487 2592 5544 Domino
2618 5503 2720 5560 per
2740 5485 3088 5560 legationem
3110 5489 3174 5544 Β.
3199 5489 3344 5546 Petri
3380 5487 3646 5562 gentibus
3669 5475 3864 5552 Aquila.

2357 5578 2434 5646 (5)
2465 5577 2606 5632 Item
2640 5580 2696 5632 et
2726 5577 3060 5649 Augustini.
