4094 6158
149 339 302 407 1365

1183 339 1393 408 ACTA
1437 339 1794 409 CONCILII
1839 338 2416 409 LEMOVICENSIS
2459 336 2536 409 II.

3425 343 3583 415 1366
3625 323 3634 326 ”

151 503 175 531 α
206 478 354 535 nicis
385 473 474 534 est
493 471 825 534 destinatus
855 476 1472 549 apostolus.Qui,dum
1498 478 1574 533 ad
1600 477 1819 531 Burdi-
1853 477 1908 542 Α
1941 500 1965 524 ‹‹
2007 477 2340 550 episcopum
2373 478 2590 535 videret
2621 497 2763 552 puer
2795 476 3094 551 macerari,
3129 479 3300 558 coepit
3347 483 3574 541 timere.

143 592 173 620 «
203 567 396 642 galam
432 566 639 623 urbem
665 565 737 621 ad
769 565 1199 638 praedicandum
1231 566 1608 622 Vasconibus
1647 564 1836 634 profi-

144 682 170 709 «
202 659 542 723 cisceretur,
575 655 898 710 transitum
944 671 1046 726 per
1075 655 1362 710 civitatem
1395 653 1831 724 Engolismam

140 770 167 798 ‹‹
199 747 427 803 habuit.
462 746 532 800 Et
571 744 675 800 diu
728 742 850 798 illic
903 743 1258 810 demoratus,
1291 743 1830 816 Engolismensem

147 856 167 884 ι
198 835 484 909 pepulum
518 834 590 888 ad
625 833 812 888 Deum
843 830 1042 886 vivum
1075 832 1374 900 convertit,
1407 832 1674 903 ejusque
1707 829 1830 898 pri-

139 947 166 975 «
200 942 365 980 mum
390 923 736 995 episcopum
761 919 998 975 nomine
1019 922 1357 987 Ausonium,
1375 937 1441 974 ex
1460 920 1590 991 ipsa
1620 919 1828 983 patria

141 1037 166 1064 ‹‹
201 1013 542 1077 oriundum,
574 1027 754 1082 quem
787 1009 915 1081 ipse
947 1009 1358 1080 baptizaverat,
1383 1000 1753 1065 ordinavit.»

207 1101 274 1157 Et
304 1118 439 1156 cum
480 1100 725 1172 quidam
759 1115 828 1153 ex
884 1097 1132 1153 concilio
1191 1099 1448 1154 dicerent
1479 1116 1492 1154 :
1527 1101 1651 1151 Cur
1683 1094 1819 1154 Dio-

138 1191 360 1263 nysius,
391 1189 493 1260 qui
525 1187 699 1260 longe
733 1190 866 1258 post
895 1185 1225 1242 Martialem
1260 1189 1318 1242 in
1350 1187 1598 1244 Galliam
1629 1187 1813 1254 venit,

139 1280 195 1334 iu
218 1279 367 1334 libro
389 1279 641 1332 Actuum
675 1273 1081 1347 apostolorum
1117 1276 1625 1344 nominatur,cum
1653 1273 1812 1332 Mar-

137 1367 295 1422 tialis
309 1365 656 1420 nominatim
673 1381 789 1419 non
805 1363 886 1418 ibi
910 1362 1306 1435 exprimitur?
1319 1388 1346 1416 ››
1366 1366 1463 1421 Ille
1477 1367 1807 1438 respondit:

143 1480 168 1508 ς(
198 1455 345 1520 Quia
373 1453 687 1525 Dionysius
717 1451 956 1525 gentilis
1006 1451 1346 1525 discipulus
1395 1455 1557 1510 Pauli
1591 1455 1723 1522 fuit,
1754 1460 1810 1511 et

138 1545 322 1600 Lucas
347 1558 540 1598 comes
572 1540 735 1596 Pauli
767 1545 912 1607 erat,
937 1539 1038 1610 qui
1072 1540 1138 1595 in
1172 1541 1273 1597 illo
1308 1542 1455 1598 libro
1488 1543 1621 1616 plus
1647 1548 1811 1616 gesta

138 1632 323 1699 Pauli,
357 1648 484 1703 qua:
514 1628 678 1694 vidit,
706 1632 956 1684 enarrat.
977 1628 1092 1682 Sed
1131 1631 1202 1684 de
1236 1631 1584 1687 nominibus
1607 1649 1808 1688 eorum

137 1722 237 1794 qui
270 1726 405 1775 tunc
436 1718 496 1774 in
529 1715 940 1791 praedicatione
971 1715 1328 1782 floruerunt,
1355 1719 1500 1790 quid
1535 1721 1704 1776 nobis
1724 1721 1810 1775 vel

135 1807 540 1866 controversia
574 1805 659 1861 vel
691 1803 961 1860 utilitatis
993 1805 1252 1879 attingat
1301 1825 1418 1863 non
1452 1809 1643 1874 video,
1677 1825 1808 1863 cum

134 1899 336 1972 plures
353 1893 842 1962 nominenturibi,
857 1892 942 1947 vel
965 1892 1022 1947 in
1042 1894 1329 1966 Epistolis
1350 1896 1539 1963 Pauli,
1559 1915 1809 1969 quorum

134 1987 482 2044 memoriam
502 1984 561 2040 in
583 1982 990 2040 festivitatibus
1013 1984 1262 2041 minime
1289 1985 1590 2041 novimus.
1613 1986 1691 2040 De
1722 1985 1814 2040 Ja-

136 2093 287 2133 sone
313 2075 406 2130 illo
430 2073 673 2145 antiquo
703 2070 1010 2143 discipulo,
1028 2072 1099 2127 de
1120 2072 1396 2147 Philippo
1419 2073 1808 2146 evangelista,

139 2166 210 2221 de
243 2162 466 2236 Apollo,
499 2163 572 2218 de
603 2161 888 2234 Epaphra,
924 2160 1048 2215 sive
1079 2161 1149 2216 de
1179 2161 1318 2218 aliis
1341 2163 1422 2217 ibi
1457 2161 1810 2218 nominatim

141 2252 458 2325 expressis,
490 2267 597 2306 nos
627 2249 863 2322 quidem
897 2265 1101 2303 eorum
1153 2252 1524 2306 mentionem
1558 2267 1662 2322 per
1692 2249 1809 2305 sin-

139 2342 306 2416 gula,
339 2338 605 2413 quamvis
632 2339 955 2411 speciatim,
982 2338 1106 2393 sive
1131 2339 1470 2395 nesciamus
1495 2342 1617 2395 sive
1639 2339 1810 2395 omit-

140 2438 366 2495 tamus,
397 2428 480 2484 illi
515 2434 711 2484 tainen
739 2427 960 2498 populi,
985 2425 1202 2499 quibus
1237 2427 1468 2498 patroni
1503 2428 1625 2482 dati
1647 2431 1810 2498 sunt,

137 2525 370 2576 certum
393 2521 481 2573 est
502 2516 846 2572 memoriam
868 2531 1072 2570 eorum
1097 2533 1211 2570 non
1236 2516 1496 2588 segniter
1524 2515 1807 2572 venerari.

136 2610 314 2672 Nam,
335 2606 440 2662 etsi
472 2604 755 2660 Martialis
784 2603 1073 2659 memoria
1103 2605 1258 2675 apud
1294 2606 1584 2675 quaedam
1608 2609 1810 2676 gentes

133 2713 342 2752 annua
372 2693 676 2766 speciatim
708 2709 822 2748 non
855 2697 1086 2764 agatur,
1110 2691 1279 2749 nobis
1312 2696 1508 2748 tamen
1538 2693 1811 2749 Occiden-

131 2784 381 2847 talibus,
413 2781 513 2853 qui
545 2782 673 2852 ejus
707 2781 959 2836 adventu
995 2779 1313 2835 illuminati
1347 2798 1554 2836 sumus
1589 2780 1806 2838 caelesti

130 2871 530 2942 claritate,qui
553 2886 688 2925 eum
707 2869 764 2923 iu
784 2868 929 2924 caelo
948 2872 1004 2923 et
1021 2873 1177 2924 terra
1199 2874 1511 2941 patronum
1546 2869 1808 2926 occiduis

130 2961 420 3034 gentibus
440 2975 568 3014 esse
589 2957 832 3024 scimus,
855 2974 969 3012 non
989 2956 1230 3029 ignobili
1251 2958 1650 3016 recordatione
1662 2975 1811 3014 sem-

133 3067 249 3122 per
286 3065 388 3119 pro
417 3045 956 3119 opportunitatibus
1008 3045 1279 3101 hadenda
1310 3049 1398 3102 est
1426 3048 1805 3118 gaudiorum.

134 3138 329 3194 Porro
354 3141 544 3191 autem
578 3135 648 3190 de
675 3133 949 3206 Dionysio
975 3134 1338 3206 Areopagita,
1364 3135 1460 3206 qui
1485 3135 1544 3190 in
1567 3137 1810 3193 Actibus

1941 588 1968 613 «
2004 567 2166 620 Tunc
2199 572 2434 623 sanctus
2463 569 2811 627 Laurentius
2843 573 3224 630 corroborans
3247 576 3430 632 aetatis
3453 577 3580 646 ejus

1943 675 1970 703 «
2002 655 2328 722 infantiam,
2380 657 2461 712 ait
2507 659 2578 713 ad
2627 675 2760 714 eum
2798 677 2810 714 :
2848 661 3133 730 Marcelle,
3168 663 3395 734 genitor
3441 668 3579 719 tuus

1939 766 1966 793 ‹‹
1999 748 2202 816 1Egeas
2236 745 2417 800 noluit
2463 747 2759 803 Christum
2812 751 3065 818 credere,
3101 768 3235 806 nam
3268 756 3454 807 mater
3487 757 3583 808 tua

1936 853 1963 882 ‹‹
1997 832 2349 900 Marcellina,
2367 840 2421 889 et
2444 835 2652 891 fratres
2668 835 2752 890 tui
2771 837 3126 894 Saturninus
3155 843 3214 894 et
3243 840 3575 912 Dionysius,

1935 942 1962 970 «
1986 922 2227 990 jubente
2253 929 2453 978 sancto
2476 923 2767 980 Clemente
2793 943 2941 998 papa
2965 926 3127 982 urbis
3147 931 3361 994 Romae,
3394 929 3578 1000 parti-

1931 1030 1957 1057 ‹‹
1993 1009 2100 1064 bus
2123 1009 2531 1079 Galliarum,ut
2557 1013 2628 1068 ad
2656 1013 2825 1069 fidem
2852 1015 3242 1072 Christianam
3266 1022 3468 1090 gentes
3487 1018 3578 1072 in-

1927 1120 1954 1147 ‹‹
1989 1103 2299 1165 struerent,
2326 1101 2525 1156 directi
2550 1106 2706 1156 sunt.
2731 1103 2888 1158 Vade
2910 1105 2980 1158 ad
3005 1121 3124 1169 eos,
3149 1109 3213 1159 ut
3234 1122 3348 1161 non
3372 1122 3573 1177 pereas

1924 1210 1952 1237 «
1986 1187 2043 1242 in
2097 1204 2274 1242 manu
2325 1188 2498 1244 Decii.
2537 1211 2563 1238 »
2595 1191 2663 1245 Et
2711 1191 2862 1246 infra
2914 1191 3128 1247 dicitur
3160 1211 3172 1248 :
3209 1217 3237 1243 «
3271 1194 3572 1250 Profectus

1925 1297 1953 1324 «
1986 1275 2294 1331 Marcellus
2313 1293 2447 1332 cum
2467 1279 2775 1333 Anastasio
2796 1279 3195 1336 commilitone
3216 1281 3568 1351 Christiano,

1921 1386 1948 1413 «
1983 1369 2048 1418 ut
2070 1364 2178 1419 iret
2201 1364 2298 1418 ubi
2331 1369 2454 1420 erat
2475 1367 2651 1421 frater
2679 1383 2822 1422 suus
2855 1368 3209 1424 Saturninus
3240 1370 3570 1441 episcopus,

1921 1475 1948 1502 ‹‹
1986 1453 2249 1524 pervenit
2277 1470 2461 1525 usque
2485 1454 2555 1508 ad
2579 1451 3099 1527 Argentomagum,
3126 1457 3246 1523 ubi,
3273 1474 3306 1511 a
3327 1458 3572 1528 praeside

1921 1564 1947 1591 ‹‹
1983 1541 2463 1613 comprehensus,
2494 1542 2814 1613 inquisitos
2857 1548 2946 1597 est
2978 1545 3132 1599 unde
3162 1550 3335 1612 esset,
3371 1550 3472 1600 aut
3502 1547 3576 1601 de

1920 1652 1947 1679 ‹‹
1983 1629 2120 1701 quia
2151 1630 2447 1701 provincia
2475 1629 2562 1685 vel
2598 1631 2829 1686 civitate
2861 1631 2974 1686 huc
3005 1633 3278 1698 venisset,
3312 1650 3455 1704 puer
3487 1651 3572 1688 re-

1920 1742 1947 1768 «
1983 1719 2257 1790 spondit:
2288 1718 2656 1774 Christianus
2688 1737 2840 1787 sum,
2868 1721 2939 1776 ab
2959 1721 3102 1776 urbe
3134 1722 3318 1777 Roma
3344 1722 3574 1790 exivi,pt

1921 1829 1949 1856 «
1984 1824 2228 1878 propero
2263 1808 2331 1862 ad
2366 1808 2657 1864 civitatem
2709 1808 3002 1876 Tolosam,
3039 1811 3138 1864 ubi
3199 1811 3406 1866 fratres
3457 1811 3571 1866 mei

1921 1918 1948 1944 «
1984 1895 2338 1951 Saturninus
2369 1899 2425 1950 et
2474 1896 2785 1969 Dionysius
2832 1903 3288 1954 commorantur.
3323 1900 3424 1955 Cui
3459 1901 3573 1955 He-

1921 2008 1947 2033 ‹‹
1986 1983 2199 2038 raclius
2231 2001 2443 2055 praeses
2469 1985 2698 2040 aitzDic
2732 1985 2875 2039 mihi
2909 1986 3258 2041 vocabulum
3281 1989 3465 2059 patris
3482 1986 3569 2042 vel

1922 2094 1949 2122 ‹‹
1984 2072 2187 2127 matris
2218 2077 2349 2128 tuus.
2385 2073 2532 2128 Puer
2564 2073 2902 2144 respondit:
2938 2075 3108 2129 Pater
3139 2092 3304 2130 meus
3335 2081 3563 2148 Egeas,

1921 2183 1949 2210 «
1985 2165 2041 2215 et
2071 2165 2256 2215 mater
2286 2177 2414 2216 mea
2445 2161 2780 2216 Marcellina
2810 2164 3133 2235 nuncupati
3167 2164 3568 2219 sunt.»—Sed

1921 2249 1968 2304 si
1999 2248 2175 2304 velint
2205 2249 2481 2322 episcopi,
2517 2249 2644 2321 ipsa
2684 2251 2879 2321 passio
2910 2251 2968 2306 in
3003 2251 3315 2307 concilium
3367 2269 3568 2308 eorum

1920 2342 2112 2409 potest
2143 2338 2268 2392 sine
2300 2327 2464 2393 mora
2494 2339 2726 2393 deferri.
2762 2339 2889 2394 Haec
2922 2339 3062 2395 mihi
3096 2358 3210 2395 non
3242 2341 3574 2412 discrepare

1919 2426 2191 2480 videntur
2218 2443 2252 2481 a
2282 2427 2572 2497 scriptura
2604 2444 2732 2497 quae
2765 2445 2942 2498 penes
2978 2445 3085 2483 nos
3117 2427 3464 2500 Engolismae
3503 2429 3574 2484 de

1919 2513 2174 2586 Dionysii
2210 2515 2392 2586 gestis
2419 2514 2684 2569 habetur.
2724 2515 2807 2570 lbi
2839 2516 2995 2571 enim
3028 2515 3240 2589 legitur
3271 2517 3424 2588 quod
3447 2517 3574 2572 Cle-

1920 2619 2085 2658 mens
2103 2604 2415 2674 quemdam
2433 2601 2768 2675 Philippum
2784 2605 3574 2676 ordinaveritepiscopum,et

1917 2692 2206 2763 Hispaniae
2254 2692 2630 2746 destinaverit
2681 2692 2747 2746 ad
2787 2693 3265 2764 praedicandum;
3300 2691 3572 2762 Dionysio

1916 2797 2048 2835 vero
2091 2780 2248 2835 verbi
2281 2779 2458 2834 divini
2493 2779 2718 2833 semina
2749 2780 3021 2852 gentibus
3052 2778 3294 2834 tradidit
3337 2795 3576 2852 erogan-

1917 2869 2020 2935 da;
2047 2885 2221 2940 quem
2237 2867 2295 2921 in
2315 2867 2563 2924 Galliam
2589 2868 3567 2940 misit,sociosqueeiSaturninum,

1919 2955 2319 3012 Marcellinum
2381 2961 2438 3011 et
2497 2956 2837 3023 Lucianum,
2900 2961 3076 3029 atque
3147 2955 3453 3012 Rusticum
3514 2964 3572 3014 et

1918 3044 2318 3101 Eleutherium
2351 3043 2762 3109 adhibuit.Qui
2797 3061 2929 3100 cum
2961 3045 3138 3101 simul
3171 3045 3572 3117 pervenissent
3653 3109 3656 3112 ,

1918 3134 1990 3190 ad
2030 3138 2262 3205 portum
2311 3133 2740 3188 Arelatensium
2792 3134 3064 3200 civitatis,
3101 3133 3476 3190 Marcellinus
3508 3137 3566 3191 in

134 3222 545 3297 apostolorum
563 3227 943 3288 memoratur,
953 3226 1154 3294 putare
1176 3223 1434 3278 solebam
1459 3222 1661 3295 ipsum
1681 3242 1808 3281 esse
1839 3213 1882 3281 C
1921 3223 2260 3294 Hispaniam
2281 3223 2443 3287 abiit,
2458 3222 2810 3276 Saturninus
2832 3227 3024 3278 autem
3056 3221 3327 3278 Tolosam
3354 3225 3577 3295 profec-

133 3313 247 3387 qui
276 3312 334 3366 in
355 3310 600 3367 Galliam
623 3328 755 3366 cum
773 3312 1013 3367 Rustico
1035 3315 1091 3366 et
1113 3310 1443 3368 Eleutherio
1468 3317 1814 3384 postdeces-

129 3420 285 3461 sum
317 3401 712 3473 apostolorum
749 3401 900 3456 Petri
931 3405 988 3456 et
1025 3401 1189 3456 Pauli
1221 3406 1278 3456 et
1309 3402 1600 3460 Martialis
1630 3405 1809 3472 venit,

132 3493 340 3550 donec
369 3507 555 3563 nuper
582 3491 828 3562 contigit
857 3488 1003 3545 mihi
1032 3490 1268 3545 fortuito
1299 3490 1486 3563 legere
1509 3509 1813 3550 commen-

130 3579 370 3638 tarium
401 3579 564 3634 Beda:
596 3595 774 3650 super
802 3577 951 3634 libro
981 3579 1231 3633 Actuum
1264 3578 1687 3653 apostolorum,
1713 3582 1813 3637 ubi

128 3669 225 3724 ita
280 3666 565 3738 scriptum
604 3673 692 3722 est
723 3667 899 3738 (ΒΕυΑ
920 3668 979 3721 in
1001 3669 1113 3721 Act.
1137 3668 1275 3736 xvn)
1311 3684 1323 3721 :
1362 3666 1674 3739 Dionysius
1705 3671 1813 3725 iste

125 3754 498 3828 Areopagita
528 3756 652 3828 ipse
670 3760 759 3811 est
780 3755 880 3827 qui
905 3760 1110 3826 postea
1137 3755 1576 3812 Corinthiorum
1598 3759 1816 3829 episco-

128 3862 269 3919 pus
300 3844 508 3912 factus,
531 3843 956 3916 gloriosissime
979 3842 1298 3898 Ecclesium
1327 3844 1560 3910 rexit,et
1581 3846 1812 3919 eloquio

129 3934 350 3990 clarus
381 3930 598 3988 multos
620 3931 801 3988 libros
824 3932 895 3986 ad
916 3931 1233 3987 utilitatem
1259 3930 1528 3987 Ecclesia;
1553 3936 1808 4008 scripsit,

126 4052 208 4064 —
235 4021 434 4092 Hujus
446 4020 1110 4093 Dionysiiﬂieronymus
1137 4021 1195 4076 in
1221 4020 1504 4076 Chronico
1527 4039 1633 4079 suo
1657 4043 1815 4080 men-

129 4112 377 4167 tionem
409 4109 627 4164 faciens
656 4109 802 4164 dixit
825 4110 901 4181 (6)
929 4126 942 4162 :
980 4109 1345 4182 «Dionysius
1377 4109 1814 4168 Corinthiorum

131 4223 165 4251 ‹‹
205 4197 786 4271 episcopus,elequio
805 4197 1018 4263 clarus,
1035 4199 1144 4252 sub
1167 4197 1460 4254 Antonino
1484 4197 1680 4255 ﬂoruit
1701 4201 1816 4256 im-

127 4312 160 4338 α
206 4290 509 4358 peratore,
526 4303 640 4357 quo
653 4291 915 4357 tempore
930 4286 1279 4359 Polycarpus
1302 4286 1630 4359 discipulus
1643 4290 1816 4345 Joan-

130 4401 164 4426 ‹‹
207 4374 314 4431 nis
350 4374 717 4447 evangelista:
749 4391 962 4446 passus
985 4380 1109 4430 est:
1137 4376 1246 4430 sub
1265 4376 1515 4446 Traiano
1538 4394 1690 4444 vero,
1719 4387 1822 4450 qui

127 4489 160 4516 α
206 4463 472 4537 quintus
496 4463 1671 4536 postVespasianumimperavit,Joannes
1691 4485 1827 4539 apo-

1920 3317 2017 3366 tus
2032 3315 2208 3376 est,et
2223 3311 2532 3384 Dionysius
2558 3329 2690 3364 cum
2725 3311 2963 3367 Rustico
2985 3317 3041 3368 et
3069 3311 3395 3368 Eleutherio
3414 3313 3574 3369 Pario

1923 3402 2043 3458 sios
2073 3399 2669 3456 adierunt.Lucianus
2699 3417 2830 3454 vero
2865 3401 3246 3474 presbyterad
3265 3401 3574 3460 Belvacen-

1923 3507 2048 3547 sem
2073 3490 2365 3561 profectus
2386 3494 2475 3544 est
2498 3490 2719 3543 urbem.
2745 3487 3016 3545 Julianus
3039 3505 3269 3562 quoque
3301 3490 3579 3548 Cenoma-

1924 3579 2144 3644 nensis,
2163 3583 2226 3632 ut
2250 3578 2306 3632 in
2332 3577 2510 3650 gestis
2533 3579 2661 3648 ejus
2685 3578 3029 3650 reperimus,
3047 3595 3252 3652 genere
3275 3579 3577 3638 Romanus

1924 3667 2422 3723 fuit.Saturuinus
2443 3671 2657 3730 autem,
2685 3670 2748 3720 ut
2773 3667 2965 3738 passio
2989 3669 3116 3739 ejus
3133 3668 3300 3723 docet
3315 3672 3577 3743 tempore

1923 3755 2264 3812 Diocletiani
2298 3762 2354 3811 et
2378 3756 2734 3822 Maximiani,
2752 3756 2921 3812 Decio
2945 3757 3289 3812 Germanico
3318 3764 3374 3813 et
3399 3760 3574 3817 Grato

1924 3843 2286 3912 consulibus,
2323 3861 2532 3917 passus
2564 3850 2670 3898 est.
2707 3843 2921 3898 Verum
2953 3844 3266 3900 nonnullos
3297 3849 3470 3904 audio
3495 3850 3578 3903 in-

1919 3935 2150 3991 terdum
2183 3949 2413 3988 movere
2445 3932 2736 4002 quomodo
2771 3949 2884 3986 non
2919 3932 3207 4003 discrepet
3237 3933 3380 3990 illud
3416 3938 3571 4008 quod

1922 4024 2074 4096 apud
2101 4021 2373 4076 Tolosam
2397 4024 2559 4092 gesta
2580 4021 2706 4088 ejus
2727 4021 2797 4073 de
2819 4024 3078 4090 tempore
3107 4024 3577 4088 narrant,videlio

1925 4117 2012 4168 cet
2042 4111 2090 4167 si
2122 4110 2181 4164 in
2208 4115 2465 4181 tempore
2512 4107 2850 4162 Diocletiani
2883 4113 2940 4163 et
2970 4109 3326 4178 Maximiani,
3361 4128 3573 4167 consu-

1925 4201 2049 4257 latu
2079 4216 2212 4254 vero
2247 4199 2400 4254 Decii
2435 4196 2760 4252 Germanici
2793 4201 2850 4251 et
2879 4197 3059 4265 Grati,
3089 4198 3276 4269 primo
3299 4200 3572 4257 Tolosam

1929 4288 2181 4350 advenit,
2202 4286 2308 4354 vel,
2331 4287 2485 4358 quod
2509 4286 2701 4339 verius
2724 4301 2852 4340 esse
2885 4286 3026 4341 mihi
3061 4286 3575 4362 videtur,tempore

1932 4378 2107 4446 Decii,
2138 4377 2462 4430 secundum
2493 4374 2824 4444 passionem
2858 4375 3178 4446 supradicti
3211 4377 3487 4443 Marcelli,
3521 4383 3578 4433 et

1933 4468 2044 4522 sub
2076 4464 2335 4536 ipsorum
2371 4462 2719 4534 principium
2761 4468 3020 4534 tempore
3050 4480 3262 4536 passus
3291 4471 3397 4533 est,
3433 4483 3577 4539 quo-

134 4574 160 4603 ι
204 4551 414 4609 stolus
447 4552 504 4606 in
536 4569 676 4624 pace
707 4551 950 4624 quievit,
979 4558 1035 4608 et
1059 4553 1328 4608 Clemens
1362 4571 1532 4626 papa,
1565 4555 1622 4609 in
1659 4573 1816 4613 mare
1848 4580 1895 4644 Ι)
1934 4553 2348 4644 modoaPetro
2374 4549 2634 4644 apostolo
2667 4551 2975 4624 episcopus
3002 4553 3306 4644 ordinatus
3327 4559 3388 4644 et
3415 4555 3578 4612 Tolo-

124 4667 159 4693 ‹‹
203 4656 478 4707 mersus,
514 4641 791 4713 martyrio
823 4648 1134 4697 coronatus
1182 4646 1287 4696 cst.
1325 4665 1350 4692 ››
1387 4641 1575 4713 Hujus
1603 4644 1814 4718 Diony-

123 4730 215 4787 sii
250 4729 576 4801 Gregorius
609 4729 667 4784 in
698 4729 952 4801 quadam
1009 4729 1250 4786 homilia
1293 4730 1582 4796 meminit,
1615 4733 1816 4790 dicens

121 4817 689 4891 (GnEGonihomz'l.
720 4835 813 4874 xiv
844 4819 902 4874 in
945 4819 1191 4892 Evang.)
1220 4835 1232 4872 :
1287 4840 1314 4866 «
1349 4818 1550 4873 Fertur
1601 4820 1815 4894 Diony-

123 4933 159 4961 α
205 4906 359 4964 sius
389 4903 484 4961 ille
515 4908 796 4979 antiquus
844 4907 1189 4964 venerabilis
1248 4907 1415 4961 Pater
1471 4909 1818 4982 Areopagita

123 5022 158 5048 ‹‹
203 4995 446 5059 dicere,
467 4995 621 5066 quod
654 5011 723 5050 ex
753 4997 1082 5052 minoribus
1111 4995 1449 5067 angelorum
1482 4996 1818 5068 agminibus

127 5109 162 5137 α
203 5082 376 5141 foris
389 5083 458 5136 ad
476 5084 762 5155 explenda
778 5085 1107 5140 ministeria
1123 5083 1209 5140 vel
1227 5082 1533 5139 visibiliter
1551 5085 1635 5140 vel
1668 5087 1819 5141 invi-

130 5199 165 5225 u
212 5168 488 5228 sibiliter
519 5171 892 5228 mittuntur.»
909 5174 1013 5229 Hic
1027 5179 1220 5228 autem
1241 5173 1310 5227 de
1337 5173 1581 5228 Francia
1609 5174 1818 5249 Diony-

126 5263 319 5326 sius,
357 5260 508 5315 unde
538 5261 714 5317 fuerit
742 5262 1043 5329 oriundus,
1078 5261 1138 5316 in
1170 5260 1441 5332 passione
1466 5262 1652 5317 sancti
1676 5263 1822 5319 Mar-

126 5349 300 5408 celli
337 5346 584 5404 ﬁdeliter
608 5353 920 5407 memorari
955 5351 1095 5406 mihi
1127 5351 1356 5405 videtur
1389 5367 1400 5403 :
1436 5350 1520 5406 sic
1551 5351 1705 5407 enim
1741 5353 1822 5409 ibi

1929 4663 2054 4701 sum
2091 4642 2311 4696 missus
2342 4642 2475 4695 est?
2509 4656 2761 4710 namque
2793 4658 2825 4695 a
2857 4642 3126 4713 passione
3158 4643 3221 4699 B.
3246 4643 3573 4716 Petri,quaa,

1927 4733 2251 4790 secundum
2287 4745 2492 4800 puram
2543 4728 2842 4784 veritatem
2889 4730 3245 4804 Hieronymi,
3281 4732 3575 4788 tricesimo

1927 4821 2176 4894 septimo
2208 4837 2242 4874 a
2272 4817 2697 4872 resurrectione
2749 4818 3000 4886 Domini,
3037 4819 3144 4875 hoc
3204 4826 3291 4876 est
3349 4820 3574 4876 decimo

1927 4910 2096 4967 tertio
2127 4906 2369 4964 Neronis
2401 4923 2576 4975 anno,
2609 4905 2845 4971 exstitit,
2883 4924 3066 4978 usque
3099 4909 3158 4963 in
3188 4910 3446 4980 primum
3477 4927 3577 4964 an-

1929 5017 2070 5056 num
2121 4997 2295 5063 Decii,
2332 4996 2566 5049 fuerunt
2616 4994 2754 5047 anni
2803 5013 3046 5051 numero
3079 4999 3202 5062 182,
3234 5003 3292 5053 et
3322 5016 3356 5053 a
3386 4998 3574 5070 primo

1929 5089 2084 5144 Decii
2116 5103 2268 5143 anno
2299 5100 2486 5155 usque
2526 5083 2581 5136 in
2638 5081 2892 5153 primum
2943 5084 3277 5140 Diocletiani
3331 5103 3573 5152 annum,

1930 5180 2169 5234 fuerunt
2213 5173 2352 5230 anni
2508 5172 2765 5226 Fuerunt
2804 5189 2837 5226 a
2879 5174 3300 5231 resurrectione
3349 5176 3578 5231 Domini

1931 5282 2119 5338 usque
2148 5264 2208 5318 in
2239 5262 2515 5317 ultimum
2549 5277 2769 5314 annum
2802 5260 3144 5317 Diocletiani
3187 5265 3324 5318 anni
3374 5283 3578 5320 nume-

1933 5370 1996 5409 ro
2024 5354 2148 5408 265.

2003 5443 2088 5496 Ad
2124 5441 2271 5495 hanc
2303 5453 2501 5492 vocem
2533 5453 2664 5490 cum
2700 5437 2756 5491 in
2789 5438 3030 5494 concilio
3062 5459 3096 5496 a
3126 5441 3480 5513 quibusdam
3512 5443 3582 5498 de

1934 5529 2229 5589 Chronica?
2260 5524 2590 5591 concordia,
2612 5532 2850 5599 propter
2871 5529 3186 5588 adventum
3214 5530 3497 5587 Martialis
3522 5530 3580 5585 in

125 5438 429 5496 habetur
459 5453 471 5490 :
507 5461 533 5488 ‹‹
570 5440 716 5494 Puer
774 5440 1014 5512 quidam
1065 5437 1374 5494 Marcellus
1415 5440 1524 5494 sub
1557 5440 1824 5498 doctrina

126 5552 164 5581 ‹‹
205 5523 388 5584 beati
409 5524 550 5582 Sixti
573 5529 967 5597 erudiebatur,
996 5543 1248 5599 cumque
1269 5527 1574 5599 suppliciis
1596 5529 1822 5588 Sixtum

225 5611 332 5687 (6)
361 5610 750 5688 Hieronymus
781 5616 927 5674 falso
959 5617 1191 5672 citatus.
