4094 6158
380 238 535 324 1367

1325 236 1730 322 JORDANUS
1776 236 2348 326 ιιΕΜρΥιρΕΝδῐςε
2395 238 2842 326 EPISCOPUS.

3647 234 3818 302 1368.

376 373 776 448 Aquitaniam,
807 373 1040 431 subtilis
1071 372 1372 447 inquisitio
1405 391 1438 428 a
1470 373 1692 430 clericis
1725 375 1906 440 ﬁeret,
1931 373 2028 428 ille
2059 374 2111 437 Α
2142 370 2370 426 dierum
2391 372 2766 445 temporalem
2791 376 3034 429 mortem
3049 370 3398 445 suscepit.Si
3413 374 3617 428 autem
3633 370 3804 442 juxta

375 464 838 538 Engolismensis
856 462 1100 518 clericus
1115 462 1608 534 adjunxit,dicens
1625 481 1670 517 ευ
1691 463 2022 534 Hieronymi

375 553 660 610 Chronica
689 569 812 624 qua:
846 551 1075 607 mentiri
1105 569 1219 606 non
1252 556 1460 623 potest,
1491 552 1537 606 si
1570 551 1779 623 placet,
1811 551 1870 606 in
1894 567 2028 606 con-

377 643 576 698 cilium
608 641 922 712 deferatur,
955 645 1010 696 et
1040 657 1216 713 super
1239 641 1346 695 hac
1375 640 1692 711 qumstione
1724 639 2032 713 diligenter

378 729 821 806 perspiciatur.»
855 728 1053 802 Itaque
1088 735 1448 800 perscrutato
1481 729 1628 784 libro
1656 728 1886 784 locutus
1907 733 2030 784 est:

379 842 407 869 «
444 818 620 888 Licet,
647 818 1103 894 inq_uiens,Beda
1127 817 1186 872 in
1216 817 1637 873 commentario
1665 835 1839 890 super
1859 820 2036 872 Actus

382 906 779 982 apostolorum
807 907 962 963 dicat
994 908 1227 962 Petrum
1263 911 1469 979 quarto
1503 906 1724 961 Claudii
1758 924 1909 961 anno
1934 907 2040 960 Ro-

383 984 540 1050 mam
557 995 871 1062 venisse,et
882 995 1178 1062 tricesimo
1195 1013 1346 1050 nono
1360 1012 1510 1050 anno
1524 999 1655 1066 post
1668 994 2010 1050 resurrectio
2028 1025 2040 1036 -

383 1101 516 1140 nem
529 1084 762 1141 Domini
775 1101 1016 1157 passum
1031 1088 1402 1154 esse,tamen,
1420 1100 1551 1138 secu
1563 1084 1742 1138 ndum
1759 1084 2038 1156 Hierony-

384 1175 465 1231 mi
498 1173 847 1230 Chronicam
880 1172 1172 1228 subtiliter
1201 1177 1600 1245 supputatam,
1638 1173 1720 1228 ita
1749 1172 2040 1227 invenitur

386 1264 540 1336 quod
555 1263 779 1318 decimo
794 1266 992 1317 octavo
1007 1278 1158 1317 anno
1174 1261 1386 1317 Tiberii
1405 1262 1687 1316 Dominus
1702 1277 1913 1333 passus
1927 1266 2033 1328 est;

382 1351 823 1427 postTiberium
843 1368 977 1407 vero
1002 1352 1263 1423 regnavit
1282 1351 1473 1417 Caius,
1491 1353 1545 1404 et
1560 1354 1688 1422 post
1711 1367 1846 1406 eum
1868 1349 2035 1405 Clau-

383 1441 722 1514 dius,cujus
755 1438 982 1511 imperii
1015 1439 1268 1494 secundo
1300 1455 1452 1492 anno
1479 1441 1762 1492 venerunt
1790 1439 2036 1493 Romam

383 1530 657 1602 princeps
689 1527 1085 1599 apostolorum
1113 1527 1409 1593 Petrus,et
1439 1525 1876 1598 condiscipulus
1909 1527 2036 1597 ejus

384 1616 688 1684 Martialis;
705 1616 892 1690 ipsius
904 1620 1096 1671 autem
1111 1614 1330 1670 Claudii
1347 1621 1551 1687 quarto
1567 1633 1718 1670 anno
1734 1617 1962 1671 Marcus
1977 1616 2035 1672 in

383 1707 647 1779 Egypto,
682 1704 965 1760 Martialis
1015 1704 1073 1758 in
1095 1704 1328 1802 .Gallia,
1357 1704 1686 1802 Dominum
1724 1704 2034 1802 pradicare
2069 1738 2112 1802 B

387 1797 705 1868 coeperunt.
742 1794 875 1850 Post
906 1793 1234 1861 Claudium,
1272 1792 1371 1865 qui
1413 1793 1718 1864 imperavit
1747 1793 1917 1849 annis
1950 1795 2035 1860 13,

387 1883 694 1940 mensibus
724 1885 779 1954 7,
812 1882 1020 1938 diebus
1049 1882 1138 1950 28,
1191 1881 1450 1953 suscepit
1499 1882 1637 1951 jura
1695 1881 2040 1954 principalia

386 1973 558 2040 Nero,
591 1969 979 2026 nihilominus
1009 1969 1180 2026 annis
1213 1970 1688 2036 13,mensibus7,
1714 1971 1923 2025 diebus
1944 1973 2036 2040 28;

388 2062 530 2118 nam’
562 2061 627 2116 13
657 2059 846 2133 plenis
902 2059 1073 2136 annis
1127 2059 1406 2131 regnavit.
1444 2063 1500 2112 et
1547 2062 1754 2130 quarto
1811 2060 2037 2114 decimo

387 2150 704 2223 plusquam
730 2137 920 2204 medio
949 2152 1215 2203 mortuus
1241 2148 1551 2215 est.Hujus
1574 2147 1800 2218 imperii
1826 2148 2038 2219 primo,

386 2257 486 2295 rex
517 2237 840 2294 Galliarum
893 2237 1223 2311 Stephanus
1267 2237 1510 2291 Romam
1543 2252 1676 2290 cum
1710 2235 2038 2308 legionibus

386 2326 685 2400 Gallorum
719 2325 789 2380 ad
823 2341 958 2379 eum
991 2325 1262 2395 perrexit,
1296 2325 1794 2389 quemadmodum
1829 2324 2039 2382 litteris

386 2431 489 2487 per
519 2412 848 2469 veredarios
882 2410 932 2466 ei
966 2413 1431 2483 fueratjussum.
1468 2411 1657 2482 Ipsius
1685 2429 1915 2484 quoque
1937 2415 2038 2469 Ne-

385 2503 546 2560 ronis
570 2519 722 2557 anno
739 2501 1016 2566 secundo,
1033 2499 1249 2556 Paulus
1270 2499 1570 2572 apostolus
1589 2500 1862 2572 primitus
1885 2503 2040 2557 venit

385 2593 652 2658 Romam,
669 2589 778 2646 hoc
793 2594 883 2646 est
907 2594 1114 2661 quarto
1131 2590 1355 2644 decimo
1384 2606 1534 2644 anno
1568 2593 1699 2660 post
1724 2591 2036 2646 adventum

385 2669 618 2751 B.Petr_i
654 2696 665 2734 :
701 2677 950 2734 necdum
986 2677 1138 2732 enim
1174 2679 1361 2732 fuerat
1393 2677 1606 2732 Paulus
1640 2679 2039 2749 Romaa,quan-

385 2771 458 2826 do
491 2754 823 2840 Stephanus
868 2767 939 2822 ad
991 2767 1276 2822 Neronem
1337 2767 1628 2838 profectus
1678 2772 1783 2821 est.
1821 2767 2037 2824 Missus

388 2863 480 2914 est
509 2856 706 2912 autem
736 2855 964 2911 vinctus
998 2856 1242 2910 Romam
1283 2856 1502 2910 Paulus
1533 2873 1565 2909 a
1597 2856 1761 2910 Festo
1793 2857 2037 2926 praeside

387 2947 621 3014 Judazae,
647 2944 786 3018 quia
815 2949 1097 3020 Caesarem
1131 2943 1539 3017 appellaverat.
1577 2946 1714 3000 Item
1743 2962 1895 3000 anno
1918 2946 2034 3017 pri-

387 3052 485 3092 mo
516 3033 753 3106 Tiberii,
787 3035 1041 3090 Herodes
1071 3033 1360 3089 tetrarcha
1410 3034 1563 3105 apud
1601 3033 1832 3088 Judaeos
1865 3035 2036 3106 etrapit

2139 459 2553 532 Hieronymum
2573 463 2775 517 Petrus
2795 463 3085 517 tricesimo
3113 462 3411 534 septimoa
3427 479 3560 535 resu
3571 461 3807 516 rrectio-

2142 548 2447 604 neDomini
2461 549 2587 615 ,hoc
2602 557 2688 606 est
2703 550 2926 607 decimo
2940 552 3360 608 tertioNeronis
3375 567 3597 622 passus
3609 556 3703 606 est
3713 568 3811 605 an-

2145 653 2238 700 no,
2257 638 2435 709 igitur
2449 639 2733 694 Martialis
2754 640 2917 694 Petro
2943 646 3193 711 quatuor
3221 640 3395 695 annis
3419 640 3808 710 supervixit.»

2219 726 2346 798 Haec
2360 733 2415 781 et
2428 727 2518 782 his
2531 728 2743 782 similia
2759 729 2827 782 de
2841 729 3238 785 convenientia
3251 746 3547 786 annorum
3563 747 3705 785 cum
3722 748 3814 785 sa-

2147 814 2446 869 tisfactum
2471 820 2706 884 esset,et
2725 816 2819 872 ille
2841 817 3305 890 Engolismensis
3323 818 3577 874 clericus
3599 819 3819 875 iterum

2152 904 2368 968 diceret
2386 905 2523 975 quia
2543 906 2688 960 nihil
2712 906 2926 962 mirum
2945 906 2992 963 si
3013 907 3337 962 Martialem
3359 908 3551 962 Lucas
3578 909 3823 964 nomine

2152 993 2387 1064 proprio
2408 1010 2521 1048 non
2536 993 2826 1066 exprimit,
2843 1011 2975 1049 cum
3009 994 3243 1050 illorum
3267 995 3656 1067 septuaginta
3674 998 3824 1053 duo-

2154 1099 2283 1136 rum
2309 1082 2547 1137 nomina
2569 1099 2685 1137 non
2719 1085 3005 1154 ostendat,
3030 1090 3204 1157 atque
3230 1085 3381 1140 Petri
3403 1086 3738 1152 adventum
3761 1087 3822 1141 in

2145 1169 2512 1237 Antiochiam
2538 1176 2595 1226 et
2627 1172 2872 1226 Romam
2917 1172 3078 1227 nullo
3111 1174 3284 1228 modo
3317 1172 3568 1240 scribat,
3599 1174 3820 1230 iterum

2148 1258 2450 1316 Odolricus
2473 1260 2640 1314 Pater
2659 1260 2944 1317 allocutus
2966 1266 3054 1317 est
3069 1261 3625 1329 concilium,dicens
3649 1280 3663 1318 :
3694 1288 3722 1312 u
3739 1262 3822 1319 Ne

2148 1348 2280 1419 quis
2314 1349 2460 1404 forte
2494 1366 2599 1405 nos
2632 1350 2788 1404 dicat
2818 1368 2972 1406 nunc
3006 1367 3222 1407 novum
3257 1351 3424 1406 fateri
3448 1352 3819 1423 apostolum,

2147 1441 2201 1491 et
2234 1436 2520 1493 hactenus
2551 1455 2667 1494 non
2701 1440 3086 1494 auditumzde
3111 1439 3480 1510 apostolatus
3510 1442 3648 1511 ejus
3671 1442 3822 1496 anti-

2146 1525 2470 1597 quitate,eo
2489 1528 2642 1598 quod
2665 1529 2792 1598 jam
2825 1528 2962 1583 olim
2987 1534 3430 1601 praeoccupatus
3448 1531 3522 1584 ab
3553 1530 3820 1603 antiquis

2146 1619 2203 1670 et
2218 1615 2568 1670 testiﬁcatus
2592 1616 2787 1683 fuerit,
2803 1617 3014 1672 iterum
3046 1617 3366 1690 perhibebo
3399 1618 3819 1675 testimonium

2147 1720 2371 1769 verum,
2431 1720 2462 1758 ο
2519 1705 2879 1761 venerabiles
2930 1706 3208 1778 episcopi.
3242 1707 3388 1762 Ecce
3444 1709 3568 1763 duo
3624 1725 3819 1764 sacer-

2148 1792 2312 1847 dotes
2369 1809 2438 1848 ex
2487 1792 2767 1849 fratribus
2826 1795 3043 1850 nostris
3101 1812 3297 1851 coram
3357 1796 3607 1864 adsunt,
3668 1815 3818 1869 quos

2148 1880 2288 1936 olim
2322 1881 2429 1936 hac
2460 1881 2586 1953 ipsa
2619 1883 2688 1938 de
2723 1900 2901 1939 causa
2930 1884 2988 1938 in
3023 1883 3389 1940 Britanniam
3422 1885 3586 1951 misi,
3614 1890 3682 1941 ut
3709 1890 3820 1942 An-

2147 1970 2379 2044 glorum
2412 1987 2444 2024 a
2489 1970 2783 2042 Gregorio,
2821 1977 2884 2027 ut
2928 1989 3073 2038 reor,
3107 1974 3409 2045 praefixam
3463 1973 3663 2046 legem
3715 1993 3818 2031 an-

2149 2075 2353 2114 nosam
2374 2059 2714 2133 diligentius
2731 2066 3254 2131 perscrutarentur,
3274 2067 3332 2117 et
3349 2063 3510 2117 omni
3539 2064 3818 2120 submoto

2149 2149 2454 2203 mendacio
2468 2149 2539 2203 ad
2557 2165 2660 2203 nos
2680 2151 2977 2205 referrent.
3003 2150 3107 2216 Qui
3131 2168 3266 2206 cum
3286 2151 3359 2206 ad
3377 2151 3607 2225 Anglos
3625 2170 3820 2225 perve-

2148 2237 2397 2304 nissent,
2414 2242 2532 2292 tam
2553 2236 2610 2291 in
2635 2238 3056 2310 Martyrologiis
3075 2256 3278 2295 eorum
3303 2257 3486 2312 quam
3510 2242 3572 2298 in
3593 2241 3822 2300 litaniis

2150 2324 2475 2381 Martialem
2519 2327 2588 2380 ab
2645 2326 2994 2398 antiquitate
3046 2328 3417 2400 reperiebant
3475 2331 3818 2402 apostolum

2150 2413 2454 2490 scriptum.
2472 2415 2554 2468 Ad
2573 2416 2870 2485 quoddam
2895 2419 3088 2471 autem
3121 2433 3407 2489 magnum
3431 2419 3814 2478 devenientes

2149 2501 2592 2570 monasterium,
2623 2503 2677 2556 in
2713 2503 3080 2576 quoprimus
3118 2504 3446 2577 Anglorum
3493 2507 3816 2581 episcopus

2148 2591 2461 2662 requiescit
2504 2608 2741 2662 corpore
2790 2594 3625 2666 Augustinus(compererunt
3655 2599 3814 2654 enim

2149 2679 2225 2734 ibi
2256 2697 2368 2734 non
2417 2679 2614 2735 haberi
2667 2679 2883 2736 librum
2923 2682 2992 2736 de
3023 2681 3252 2736 actibus
3285 2683 3440 2738 beati
3470 2684 3812 2755 Martialis),

2147 2785 2250 2840 per
2279 2768 2513 2823 litanias
2571 2772 2766 2824 tamen
2827 2774 3002 2840 atque
3059 2770 3478 2844 Martyrologia
3507 2773 3570 2829 in
3603 2776 3810 2830 eodem

2145 2857 2269 2912 loco
2299 2857 2644 2912 invenerunt
2674 2857 2945 2912 eumdem
2968 2862 3284 2930 patronum
3307 2861 3550 2917 nomine
3580 2870 3812 2934 aposto-

2147 2945 2254 3000 lico
2287 2946 2643 3000 decoratum.
2673 2951 2745 3001 At
2775 2963 2910 3002 cum
2943 2963 2976 3001 a
3009 2953 3168 3018 patre
3201 2951 3546 3006 monasterii
3576 2955 3812 3024 perqui-

2148 3037 2358 3100 rerent,
2395 3033 2654 3090 dicentes
2688 3053 2700 3090 :
2738 3057 2764 3082 ‹‹
2798 3034 2870 3089 Ut
2926 3034 3062 3106 quid
3125 3035 3458 3092 Martialem
3505 3039 3565 3094 in
3597 3043 3812 3098 vestris

387 3104 653 3204 regnare,
685 3122 784 3196 qui
817 3123 1079 3196 regnavit
1110 3139 1212 3194 per
1240 3139 1423 3176 annos
1457 3104 1616 3186 24,ἰό
1640 3127 1727 3177 est
1757 3104 2033 3194 usquead
2067 3104 2107 3170 (ἶ
2148 3144 2178 3173 (ι
2208 3121 2430 3177 litaniis
2460 3121 2790 3194 praedicatis
2821 3104 3176 3195 apostolum,
3196 3141 3334 3180 cum
3366 3127 3497 3197 ejus
3529 3132 3702 3199 gesta
3733 3131 3814 3184 di-

384 3214 643 3291 primum
685 3228 907 3268 annum
963 3211 1080 3267 Caii
1137 3210 1433 3283 Caligulae,
1466 3211 1564 3283 qui
1600 3211 1708 3265 fuit
1739 3227 2040 3268 successor

382 3297 748 3368 Tiberii,sub
775 3317 889 3374 quo
907 3300 1132 3355 Herode
1154 3301 1437 3356 Dominus
1459 3317 1670 3372 passus
1695 3300 2040 3372 est,fuitque

383 3374 564 3455 frater
589 3389 876 3464 Archelai,
913 3389 970 3444 id
1003 3393 1091 3444 est
1122 3389 1276 3444 {ilius
1309 3388 1468 3444 illius
1501 3389 1743 3444 Herodis
1771 3390 1879 3444 sub
1924 3406 2039 3462 quo

384 3479 654 3534 Christus
685 3465 858 3546 natus,
888 3482 995 3533 est.
1031 3478 1167 3532 Post
1205 3477 1488 3531 Herodem
1522 3493 1653 3531 vero
1687 3478 2038 3533 tetrarcham

386 3565 650 3640 regnavit
688 3566 945 3638 Agrippa
998 3565 1170 3620 annis
1230 3570 1471 3634 septem.
1512 3567 1638 3636 Ipse
1669 3571 1756 3621 est
1788 3567 2040 3622 Herodes

388 3654 490 3726 qui
510 3653 790 3709 Jacobum
817 3653 1050 3717 occidit,
1070 3657 1126 3707 et
1147 3653 1370 3708 Petrum
1400 3652 1866 3724 comprehendit;
1894 3656 2040 3709 etab

392 3741 598 3815 angelo
631 3759 947 3815 percussus
979 3745 1084 3797 est.
1118 3742 1298 3813 Cujus
1332 3741 1570 3796 Herodis
1619 3760 1770 3798 anno
1815 3744 2038 3814 quinto,

397 3832 506 3888 hoc
526 3835 614 3890 est
633 3830 856 3910 Claudii
877 3831 1118 3888 Caesaris
1143 3831 1422 3897 secundo,
1449 3831 1649 3887 Petrus
1667 3837 1724 3887 et
1738 3832 2042 3897 Martialis,

397 3925 464 3977 ut
512 3921 642 3991 jam
683 3909 974 3988 diximus,
1025 3909 1214 3992 primo
1272 3926 1554 3974 venerunt
1611 3921 1875 3976 Romam.
1911 3922 2046 3977 Post

395 4011 713 4086 Agrippam
730 4009 1303 4081 Herodem,regnavit
1317 4008 1472 4062 filius
1485 4011 1612 4079 ejus
1627 4008 1773 4065 alter
1791 4009 2047 4083 Agrippa

398 4087 689 4167 annis‘26,
723 4097 830 4154 hoc
861 4103 949 4154 est
979 4115 1167 4169 usque
1198 4097 1256 4152 in
1286 4098 1609 4152 secundum
1652 4116 1873 4169 annum
1903 4099 2044 4155 Ves-

397 4187 646 4260 pasiani,
681 4177 913 4259 quando
961 4187 1298 4242 Judzeorum
1348 4203 1593 4257 regnum
1652 4185 1877 4242 defecit.
1912 4188 2048 4244 Post

395 4276 682 4332 Neronem
704 4275 920 4348 quippe
942 4275 1248 4346 imperavit
1263 4274 1856 4346 Vespasianus,cnjus
1878 4277 2047 4330 tertio

397 4383 550 4441 anno
577 4349 810 4436 imperii
845 4362 1130 4420 Martialis
1179 4363 1333 4434 apud
1392 4363 1753 4417 Lemovicum
1805 4364 2042 4434 quievit.

2151 3234 2178 3261 «
2210 3211 2358 3288 catis
2409 3229 2522 3266 non
2586 3211 2783 3267 haberi
2842 3229 3020 3284 penes
3065 3230 3166 3268 vos
3189 3213 3217 3268 ?
3252 3237 3279 3263 ››
3317 3213 3414 3270 ille
3447 3220 3758 3288 respondit
3796 3238 3808 3272 :

2149 3324 2176 3350 ‹‹
2211 3300 2356 3364 Quia
2384 3301 2455 3354 ab
2487 3299 2606 3369 illo,
2641 3300 2852 3372 inquit,
2888 3305 3166 3374 tempore,
3201 3319 3319 3373 quo
3369 3304 3566 3376 primo
3608 3307 3669 3362 in
3704 3307 3810 3363 hac

2150 3412 2178 3439 «
2213 3389 2485 3461 provinch
2528 3389 2736 3445 Christi
2789 3407 3002 3446 nomen
3035 3390 3302 3460 auditum
3333 3398 3444 3460 est,
3473 3411 3509 3449 a
3541 3397 3810 3466 patribus

2151 3502 2176 3526 ‹‹
2214 3479 2319 3533 hoc
2351 3477 2569 3534 nostris
2600 3479 2975 3534 observatum
3016 3484 3123 3546 est,
3156 3496 3411 3550 quorum
3465 3483 3809 3541 nullatenus

2153 3589 2180 3618 «
2214 3566 2526 3622 immutare
2559 3584 2876 3638 possumus
2909 3568 3304 3624 traditionem.
3331 3570 3570 3632 Scimus
3593 3575 3808 3646 quippe

2151 3678 2176 3704 ‹‹
2211 3657 2475 3711 doctores
2526 3661 2757 3711 nostros
2806 3656 3028 3728 priores
3063 3657 3134 3712 de
3162 3659 3425 3734 Gregorii
3459 3662 3812 3731 profluxisse

2152 3769 2178 3794 ‹‹
2215 3744 2591 3817 magisterio;
2624 3749 2878 3800 attamen
2911 3745 3123 3817 saepius
3167 3744 3321 3801 inter
3379 3765 3488 3804 nos
3548 3753 3810 3807 conferre

2157 3857 2176 3883 α
2216 3833 2546 3904 indagando
2578 3832 2840 3888 solemus
2868 3833 3002 3904 quis
3030 3832 3138 3889 iste
3169 3839 3258 3889 est
3282 3837 3595 3907 apostolus
3637 3843 3805 3911 cujus

2153 3948 2179 3974 ‹‹
2213 3921 2561 3976 vocabulum
2594 3920 2652 3975 in
2688 3922 3014 3993 Evangeliis
3041 3926 3097 3978 et
3117 3921 3175 3977 in
3197 3923 3443 3982 Actibus
3472 3929 3814 3998 apostolicis

2155 4009 2456 4065 «minime
2503 4010 2823 4065 intuemur.
2859 4011 2927 4064 Et
2975 4010 3279 4081 quoniam,
3325 4019 3631 4085 gestorum
3683 4020 3812 4089 ejus

2155 4124 2182 4149 ‹‹
2217 4098 2620 4154 auctoritatem
2669 4116 2783 4152 non
2839 4098 3138 4170 habentes,
3172 4100 3246 4155 de
3307 4119 3374 4157 eo
3433 4121 3553 4159 non
3605 4123 3818 4177 parum

2157 4212 2184 4238 ‹‹
2217 4187 2798 4249 hazsitabamus,ideo
2831 4204 3043 4243 nomen
3073 4189 3202 4260 ejus
3235 4190 3442 4247 crebro
3464 4209 3498 4248 a
3531 4195 3816 4250 memoria

2157 4300 2182 4326 ‹‹
2219 4275 2534 4347 apostolica
2573 4275 2812 4330 eradere
2857 4277 3233 4346 putabamus.
3263 4277 3374 4334 Sed
3408 4286 3648 4338 econtra
3681 4300 3815 4338 cum

2158 4388 2184 4414 ‹‹
2219 4364 2816 4425 animadverteremus
2849 4365 2988 4435 quia
3015 4365 3240 4436 antiqui
3263 4373 3463 4438 patres
3486 4372 3676 4425 nostri
3698 4389 3814 4426 non

398 4453 727 4525 Supervixit
773 4453 939 4508 Petro
988 4456 1239 4524 quatuor
1288 4451 1476 4507 annis.
1511 4453 1676 4506 Anno
1725 4451 1881 4506 enim
1913 4454 1981 4506 37
2013 4470 2046 4506 a
2078 4469 2121 4532 D
2157 4477 2186 4505 «
2218 4453 2516 4508 incassum
2550 4452 2704 4506 hunc
2731 4453 2899 4508 nobis
2929 4453 3288 4525 scripserunt
3334 4457 3695 4528 apostolum,
3730 4461 3815 4514 id-

396 4540 822 4596 resurrectione
877 4539 1129 4604 Domini,
1187 4544 1248 4594 ut
1299 4541 1422 4610 jam
1483 4538 1758 4606 diximus,
1792 4539 1899 4594 hoc
1959 4545 2048 4595 est

399 4630 625 4686 decimo
657 4628 824 4684 tertio
857 4646 1009 4684 anno
1045 4627 1287 4683 Neronis
1320 4627 1570 4699 imperii,
1603 4629 1807 4683 Petrus
1837 4645 2046 4698 passus

397 4723 514 4788 est;
538 4724 598 4776 et
618 4735 770 4774 anno
794 4716 1243 4790 quadragesimo
1270 4722 1396 4789 post
1428 4716 1910 4773 resurrectionem
1936 4718 2047 4774 Do-

399 4809 565 4876 mini,
607 4808 716 4865 hoc
771 4812 859 4864 est
914 4807 1084 4862 tertio
1145 4823 1295 4862 anno
1350 4806 1712 4878 Vespasiani,
1764 4806 2047 4864 Martialis

398 4901 741 4970 assumptus
773 4901 878 4952 est.
924 4897 1052 4951 Haec
1101 4895 1300 4950 omnia
1331 4895 1411 4950 ita
1462 4895 1772 4966 diligenter
1823 4913 2045 4968 suppu-

397 4989 615 5054 tantur,
650 4989 736 5054 ut,
769 4984 818 5040 si
849 4985 1172 5040 secundum
1208 4985 1491 5054 quosdam
1552 4983 1848 5039 tricesimo
1895 5001 2045 5040 nono

399 5090 551 5130 anno
574 5080 706 5145 post
726 5073 1210 5130 resurrectionem
1229 5071 1457 5126 Domini
1482 5072 1679 5126 Petrus
1701 5088 1913 5144 passus
1933 5076 2042 5139 est,

399 5177 535 5234 ergo
556 5161 837 5218 Martialis
860 5167 1026 5217 Petro
1059 5160 1373 5233 supervixit
1399 5178 1511 5215 uno
1538 5161 1759 5231 integro
1792 5178 1965 5232 anno,
1990 5168 2046 5216 et

398 5251 654 5306 crastina
675 5251 784 5318 die,
809 5251 914 5306 hoc
945 5255 1033 5306 est
1067 5250 1254 5322 prima
1286 5249 1524 5304 alterius
1552 5248 1884 5321 incipientis
1905 5251 2044 5306 anni

398 5339 511 5406 die,
544 5339 717 5394 ccelos
749 5356 880 5393 cum
913 5339 1144 5393 Christo
1174 5339 1452 5394 ascendit.
1487 5341 1670 5409 Atque
1719 5337 1842 5409 ipso
1890 5355 2042 5395 anno

397 5445 513 5502 quo
545 5425 866 5494 basilicam,
896 5426 951 5480 in
997 5444 1112 5498 qua
1163 5426 1285 5499 ipse
1346 5427 1623 5483 membris
1684 5425 1951 5499 quiescit,
1983 5427 2041 5484 in

397 5519 614 5575 honore
647 5517 791 5572 Petri
839 5515 1082 5589 apostoli
1129 5516 1433 5581 dedicavit,
1470 5522 1598 5589 post
1633 5516 1779 5571 duos
1811 5533 2042 5572 menses

2157 4566 2184 4592 ‹‹
2219 4541 2370 4596 circo
2402 4540 2560 4596 nullo
2593 4557 2741 4597 ausu
2772 4543 2900 4612 ejus
2931 4541 3276 4597 vocabulum
3311 4561 3346 4600 a
3375 4545 3528 4601 serie
3576 4554 3816 4618 aposto-

2161 4652 2188 4679 ‹‹
2218 4628 2409 4684 lorum
2441 4628 2668 4685 abolere
2697 4630 3074 4686 audebamus.
3111 4631 3227 4686 Vos
3272 4637 3473 4691 autem
3519 4637 3817 4709 peregrini

2159 4742 2184 4768 α
2220 4718 2388 4787 Galli,
2422 4717 2520 4791 qui
2548 4719 2619 4773 de
2649 4719 2778 4789 ejus
2808 4718 2947 4774 estis
2978 4718 3326 4791 apostolatu,
3351 4722 3452 4793 qui
3479 4723 3654 4780 nobis
3685 4728 3814 4796 ejus

2157 4830 2182 4857 ‹‹
2219 4811 2383 4863 actus
2415 4807 3040 4879 enuntiatis,anostris
3071 4807 3348 4866 cordibus
3377 4811 3451 4866 de
3478 4828 3547 4867 eo
3574 4829 3814 4869 omnem

2156 4920 2183 4947 «
2217 4897 2571 4952 omnimodis
2601 4896 3020 4952 dubitationem
3050 4896 3369 4968 abjecistis,
3403 4905 3462 4955 et
3494 4899 3606 4956 hac
3649 4903 3724 4957 de
3752 4919 3814 4957 re

2155 5008 2182 5036 «
2215 4985 2439 5041 dudum
2467 4985 2816 5040 creberrime
2845 4985 2961 5042 Deo
2984 4985 3469 5057 supplicabamus
3489 4995 3683 5046 certos
3705 5008 3808 5045 nos

2156 5098 2182 5124 ‹‹
2218 5075 2396 5128 reddi.
2432 5074 2545 5128 Nec
2574 5072 2633 5127 in
2666 5074 2915 5129 adventu
2946 5077 3133 5129 vestro
3163 5073 3431 5130 derelicti
3470 5093 3579 5148 spe
3609 5084 3810 5133 nostra

2155 5186 2179 5211 ‹‹
2217 5163 2518 5227 videmur;
2553 5160 2670 5216 imo
2716 5161 3126 5217 exsultandum
3185 5162 3355 5219 nobis
3411 5171 3507 5220 est
3567 5166 3640 5220 de
3690 5172 3807 5222 tam

2154 5272 2181 5300 ‹‹
2214 5249 2457 5324 egregiae
2488 5249 2721 5304 virtutis
2749 5250 2979 5304 Domini
3012 5250 3186 5305 nostri
3221 5251 3362 5305 Jesu
3397 5252 3618 5310 Christi
3641 5253 3810 5308 disci-

2153 5362 2180 5386 ‹‹
2215 5337 2445 5410 pulo.»
2497 5337 2680 5393 Multa
2735 5338 2847 5393 alia
2907 5339 3238 5394 testimonia
3293 5356 3476 5410 penes
3537 5343 3802 5396 eamdem

2152 5431 2384 5500 gentem
2416 5426 2735 5498 Anglorum
2768 5428 2839 5482 de
2875 5427 3051 5497 hujus
3102 5429 3472 5485 auctoritatis
3515 5435 3801 5488 vetustate

2151 5520 2326 5570 testes
2357 5530 2588 5570 veraces
2622 5521 3004 5588 narravcrunt
3033 5516 3198 5572 nobis
3245 5533 3372 5572 sese
3417 5519 3793 5590 comperisse.
