4094 6158
247 327 270 390 Ι
286 325 403 390 369

1285 321 1495 388 ACTA
1540 319 1900 385 CONCILII
1944 319 2528 406 LEMOVICENSIS
2574 326 2649 389 Il.

3535 322 3692 389 1370

247 459 394 518 Illud
431 474 669 533 quoque
701 456 844 514 mihi
875 457 1318 515 memorandum
1348 461 1439 514 est
1460 455 1626 528 quod
1654 458 1800 511 ante
1819 452 1934 510 hos
1965 455 2016 521 Α
2053 474 2076 504 ι
2107 459 2474 532 septuaginta
2503 459 2731 517 duobus
2755 460 2977 519 dudum
3005 459 3258 531 fuerit,et
3282 463 3413 535 post
3435 478 3536 536 per
3551 477 3688 518 con-

249 556 476 624 septem
511 566 698 605 annos
731 549 802 620 (7)
827 565 924 602 rex
953 547 1267 620 Anplorum
1295 546 1460 601 ducis
1481 542 1838 616 Aquitaniae
1865 543 1941 615 (8)

252 639 474 712 regalia
530 654 781 693 munera
837 636 1018 703 misit,
1053 637 1343 708 simulque
1386 634 1664 690 codicem
1730 631 1944 688 litteris

255 727 448 784 aureis
469 726 846 799 scriptum,in
867 740 983 796 quo
998 725 1230 782 nomina
1244 728 1634 782 sanctuorum
1653 719 1947 776 distincta

252 835 390 874 cum
419 815 788 888 imaginibus
819 813 1288 870 continebantur.
1308 813 1465 877 Quod
1494 809 1804 866 volumen
1820 811 1943 881 jam

251 907 393 962 olim
428 907 486 960 in
520 903 772 961 concilio
802 902 1148 969 Pictavensi,
1184 905 1321 958 dum
1348 903 1456 957 hac
1487 898 1716 956 eadem
1775 900 1843 954 de
1884 916 1943 955 re

253 996 498 1068 quaestio
529 999 707 1057 esset,
727 993 884 1048 idem
909 993 1028 1047 dux
1056 986 1639 1056 Willelmns,littcris
1675 989 1940 1057 edoctus,

253 1085 314 1140 in
349 1083 757 1140 testimonium
809 1080 1184 1152 antiquitatis
1231 1081 1613 1154 pontiﬁcibus
1653 1078 1939 1134 ostendit-

253 1175 389 1229 Erat
417 1172 575 1228 enim
598 1171 681 1228 ibi
717 1169 1006 1226 Martialis
1037 1168 1100 1224 in
1134 1170 1382 1226 aiiorum
1406 1165 1814 1242 apostolorum
1846 1185 1937 1224 ca-

255 1261 447 1334 talogo
480 1260 729 1332 positus,
764 1259 872 1323 Qui
927 1257 1334 1330 peritissimus
1382 1259 1658 1331 princeps
1709 1258 1938 1314 dicebat

259 1349 697 1422 archiepiSCOpo
729 1347 1240 1419 Burdigalensi,et
1269 1348 1402 1403 aliis
1434 1348 1533 1420 qui
1564 1346 1782 1403 ibidem
1801 1349 1934 1403 ade-

255 1444 386 1494 rant
426 1437 718 1511 episcopis
753 1455 764 1492 :
800 1459 826 1486 «
863 1436 1194 1506 Conjicere,
1255 1437 1558 1508 inquiens,
1618 1453 1936 1509 possumus

259 1551 288 1579 ‹‹
321 1544 495 1600 quam
521 1525 763 1600 egregiae
789 1524 1168 1580 auctoritatis
1193 1526 1273 1580 sit
1293 1526 1501 1581 beatus
1516 1526 1935 1598 Aquitanorum

263 1640 292 1667 ε(
321 1620 623 1690 patronus,
657 1615 728 1669 de
787 1630 903 1684 quo
956 1613 1284 1683 Gregorius
1333 1614 1394 1668 in
1449 1614 1550 1669 illa
1597 1614 1688 1670 sui
1718 1614 1936 1669 laboris

261 1730 292 1757 ‹‹
323 1710 492 1778 gente
515 1704 666 1760 hanc
683 1702 870 1774 legem
894 1700 1145 1756 tradidit
1169 1702 1932 1758 observandam.Nimirum

2052 567 2081 596 ‹‹
2115 545 2444 605 stituentem
2478 551 2708 607 Petrum
2745 570 2896 609 unus
2935 553 3004 608 de
3035 552 3340 608 duodecim
3383 551 3688 608 exstiterit.

2052 657 2079 684 ‹‹
2116 635 2325 692 Verum
2359 638 2520 708 alter,
2551 657 2725 712 quem
2757 659 2884 697 sors
2916 641 2971 696 in
3004 641 3358 697 duodenario
3386 658 3498 696 non
3522 657 3688 696 acce-

2051 745 2082 779 ι
2115 726 2214 798 pit,
2239 728 2619 784 nihilominus
2652 735 2844 785 tamen
2881 732 2949 786 de
2981 746 3178 786 eorum
3213 728 3415 784 ordine
3445 729 3542 800 qui
3594 745 3688 783 ex-

2058 835 2080 862 «
2112 817 2292 888 ceptis
2321 817 2627 874 duodecim
2661 823 2842 887 erant,
2867 816 3165 890 apostolus
3196 817 3535 889 permansit.
3563 816 3692 888 Ipse

2051 927 2080 956 «
2112 910 2198 959 est
2227 906 2378 960 enim
2413 912 2617 978 postea
2649 906 2836 962 dictus
2862 908 3046 962 Judas
3074 906 3393 978 apostolus,
3419 906 3515 977 qui
3548 910 3690 960 tunc

2053 1014 2081 1044 α
2110 994 2324 1066 Jcseph
2347 995 2550 1052 Justus
2572 997 2692 1052 sive
2723 997 3010 1052 Barsabas
3043 995 3362 1050 dicebatur.
3385 995 3511 1067 Ipse
3534 992 3692 1049 deni-

2049 1106 2076 1133 «
2110 1099 2221 1155 que
2252 1089 2338 1139 est
2369 1085 2467 1156 qui
2499 1102 2631 1140 cum
2675 1084 2794 1140 Sila
2845 1083 3105 1158 apostolo
3155 1085 3225 1140 ab
3259 1083 3388 1140 aliis
3409 1082 3692 1155 apostolis

2047 1195 2076 1222 ‹‹
2110 1173 2326 1227 missus
2357 1177 2481 1230 est:
2508 1174 2662 1228 unde
2693 1173 3077 1246 Hieronymus
3107 1172 3316 1227 divina;
3345 1171 3490 1244 legis
3513 1172 3690 1227 inter-

2047 1283 2075 1310 «
2109 1277 2239 1332 pres
2290 1261 2512 1330 scribit,
2549 1262 2746 1317 dicens
2779 1277 2793 1315 :
2828 1261 2979 1316 Silas
3029 1277 3258 1333 quoque
3307 1264 3364 1315 et
3404 1260 3588 1315 Judas
3618 1260 3691 1314 ab

2045 1373 2074 1400 «
2107 1349 2386 1421 apostolis
2407 1349 2651 1422 apostoli
2675 1350 2946 1422 appellati
2973 1351 3190 1404 sunt.Si
3212 1350 3285 1405 ab
3309 1347 3588 1422 apostolis
3607 1347 3690 1402 illi

2044 1461 2073 1489 «
2105 1437 2378 1510 appellati
2413 1439 2657 1510 apostoli
2691 1443 2848 1504 sunt,
2882 1455 3018 1512 ergo
3048 1455 3178 1493 vere
3211 1435 3456 1508 apostoli
3495 1439 3689 1504 erant;

2043 1550 2070 1576 «
2108 1528 2327 1598 priores
2343 1527 2499 1582 enim
2522 1527 2768 1600 apostoli
2791 1544 2889 1582 eos
2908 1543 3054 1598 quos
3076 1525 3369 1598 apostolos
3385 1525 3688 1591 vocabant,

2045 1640 2071 1665 ‹‹
2107 1632 2220 1670 non
2253 1615 2549 1672 incassum
2584 1615 2878 1688 apostolos
2903 1614 3342 1683 existimabant;
3369 1630 3472 1668 nec
3496 1612 3692 1684 appel-

2047 1727 2074 1755 «
2106 1704 2465 1770 lassent,nisi
2497 1709 2713 1761 essent.
2740 1705 3016 1760 Praeterea
3049 1701 3264 1759 Paulus
3287 1700 3610 1775 apostolus,
3634 1700 3693 1755 in

266 1817 296 1847 ‹‹
324 1794 727 1867 imperitorum
758 1796 846 1846 est
893 1789 1167 1848 dubitare
1218 1793 1296 1848 de
1347 1808 1465 1863 quo
1517 1797 1755 1848 sanctus
1787 1807 1938 1862 papa
1973 1830 2012 1891 Β
2053 1815 2080 1847 α
2108 1812 2222 1866 quo
2253 1794 2520 1850 Christus
2551 1794 2918 1866 loquebatur,
2941 1794 3197 1865 exceptis
3246 1791 3544 1860 undecim,
3577 1807 3693 1845 non

270 1907 297 1934 σι
329 1883 640 1955 Gregorius
672 1894 784 1935 non
813 1878 1122 1936 dubitavit.
1153 1881 1386 1936 Videtis
1408 1896 1566 1947 ecce,
1591 1898 1623 1934 ο
1655 1879 1930 1952 episrmpi,

270 1997 299 2024 ‹‹
330 1973 387 2028 in
414 1972 522 2028 hoc
538 1969 753 2034 codice,
771 1969 868 2040 qui
893 1968 1048 2039 apud
1062 1969 1287 2041 Anglos
1311 1969 1575 2040 scriptus
1592 1973 1936 2040 est.prmter-

279 2085 306 2112 ‹‹
337 2061 583 2118 missum
605 2075 730 2115 esse
752 2057 1208 2123 Timotheum,et
1234 2058 1652 2131 CleOpham,et
1673 2057 1940 2121 Silam,et

273 2175 301 2202 «
335 2149 760 2222 alios,quorum
794 2145 1031 2201 nomina
1055 2145 1114 2202 in
1146 2147 1575 2220 Evangeliis,et
1603 2146 1662 2201 in
1694 2147 1938 2202 Actibus

276 2263 303 2290 ‹‹
336 2237 670 2312 apostolicis
699 2237 818 2293 sive
866 2236 925 2290 in
967 2235 1233 2307 epistolis
1266 2236 1430 2290 Pauli
1468 2236 1765 2308 leguntur,
1793 2251 1940 2307 quos

274 2352 305 2380 α
337 2327 629 2401 apostolos
649 2326 843 2383 dicitis
863 2330 1070 2397 praeter
1086 2325 1394 2381 duodecim
1419 2342 1556 2380 esse
1573 2343 1585 2392 ;
1601 2341 1718 2380 non
1742 2329 1939 2379 tamen

279 2441 306 2469 ‹‹
331 2416 787 2491 praetermissum
819 2431 948 2470 esse
982 2413 1150 2469 illum
1181 2431 1454 2470 nosnrum
1487 2413 1941 2486 patronum,qui

281 2529 308 2558 ‹‹
339 2505 563 2578 primus
593 2503 913 2560 Galliarum
946 2503 1058 2557 fuit
1090 2502 1612 2574 episc0pu5,cujus
1644 2519 1856 2557 nomen
1883 2501 1939 2555 in

283 2618 309 2646 ‹‹
345 2593 670 2667 Evangeliis
718 2593 1020 2654 reticetur,
1055 2597 1121 2646 ut
1168 2591 1391 2647 scilicet
1437 2608 1570 2647 vere
1615 2590 1785 2646 illum
1847 2590 1942 2646 Dei

285 2709 310 2735 ‹‹
348 2683 526 2740 fuisse
556 2682 814 2738 sciamus
847 2679 1205 2751 discipulum
1237 2679 1296 2734 in
1328 2697 1522 2751 carne,
1551 2685 1611 2735 et
1640 2697 1774 2735 cum
1797 2681 1944 2735 duo-

285 2794 314 2822 «
347 2772 534 2828 decim
590 2769 886 2842 prioribus
938 2767 1140 2824 electis
1189 2768 1498 2839 discipulis
1548 2768 1866 2823 maximam
1913 2785 1946 2822 a

285 2886 311 2910 ‹‹
347 2861 463 2916 Deo
496 2859 791 2932 accepisse
823 2855 1190 2928 apostolatus
1221 2858 1492 2928 gratiam,
1527 2857 1681 2912 hanc
1711 2860 1943 2929 gentem

287 2973 314 2999 ‹‹
343 2949 642 3006 occiduam
675 2946 1016 3018 possidendi
1041 2945 1275 3016 signum
1299 2946 1667 3017 apostolatus
1695 2946 1753 3000 in
1779 2951 1943 3001 aeter-

285 3061 315 3089 ‹‹
348 3054 507 3093 num.
536 3037 652 3092 Hoc
683 3040 880 3092 autem
912 3035 971 3089 in
1007 3033 1267 3088 Martiale
1298 3034 1422 3088 ﬁeri
1471 3033 1762 3100 videmus,
1787 3035 1941 3106 quod

284 3151 312 3178 ‹‹
342 3127 514 3183 etiam
547 3127 607 3180 in
639 3125 925 3190 Barnaba,
963 3124 1116 3177 Luca
1151 3127 1207 3178 et
1257 3123 1450 3178 Marco
1496 3127 1555 3177 et
1603 3123 1832 3196 antiqui
1864 3125 1946 3178 fa-

2045 1905 2074 1932 «
2109 1881 2426 1954 appellaret
2466 1882 2780 1955 apostolos,
2818 1883 2929 1938 nisi
2985 1900 3114 1938 vere
3161 1881 3406 1954 apostoli
3437 1879 3696 1951 exceptis

2045 1994 2072 2020 ‹‹
2107 1970 2376 2026 undecim
2425 1977 2640 2026 essent.
2671 1972 2795 2026 Non
2855 1971 2914 2026 in
2963 1988 3178 2026 vanum
3231 1969 3468 2041 quippe,
3504 1965 3695 2039 neque

2049 2081 2076 2109 ‹‹
2111 2059 2466 2116 mendaciter
2494 2060 2729 2132 aliquod
2772 2062 3013 2115 verbum
3044 2060 3274 2118 locutus
3305 2062 3395 2113 est
3423 2057 3645 2113 Paulus
3679 2073 3692 2112 :

2047 2171 2074 2197 ‹‹
2109 2150 2390 2220 Apparuit,
2416 2149 2626 2220 inquit,
2659 2147 3142 2217 undecim,deinde
3161 2147 3418 2219 apostolis
3447 2145 3701 2204 omnibus

2052 2255 2078 2288 ιι
2109 2241 2160 2307 (1
2188 2241 2310 2292 (lor.
2342 2237 2457 2304 xv).
2487 2237 2618 2292 Haec
2648 2241 2884 2308 prepter
2913 2236 3198 2308 quosdam
3228 2234 3466 2306 protuli,
3500 2233 3602 2305 qui
3637 2233 3698 2288 in

2049 2348 2077 2375 «
2109 2325 2351 2381 concilio
2379 2325 2619 2380 verbum
2646 2325 2949 2394 ventilant,
2981 2325 3241 2380 dicentes
3274 2340 3287 2378 :
3322 2323 3469 2386 Quid
3517 2322 3701 2393 enim,

2049 2437 2077 2464 «
2113 2415 2161 2467 si
2194 2413 2477 2469 Martialis
2495 2413 2792 2484 apostolus
2825 2419 2964 2469 tunc
2993 2411 3348 2483 erat,utquid
3376 2410 3619 2471 minime
3639 2411 3699 2466 in

2051 2526 2077 2552 ‹‹
2111 2501 2300 2557 locum
2329 2503 2492 2558 Judao
2526 2502 2868 2574 ponebatur,
2895 2502 3128 2574 quando
3160 2499 3434 2556 Matthias
3455 2498 3706 2572 eligeba-

2052 2615 2079 2641 ‹‹
2112 2592 2246 2646 tur?
2271 2591 2468 2647 Sciant
2488 2591 2682 2662 itaque
2714 2607 2828 2646 non
2860 2591 3048 2646 solum
3085 2588 3537 2652 Matthiam,'sed
3566 2605 3704 2645 cum

2053 2703 2080 2730 «
2116 2697 2182 2734 eo
2203 2684 2260 2735 et
2290 2679 2606 2734 Barsabam
2631 2679 2704 2734 ab
2727 2679 3010 2750 apostolis
3033 2678 3245 2734 electos
3267 2681 3321 2730 et
3344 2678 3616 2742 statutos,
3651 2682 3708 2732 et

2054 2792 2081 2819 ‹‹
2116 2767 2341 2834 occulta
2371 2771 2525 2820 sorte
2559 2766 2970 2833 Matthiam,ut
3001 2767 3058 2820 in
3092 2767 3281 2821 locum
3312 2763 3478 2818 Judas
3525 2769 3703 2832 esset,

2056 2879 2083 2907 «
2115 2859 2516 2927 assumptum;
2566 2860 2856 2926 quatenus
2905 2873 3021 2910 non
3072 2856 3197 2925 jam
3256 2853 3550 2923 undecim,
3603 2855 3706 2910 sed

2053 2968 2079 2994 α
2115 2944 2422 2999 duodecim
2455 2943 2628 3014 primi
2680 2947 2857 3010 testes
2889 2941 3333 2998 resurrectionis
3365 2941 3598 3004 Domini
3623 2962 3708 3000 es-

2055 3057 2080 3083 ‹‹
2118 3038 2248 3088 sent
2280 3032 2633 3087 :Barsabam
2666 3049 2798 3086 vero
2825 3033 3143 3104 apostolico
3178 3030 3412 3085 nomine
3464 3032 3709 3089 minime

2059 3145 2086 3172 ‹‹
2118 3123 2399 3186 caruisse,
2432 3121 2571 3193 quia
2600 3121 2696 3175 alii
2751 3126 2955 3189 praeter
3004 3120 3309 3176 duodecim
3345 3120 3706 3193 jampridem

287 3238 315 3267 ‹‹
345 3216 590 3281 ciebant,
615 3218 670 3269 et
704 3212 967 3269 moderni
991 3211 1272 3268 hactenus
1297 3211 1534 3266 faciunt.
1557 3213 1710 3270 Nam
1741 3191 1944 3269 eorum
1977 3191 2020 3258 (ἶ
2059 3234 2087 3262 ‹‹
2117 3212 2216 3267 sed
2243 3191 2606 3282 apostolatus
2628 3210 2888 3265 ofﬁcium
2911 3211 3187 3267 destinati
3220 3191 3709 3279 fuerant,dicente

288 3327 315 3355 ‹‹
345 3304 441 3359 alii
475 3303 814 3360 memoriam
849 3303 920 3356 de
950 3300 1408 3364 confessoribus,
1444 3317 1560 3355 non
1596 3304 1670 3358 de
1715 3307 1946 3374 aposto-

289 3416 316 3444 «
347 3393 437 3468 lis,
471 3396 672 3466 agunt,
705 3409 774 3446 ea
816 3394 1046 3446 tantum
1097 3406 1275 3444 causa
1329 3389 1469 3460 quia
1514 3407 1634 3446 non
1689 3396 1830 3446 sunt
1876 3392 1949 3446 de

288 3507 314 3535 «
349 3482 674 3550 duodecim,
709 3480 806 3537 alii
841 3483 1036 3534 autem
1071 3478 1286 3533 rectius
1315 3477 1694 3547 arbitrantes,
1720 3496 1837 3535 non
1877 3479 1949 3535 de

289 3595 317 3622 «
350 3570 803 3637 confessoribus,
839 3569 936 3623 scd
967 3569 1038 3622 de
1085 3566 1367 3640 apostolis
1399 3583 1608 3622 eorum
1644 3573 1825 3642 agunt
1856 3587 1949 3624 re-

291 3683 320 3711 ‹‹
352 3659 767 3725 cordationem,
815 3673 1029 3728 eosque
1078 3654 1374 3726 apostolos
1426 3657 1776 3726 praedicant;
1821 3659 1949 3714 ideo

293 3772 320 3798 «
355 3749 586 3821 quia,de
606 3747 783 3804 Israel
800 3763 1008 3819 genere
1034 3745 1358 3800 secundum
1380 3761 1614 3800 carnem
1640 3748 1948 3818 procreati,

295 3859 323 3886 α
357 3837 427 3892 ad
459 3835 896 3908 praedicandum
920 3835 991 3889 ab
1022 3833 1152 3888 aliis
1175 3832 1455 3905 apostolis
1489 3833 1656 3889 missi
1689 3841 1849 3890 sunt.
1871 3837 1953 3891 Ita

292 3950 319 3974 ‹‹
356 3929 412 3981 et
442 3926 539 3997 qui
575 3922 860 3981 Martialis
891 3922 1247 3978 mentionem
1280 3922 1350 3976 de
1381 3922 1716 3979 confessore
1747 3931 1951 3997 agunt,

290 4037 321 4064 ‹‹
349 4013 562 4072 idcirco
593 4030 762 4086 agere
776 4011 1212 4084 videntur,quia
1225 4028 1338 4066 non
1353 4010 1529 4066 fuerit
1549 4028 1705 4068 unus
1728 4014 1798 4069 de
1815 4015 1955 4070 duo-

293 4125 322 4152 ‹‹
359 4101 691 4167 decim.Qui
711 4118 846 4158 vero
879 4102 1009 4172 ejus
1039 4102 1110 4156 de
1131 4099 1395 4172 apostolo
1425 4101 1952 4167 recordantur,rec-

289 4210 329 4242 (ι
361 4189 483 4244 tius
533 4192 861 4255 autumant,
885 4188 1043 4260 quia,
1080 4203 1418 4260 quanquam
1451 4203 1605 4243 unus
1636 4205 1749 4243 non
1784 4190 1862 4244 sit
1883 4191 1953 4245 de

295 4302 326 4329 ‹‹
363 4279 694 4343 duodecim,
727 4295 794 4334 ex
824 4293 1034 4349 genere
1064 4282 1262 4333 tamen
1312 4276 1576 4341 Abrahae,
1611 4277 1722 4332 hoc
1752 4283 1840 4334 est
1881 4280 1952 4334 de

293 4390 323 4416 ‹‹
363 4367 515 4423 tribu
537 4366 866 4438 Benjamin,
888 4367 1404 4432 ortus,Dominum
1438 4365 1495 4419 in
1525 4383 1698 4421 carne
1726 4366 1950 4436 videns,

296 4480 325 4506 ‹‹
364 4457 490 4528 ejus
508 4456 618 4511 fuit
636 4455 1174 4527 discipulus.0mne
1191 4454 1366 4509 etiam
1385 4454 1605 4509 donum
1629 4455 1953 4527 gratiarum

2061 3324 2088 3351 ‹‹
2122 3301 2367 3356 Domino
2402 3317 2414 3354 :
2452 3304 2549 3364 Ite,
2583 3316 2698 3354 ecce
2723 3316 2816 3370 ego
2845 3302 2999 3356 mitto
3029 3317 3118 3355 vos
3165 3300 3304 3354 sicut
3352 3317 3523 3368 agnos
3565 3303 3711 3356 inter

2059 3414 2086 3439 «
2120 3391 2272 3460 lupos
2302 3391 2452 3461 (Luc.
2485 3389 2562 3460 x).
2596 3389 2746 3444 Sane
2777 3389 2913 3460 quis
2961 3388 3170 3445 dixerit
3214 3388 3540 3444 Martialem
3595 3407 3709 3448 non

2061 3501 2090 3530 «
2123 3480 2305 3535 fuisse
2324 3479 2767 3534 resurrectionis
2783 3480 3013 3534 Domini
3032 3484 3241 3534 testem
3255 3478 3282 3532 ?
3296 3478 3572 3552 Nunquid
3596 3497 3709 3536 non

2059 3593 2086 3620 ‹‹
2122 3569 2430 3634 Barsabas,
2459 3569 2554 3640 qui
2591 3585 2747 3623 unus
2777 3573 2900 3624 erat
2930 3569 3000 3624 de
3029 3567 3402 3640 septuaginta
3456 3569 3709 3637 duobus,

2063 3680 2090 3708 «
2123 3659 2276 3713 sicut
2306 3663 2364 3713 et
2393 3656 2690 3725 Matthiae,
2727 3657 2880 3712 sicut
2929 3657 3228 3730 apostolus
3275 3661 3415 3713 tunc
3458 3663 3600 3728 erat,
3634 3660 3714 3715 ita

2065 3770 2092 3799 «
2126 3747 2398 3820 deinceps
2425 3745 2724 3818 apostolus
2753 3747 2902 3802 fuit?
2932 3748 3135 3802 Nonne
3185 3746 3306 3816 ipse
3336 3751 3448 3817 est,
3483 3753 3546 3805 ut
3585 3749 3712 3819 jam

2064 3860 2091 3887 ‹‹
2126 3835 2264 3900 dixi,
2295 3836 2393 3908 qui
2427 3853 2583 3889 nunc
2614 3835 2829 3889 dicitur
2866 3836 3050 3891 Judas
3083 3835 3383 3906 apostolus
3416 3855 3549 3894 cum
3597 3838 3715 3895 Sila

2062 3948 2090 3976 ‹‹
2125 3925 2424 3998 apostolo?
2445 3924 2693 3988 Etenim,
2717 3924 3214 3995 quemadmodum
3248 3924 3523 3982 Matthiae
3545 3919 3710 3998 prius

2066 4037 2094 4065 «
2125 4019 2256 4070 erat.
2279 4011 2576 4086 apostolus
2607 4012 2678 4067 de
2709 4012 3082 4085 septuaginta
3113 4011 3587 4077 duobus,dehinc
3609 4031 3712 4070 au-

2063 4126 2089 4153 ‹‹
2125 4109 2243 4158 tem
2263 4121 2416 4157 unus
2433 4103 2504 4156 de
2526 4101 2834 4156 duodecim
2861 4102 3073 4167 fuit,ita
3095 4105 3150 4156 et
3175 4103 3480 4170 Barsabas,
3496 4107 3712 4175 utapo-

2063 4215 2092 4242 «
2125 4191 2315 4247 stolus
2345 4189 2796 4261 erat,apostolus
2827 4189 3306 4262 permansit,licet
3325 4208 3439 4246 non
3461 4194 3532 4248 de
3564 4193 3714 4248 duo-

2063 4304 2093 4331 «
2126 4281 2333 4336 decim.
2368 4281 2583 4334 Eodem
2615 4280 2788 4334 modo
2819 4285 2877 4335 et
2897 4279 3197 4348 Martialis,
3223 4283 3270 4336 si
3304 4299 3456 4338 unus
3489 4283 3560 4338 de
3591 4298 3716 4354 sep-

2065 4393 2092 4419 ‹‹
2126 4370 2393 4442 tuagintn
2428 4369 2658 4423 duobus
2681 4368 2952 4443 fnit,ergo
2985 4375 3124 4425 tunc
3154 4375 3210 4426 et
3239 4371 3540 4444 apostolus
3569 4376 3712 4438 erat,

2065 4482 2091 4508 «
2127 4462 2183 4514 et
2214 4459 2451 4514 demum
2483 4456 2781 4528 apostolus
2815 4459 3448 4529 permansit,translato
3475 4460 3717 4517 Matthia

296 4567 328 4595 «
365 4561 497 4599 cum
523 4544 832 4600 duodecim
861 4562 894 4599 a
926 4544 1172 4599 Domino
1207 4542 1466 4614 accipere
1495 4544 1838 4614 promeruit.
1875 4545 1954 4600 De
1990 4563 2032 4627 D
2066 4571 2094 4599 «
2130 4547 2654 4602 induodecimum.
2679 4545 2754 4600 Ut
2783 4552 2978 4601 autem
3005 4548 3242 4619 quidam
3278 4549 3380 4616 ait,
3415 4549 3714 4622 apostolus

297 4656 329 4683 ‹‹
367 4637 569 4690 οωιθτο
587 4650 621 4690 a
641 4633 884 4689 Domino
903 4650 1006 4705 per
1026 4633 1262 4689 beatum
1280 4632 1515 4686 Petrum
1543 4632 1613 4686 ad
1639 4633 1956 4704 praedican-

305 4741 332 4770 σ
369 4722 507 4780 dum
540 4721 741 4789 Galliis
771 4722 989 4777 missus
1010 4725 1115 4785 est,
1136 4720 1233 4775 ubi
1267 4718 1421 4774 clara
1452 4719 1628 4775 habet
1659 4720 1950 4792 apostola-

307 4834 330 4858 ι
364 4814 459 4866 tus
489 4810 676 4883 signa:
701 4809 1128 4884 praedicationis
1151 4808 1366 4880 quippe
1385 4807 1952 4881 fructiﬁcatiumaxi-

303 4922 334 4949 «
369 4916 464 4954 ma
491 4899 574 4954 illi
605 4899 758 4956 inter
788 4898 932 4956 alios
963 4897 1258 4970 apostolos
1288 4895 1584 4952 exstitisse
1634 4897 1949 4968 probatur;

304 5010 336 5038 ‹‹
373 4986 685 5059 siquidem,
718 4994 925 5061 praeter
957 4986 1200 5042 Paulum
1229 4989 1286 5040 et
1309 4983 1440 5040 illos
1464 4985 1793 5052 duodecim,
1821 5005 1953 5043 nes-

306 5095 340 5128 ‹‹
371 5074 558 5138 cimus
589 5081 752 5134 tanta
789 5077 957 5148 copia
999 5075 1383 5131 fructiﬁcasse
1431 5072 1613 5128 alium
1661 5075 1953 5146 apostolo-

304 5187 336 5214 ‹‹
374 5181 524 5230 rum,
558 5169 778 5238 quanta
806 5165 1092 5222 Martialis
1124 5163 1493 5235 praedicando
1534 5161 1920 5220 fructiﬁcavit.

385 5276 411 5304 ‹‹
443 5258 572 5316 Haec
599 5260 657 5310 et
684 5254 777 5311 his
803 5253 1020 5310 similia
1051 5269 1184 5308 cum
1217 5269 1394 5323 super
1429 5251 1520 5308 his
1546 5252 1662 5306 dux
1692 5269 1957 5323 peroras-

305 5344 416 5400 set.
450 5343 692 5415 ejusque
723 5344 896 5400 verbo
921 5342 1121 5399 nullus
1154 5339 1442 5396 contraire
1486 5340 1788 5412 quivisset.
1823 5344 1956 5415 qui-

306 5430 444 5486 dam
477 5431 819 5488 clericorum
851 5433 920 5493 de
938 5430 1181 5488 eruditis
1211 5431 1291 5484 ait
1321 5430 1392 5484 ad
1426 5446 1524 5485 eos
1556 5429 1655 5501 qui
1678 5431 1958 5488 sedebant

307 5517 367 5572 in
418 5520 657 5587 concilio
691 5539 702 5576 :
740 5545 767 5573 ‹‹
801 5522 925 5578 Non
973 5521 1313 5592 ignoramus
1365 5516 1504 5590 quia
1549 5517 1826 5574 Matthias
1883 5521 1954 5576 de

381 5609 456 5679 (7)
483 5609 669 5678 Canto
704 5610 797 5674 hic
827 5614 951 5666 erat
979 5611 1366 5681 cognomento
1396 5607 1665 5678 Magnus.

2067 4660 2094 4687 ‹‹
2128 4653 2240 4691 non
2275 4635 2502 4690 numeri
2535 4635 2632 4689 sed
2666 4634 2842 4689 ofﬁcii
2871 4652 3080 4692 nomen
3108 4641 3216 4692 est.
3242 4637 3322 4693 Re
3353 4642 3548 4694 autem
3581 4655 3742 4694 vera.

2063 4749 2091 4776 «
2127 4723 2210 4779 illi
2243 4723 2443 4779 statuti
2468 4727 2609 4778 sunt
2634 4722 2750 4776 duo
2779 4723 2851 4778 ad
2869 4723 3263 4796 supplendum
3289 4727 3714 4783 duodenarium

2063 4836 2092 4864 «
2127 4811 2519 4882 ordinem,qui
2542 4829 2575 4865 a
2601 4811 2950 4882 baptismate
2988 4813 3231 4869 Joannis
3270 4831 3454 4887 usque
3475 4817 3534 4870 in
3557 4816 3714 4872 diem

2066 4924 2094 4953 «
2125 4899 2486 4957 ascensionis
2507 4916 2683 4970 opera
2696 4899 2924 4955 Domini
2955 4900 3234 4966 viderant,
3245 4904 3506 4974 perfectae
3529 4905 3716 4961 astatis

2064 5015 2090 5041 «
2125 4990 2457 5046 existentes.
2477 4987 2536 5044 Si
2560 4987 2715 5042 enim
2738 4987 2862 5059 ipse
2885 4989 3170 5046 Dominus
3193 5009 3304 5046 non
3325 4997 3457 5048 ante
3489 4992 3714 5049 tricesi-

2064 5102 2092 5129 «
2127 5094 2291 5134 mum
2313 5075 2498 5132 aetatis
2519 5079 2608 5132 est
2623 5091 2864 5133 exorsus
2888 5079 3198 5149 praedicare
3221 5095 3465 5148 annum,
3498 5088 3717 5153 quanto
3753 5133 3756 5136 Α

2071 5190 2098 5218 ‹‹
2134 5166 2321 5236 magis
2347 5164 2666 5236 discipulos
2711 5166 3018 5228 duodecim
3070 5171 3374 5240 oportebat
3422 5187 3536 5226 non
3582 5178 3722 5228 ante

2070 5280 2096 5306 ‹‹
2133 5261 2362 5312 aetatem
2393 5254 2706 5325 perfectam
2740 5258 2920 5308 testes
2945 5255 3174 5312 Domini
3214 5259 3478 5331 publicos
3497 5259 3716 5318 Judaeis

2068 5368 2095 5394 «
2124 5343 2290 5399 esse?
2308 5344 2482 5397 Porro
2512 5341 2560 5396 si
2583 5341 3127 5415 Martialis,quando
3150 5347 3434 5405 Dominus
3454 5350 3720 5404 ascendit

2067 5457 2092 5484 ‹‹
2129 5434 2186 5487 in
2213 5430 2444 5496 coelum,
2468 5430 2718 5485 necdum
2737 5431 3081 5490 vicesimum
3110 5437 3295 5492 aetatis
3331 5455 3551 5493 annum
3591 5438 3716 5491 atti-

2065 5547 2090 5571 ‹(
2126 5518 2452 5594 gerat,quid
2489 5519 2544 5572 in
2582 5535 2646 5574 eo
2681 5521 3058 5593 praijudicare
3089 5527 3585 5598 possumus,quod
3614 5524 3715 5582 mi-

2135 5609 2212 5680 t8)
2242 5606 2558 5664 Willelmo.
