4060 6174
343 241 493 310 1371

1285 238 1695 304 JORDANUS
1738 234 2308 302 LEMOVICENSIS
2351 209 2840 305 Episcopus.

3556 241 3680 306 1372

341 403 368 431 ‹‹
405 379 561 435 nime
591 377 652 433 in
679 375 871 434 locum
901 374 1064 434 Juda
1081 375 1440 432 substitutus
1463 373 1982 446 fuerit,prasertim
2011 373 2066 440 Α
2099 373 2314 428 tionem
2348 373 2696 445 recolebant,
2731 375 2912 431 donec
2935 369 3388 448 juniores,quasi
3419 375 3601 434 melius
3618 397 3681 433 κρ-

340 489 368 519 ‹‹
399 484 534 523 cum
567 467 886 523 anteriores
911 464 1218 521 duodecim
1251 469 1428 520 testes
1455 463 1542 520 vel
1579 461 1868 536 grandavi
1898 460 1983 516 vel

336 579 364 606 ‹‹
398 557 664 628 perfecta
695 559 890 610 essent
920 553 1238 619 atatis,hic
1271 557 1469 609 autem
1494 553 1754 608 nondum
1780 549 1986 624 imple-

339 667 367 696 «
398 649 518 700 tam
549 643 806 716 corporis
842 647 1071 698 atatem
1121 643 1397 698 haberet?
1426 642 1484 697 Si
1535 645 1729 696 autem
1780 639 1982 706 David,

333 757 360 784 «
396 751 530 789 cum
563 732 752 788 adhuc
786 737 940 788 esset
968 731 1328 800 adolescens,
1351 750 1384 786 a
1415 730 1659 786 Domino
1683 728 1901 784 electus
1924 729 1984 782 in

339 845 360 872 ι
396 839 664 895 regnum,
688 826 744 877 et
775 839 840 876 eo
865 821 1113 892 jubente
1144 821 1578 876 consecratione
1597 819 1752 892 regia
1775 823 1984 872 unctus

333 935 361 963 ‹‹
389 916 496 978 est,
517 915 713 966 tamen
745 927 859 966 non
895 914 1026 965 ante
1060 926 1300 981 regnare
1333 909 1504 980 capit
1534 925 1711 979 quam
1744 907 1986 979 triginta

332 1023 360 1051 ‹‹
394 998 582 1055 atatis
607 999 924 1070 compleret
953 1016 1159 1063 annos,
1195 999 1332 1070 quid
1370 997 1583 1051 mirum
1609 997 1657 1050 si
1701 995 1982 1050 Martialis

332 1111 359 1139 «
394 1092 560 1143 atate
589 1087 779 1142 adhuc
814 1087 1149 1142 adolescens
1182 1087 1512 1141 unctionem
1565 1086 1747 1139 sancti
1795 1084 1982 1156 Spiri-

332 1199 360 1226 «
393 1181 490 1233 tus
521 1177 579 1232 in
613 1181 893 1248 potestate
925 1176 1141 1249 ligandi
1171 1181 1346 1246 atque
1378 1175 1658 1241 solvendi,
1691 1179 1747 1228 et
1779 1179 1984 1228 catera

331 1266 714 1338 «gratiarum
764 1265 1121 1320 charismata
1168 1265 1238 1318 ad
1289 1264 1546 1319 ofﬁcium
1596 1263 1980 1334 apostolicum

331 1377 358 1403 «
396 1354 901 1424 pertinentia,cum
929 1353 1060 1408 aliis
1091 1372 1124 1407 a
1145 1354 1390 1408 Domino
1423 1353 1644 1423 accepit
1667 1351 1982 1422 apostolis?

330 1466 357 1492 ‹‹
394 1442 500 1498 Ubi
525 1443 648 1512 jam
675 1443 826 1496 enim
867 1442 1124 1514 pervenit
1172 1447 1237 1496 ut
1295 1442 1530 1513 integra
1577 1445 1732 1496 esset
1771 1440 1978 1504 atatis,

330 1553 358 1580 «
392 1531 500 1585 hoc
531 1538 619 1586 est
644 1547 931 1586 annorum
967 1531 1226 1602 triginta,
1247 1547 1348 1601 per
1376 1530 1527 1585 beati
1561 1529 1712 1584 Petri
1748 1527 1982 1599 legatio-

329 1642 358 1669 ‹‹
393 1635 525 1673 nem
557 1619 914 1691 Aquitanicae
957 1618 1300 1690 gentilitatis
1349 1618 1738 1690 apostolatum
1785 1617 1979 1672 effica-

330 1729 358 1757 ‹‹
392 1707 630 1763 cissimo
680 1723 851 1779 opere
898 1724 930 1761 a
965 1707 1206 1762 Domino
1255 1707 1532 1778 suscepit.
1568 1707 1727 1769 Quod
1783 1710 1977 1761 autem

329 1816 357 1846 «
389 1796 672 1851 Dominus
694 1796 877 1867 jussit
903 1797 1065 1851 Petro
1097 1800 1161 1851 ut
1215 1796 1490 1868 dirigeret
1537 1794 1858 1850 Martialem
1907 1795 1976 1849 ad

328 1907 355 1934 ‹‹
392 1885 824 1957 pradicandum
872 1885 1186 1956 provinciis
1210 1884 1551 1950 Galliarum,
1585 1885 1739 1939 idem
1772 1888 1860 1939 est
1899 1883 1976 1937 si-

327 1997 356 2026 «
391 1973 704 2028 millimum
739 1973 821 2028 illi
857 1991 971 2046 quo
1003 1973 1338 2029 doctoribus
1367 1973 1681 2029 Antiochia
1713 1972 1978 2044 degenti-

326 2086 354 2112 «
388 2063 499 2117 bus
529 2063 610 2117 ait
637 2061 890 2134 Spiritus
922 2068 1162 2118 sanctus
1195 2081 1207 2118 :
1241 2064 1528 2131 Segregatc
1558 2063 1699 2116 mihi
1736 2062 1977 2116 Paulum

328 2172 356 2200 ‹‹
387 2158 439 2206 et
466 2151 776 2206 Barnabam
803 2153 860 2205 in
892 2168 1023 2222 opus
1051 2168 1154 2223 quo
1183 2153 1447 2223 assumpti
1475 2168 1580 2206 eos.
1617 2155 1674 2205 ιιι
1706 2152 1794 2205 illi
1812 2167 1974 2206 oran-

325 2262 354 2289 «
386 2247 459 2295 tes
487 2244 539 2294 et
559 2240 876 2311 jejunantes
917 2241 1292 2311 imposuerunt
1323 2243 1401 2295 eis
1428 2258 1646 2308 manus,
1678 2248 1728 2295 et
1756 2239 1975 2294 dimise-

332 2347 354 2376 α
385 2336 575 2383 serunt
603 2344 688 2384 eos
720 2329 853 2399 (Act.
888 2327 968 2400 ιι).
1001 2328 1069 2382 Et
1117 2329 1271 2383 sicut
1323 2329 1405 2384 illi
1459 2330 1625 2384 missi
1674 2329 1913 2384 fuerunt
1941 2345 1975 2382 a

326 2440 353 2467 α
391 2416 609 2488 Spiritu
642 2420 862 2483 sancto,
881 2415 1148 2488 quamvis
1181 2434 1282 2489 per
1304 2418 1695 2474 ministerium
1721 2417 1974 2489 discipu-

325 2529 353 2556 «
391 2505 603 2571 lorum,
635 2505 716 2560 sic
739 2504 1022 2561 Martialis
1054 2507 1272 2562 missus
1298 2512 1389 2562 est
1419 2525 1452 2562 a
1482 2506 1728 2563 Domino
1750 2506 1806 2561 in
1836 2505 1976 2562 Gal-

325 2617 353 2645 ‹‹
379 2593 682 2663 liam,1icet
709 2609 812 2667 per
833 2593 1182 2668 legationem
1197 2600 1254 2652 et
1277 2595 1612 2652 consultum
1632 2596 1781 2651 beati
1798 2595 1968 2651 Petri.

321 2707 349 2734 ‹‹
385 2683 514 2750 Qui,
549 2687 788 2738 vocante
821 2687 876 2738 et
901 2682 1151 2756 eligente
1182 2701 1243 2740 se
1292 2685 1558 2752 Domino,
1579 2684 1770 2740 atatis
1801 2683 1970 2756 quin-

325 2794 353 2824 «ι
384 2771 572 2827 decim
605 2789 788 2828 annos
838 2771 1176 2844 impleverat
1213 2774 1642 2839 tantummodo,
1665 2774 1971 2846 tribusque

327 2882 355 2910 «
386 2877 519 2916 cum
551 2877 617 2916 eo
647 2861 989 2933 permansit,
1032 2862 1088 2917 id
1121 2867 1210 2917 est
1239 2880 1424 2934 usque
1449 2863 1520 2918 ad
1553 2862 1884 2934 passionem
1915 2865 1973 2916 et

323 2970 352 2999 «
387 2950 808 3018 ascensionem,
842 2954 974 3021 post
1002 2951 1316 3006 adventum
1348 2951 1600 3023 denique
1631 2950 1816 3006 sancti
1841 2950 1968 3022 Spi-

325 3060 353 3088 ‹‹
388 3039 535 3094 ritus
574 3055 750 3111 super
795 3037 1088 3111 apostolos
1137 3039 1196 3094 in
1249 3040 1408 3105 Sion,
1463 3056 1648 3095 annos
1709 3039 1970 3111 quinque

325 3148 353 3177 «
387 3127 542 3200 apud
572 3127 835 3182 Judaam
876 3128 1027 3194 fecit,
1059 3133 1117 3184 et
1146 3133 1276 3200 post
1305 3146 1436 3184 cum
1468 3129 1631 3183 Petro
1653 3127 1967 3183 Antiochia
1998 3111 2041 3177 C

330 3237 351 3264 ι
388 3221 609 3290 septem
641 3215 994 3288 permansit:
1015 3222 1073 3272 at
1099 3233 1231 3271 vero
1260 3217 1471 3272 dehinc
1501 3217 1768 3288 sequenti
1789 3233 1962 3284 anno,

327 3327 355 3356 «
388 3307 709 3378 imperante
739 3305 1008 3375 Domino,
1039 3306 1410 3377 Aquitaniam
1454 3305 1728 3369 introivit,
1760 3305 1819 3361 in
1852 3322 1968 3378 qua

327 3417 355 3444 ‹‹
387 3410 490 3466 per
518 3392 724 3466 viginti
755 3397 882 3448 octo
915 3410 1099 3448 annos
1132 3394 1528 3465 pradicationi
1561 3393 1845 3449 institisse
1871 3410 1967 3449 00-.

326 3505 354 3532 ‹‹
387 3481 691 3554 gnoscitur
723 3499 735 3536 :
769 3481 1059 3553 siquidem
1094 3482 1260 3537 tertio
1291 3482 1634 3553 Vespasiani
1683 3499 1834 3537 anno
1858 3481 1966 3536 mi-

327 3592 355 3621 «
386 3570 592 3643 gravit.
627 3591 655 3618 »
687 3569 788 3624 His
818 3570 998 3642 igitur
1025 3570 1215 3625 verbis
1259 3569 1602 3626 amulorum
1649 3570 1969 3643 pertinacia

325 3675 460 3714 cum
509 3656 806 3729 pullulans
855 3663 1008 3714 esset
1057 3658 1223 3714 facile
1283 3659 1587 3725 exstincta,
1648 3677 1968 3732 omnesque

323 3747 642 3820 peritorum
700 3746 1123 3803 acclamassent
1179 3749 1322 3804 satis
1380 3748 1560 3804 fuisse
1618 3749 1966 3804 conveniens

319 3833 506 3891 atatis
526 3834 960 3906 perfectionem,
997 3837 1052 3891 in
1085 3835 1202 3892 illis
1229 3837 1326 3908 qui
1363 3837 1670 3893 duodecim
1719 3837 1965 3911 apostoli

320 3924 544 3998 priores
569 3923 732 3980 electi
765 3929 922 3992 sunt,
955 3926 1248 3982 exstitisse
1279 3943 1293 3981 :
1329 3926 1563 3982 interim
1597 3928 1654 3982 in
1699 3927 1798 3983 illo
1828 3945 1965 3983 con-

321 4013 453 4071 cilio
485 4013 802 4070 Pictavcnsi
831 4031 1010 4086 super
1039 4015 1146 4070 hoc
1177 4015 1430 4088 capitulo
1461 4023 1752 4072 cessatum
1787 4021 1892 4072 est.

392 4101 709 4174 Subjunxit
726 4103 903 4158 etiam
927 4103 1082 4159 idem
1105 4105 1470 4160 venerandus
1503 4105 1696 4160 senior
1715 4105 1812 4177 qui
1845 4106 1967 4160 hac

321 4192 648 4263 perorabat,
692 4191 892 4247 dicens
926 4211 938 4248 :
979 4216 999 4240 α
1031 4193 1180 4257 Quid
1214 4193 1399 4248 multa
1429 4209 1686 4260 necesse,
1719 4193 1969 4250 dilectis-

321 4278 499 4335 simi9
527 4278 618 4335 Nil
672 4281 925 4352 profecto
972 4281 1065 4336 hic
1115 4281 1320 4337 obesse
1378 4282 1736 4354 conspicitis,
1788 4300 1966 4355 quam

320 4367 481 4423 illam
512 4367 711 4423 minus
741 4385 1060 4442 congruam
1096 4370 1412 4426 multorum
1458 4371 1966 4438 consuetudinem,

321 4473 436 4513 non
489 4457 709 4512 ratione
758 4457 1172 4531 perspicacem,
1206 4461 1307 4516 sed
1340 4459 1584 4528 incuria,
1620 4465 1684 4516 ut
1732 4459 1967 4529 assolet,
1999 4479 2046 4544 ι)

319 4548 608 4618 torpente,
640 4562 820 4618 penes
873 4547 1070 4619 plures
1129 4548 1528 4604 inveteratam.
1589 4550 1712 4613 Quo
1769 4553 1965 4604 autem

318 4634 494 4690 modo
524 4633 645 4689 hac
674 4651 801 4706 qua
829 4634 888 4690 in
922 4635 1125 4692 multis
1158 4635 1402 4691 invaluit
1449 4637 1705 4706 traditio,
1739 4654 1806 4693 ex
1853 4655 1967 4710 quo

315 4723 618 4781 videamus
649 4725 824 4793 fonte,
859 4725 1176 4781 descendit.
1198 4725 1539 4782 Nostrorum
1571 4727 1842 4798 equidem
1875 4744 1970 4798 pa-

317 4817 476 4868 trum
525 4832 641 4871 non
688 4816 910 4871 incerta
957 4814 1270 4870 didicimus
1314 4813 1592 4870 relatione
1622 4815 1760 4887 quia
1799 4815 1968 4889 longe

319 4900 616 4968 olim,imo
645 4905 717 4959 ab
741 4904 928 4977 ipsius
959 4902 1229 4977 discipuli
1265 4903 1494 4958 Domini
1529 4907 1807 4977 tempore,
1829 4922 1963 4978 quo,

317 4989 642 5062 imperante
670 4992 1052 5067 Vespasiano,
1083 4994 1138 5048 in
1172 5009 1310 5065 pace
1351 4993 1643 5060 occubuit,
1678 5011 1865 5066 usque
1907 4994 1966 5049 in

318 5079 582 5149 tempora
630 5089 905 5154 nepotum
953 5082 1140 5138 Caroli
1170 5082 1436 5155 Augusti,
1471 5083 1704 5154 quando
1751 5083 1808 5138 in
1851 5100 1969 5139 mo-

320 5166 608 5222 nasticum
635 5171 986 5228 canonicalis
1041 5172 1204 5239 ordo,
1239 5170 1587 5227 facientibus
1632 5169 1873 5244 Pippino
1913 5176 1971 5228 et

318 5255 521 5313 Carolo
553 5257 850 5318 fratribus.
886 5261 1020 5315 filiis
1053 5259 1348 5324 Ludovici,
1379 5260 1436 5313 in
1471 5276 1586 5331 quo
1632 5277 1736 5332 ego
1786 5264 1972 5316 rector

318 5362 452 5402 sum
480 5344 626 5414 loco,
661 5355 1028 5419 permutatus
1059 5356 1164 5416 est,
1199 5349 1493 5417 eumdem,
1528 5349 1741 5406 Christi
1794 5350 1968 5406 disci-

321 5433 524 5507 pulum
557 5436 776 5508 passim
811 5453 913 5509 per
949 5437 1322 5509 Aquitaniam
1367 5438 1590 5508 priores
1619 5439 1802 5495 nostri
1835 5456 1968 5495 eum

320 5523 448 5582 aliis
479 5525 802 5584 recitabant
831 5526 1390 5601 apostolis,ejusque
1420 5527 1490 5582 de
1521 5527 1782 5600 apostolo
1813 5545 1973 5585 men-

2099 460 2293 528 lando,
2319 463 2436 519 imo
2469 464 2725 520 deterius
2755 464 3054 536 sapiendo,
3088 470 3381 538 caperunt
3419 466 3682 524 novitatem

2095 551 2328 617 inferre,
2361 553 2617 608 dicentes
2652 571 2664 609 :
2703 576 2730 602 «
2767 554 2928 609 Licet
2957 553 3127 610 nobis
3156 558 3454 626 patronum
3493 559 3686 629 Aquita-

2097 660 2126 690 «
2159 639 2266 695 nia
2307 641 2377 696 de
2428 641 2552 696 loco
2597 642 3016 714 apostolorum,
3049 644 3109 698 in
3154 659 3265 716 quo
3310 661 3458 699 nunc
3486 645 3686 703 ultimus

2096 750 2124 778 «
2155 733 2263 796 est,
2318 734 2736 796 transmutare,
2773 736 2837 786 ut
2889 731 2966 786 sit
3020 732 3188 786 nobis
3241 732 3615 800 honorabilior,
3649 737 3685 789 si

2094 841 2120 866 ‹‹
2159 818 2414 890 primum
2447 819 2504 873 in
2537 820 2941 875 confessorum
2971 820 3119 876 serie
3149 837 3282 875 eum
3334 821 3602 888 dicamus;
3629 825 3687 878 sit

2093 929 2120 955 ‹‹
2158 907 2327 961 nobis
2371 907 2726 980 principium
2782 909 3204 975 eonfessorum,
3238 925 3352 964 non
3400 913 3686 967 extremitas

2096 1016 2123 1044 «
2154 995 2550 1068 apostolorum
2575 1013 2586 1050 :
2612 996 2886 1070 eligimus
2926 1002 2991 1052 ut
3033 998 3108 1052 sit
3127 999 3352 1070 primus
3372 1003 3496 1053 ante
3523 1017 3686 1055 omnes

2094 1104 2123 1133 «
2153 1085 2718 1156 confessores,quam
2754 1085 2996 1140 ultimus
3027 1086 3085 1140 in
3120 1085 3451 1158 apostolis.»
3475 1089 3572 1144 lloc
3599 1089 3687 1144 ita-

2091 1189 2203 1244 que
2233 1173 2479 1245 arbitpio
2511 1173 2769 1230 humano
2801 1174 2963 1230 nulla
3000 1174 3222 1230 ratione
3263 1175 3422 1242 fulto,
3456 1176 3685 1248 paulatim

2093 1278 2276 1332 usque
2307 1263 2376 1316 ad
2413 1261 2533 1317 hac
2583 1267 2848 1334 tempora
2881 1268 3080 1318 nostra
3130 1262 3264 1318 talis
3309 1263 3532 1319 increvit
3569 1283 3684 1331 mos,

2090 1367 2205 1404 non
2237 1355 2432 1405 tamen
2465 1351 2523 1404 in
2559 1351 2834 1407 omnibus
2867 1351 3030 1407 locis.
3063 1351 3365 1407 Nonnulla
3397 1353 3587 1425 quippe
3608 1355 3688 1409 Ec-

2089 1438 2278 1494 clesia
2309 1439 2594 1511 hodieque
2628 1439 2734 1494 hac
2769 1440 2826 1494 in
2861 1457 2919 1495 re
2950 1441 3343 1512 antiquiorem
3375 1441 3595 1498 retinere
3625 1443 3690 1497 vi-

2088 1527 2300 1582 dentur
2329 1528 2785 1597 observantiam,
2814 1546 2992 1601 quam
3022 1529 3158 1585 licet
3184 1529 3281 1584 alii
3315 1535 3692 1601 permutassent

2086 1615 2146 1670 in
2179 1615 2369 1683 terris,
2387 1615 2728 1672 nullatenus
2753 1621 2948 1673 tamen
2978 1622 3218 1690 potuere
3240 1619 3370 1690 ejus
3393 1617 3691 1676 imminuere

2087 1723 2276 1776 neque
2307 1706 2619 1761 obscurare
2651 1705 2899 1778 gloriam
2930 1708 2986 1761 in
3020 1707 3203 1771 calis,
3237 1707 3337 1763 ubi
3369 1707 3556 1780 ingens
3583 1725 3692 1779 apo-

2089 1793 2359 1849 stolicum
2411 1795 2610 1860 decus,
2644 1795 2702 1849 iu
2750 1795 3005 1868 glorioso
3048 1795 3300 1852 rutilans
3348 1796 3692 1868 apostolorum

2087 1881 2280 1948 choro,
2315 1886 2447 1936 ante
2473 1887 2852 1954 conspectum
2884 1885 3214 1955 majestatis
3247 1884 3438 1956 gloria
3484 1885 3572 1940 Dei
3616 1901 3692 1956 pe-

2085 1971 2342 2026 renniter
2372 1971 2646 2042 possidet.
2667 1971 2726 2027 Si
2758 1987 2894 2044 ergo
2945 1973 3138 2045 priora
3187 1977 3246 2028 et
3275 1972 3583 2046 antiquiora
3620 1989 3696 2045 pa-

2083 2060 2600 2127 trum,secundum
2642 2059 2942 2116 veritatem
2973 2066 3032 2116 et
3061 2061 3463 2118 rationabilem
3489 2061 3694 2117 auctori-

2082 2152 2281 2203 tatem.
2315 2149 2430 2204 Deo
2457 2149 2802 2221 inspirante,
2840 2165 3260 2223 recuperamus
3293 2149 3693 2216 instituta,olim

2083 2237 2358 2292 humanis
2407 2237 2919 2294 adinventionibus
2959 2239 3156 2294 ablata
3201 2245 3374 2312 atque
3405 2241 3692 2311 depravata,

2082 2326 2256 2398 idque
2285 2327 2515 2398 agimus
2565 2328 2894 2383 renovando
2945 2329 3134 2400 magis
3189 2346 3368 2402 quam
3415 2328 3689 2384 novitatem

2083 2414 2557 2488 prasumptivam
2617 2416 2922 2484 tradendo,
2957 2417 3166 2488 utquid
3230 2417 3530 2490 culpamur
3566 2416 3695 2472 velut

2080 2508 2543 2576 transgressores
2565 2507 2944 2575 paternorum
2979 2506 3388 2573 terminorum,
3419 2507 3486 2562 de
3513 2505 3694 2578 quibus

2081 2591 2366 2663 scriptum
2401 2596 2490 2648 est
2523 2611 2536 2647 :
2571 2595 2651 2647 Ne
2705 2594 3134 2663 transgrediaris
3168 2596 3429 2650 terminos
3483 2596 3695 2666 antiquos

2079 2698 2210 2754 quos
2235 2689 2534 2753 posuerunt
2561 2685 2744 2752 patres
2774 2683 2894 2737 tui?
2915 2683 3094 2755 (Prov.
3128 2686 3298 2752 xxu.)
3323 2683 3454 2751 Cur,
3467 2681 3693 2755 inquam,

2079 2771 2293 2825 durum
2316 2769 2372 2824 id
2396 2769 2692 2841 aliquibus
2721 2771 3093 2838 videbitur,si
3127 2776 3350 2828 rectam
3380 2771 3620 2828 veritatis
3641 2770 3694 2824 li-

2081 2875 2248 2913 neam
2283 2857 2606 2929 sequimur,
2640 2859 2688 2913 si
2720 2859 3178 2932 perspicaciores
3226 2866 3420 2933 patres
3461 2859 3694 2932 antiquos

2079 2945 2276 3002 hacin
2310 2964 2370 3002 re
2409 2946 2729 3015 imitemur,
2764 2947 2814 3003 si
2854 2949 3052 3004 minus
3102 2955 3310 3006 acutos
3361 2966 3470 3005 non
3516 2948 3691 3004 sectari

2079 3036 2324 3108 dignum
2356 3035 2683 3091 ducamus?
2711 3037 2912 3093 Nonne
2944 3037 3040 3094 hic
3078 3043 3249 3110 pater
3291 3038 3602 3104 Azenerius,
3629 3041 3692 3091 at-

2079 3142 2191 3198 que
2209 3125 2557 3180 Benedictus
2585 3129 2773 3181 rector
2803 3127 3141 3183 monasterii
3172 3127 3362 3184 Clusa
3407 3126 3584 3184 Sancti
3611 3125 3691 3181 Mi-

2075 3213 2314 3282 chaelis,
2349 3212 2598 3286 plusque
2646 3213 2745 3269 alii
2794 3215 3120 3272 doctissimi
3172 3222 3230 3272 et
3280 3212 3689 3273 reverentissimi

2075 3304 2315 3359 abbates
2342 3306 2398 3358 et
2425 3302 2701 3374 episcopi,
2725 3307 2845 3359 tam
2877 3308 3194 3377 prasentes
3225 3321 3404 3378 quam
3437 3307 3686 3369 absentes,

2075 3409 2193 3448 una
2223 3408 2354 3447 cum
2388 3391 2651 3447 Romana
2697 3392 3016 3464 apostolica
3059 3393 3217 3461 sede,
3245 3393 3382 3450 huic
3426 3391 3686 3449 sententia

2074 3481 2467 3537 testiﬁcantur
2517 3479 2846 3546 nobiscum,
2889 3482 3229 3554 bonumque
3280 3482 3338 3538 id
3387 3499 3451 3539 ac
3489 3483 3684 3553 justum

2075 3570 2308 3642 Deoque
2332 3568 2760 3641 beneplaeitum
2783 3570 3044 3626 ducunt?
3059 3572 3176 3627 Cur
3197 3577 3392 3628 autem
3408 3571 3684 3626 multorum

2076 3658 2334 3731 opinioni
2369 3659 2598 3713 incaute
2629 3662 2821 3713 autem
2857 3661 3165 3731 prabendo
3219 3662 3544 3726 obscurare,
3572 3658 3686 3720 imo,

2077 3747 2230 3820 quod
2249 3745 2432 3802 absit!
2455 3745 2730 3802 infalsare
2760 3749 2904 3803 tanti
2935 3754 3103 3821 gesta
3123 3749 3355 3821 patroni
3368 3744 3690 3805 videbimur?

2075 3838 2202 3901 Qua
2229 3835 2385 3892 enim
2417 3836 2640 3891 ratione
2665 3853 2982 3908 possumus
3009 3853 3143 3893 eum
3174 3856 3389 3912 negare
3419 3838 3582 3894 fuisse
3617 3834 3686 3889 di-

2076 3923 2369 3996 scipulum
2407 3924 2660 3990 Domini,
2689 3940 2942 3996 eumque
2974 3926 3032 3980 in
3064 3943 3240 3983 carne
3287 3925 3576 3984 secutum?
3601 3921 3687 3978 Sed

2077 4013 2352 4086 quisnam
2386 4017 2601 4068 temere
2629 4012 2877 4068 inficiari
2909 4015 3121 4070 audeat
3151 4031 3289 4071 eum
3322 4033 3354 4072 a
3386 4014 3608 4070 Domino
3632 4007 3686 4064 ad

2077 4102 2511 4175 praedicandum
2546 4101 2815 4168 missum,
2843 4119 2948 4158 nec
2980 4121 3092 4159 non
3121 4109 3179 4159 et
3202 4104 3426 4177 ligandi
3447 4098 3690 4160 solvendi-

2077 4207 2190 4263 que
2221 4206 2356 4246 cum
2383 4189 2513 4246 aliis
2545 4189 2823 4261 apostolis
2869 4196 3156 4262 potestate
3207 4198 3556 4266 promotum;
3588 4203 3688 4261 par-

2075 4283 2312 4351 temque
2363 4277 2702 4350 gentilitatis
2733 4295 3031 4336 enormem
3086 4281 3142 4336 in
3205 4283 3446 4338 occiduo
3491 4279 3685 4335 climate

2077 4367 2389 4440 specialem
2420 4367 2479 4422 in
2512 4372 2666 4424 sorte
2698 4368 3080 4440 apostolatus,
3115 4371 3346 4427 Christo
3372 4371 3594 4443 jubente
3633 4379 3686 4420 ac

2077 4459 2350 4521 donante,
2383 4457 2668 4528 beateque
2699 4457 2864 4513 Petro
2898 4459 3232 4516 consultum
3287 4461 3561 4533 praebente
3602 4470 3687 4509 su-

2080 4546 2372 4619 scepisse?
2402 4544 2612 4602 Omnia
2640 4545 2762 4602 hac
2786 4547 2856 4602 de
2890 4547 2986 4603 illo
3017 4547 3306 4616 abnuunt,
3332 4548 3430 4621 qui
3459 4561 3579 4603 eum
3606 4543 3688 4596 aut

2078 4653 2192 4691 non
2225 4635 2472 4690 credunt
2499 4651 2627 4690 esse
2676 4635 3026 4706 apostolum,
3061 4642 3182 4704 aut,
3215 4639 3264 4692 si
3316 4637 3563 4699 credunt,
3592 4645 3685 4686 non

2075 4725 2324 4780 libenter
2353 4722 2703 4796 suscipiunt.
2729 4721 2837 4795 Illi,
2871 4724 3134 4796 inquam,
3167 4726 3290 4782 hac
3334 4727 3596 4796 denegare
3620 4717 3686 4770 vi-

2077 4811 2409 4885 dentur,qai
2441 4829 2575 4868 eum
2599 4828 2715 4867 non
2739 4814 3237 4884 quemadmodum
3257 4815 3534 4870 Joannem
3550 4822 3688 4864 evan-

2076 4902 2366 4976 gelistam,
2401 4901 2502 4955 sed
2534 4899 2692 4956 velut
2739 4901 3081 4958 Silvestrum
3124 4919 3357 4976 papam,
3391 4906 3486 4958 aut
3530 4908 3683 4952 unum

2075 4992 2146 5046 de
2173 4989 2264 5046 his
2296 4989 2394 5062 qui
2431 4989 2743 5044 Dominum
2775 4989 2833 5044 in
2868 5007 3040 5047 carne
3071 5009 3184 5048 non
3219 4991 3401 5049 secuti
3444 4991 3585 5052 sunt,
3611 4979 3683 5036 vel

2077 5097 2194 5136 non
2225 5079 2514 5144 viderunt,
2550 5077 2893 5150 simpliciter
2922 5081 3312 5138 confessorem
3335 5076 3632 5136 autumant.
3658 5090 3679 5117 »

2149 5170 2310 5223 Tunc
2357 5165 2619 5238 quidam,
2646 5167 2909 5223 moribus
2951 5174 3007 5225 et
3053 5175 3218 5226 atate
3260 5167 3680 5242 grandavus.ex

2077 5256 2366 5330 episcopis
2397 5255 2496 5328 qui
2538 5255 2821 5311 sedebant
2852 5257 2908 5312 in
2941 5255 3500 5326 concilio,Albiensis
3519 5245 3682 5305 videli-

2079 5352 2168 5403 cet
2197 5344 2464 5402 Ecclesia
2497 5348 2696 5416 pastor
2736 5346 3025 5415 Emilius,
3060 5347 3206 5404 facto
3246 5345 3491 5410 silentio,
3523 5337 3675 5395 dixit:

2079 5460 2107 5487 ‹‹
2132 5436 2297 5491 Hunc
2321 5433 2678 5506 Aquitanica
2697 5435 2894 5506 patria
2917 5452 3225 5494 coruscum
3242 5434 3674 5492 illuminatorem.

2082 5525 2182 5598 qui
2225 5523 2295 5580 ad
2345 5523 2497 5580 hanc
2544 5523 2745 5597 plagas
2797 5529 2988 5598 patres
3039 5531 3263 5585 nostros
3292 5523 3444 5582 venit
3484 5517 3676 5593 primus
