4094 6158
270 338 434 415 1313
1326 350 1536 413 ACTA
1587 348 1942 412 coxcnn
1983 304 2553 415 LEMOVICENSIS
2596 352 2673 416 η.
3557 361 3710 425 1374

277 489 523 555 salvare,
552 502 730 560 quem
760 484 1022 541 Christus
1051 485 1333 541 Dominus
1366 489 1424 540 et
1453 485 1683 539 beatus
1718 483 1952 551 Petrus,
1988 490 2037 553 Α
2069 488 2261 541 autem
2293 490 2603 557 patronum
2635 488 2853 547 bonum
2884 490 2960 549 sit
2990 490 3380 551 confessorem
3419 493 3554 561 dici,
3587 511 3710 551 me-

280 579 427 636 alter
451 576 753 649 imperans
785 577 848 629 ut
871 576 1143 647 magister
1172 579 1230 630 et
1256 574 1547 630 Dominus
1579 571 1965 643 discipulum
2073 571 2188 629 lius
2204 578 2397 630 tamen
2416 581 2505 633 est
2524 593 2659 633 eum
2681 580 2981 651 praedicari
3003 582 3511 655 etapostolum,ne
3531 583 3709 640 latere

280 672 337 725 et
361 682 619 733 servum,
645 664 790 721 alter
819 662 1127 719 exhortans
1149 668 1213 718 ut
1240 658 1711 732 condiscipulus
1741 663 1799 714 et
1814 675 1965 716 com-
2071 661 2334 719 videatur
2363 666 2471 721 sub
2495 667 2686 723 modio
2713 668 2944 727 claritas
2976 671 3247 743 ejus,qua
3277 671 3507 729 Domini
3538 671 3710 729 disci-

281 756 653 831 propinquus
692 751 1157 823 condiscipulum
1188 757 1244 809 et
1274 747 1861 823 compropinquum,
1892 750 1962 806 ad
2071 751 2243 824 pulus
2274 758 2330 808 et
2362 756 2536 811 sortis
2585 758 2911 829 apostolicae
2959 776 3115 816 unus
3163 776 3291 816 esse
3337 761 3704 833 praedicatur.

283 845 531 902 salutem
563 847 622 898 et
652 841 852 896 lumen
880 840 1141 913 gentium
1164 836 1589 906 Galliarum,in
1619 836 1892 893 tenebiis
1910 844 1963 894 et
2069 841 2172 906 Qui
2205 846 2397 899 autem
2429 846 2788 902 contentiose
2820 864 2954 904 eum
2986 847 3127 903 dicit
3156 849 3705 916 eonfcssorem,ideo

284 935 493 990 umbra
533 930 743 987 mortis
772 928 1126 997 sedentium,
1157 929 1502 994 direxerunt,
1528 923 1957 996 justissimum

283 1028 341 1080 et
370 1021 790 1095 dignissimum
824 1033 954 1073 esse
987 1018 1337 1073 omnimodis
1369 1026 1699 1072 censemus
1729 1020 1812 1081 ut,
1845 1034 1956 1089 quo

285 1112 471 1184 magis
488 1118 831 1182 possumus,
847 1105 1240 1164 excellentiori
1262 1108 1586 1163 habeamus
1623 1099 1959 1174 honore,se-

283 1201 541 1257 eundum
567 1202 765 1253 tamen
799 1202 1020 1251 rectam
1053 1196 1315 1252 veritatis
1348 1208 1643 1252 normam.
1681 1194 1829 1267 Haec,
1864 1194 1952 1250 in-

285 1304 484 1361 quam,
518 1287 576 1341 in
609 1303 675 1341 eo
703 1289 1011 1341 teneamus
1044 1300 1178 1355 qua:
1226 1302 1340 1341 non
1395 1285 1516 1340 sint
1554 1282 1714 1339 ultra
1744 1285 1950 1340 verita-

286 1383 401 1433 tem
435 1394 447 1432 :
482 1380 540 1431 et
569 1374 727 1447 quod
757 1388 962 1428 verum
995 1375 1053 1427 et
1096 1373 1497 1429 clarissimum
1545 1372 1667 1428 illic
1715 1379 1804 1429 est
1844 1389 1951 1429 nec

286 1463 794 1539 przstermittentes
824 1478 929 1516 nec
958 1463 1454 1536 excedentes,quo
1481 1480 1615 1518 eum
1647 1461 1834 1535 magis
1861 1479 1952 1518 va-

288 1557 475 1613 lemus
504 1553 883 1608 honoremus.
917 1549 973 1603 Si
1007 1551 1172 1606 enim
1200 1568 1332 1607 vere
1357 1569 1389 1605 a
1429 1550 1670 1607 Domino
1702 1552 1772 1607 ad
1804 1569 1949 1623 prte-

291 1644 603 1703 dieandum
653 1640 874 1697 missus
927 1642 1037 1705 est,
1077 1639 1128 1695 si
1160 1639 1495 1712 discipulus
1527 1642 1656 1712 ejus
1685 1641 1744 1696 in
1777 1657 1951 1697 carne

290 1736 415 1801 fuit,
449 1733 498 1790 si
529 1748 685 1788 unus
716 1730 788 1785 de
817 1726 934 1782 illis
966 1731 1059 1782 est
1088 1729 1314 1800 quibus
1355 1729 1580 1784 dictum
1612 1734 1701 1785 est
1733 1748 1745 1785 :
1783 1730 1954 1785 Beati

291 1824 445 1883 oculi
471 1823 571 1895 qui
598 1820 788 1877 vident
819 1831 946 1890 qum
976 1833 1073 1921 ξοδ
1107 1818 1323 1874 videtis
1346 1823 1504 1886 (Luc.
1538 1818 1634 1890 x);
1670 1818 1768 1919 qui
1815 1835 1948 1873 eum
1985 1856 2030 1921 Β

295 1916 465 1986 negat
495 1909 844 1984 apostolum,
877 1906 1133 1978 profecto
1180 1912 1422 1964 constat
1471 1908 1612 1979 quia
1653 1906 1951 1963 veritatem

296 1998 695 2077 praetermittit,
730 1998 845 2053 imo
872 1996 1201 2067 impugnat.
1233 1998 1295 2053 Si
1318 2003 1523 2053 autem
1562 1997 1640 2052 ita
1667 1996 1956 2051 diceretur

298 2089 613 2166 apostolus,
642 2093 706 2142 ut
735 2087 803 2142 de
833 2084 1055 2157 origine
1100 2086 1281 2142 Israel
1337 2086 1673 2159 discipulus
1723 2083 1953 2141 Domini

300 2198 411 2236 non
442 2182 615 2246 esset,
649 2193 752 2232 nec
778 2194 809 2230 a
833 2174 1081 2230 Domino
1114 2179 1480 2246 potestatem
1515 2175 1733 2247 ligandi
1758 2191 1824 2230 ac
1847 2172 1957 2228 sol-

298 2269 465 2327 vendi
495 2263 1008 2339 accepisset,ultra
1030 2264 1332 2320 veritatem
1364 2266 1538 2321 ﬁeret
1567 2262 1951 2319 transcensio.

302 2359 374 2415 Ut
402 2358 450 2414 si
481 2356 614 2430 quis
642 2372 775 2411 eum
802 2370 987 2409 unum
1021 2353 1090 2408 de
1122 2352 1437 2409 duodecim
1462 2354 1621 2408 dicat
1648 2349 1953 2417 fuisse,ul-

302 2455 391 2507 tra
418 2448 715 2504 veritatem
749 2441 1107 2517 pertransit;
1138 2442 1240 2514 qui
1289 2459 1424 2498 vero
1484 2442 1566 2498 ita
1621 2459 1757 2498 eum
1815 2440 1957 2496 dicit

304 2535 652 2612 apostolum,
680 2539 963 2607 tanquam
1022 2549 1056 2587 a
1111 2531 1361 2587 Domino
1414 2533 1836 2598 missum,non
1885 2531 1956 2586 de

300 2624 628 2693 duodecim,
655 2623 754 2679 sed
788 2622 860 2677 de
890 2620 1270 2693 septuaginta
1316 2621 1549 2676 duobus
1598 2636 1808 2686 unum,
1836 2619 1957 2676 sive

300 2723 581 2788 tanquam
631 2712 880 2769 Paulum
913 2715 971 2767 et
1000 2710 1354 2775 Barnabam,
1387 2709 1491 2782 qui
1540 2715 1675 2781 post
1722 2708 1953 2765 Domini

301 2804 697 2862 ascensionem
730 2799 897 2857 electi
928 2797 1174 2871 apostoli
1206 2799 1590 2853 exstiterunt:
1623 2798 1717 2853 hic
1747 2797 1955 2853 verita-

298 2899 414 2951 tem
460 2908 645 2965 neque
694 2888 1039 2953 contemnit,
1074 2904 1260 2960 neque
1308 2887 1694 2956 transcendit,
1729 2903 1953 2954 verum,

304 3000 408 3040 nec
437 2982 508 3038 ad
538 2981 737 3036 laevam
773 2995 878 3033 nec
909 2977 978 3032 ad
1015 2976 1315 3031 sinistram
1368 2976 1631 3044 devians,
1672 2992 1774 3048 per
1802 2975 1955 3030 viam

300 3076 512 3128 rectam
526 3068 769 3142 justitiae
798 3066 1083 3141 graditur.
1110 3065 1293 3137 Igitur
1307 3064 1355 3119 si
1375 3081 1512 3136 pars
1534 3065 1739 3138 aliqua
1754 3064 1958 3136 proba-

2069 947 2183 985 non
2214 932 2434 987 bonum
2464 951 2592 990 esse
2630 934 2773 991 mihi
2820 936 3069 1007 videtur,
3096 937 3235 1009 quia
3281 937 3450 1010 quasi
3494 954 3707 1010 negare

2063 1019 2290 1075 videtur
2319 1022 2446 1092 ejus
2494 1023 2817 1095 proprium,
2852 1030 2909 1080 et
2954 1025 3289 1081 inimicitias
3341 1025 3401 1081 in
3453 1025 3707 1082 Ecclesia

2063 1108 2234 1181 parit.
2268 1110 2349 1165 Ne
2376 1111 2556 1184 igitur
2585 1113 2842 1169 scissura
2871 1114 2930 1169 in
2980 1113 3236 1170 Ecclesia
3277 1114 3378 1170 Dei
3429 1114 3537 1170 hac
3580 1114 3706 1170 fieri

2062 1198 2250 1270 possit
2295 1200 2615 1270 occasione,
2650 1218 3020 1274 summopere
3067 1207 3157 1259 est
3186 1202 3608 1275 providendum
3642 1206 3706 1257 ut

2061 1303 2264 1343 omnes
2296 1305 2552 1345 consono
2584 1290 2754 1345 corde
2785 1295 2841 1346 et
2870 1308 2969 1346 ore
3001 1308 3182 1347 unum
3216 1291 3272 1346 id
3305 1291 3705 1363 quod-melius

2059 1380 2149 1431 est
2181 1377 2573 1448 pronuntient.
2610 1379 2744 1434 Sola
2773 1396 2899 1452 quas
2939 1381 3142 1436 obesse
3188 1379 3417 1435 videtur
3462 1378 3705 1437 auribus

2059 1466 2439 1533 consuetudo,
2471 1466 2530 1522 in
2580 1466 2790 1523 melius
2839 1467 3174 1541 accipiatur,
3225 1473 3283 1524 et
3329 1467 3591 1524 schisma
3636 1484 3703 1524 ae

2060 1555 2446 1611 murmuratio
2478 1559 2652 1627 atque
2682 1556 2951 1613 dubietas
2981 1574 3220 1630 prorsus
3252 1573 3285 1612 a
3314 1559 3514 1612 nostro
3544 1573 3704 1612 eom-

2060 1643 2225 1697 muni
2252 1647 2401 1699 emtu
2434 1643 2754 1701 aboleatur.
2786 1645 2947 1710 Quod
2980 1645 3031 1702 si
3062 1645 3196 1717 quis
3221 1644 3511 1701 contraire
3552 1661 3702 1718 prte-

2060 1731 2379 1803 sumpserit
2403 1732 2538 1789 huic
2567 1734 2806 1806 paeiﬁee
2843 1734 3182 1803 concordiae,
3216 1734 3288 1789 de
3327 1732 3705 1790 contentiosis

2059 1822 2117 1873 et
2146 1820 2536 1878 schismaticis
2568 1840 2724 1878 unus
2746 1822 3060 1895 judieetur.
3098 1845 3125 1873 ››

2131 1909 2214 1963 Ad
2245 1909 2367 1964 haec
2394 1912 2757 1968 venerandus
2789 1912 2871 1967 ait
2898 1913 3192 1969 Jordanus
3223 1930 3237 1967 :
3270 1911 3460 1978 Multa,
3493 1911 3705 1967 charis-

2060 1998 2210 2065 simi,
2241 2002 2368 2054 ante
2396 2005 2489 2055 hos
2520 2017 2689 2056 annos
2718 2002 2819 2055 hac
2860 2000 2924 2056 de
2972 2017 3028 2056 re
3072 2002 3218 2072 facta
3263 2006 3341 2055 est
3392 2000 3704 2072 inquisitio,

2062 2102 2335 2159 quousque
2364 2089 2482 2145 haec
2519 2089 2801 2145 altercatio
2838 2089 2908 2145 ad
2954 2106 3115 2145 aures
3156 2088 3463 2161 apostolicae
3506 2092 3707 2145 sanctae

2066 2175 2314 2231 Romana
2341 2177 2481 2233 sedis
2509 2180 2836 2250 perveniret.
2869 2179 3043 2249 Super
3089 2195 3191 2250 quo
3238 2179 3502 2234 Dominus
3545 2178 3708 2233 Joan-

2063 2280 2159 2321 nes
2186 2283 2331 2339 papa
2360 2269 2642 2338 exemplar
2667 2268 2904 2339 epistolae
2934 2268 3087 2324 nobis
3119 2275 3197 2322 est
3237 2266 3497 2335 dignatus
3543 2265 3709 2322 desti-

2063 2372 2217 2423 nare,
2252 2372 2575 2429 magnopere
2618 2356 2914 2426 testiﬁcaris
2955 2356 3283 2428 apostolatus
3309 2356 3424 2426 ejus
3446 2355 3711 2426 gloriam,

2060 2448 2113 2499 et
2143 2445 2473 2517 redarguens
2502 2461 2684 2501 omnes
2711 2447 2807 2517 qui
2831 2462 2957 2501 eum
2985 2443 3365 2501 contradicunt
3405 2458 3519 2500 esse
3558 2460 3713 2516 apos-

2063 2536 2254 2590 tolum.
2288 2535 2416 2603 Quaa
2444 2535 2667 2605 epistola
2694 2550 2855 2590 sacra
2894 2537 3208 2591 conservata
3236 2535 3295 2588 in
3322 2536 3578 2605 promptu
3603 2532 3710 2589 ha-

2065 2623 2238 2687 betur,
2270 2625 2330 2678 in
2358 2639 2466 2696 qua
2495 2623 2662 2695 facile
2689 2623 2859 2680 claret
2892 2625 3262 2679 testimonium
3290 2636 3476 2676 verum
3516 2621 3711 2677 Roma-

2062 2726 2155 2768 nae
2180 2712 2341 2767 sedis.

2133 2801 2238 2856 Cui
2256 2799 2636 2856 Bituricensis
2654 2799 3127 2872 archiepiscopus
3144 2797 3311 2853 Aimo
3324 2798 3706 2869 respondens,

2064 2889 2209 2944 dixit
2243 2906 2256 2943 :
2291 2912 2318 2938 «
2352 2889 2597 2944 Textum
2629 2887 2888 2961 epistolis
2932 2904 3093 2961 papas
3141 2885 3387 2943 Joannis
3433 2886 3711 2945 omnibus

2064 2976 2384 3034 Galliarum
2415 2975 2704 3049 episcopis
2752 2976 3004 3047 directae,
3037 2979 3169 3032 ante
3216 2974 3324 3030 bos
3372 2974 3712 3047 quindecim

2064 3067 2190 3123 dies
2220 3066 2278 3121 in
2309 3064 2554 3122 concilio
2586 3064 3061 3131 Bituricensi,ubi
3086 3063 3285 3137 plures
3305 3062 3561 3137 episcopi
3582 3081 3717 3122 con-

301 3160 433 3217 bilis
488 3156 1037 3231 antiquissimorum
1095 3157 1335 3229 Patrum
1403 3154 1769 3226 eomperitur
1819 3167 1955 3209 eum
1992 3218 2028 3231 Α
2067 3155 2289 3230 gregati
2321 3171 2577 3222 eramus,
2610 3171 2806 3210 coram
2839 3153 3008 3211 nobis
3030 3152 3273 3209 recitare
3296 3150 3577 3221 fecimus;
3610 3152 3714 3209 ubi

301 3249 513 3305 dixisse
543 3218 966 3320 apostolum,et
982 3226 1191 3299 nomen
1214 3243 1343 3314 ejus
1367 3259 1502 3297 eum
1535 3218 1674 3301 aliis
1703 3258 1957 3315 pronun-
1987 3218 2029 3286 ο
2068 3218 2255 3300 multa
2284 3218 2586 3301 doctorum
2612 3242 2786 3298 turba
2816 3242 3096 3309 interfuit,
3123 3238 3403 3314 qui,hane
3430 3218 3715 3315 discepta-

298 3339 475 3414 tiasse
496 3335 1023 3410 apostolis,bonum
1038 3331 1182 3387 mihi
1196 3331 1425 3388 videtur
1437 3348 1545 3386 nos
1560 3348 1769 3389 eorum
1784 3331 1954 3387 indu-

302 3426 556 3482 bitanter
575 3424 870 3481 tramitem
890 3428 1106 3484 tenere,
1123 3419 1412 3493 utposteri
1435 3423 1627 3477 nostri
1646 3419 1852 3477 callem
1875 3418 1956 3474 di-

304 3518 522 3572 rectum
546 3514 819 3585 deinceps
841 3527 1177 3567 assuescere
1200 3510 1395 3582 ipsum
1411 3525 1528 3564 non
1542 3514 1952 3566 cunctentur.»

373 3609 503 3661 Hzee
529 3608 588 3660 et
611 3603 703 3659 his
734 3601 955 3658 similia
983 3615 1049 3655 eo
1080 3599 1327 3663 dicente,
1361 3597 1511 3653 alius
1543 3615 1615 3655 ex
1645 3598 1954 3672 episeOpis,

302 3694 566 3750 videlicet
617 3692 972 3748 Isembertus
1026 3687 1379 3743 Pictavensis
1429 3687 1701 3745 Ecclesia:
1747 3694 1955 3753 rector,

308 3783 477 3856 erepit
504 3779 835 3854 explanare,
867 3777 1069 3833 dicens
1101 3794 1113 3832 :
1156 3798 1183 3826 ‹‹
1218 3776 1322 3843 Qui
1357 3775 1427 3830 de
1459 3774 1569 3832 hoc
1608 3779 1782 3833 verbo
1827 3794 1959 3834 con-

306 3870 646 3943 troversiam
676 3866 847 3942 parit,
881 3866 1103 3920 nodum
1134 3865 1194 3920 in
1228 3864 1417 3936 scirpo
1445 3867 1674 3936 quaerit.
1694 3867 1810 3923 Nos
1842 3883 1957 3923 non

307 3978 516 4017 sumus
535 3957 836 4024 Ebionitae,
853 3954 953 4027 qui
978 3971 1091 4010 non
1112 3954 1401 4027 recipiunt
1421 3959 1630 4026 praeter
1650 3955 1959 4012 duodecim

305 4045 621 4120 apostolos,
652 4048 710 4101 et
740 4042 984 4099 Paulum
1039 4040 1208 4113 quasi
1256 4045 1751 4112 transgressorem
1813 4042 1977 4121 legis.

307 4135 638 4209 repudiant.
660 4133 891 4191 Sufﬁcit
920 4130 991 4186 ad
1013 4129 1429 4187 confodiendos
1459 4130 1820 4188 adversarios
1851 4133 1959 4188 hoc

310 4226 494 4283 telum
526 4221 954 4287 acutissimum,
990 4219 1099 4275 hoc
1127 4223 1217 4275 est
1260 4217 1385 4274 sola
1430 4218 1583 4274 beati
1625 4220 1960 4295 Hieronymi

312 4314 619 4375 sententia.
638 4312 1087 4384 Itemmuerone
1115 4306 1475 4364 validissimo
1492 4308 1653 4364 Pauli
1688 4310 1959 4383 apostoli,

314 4404 478 4462 nulla
508 4407 629 4461 arte
659 4404 760 4458 aut
788 4400 842 4454 vi
874 4415 1137 4470 unquam
1187 4397 1575 4468 retundendo,
1602 4398 1794 4455 omnis
1826 4417 1961 4473 pars

315 4492 678 4552 contentiosa
699 4488 1038 4562 perimenda
1056 4490 1164 4543 est.
1179 4486 1272 4541 Ait
1291 4486 1507 4543 Paulus
1528 4487 1667 4559 quia
1684 4490 1961 4559 apparuit

2064 3334 2280 3391 tionem
2312 3333 2422 3390 sub
2455 3348 2671 3406 magna
2700 3332 3049 3388 discretione
3095 3328 3516 3399 examinantes,
3549 3330 3714 3388 inve-

2064 3426 2278 3479 nerunt
2308 3437 2520 3480 sanum
2549 3438 2678 3478 esse
2706 3421 2860 3494 quod
2892 3421 3149 3478 Joannes
3180 3435 3334 3492 papa
3363 3418 3422 3474 in
3451 3420 3716 3477 Romana

2065 3513 2285 3580 sede,et
2312 3529 2413 3567 vos
2434 3511 2493 3566 in
2516 3510 2625 3567 hac
2655 3528 2782 3583 quae
2811 3510 3001 3583 prima
3024 3507 3287 3566 omnium
3322 3508 3713 3568 Eeelesiarum

2064 3600 2260 3658 Galliae
2291 3606 2400 3669 est,
2425 3603 2627 3656 saneto
2657 3598 2876 3672 Spiritu
2907 3597 3239 3664 afﬂante,de
3258 3596 3367 3654 bac
3378 3598 3717 3671 justissima

2068 3708 2128 3747 re
2153 3690 2514 3748 instituistis.
2547 3689 2728 3745 Nemo
2759 3689 3009 3763 denegat
3037 3703 3172 3743 eum
3200 3686 3381 3744 fuisse
3428 3705 3614 3746 unum
3644 3689 3715 3745 de

2067 3781 2440 3853 septuaginta
2486 3778 2735 3835 duobus.
2777 3776 2896 3835 Illis
2945 3781 3141 3834 autem
3189 3775 3474 3835 Dominus
3521 3777 3710 3836 dixit:

2066 3872 2161 3937 Ite,
2194 3886 2314 3926 ecce
2342 3885 2439 3939 ego
2466 3870 2619 3924 mitto
2662 3884 2751 3923 vos
2791 3870 2934 3922 sicut
2981 3881 3145 3937 agnos
3191 3866 3336 3921 inter
3381 3867 3530 3925 turos
3561 3866 3711 3940 (Luc.

2066 3963 2144 4030 Χ).
2179 3960 2417 4015 Constat
2444 3973 2581 4029 ergo
2613 3973 2761 4029 quos
2782 3953 3065 4012 Dominus
3086 3952 3232 4008 dixit
3250 3955 3717 4027 apostolos,quia

2066 4065 2199 4104 vere
2252 4044 2499 4121 apostoli
2552 4049 2710 4101 sunt.
2756 4046 2826 4100 Et
2873 4043 3028 4100 hunc
3081 4042 3459 4116 protoducem
3516 4043 3714 4101 Gallina

2070 4154 2303 4210 semper
2332 4136 2527 4210 plures
2558 4135 2937 4207 antiquorum
2963 4149 3077 4189 non
3100 4148 3236 4187 cum
3258 4132 3713 4204 eonfessoribus,

2071 4227 2172 4283 sed
2204 4243 2340 4283 eum
2371 4222 2653 4297 apostolis
2679 4221 3090 4296 pronuntiasse
3138 4220 3245 4277 visi
3299 4226 3457 4278 sunt.
3490 4221 3713 4294 Itaque,

2070 4316 2325 4390 plurimo
2355 4315 2658 4370 doctorum
2690 4311 2865 4368 choro
2896 4310 3303 4385 persuadente,
3327 4327 3522 4368 coram
3554 4310 3716 4367 omni

2070 4404 2373 4479 populo,in
2406 4401 2616 4473 majori
2644 4399 2888 4457 ecclesia
2918 4398 3286 4466 Bituricensi,
3314 4398 3716 4456 testimonium

2072 4491 2481 4568 perhibuimus
2509 4490 2677 4546 beato
2700 4487 2951 4546 Martiali
2976 4486 3116 4560 quia
3134 4487 3433 4560 apostolus
3456 4488 3718 4546 veritatis

317 4584 593 4640 Dominus
614 4579 905 4644 undecim,
936 4576 1138 4632 deinde
1166 4575 1438 4644 apostolis
1467 4577 1725 4633 omnibus
1754 4581 1802 4648 (ι
1829 4578 1954 4635 Cor.
1993 4591 2040 4656 ι)
2073 4587 2179 4640 est.
2213 4580 2555 4638 Curavimus
2603 4579 2759 4635 enim
2804 4595 2875 4634 ne
2906 4577 3177 4634 Romanis
3209 4577 3537 4650 apostolicae
3563 4578 3719 4635 sedis

315 4672 432 4745 xv),
458 4674 523 4727 ut
550 4670 809 4727 sciamus
857 4665 1155 4739 apostolos
1209 4664 1390 4720 fuisse
1439 4681 1644 4721 omnes
1676 4684 1826 4739 quos
1856 4668 1963 4724 Do-

317 4761 514 4818 minus
536 4761 594 4816 in
608 4774 781 4816 carne
802 4758 870 4813 ad
879 4756 993 4812 huc
1015 4756 1232 4829 degens
1246 4753 1405 4810 misit
1418 4753 1488 4809 ad
1501 4755 1957 4827 praedicandum.

316 4849 412 4907 Ait
439 4849 844 4921 Hieronymus,
880 4849 945 4901 ut
974 4846 1033 4900 in
1067 4842 1336 4917 praesenti
1394 4843 1701 4898 recitatum
1750 4850 1841 4901 est
1887 4845 1966 4901 1e-

318 4938 508 4995 ctione
540 4956 552 4995 :
586 4937 802 4994 Omnes
832 4934 931 5007 qui
962 4933 1275 4989 Dominum
1326 4931 1385 4986 in
1444 4948 1617 4988 carne
1672 4932 1962 5003 viderunt,

320 5042 570 5100 eumque
603 5030 805 5099 postea
836 5022 1310 5095 praedicaverunt,
1342 5020 1578 5076 fuerunt
1633 5022 1899 5093 apostoli,
1934 5044 1963 5073 »

319 5120 379 5173 et
393 5113 874 5187 cetera.Liquido
904 5113 1132 5167 constat
1162 5109 1303 5182 quia
1333 5108 1617 5165 Martialis
1646 5109 1964 5167 Dominum

322 5206 384 5261 in
413 5221 582 5261 carne
606 5203 774 5271 vidit,
807 5206 864 5258 et
907 5217 1041 5257 eum
1101 5203 1304 5272 postea
1350 5197 1702 5271 praedicavit.
1738 5198 1962 5255 Bonum

323 5299 413 5351 est
439 5312 571 5351 eum
593 5293 707 5349 diei
743 5289 1093 5365 apostolum,
1128 5287 1396 5360 quamvis
1452 5304 1566 5343 non
1616 5285 1834 5342 malum
1887 5289 1965 5343 sit

323 5385 436 5441 diei
460 5384 870 5442 confessorem.
905 5382 1049 5436 Nam
1082 5384 1138 5434 et
1167 5376 1467 5450 apostolus
1496 5377 1696 5431 Petrus
1729 5377 1777 5431 si
1804 5377 1961 5433 dica-

321 5478 417 5529 tur
446 5470 997 5539 confessor,malum
1029 5486 1143 5524 non
1167 5471 1422 5536 est,cum
1448 5464 1734 5522 confessio
1763 5465 1964 5522 verita-

323 5564 397 5619 tis
418 5580 645 5636 semper
662 5558 1080 5618 siteommunis
1103 5574 1205 5630 per
1224 5573 1289 5613 os
1310 5555 1574 5613 omnium
1598 5559 1958 5624 sanctorum,

321 5658 440 5708 tam
470 5653 528 5709 in
556 5650 748 5708 Veteri
788 5666 964 5722 quam
995 5648 1151 5705 Novo
1188 5646 1603 5705 Instrumento.
1633 5644 1779 5702 Cum
1804 5643 1962 5704 hunc

2071 4674 2301 4729 decreto
2332 4674 2389 4726 et
2417 4668 2662 4741 imperio
2692 4682 3178 4740 repugnaremus.
3215 4670 3277 4721 In
3316 4665 3719 4724 testimonium

2074 4779 2207 4818 vero
2235 4758 2519 4824 veritatis,
2550 4757 2610 4813 in
2659 4757 2863 4813 eodem
2912 4755 3157 4812 concilio
3185 4760 3413 4812 tomum
3465 4756 3720 4812 scribere

2077 4850 2432 4924 rogavimus,
2457 4864 2633 4922 quem
2658 4846 2933 4903 manibus
2953 4844 3457 4902 eorroboravimus
3479 4844 3718 4912 nostris,

2076 4943 2367 5013 quatenus
2397 4938 2674 4994 omnibus
2704 4936 2781 4992 sit
2804 4939 3013 4992 notum
3060 4951 3167 4990 nos
3212 4933 3282 4989 de
3330 4933 3439 4990 bac
3469 4949 3531 4989 re
3559 4950 3594 4989 a
3614 4932 3722 4989 Ro-

2077 5044 2254 5084 mana
2283 5028 2421 5083 sede
2451 5026 2695 5083 minime
2718 5024 2863 5081 velle
2893 5022 3383 5094 deseiseere,quia
3411 5039 3528 5078 non
3557 5038 3725 5095 opor-

2074 5121 2175 5173 tet.
2219 5117 2393 5172 Porro
2440 5117 2681 5172 verbum
2729 5114 2881 5170 idem
2931 5113 3072 5169 dum
3124 5111 3183 5166 in
3216 5110 3494 5177 Ecclesia
3541 5110 3722 5167 totius

2074 5210 2385 5277 conspectu
2420 5204 2880 5272 concionaretur,
2908 5200 3065 5258 illico
3095 5200 3288 5257 omnis
3310 5199 3560 5273 populus
3584 5218 3724 5273 qua-

2074 5294 2121 5347 si
2154 5293 2241 5348 vir
2266 5310 2420 5349 unus
2452 5310 2571 5349 una
2605 5310 2741 5349 voce
2789 5290 3102 5349 Dominum
3145 5289 3461 5357 benedixit,
3496 5305 3600 5360 pro
3630 5287 3721 5345 sui

2073 5381 2258 5455 gloria
2288 5383 2709 5454 patroni.Sicut
2737 5382 2916 5454 igitur
2945 5382 3207 5436 Romana
3244 5378 3591 5435 testiﬁcatur
3618 5378 3720 5431 Ec-

2072 5469 2269 5538 clesia,
2303 5471 2395 5525 cui
2438 5470 2835 5528 contradicere
2883 5470 3047 5526 nefas
3096 5473 3207 5538 cst,
3234 5472 3291 5524 et
3337 5465 3716 5539 quemadmo-

2072 5560 2213 5614 dum
2249 5560 2305 5614 in
2339 5561 2609 5632 praedicto
2636 5556 2983 5617 Bituricensi
3016 5557 3305 5614 testificati
3345 5570 3550 5613 sumus
3580 5568 3714 5608 eon—

2072 5646 2222 5716 cilio,
2257 5647 2337 5704 ita
2366 5650 2425 5704 in
2458 5651 2726 5722 praesenti
2759 5646 3032 5705 concione
3080 5642 3335 5718 geneiali
3384 5643 3534 5698 hanc
3584 5634 3713 5695 sen-
