4094 6158
337 250 492 310 13ἶ9

1277 247 1685 310 JORDANUS
1728 242 2302 341 LEMOVIGENSIS
2350 245 2798 308 EPISCOPUS.

3597 246 3752 308 i380

333 398 369 437 a
413 383 646 438 Domino
700 387 880 436 nostro
933 379 1054 436 Jesu
1113 378 1339 446 Christo,
1367 385 1418 434 et
1461 381 1662 436 sanctis
1717 377 1975 452 apostolis
2000 377 2061 446 Α
2089 347 2544 450 sanctorumque
2574 376 2822 434 aliorum
2844 377 3495 452 apostolorum,quibus
3517 380 3756 452 proprie

332 471 471 530 eius.
505 469 902 525 absolutionem
929 469 1261 539 conferimus
1285 477 1648 540 peccatorum,
1679 473 1731 525 et
1763 467 1979 524 benedi-

333 561 566 616 ctionem
589 561 877 625 aeternam,
909 565 971 613 ut
1011 558 1153 612 sicut
1203 558 1469 612 Dominus
1526 558 1675 613 beato
1726 558 1904 622 Petro,
1931 563 1984 612 et

333 647 464 704 huic
489 647 640 704 beato
667 646 930 713 Martiali,
963 645 1034 702 ad
1081 645 1238 717 cujus
1289 648 1729 702 sacratissimum
1784 661 1982 717 corpus

330 736 662 799 assistimus,
691 735 1008 806 ceterisque
1047 735 1311 806 apostolis
1338 736 1595 791 virtutem
1635 742 1798 808 atque
1829 742 1980 806 pote-

327 831 520 881 statem
550 822 767 894 ligandi
792 830 953 895 atque
975 822 1220 879 solvendi
1244 821 1488 880 tribuere
1509 823 1768 893 dignm
1796 824 1980 888 cst,ita

325 930 360 970 a
384 920 727 986 peccatorum
781 912 1016 968 nexibus
1071 911 1349 968 absolvere
1392 911 1647 984 dignetur
1673 927 1760 968 eos
1789 913 1890 984 qui
1911 911 1982 966 de

326 1017 458 1074 pace
482 1005 538 1058 et
555 1001 782 1073 justitia
811 1001 914 1057 Deo
943 1007 995 1057 et
1016 1001 1193 1066 nobis,
1223 1002 1321 1073 qui
1359 1001 1478 1073 ejus
1509 1003 1643 1066 vice,
1676 1001 1799 1056 licet
1828 999 1976 1056 indi-

324 1091 443 1161 gni,
461 1091 772 1162 fungimur,
786 1088 1002 1145 obedire
1027 1091 1427 1162 festinaverint.
1443 1091 1561 1162 Qui
1585 1093 1774 1146 autem
1789 1104 1977 1160 pacem

323 1188 572 1237 nostram
623 1193 736 1234 non
785 1180 1140 1250 susceperint,
1187 1186 1451 1251 tanquam
1501 1195 1613 1234 non
1665 1178 1854 1243 Deum,
1884 1177 1979 1234 sed

325 1267 607 1324 diabolum
661 1271 962 1340 sequentes,
1009 1266 1138 1323 huic
1187 1267 1555 1332 damnationi,
1599 1282 1766 1340 quam
1821 1265 1977 1322 modo

324 1373 510 1414 coram
566 1357 797 1414 recitare
843 1355 1180 1428 jubebimus,
1209 1356 1585 1428 subjacebunt.
1619 1355 1740 1410 Pax
1795 1362 1978 1410 autem

322 1452 513 1501 nostra
543 1443 614 1500 ad
641 1459 736 1500 nos
767 1452 1080 1506 reverte.’ur,
1113 1444 1259 1498 sicut
1304 1443 1564 1498 Dominus
1594 1443 1655 1497 in
1682 1441 1977 1510 Evangelia

323 1535 406 1588 ait
430 1548 443 1586 :
481 1555 510 1583 (ι
538 1532 601 1588 Si
626 1533 797 1604 fuerit
824 1533 977 1602 ﬁlius
1002 1531 1480 1602 pacis,requiescet
1499 1545 1661 1602 super
1690 1530 1978 1601 illumpax

324 1624 506 1678 vestra
527 1639 552 1686 ;
579 1622 668 1677 sin
697 1624 902 1686 autem,
933 1619 1003 1676 ad
1026 1635 1114 1676 vos
1142 1623 1440 1675 revertetur
1469 1619 1620 1691 (Luc.
1653 1618 1732 1690 χ).
1754 1642 1774 1667 ι
1809 1619 1975 1674 Tunc

316 1709 667 1781 jubentibus
697 1708 1179 1782 episcopis,idem
1203 1707 1304 1780 qui
1335 1706 1699 1781 evangelium
1724 1723 1977 1779 pronun-

324 1797 570 1854 tiaverat
615 1797 916 1864 diaconus,
951 1797 1035 1852 sic
1065 1795 1124 1852 in
1152 1802 1309 1852 tomo
1341 1796 1554 1851 chartae
1583 1795 1809 1852 excelsa
1837 1812 1972 1852 voce

323 1886 793 1943 maledictionem
811 1903 1007 1943 coram
1030 1885 1243 1958 populo
1262 1885 1320 1941 in
1344 1884 1621 1941 tribunali
1640 1889 1774 1941 ante
1790 1883 1972 1941 altare

323 1975 513 2050 legere
538 1977 734 2050 cmpit,
765 1976 965 2032 dicens
998 1993 1011 2030 :

394 2088 422 2116 «
450 2065 960 2122 Excommunicatio
991 2065 1050 2118 in
1074 2062 1374 2120 seditiosos.
1400 2063 1478 2118 Ex
1500 2062 1845 2120 auctoritate
1867 2061 1967 2118 Dei

323 2155 513 2211 Patris
543 2153 981 2226 omnipotentis,
1014 2158 1070 2208 et
1096 2151 1244 2217 Filii,
1279 2157 1338 2208 et
1367 2152 1623 2224 Spiritus
1671 2151 1880 2220 sancti,
1914 2155 1972 2207 et

323 2248 535 2300 sancta:
588 2242 682 2298 Dei
731 2241 1030 2315 genitricis
1071 2240 1286 2308 Mariae,
1318 2241 1625 2312 sanctique
1656 2240 1805 2296 Petri
1837 2257 1972 2312 apo-

323 2332 607 2388 stolorum
653 2328 954 2404 principis,
987 2332 1044 2384 et
1093 2329 1243 2384 beati
1298 2327 1602 2394 Martialis,
1635 2334 1691 2383 et
1721 2327 1968 2384 aliorum

323 2419 744 2493 apostolorum,
777 2422 952 2490 atque
999 2416 1264 2472 omnium
1313 2421 1648 2472 sanctorum
1703 2418 1820 2474 Dei.
1853 2418 1970 2474 Nos

320 2509 598 2583 episcopi,
614 2508 674 2564 in
693 2506 928 2563 nomine
946 2505 1044 2562 Dei
1065 2504 1392 2578 specialiter
1419 2506 1972 2580 congregati,Aymo

321 2598 795 2671 archiepiscopus
825 2593 1224 2665 Bituricensis,
1269 2594 1563 2651 Jordanus
1593 2596 1837 2652 antistes
1867 2597 1969 2652 Le-

320 2687 692 2752 movicensis,
719 2684 1050 2758 Stephanus
1074 2683 1422 2752 Aniciensis,
1442 2685 1631 2740 Renco
1655 2686 1972 2742 Arvernen-

319 2779 428 2848 sis,
459 2776 881 2851 Ragamundus
925 2773 1316 2840 Miinatensis,
1340 2773 1612 2830 Emilius
1653 2774 1966 2844 Albiensis,

319 2865 637 2924 Deusdedit
666 2864 1056 2932 Caturcensis,
1093 2864 1450 2920 lsembertus
1473 2862 1967 2932 Pictavensis,Ar-

321 2955 533 3014 naldus
581 2951 1085 3018 Petracoricensis,
1118 2952 1278 3008 Roho
1335 2951 1797 3025 Engolismensis
1826 2969 1839 3007 :
1872 2970 1967 3008 ex-

319 3042 824 3101 oommunicamus
856 3040 987 3098 illos
1016 3040 1234 3097 milites
1265 3041 1337 3097 de
1369 3041 1479 3097 isto
1503 3039 1839 3114 episcopatu
1873 3042 1970 3098 Le-

2091 484 2126 523 a
2145 467 2390 524 Domino
2412 465 2622 523 collata
2641 472 2730 523 est
2751 471 3008 539 potestas
3024 467 3247 540 ligandi
3267 474 3449 542 atque
3464 467 3752 525 solvendi.

2091 555 2388 627 Quidquid
2416 554 2511 610 hic
2541 560 2742 628 pastor
2768 555 2933 612 vobis
2961 574 2996 612 a
3023 556 3139 612 Deo
3190 557 3369 614 datus
3415 555 3755 622 conﬁrmat,

2089 644 2532 710 confirmamus,
2562 648 2619 699 et
2675 643 2963 716 quidquid
3014 645 3284 712 destruit,
3347 645 3755 713 destruimus;

2087 731 2344 807 ligamus
2373 749 2522 805 quos
2553 732 2679 804 ipse
2705 731 2870 806 ligat,
2905 733 3309 790 benedicimus
3341 734 3566 807 quibus
3587 733 3761 790 bene-

2087 820 2250 878 dicit.
2285 844 2314 871 ››

2158 910 2262 967 His
2294 913 2352 967 et
2380 909 2482 982 huj
2494 909 2723 967 usmodi
2753 911 3212 984 peroratis,facto
3233 911 3652 980 silentio,cum
3681 911 3755 968 ad

2086 998 2291 1056 horam
2306 999 2720 1056 confractionis
2735 1001 3018 1056 Dominici
3035 1001 3298 1074 corporis
3307 1004 3555 1057 ventum
3575 1006 3754 1066 esset,

2085 1092 2261 1161 atque
2281 1105 2351 1145 ex
2368 1105 2527 1145 more
2546 1088 3021 1163 archiepiscopus
3042 1089 3516 1147 benedictionem
3533 1089 3757 1164 pepulo

2085 1177 2376 1246 funderet,
2400 1194 2576 1250 super
2605 1177 2760 1233 beati
2790 1177 3073 1235 Martialis
3105 1178 3346 1234 nomine
3384 1179 3755 1235 mentionem

2083 1265 2444 1333 interseruit,
2471 1267 2551 1322 ita
2581 1266 2816 1324 dicens:
2845 1290 2872 1316 α
2902 1266 3216 1324 Benedicat
3240 1271 3298 1323 et
3327 1268 3636 1324 custodiat
3651 1285 3758 1324 vos

2083 1355 2456 1428 omnipotens
2479 1355 3018 1429 Deus,domumque
3039 1356 3192 1413 hanc
3205 1357 3305 1414 sui
3324 1357 3603 1412 muneris
3626 1357 3760 1428 [nuo

2085 1444 2287 1515 minis]
2311 1444 2620 1516 praesentia
2645 1443 3140 1518 illustrare,atque
3163 1445 3757 1518 sumpietatisoeulos

2083 1549 2263 1605 super
2316 1549 2442 1588 eam
2494 1533 2588 1589 die
2631 1549 2697 1588 ac
2746 1538 2912 1589 nocte
2943 1534 3221 1606 dignetur
3247 1535 3500 1607 aperire.
3543 1537 3754 1592 Amen.

2084 1621 2491 1694 Concedatque
2522 1621 2811 1694 propitius
2836 1626 2900 1677 ut
2927 1638 3132 1678 omnes
3161 1622 3265 1695 qui
3291 1623 3371 1679 ad
3402 1623 3754 1680 solemnita-

2083 1715 2204 1766 tem
2230 1709 2687 1771 anniversariam
2720 1709 3104 1766 dedicationis
3130 1709 3314 1782 hujus
3345 1711 3612 1768 basilicae
3650 1713 3753 1769 ho-

2085 1799 2289 1855 dierna
2318 1798 2412 1855 die
2441 1799 2814 1862 convenistis,
2849 1799 3242 1856 intercedente
3274 1801 3448 1857 beato
3480 1801 3752 1859 Martiale

2081 1887 2366 1960 apostolo,
2401 1892 2458 1944 et
2485 1887 2710 1944 caeteris
2733 1887 2955 1946 sanctis
3003 1887 3144 1956 suis,
3176 1905 3434 1960 quorum
3484 1889 3750 1963 reliquias

2081 1977 2178 2033 hic
2207 1977 2303 2050 pio
2334 1981 2684 2032 venerantur
2724 1993 2942 2046 amore,
2974 1976 3280 2034 vobiscum
3329 1977 3472 2035 hinc
3518 1980 3753 2036 veniam

2080 2071 2452 2139 peccatorum
2509 2069 2835 2122 vestrorum
2879 2069 3172 2139 reportare
3227 2067 3496 2124 valeatis.
3538 2071 3753 2126 Amen.

2079 2155 2372 2219 Quatinus
2396 2171 2599 2210 eorum
2624 2155 2953 2212 interventu
2976 2155 3085 2227 ipsi
3109 2155 3395 2228 templum
3420 2159 3755 2230 sanctiSpi-

2079 2244 2252 2310 ritus,
2285 2244 2345 2300 in
2377 2261 2490 2316 quo
2519 2247 2720 2298 sancta
2746 2243 2901 2300 Deus
2930 2244 3186 2301 Trinitas
3208 2245 3437 2318 jugiter
3478 2246 3752 2304 habitare

2079 2331 2614 2406 dignetur,eftici,et
2635 2337 2766 2404 post
2785 2331 2966 2404 hujus
2988 2331 3113 2387 vitae
3135 2331 3393 2390 labentis
3427 2351 3750 2392 excursum

2079 2423 2152 2476 ad
2183 2421 2398 2494 gaudia
2427 2425 2642 2477 aeterna
2689 2420 2935 2477 feliciter
2977 2421 3276 2494 pervenire
3305 2425 3684 2490 mereamini,
3717 2448 3744 2476 ιι

2079 2515 2130 2566 et
2157 2515 2350 2567 caetera
2379 2527 2498 2583 qua:
2525 2513 2586 2565 in
2614 2511 2908 2582 episcopali
2929 2510 3299 2567 benedictione
3320 2514 3575 2583 proferri
3611 2514 3746 2569 soli-

2077 2604 2197 2655 tum
2223 2604 2320 2655 est.
2335 2599 2642 2656 Secundus
2661 2603 2858 2655 tamen
2879 2598 3304 2656 benedictionis
3326 2599 3426 2656 ille
3447 2617 3660 2658 versus
3683 2601 3743 2658 in

2077 2705 2146 2746 eo
2176 2687 2392 2755 codice,
2424 2688 2577 2744 sicut
2605 2691 2663 2744 et
2691 2688 2750 2742 in
2782 2686 3082 2746 nonnullis
3110 2687 3267 2756 aliis,
3323 2705 3544 2746 nomen
3585 2691 3743 2747 beati

2074 2777 2318 2836 Joannis
2342 2776 2711 2849 evangelista:
2743 2775 3090 2848 inscriptum
3113 2777 3484 2846 continebat;
3507 2795 3737 2846 verum,

2078 2872 2144 2922 ut
2165 2867 2305 2932 dixi,
2337 2866 2410 2922 ob
2441 2865 2552 2922 loci
2603 2864 2930 2922 festivitatis
2961 2865 3485 2938 Opportunitatem,
3529 2885 3738 2926 conve-

2077 2956 2304 3012 nienter
2331 2959 2386 3010 et
2417 2952 2682 3010 consulto
2713 2953 2834 3009 haec
2863 2953 3376 3010 circumstantium
3411 2955 3738 3028 peritorum

2076 3063 2323 3102 assensu
2356 3045 2427 3099 ab
2451 3043 2885 3116 archiepiscopo
2908 3042 2966 3098 in
2992 3043 3144 3100 beati
3165 3043 3454 3101 Martialis
3475 3047 3738 3118 proprie-

318 3133 656 3201 movicensi,
691 3133 790 3204 qui
835 3147 1032 3204 pacem
1079 3135 1135 3186 et
1183 3130 1478 3202 justitiam
1533 3113 1806 3204 episcOpo
1857 3149 1965 3188 suo
1997 3113 2040 3180 ο
2076 3140 2195 3192 tate
2224 3139 2282 3190 et
2309 3132 2497 3207 gloria
2525 3113 2682 3188 dicta
2708 3113 2868 3188 sunt.
2901 3132 3064 3198 Quod
3105 3130 3270 3189 valde
3319 3113 3550 3206 placuit
3575 3113 3737 3192 omni

319 3223 574 3289 ﬁrmare,
603 3221 757 3278 sicut
786 3220 913 3294 ipse
961 3219 1157 3292 exigit,
1208 3219 1416 3276 nolunt
1469 3226 1573 3276 aut
1629 3219 1963 3277 noluerunt.

319 3311 610 3369 Maledicti
643 3310 756 3384 ipsi
787 3315 844 3365 et
868 3308 1166 3380 adjutores
1187 3325 1391 3364 eorum
1416 3309 1473 3364 in
1506 3307 1726 3365 malum
1754 3326 1767 3364 :
1795 3310 1968 3366 male-

317 3401 474 3457 dicta
517 3417 683 3457 arma
728 3415 953 3466 eorum,
989 3403 1046 3453 et
1071 3396 1278 3452 caballi
1311 3396 1545 3454 illorum
1580 3416 1593 3454 :
1626 3404 1798 3454 erunt
1831 3415 1965 3456 cum

317 3489 456 3546 Cain
485 3487 803 3558 fratricida,
829 3491 886 3543 et
915 3503 1050 3542 cum
1079 3486 1234 3541 Juda
1279 3487 1577 3555 traditore,
1606 3491 1663 3542 et
1691 3504 1826 3543 cum
1861 3493 1966 3546 Da-

317 3579 462 3634 than
494 3581 552 3634 et
581 3577 817 3643 Abiron,
849 3575 949 3648 qui
971 3575 1080 3630 vivi
1108 3574 1458 3630 introierunt
1476 3575 1535 3630 in
1559 3575 1874 3634 infernum.
1898 3579 1968 3634 Et

318 3669 472 3724 sicut
500 3665 588 3721 ha
620 3663 869 3720 lucerna:
895 3661 1350 3736 exstinguuntur
1369 3662 1426 3719 in
1447 3665 1630 3722 oculis
1650 3667 1968 3736 vestris,ita

317 3754 604 3830 gaudium
633 3769 835 3808 eorum
867 3751 1270 3825 exstinguetur
1299 3752 1358 3806 in
1389 3759 1704 3826 conspectu
1736 3761 1964 3813 sancto-

318 3861 451 3900 rum
470 3841 833 3915 angelorum,
848 3841 960 3897 nisi
982 3845 1117 3897 ante
1137 3845 1384 3898 mortem
1404 3842 1476 3898 ad
1505 3843 1964 3903 satisfactionem

317 3936 494 4004 atque
524 3930 989 3990 emendationem
1021 3929 1143 3986 sive
1171 3930 1572 4003 pmnitentiam
1603 3933 1842 4006 dignam
1869 3952 1964 3992 ve-

317 4019 514 4077 nerint
542 4019 602 4076 in
623 4019 914 4091 judicium
947 4018 1204 4092 episcopi
1236 4017 1348 4076 sui.
1386 4041 1414 4067 »

389 4110 606 4167 Omnes
624 4109 880 4182 episcopi
899 4115 955 4164 et
971 4109 1290 4182 presbyteri
1319 4109 1591 4169 candelas
1617 4113 1890 4172 ardentes
1906 4115 1965 4172 in

317 4199 596 4256 manibus
625 4203 910 4265 tenentes,
944 4215 1078 4254 mox
1124 4214 1225 4254 eas
1255 4198 1314 4253 in
1346 4203 1562 4256 terram
1593 4203 1967 4274 projicientes

317 4289 741 4345 exstinxerunt.
769 4288 853 4342 Ad
886 4287 1042 4358 quod
1073 4286 1316 4342 verbum
1346 4303 1446 4343 cor
1464 4289 1662 4362 populi
1684 4290 1850 4348 valde
1869 4309 1964 4349 ex-

272 4392 278 4398 '
318 4376 493 4449 pavit,
509 4380 566 4432 et
595 4392 800 4432 omnes
828 4373 1245 4442 clamaverunt,
1262 4375 1518 4434 dicentes
1543 4395 1556 4434 :
1594 4401 1622 4429 ‹‹
1641 4378 1734 4434 Sic
1755 4381 1968 4436 exstin-

317 4469 459 4538 guat
485 4466 642 4522 Deus
672 4464 932 4521 laetitiam
963 4481 1166 4520 eorum
1199 4464 1299 4536 qui
1329 4482 1536 4538 pacem
1583 4471 1642 4524 et
1672 4467 1966 4540 justitiam
1996 4483 2044 4550 Ῑ)

318 4554 618 4627 suscipere
647 4553 872 4610 nolunt.
905 4574 932 4603 »

389 4643 493 4700 His
537 4643 728 4710 dictis,
761 4641 1037 4698 dominus
1084 4641 1376 4700 Jordanus
1407 4642 1489 4699 ait
1517 4645 1589 4700 ad
1624 4646 1906 4718 populum
1950 4667 1964 4705 :

315 4731 444 4788 Hec
473 4732 637 4788 verba
665 4732 1063 4788 maledictionis
1093 4730 1276 4786 eodem
1303 4733 1451 4788 dicta
1494 4743 1620 4790 sunt
1649 4743 1831 4792 tenore
1858 4755 1968 4792 nu-

310 4822 554 4893 perrime
583 4823 645 4877 in
666 4828 849 4877 sancto
895 4820 1127 4876 concilio
1177 4822 1514 4877 Bituricensi
1541 4823 1600 4878 in
1631 4823 1968 4883 advetsarios

311 4911 484 4981 pacis.
517 4909 984 4981 Quemadmodum
1030 4917 1215 4965 autem
1262 4911 1406 4966 inter
1451 4912 1832 4982 Bituricenses,
1863 4916 1969 4972 Deo

315 4997 570 5066 donante,
599 5017 714 5073 pax
739 5001 962 5072 ﬁrmata
989 5007 1088 5066 est,
1122 5000 1201 5054 ita
1251 5000 1396 5055 inter
1440 5001 1842 5058 Lemovicenses
1867 5021 1968 5076 pa-

314 5103 430 5143 cem
456 5089 582 5158 ﬁeri
600 5098 865 5162 optamus.
893 5089 1032 5145 Post
1061 5087 1182 5144 haec
1204 5087 1420 5160 singuli
1449 5088 1880 5162 episcoporum,
1913 5097 1972 5148 et

317 5174 564 5231 ultimus
594 5177 1177 5250 archiepiscopus,de
1193 5193 1336 5248 pace
1360 5177 1646 5250 populum
1669 5196 1968 5250 monuere,

317 5263 616 5320 dicentes:
650 5287 679 5315 «
703 5265 865 5320 Sicut
893 5270 1093 5338 pastor
1118 5269 1312 5322 vester
1353 5281 1484 5322 ecce
1511 5267 1780 5339 prsidixit
1807 5269 1972 5326 vobis

317 5351 390 5409 de
421 5367 582 5425 pace,
614 5351 697 5408 ita
725 5370 833 5410 nos
861 5357 990 5425 ejus
1018 5354 1177 5410 dicta
1206 5354 1516 5410 ﬁrmamus
1546 5371 1662 5412 uno
1688 5358 1884 5427 corde,
1916 5362 1975 5416 et

317 5458 436 5499 uno
463 5458 776 5509 consensu,
794 5459 863 5498 ex
883 5443 1226 5499 auctoritate
1255 5441 1572 5500 Salvatoris
1593 5445 1626 5502 J
1631 5462 1736 5502 esu
1757 5445 1972 5505 Christi

316 5529 552 5602 Domini
585 5530 792 5607 nostri,
815 5535 872 5591 et
899 5529 1053 5592 beati
1087 5529 1452 5609 Petri,atque
1478 5533 1630 5594 beati
1663 5534 1972 5617 Martialis,

2075 3223 2341 3280 Ecclesia
2373 3237 2609 3278 summo
2657 3238 2853 3288 amore
2899 3225 2957 3276 et
2997 3221 3277 3294 tripudio.
3322 3222 3734 3280 Certissimum

2075 3314 2291 3386 quippe
2337 3316 2606 3368 tenemus
2656 3327 2724 3366 ea
2771 3309 3000 3383 placere
3049 3310 3292 3383 Spiritui
3344 3317 3578 3379 sancto,
3609 3331 3734 3386 qua

2075 3401 2464 3475 plurimorum
2485 3398 2747 3454 fidelium
2771 3415 3062 3454 consensu
3085 3398 3142 3453 in
3162 3415 3344 3454 unam
3364 3399 3733 3456 voluntatem

2073 3489 2447 3560 conveniunt,
2501 3489 2671 3559 juxta
2717 3487 2875 3558 quod
2936 3487 3220 3559 scriptum
3252 3493 3346 3543 est
3379 3504 3393 3542 :
3427 3489 3734 3545 Multitudi-

2071 3582 2161 3635 nis
2190 3583 2370 3636 autem
2400 3577 2737 3634 credentium
2779 3580 2898 3632 erat
2925 3592 3019 3632 cor
3063 3592 3237 3631 unum
3285 3580 3339 3631 et
3388 3580 3585 3633 anima
3627 3595 3737 3634 una

2075 3671 2209 3742 (Act.
2243 3672 2340 3737 1v).

2146 3757 2464 3814 Claudente
2495 3755 2622 3812 luce
2643 3754 3011 3820 diem,finitis
3032 3753 3382 3827 vespertinis
3408 3755 3737 3823 solemniis,

2071 3835 2341 3902 Afmilius
2373 3843 2650 3916 pontifex.
2681 3843 3012 3898 veneranda
3055 3843 3268 3898 canitie
3316 3844 3648 3916 angelicas,
3683 3846 3738 3900 in

2073 3937 2276 3991 eadem
2323 3933 2586 4000 basilica,
2618 3931 2788 3998 hanc,
2841 3936 3076 4004 propter
3130 3931 3534 4002 patrocinium
3587 3934 3741 3990 beati

2073 4020 2375 4089 Martialis,
2437 4020 2907 4076 benedictionem
2971 4019 3132 4076 dedit
3186 4020 3431 4092 populo,
3488 4022 3778 4079 dicens:-

2074 4135 2103 4162 ‹‹
2137 4110 2342 4167 Omnis
2372 4109 2474 4180 qui
2521 4125 2624 4164 vos
2676 4108 2736 4163 in
2786 4106 3122 4180 apostolicis
3170 4107 3386 4164 tribuit
3415 4111 3742 4167 consistere

2072 4198 2494 4265 fundamentis,
2519 4195 2862 4252 benedicere
2881 4213 2984 4252 vos
3004 4195 3297 4269 dignetur,
3314 4196 3475 4254 beati
3500 4197 3742 4255 Martia-

2074 4287 2150 4344 lis
2180 4284 2425 4360 apostoli
2459 4285 2551 4342 sui
2581 4283 3104 4340 intervenientibus
3137 4284 3388 4353 meritis,
3423 4307 3454 4335 ››
3485 4290 3590 4343 de.
3619 4301 3747 4360 qua:

2071 4380 2392 4448 sequuntur.
2407 4372 2660 4429 Consilio
2679 4377 2876 4428 autem
2908 4371 3070 4438 inito,
3105 4371 3367 4446 episcopi
3387 4375 3743 4448 semetipsos

2076 4463 2426 4520 altrinsecus
2445 4465 2802 4517 monuerunt
2825 4466 2908 4529 ut,
2929 4460 3199 4516 tarditate
3225 4463 3741 4532 remota,crastino

2072 4552 2240 4609 valde
2271 4567 2461 4618 mane,
2495 4550 2652 4622 quod
2684 4548 2876 4605 illuxit
2905 4552 3066 4605 sexta
3097 4549 3261 4618 feria,
3293 4551 3369 4606 ad
3418 4551 3742 4608 concilium

2076 4641 2283 4698 iterato
2300 4644 2644 4713 cogerentur
2665 4639 2724 4694 in
2749 4638 3123 4703 unnm.Quod
3147 4637 3402 4711 qualiter
3421 4645 3624 4697 actum
3638 4642 3742 4708 sit,

2076 4728 2343 4803 sequenti
2374 4727 2618 4783 lectione
2667 4727 2870 4799 paucis
2918 4727 3368 4800 perstringenda
3415 4729 3742 4785 reservabi-

2079 4836 2234 4886 mus,
2251 4815 2615 4892 postulantes
2635 4815 2952 4872 Dominum
2982 4820 3046 4871 ut
3077 4815 3244 4872 utilia
3268 4833 3398 4889 qua:
3423 4817 3613 4874 oculis
3630 4818 3746 4891 ipsi

2075 4909 2352 4974 vidimus,
2377 4911 2435 4962 et
2463 4905 2708 4962 auribus
2739 4910 3052 4978 praesentes
3073 4905 3740 4975 audivimus,memoris

2078 5003 2290 5054 1108th
2323 5011 2632 5070 suggerere
2664 4994 2736 5050 ad
2767 4993 2979 5051 litteris
3012 4994 3417 5051 mandandum
3462 4995 3744 5068 dignetur

2079 5087 2233 5144 Deus
2263 5090 2320 5142 et
2362 5083 2644 5140 Dominus
2675 5087 2874 5140 noster
2914 5083 3090 5140 Jesus
3117 5082 3411 5150 Christus,
3442 5100 3580 5140 cum
3621 5101 3738 5157 quo

2079 5179 2169 5232 est
2192 5173 2381 5248 gloria
2409 5171 2564 5228 Patri
2614 5188 2733 5227 una
2760 5187 2898 5228 cum
2953 5171 3174 5244 Spiritu
3221 5177 3451 5241 sancto,
3484 5188 3590 5244 per
3627 5173 3737 5232 im-

2080 5262 2351 5321 mortalia
2379 5259 2596 5319 sascula
2623 5261 3000 5335 sempiterna.
3029 5263 3231 5318 Amen.

2871 5467 2940 5482 —
