4094 6158
349 195 508 286 1381

1005 354 1252 412 SESSIO
1295 356 1366 412 ll.
1412 359 1416 363 ’

350 447 630 504 Celebrata
659 460 760 501 xm
792 445 1063 500 Kalendas
1085 445 1417 501 Decembris.
1436 478 1504 487 —
1521 450 1738 503 Inserta
1760 457 1836 504 est
1861 465 2023 504 enar-

417 518 558 574 ratio
591 533 778 574 rerum
817 519 877 572 in
931 517 1164 573 concilio
1221 517 1602 574 Lemovicensi
1631 537 1647 574 1
1679 537 1824 575 anno
1863 520 2018 576 10l9.

417 598 706 663 gestarum.

415 714 680 770 Secundo
710 712 934 768 interea
972 712 1204 768 concilii
1239 713 1355 779 die,
1381 719 1519 785 post
1549 715 2024 771 anniversariam

348 801 659 858 Dominicae
683 801 938 858 basilicae
961 800 1398 857 solemnitatem
1416 818 2024 876 excursam,surgen-

349 900 433 948 tes
464 890 719 963 episcOpi
741 891 814 945 ad
849 889 1216 960 psallendum
1249 895 1386 945 ante
1417 889 1632 956 lucem,
1667 898 1853 964 atque
1886 909 2028 947 cum

351 997 558 1038 aurora
595 979 745 1035 lucis
774 979 940 1035 daret
971 979 1226 1051 primum
1258 977 1497 1033 initium
1530 978 1642 1049 ipsi
1663 979 1782 1034 diei
1798 980 2032 1048 ,altaris

351 1068 692 1143 mysterium
713 1068 960 1124 Domino
991 1066 1412 1140 persolventes,
1443 1066 1615 1120 valde
1639 1082 1852 1136 mane,
1873 1074 2032 1124 ante-

351 1175 527 1231 quam
544 1156 760 1214 clarius
776 1157 1160 1221 illucesceret,
1183 1155 1253 1210 ad
1277 1155 1586 1210 basilicam
1611 1160 1848 1209 sanctis
1873 1157 2036 1212 sedis

355 1246 673 1322 aggregati,
701 1245 1042 1319 congruenti
1055 1245 1392 1318 etdisposto
1416 1245 1626 1299 ordine
1645 1241 2039 1300 intraverunt

352 1337 422 1392 ad
454 1335 792 1393 concilium.
830 1334 1117 1390 Litaniam
1141 1332 1556 1406 imposuitillis
1590 1331 1796 1386 tribus
1821 1333 2038 1390 diebus

344 1427 470 1498 jam
501 1425 695 1481 dictus
728 1425 985 1480 domnus
1032 1423 1370 1491 Azenerius,
1430 1417 1804 1476 venerabilis
1870 1428 2038 1492 pater

351 1515 842 1571 monasteriorum
861 1513 1048 1568 sancti
1078 1511 1310 1568 Martini
1341 1507 2036 1574 Masciacensis,Sancti-

355 1620 466 1677 que
497 1603 792 1660 Benedicti
827 1600 1231 1666 Floriacensis,
1266 1599 1361 1671 qui
1395 1616 1512 1654 una
1557 1612 1702 1652 cum
1754 1600 2033 1654 antistite

1409 225 1614 288 ACTA
1660 226 1994 290 CONCILll
2033 218 2634 287 LEMOVICENSIS
2681 227 2762 288 ll.

3661 239 3813 297 1382

2048 359 2106 426 Α
2139 355 2408 410 membra
2429 353 2541 410 hoc
2566 356 2723 412 idem
2748 359 3034 418 debemus
3052 362 3368 436 suscipere,
3385 370 3443 420 et
3463 369 3623 422 omni
3646 385 3817 425 vene-

2135 444 2364 498 ratione
2397 442 2672 515 amplecti
2707 464 2720 513 ;
2756 452 2815 503 et
2861 450 2999 522 quia
3047 453 3146 523 qui
3201 458 3547 524 potestatem
3589 456 3814 529 ligandi

2137 538 2315 606 atque
2350 531 2612 589 solvendi
2646 537 2882 608 preprie
2913 557 2945 594 a
2971 539 3219 607 Christo,
3253 541 3312 596 in
3344 544 3515 600 terris
3546 545 3605 601 in
3636 563 3812 604 carne

2137 621 2334 676 adhuc
2367 621 2638 693 degente,
2670 634 3044 698 acceperunt,
3079 631 3300 702 absque
3351 632 3530 688 dubio
3561 635 3815 706 apostoli

2138 717 2283 767 sunt
2309 715 2412 794 ;Iet
2442 711 2585 782 quia
2623 730 2797 770 nemo
2843 719 3238 774 contradicere
3268 737 3401 775 vero
3431 725 3640 794 potest,
3675 724 3814 781 bea-

2138 805 2268 855 tum
2303 799 2632 856 Martialem
2666 820 2699 856 a
2728 803 2958 862 Christo
2990 805 3049 861 in
3081 808 3254 864 terris
3301 808 3362 864 in
3415 827 3586 867 carne
3617 813 3814 871 adhuc

2141 889 2392 960 degente
2441 894 2791 960 potestatem
2824 893 3044 966 ligandi
3095 901 3151 952 et
3201 897 3463 954 solvendi
3503 917 3638 956 cum
3671 901 3814 957 reli-

2145 977 2281 1049 quis
2321 978 2606 1048 apostolis
2651 983 2966 1054 accepisse.
3002 985 3199 1041 Sancti
3251 988 3426 1043 etiam
3459 989 3724 1046 doctores
3757 995 3817 1047 et

2144 1071 2345 1139 patres
2378 1068 2562 1122 nostri
2591 1070 2836 1143 antiqui,
2871 1073 3154 1129 columnae
3197 1075 3464 1133 Ecclesia:
3516 1079 3812 1148 fortiores,

2145 1156 2515 1227 proclamant
2545 1175 2750 1216 omnes
2777 1161 2876 1233 qui
2901 1164 3215 1219 Dominum
3239 1165 3297 1220 in
3321 1183 3493 1224 carne
3516 1167 3811 1236 viderunt,

2145 1261 2401 1316 eumque
2433 1251 2634 1316 postea
2665 1249 3147 1320 prmdicaverunt,
3177 1253 3358 1310 fuisse
3389 1255 3683 1328 apostolos
3711 1274 3814 1330 ap-

2146 1333 2413 1405 pellatos.
2443 1335 2508 1389 Et
2540 1336 2672 1408 quis
2705 1340 2998 1409 negaverit
3020 1341 3256 1396 beatum
3288 1348 3600 1414 patronum
3625 1345 3811 1402 istum

2145 1423 2363 1479 vidisse
2377 1424 2690 1481 Dominum
2710 1426 2768 1482 in
2783 1444 2978 1495 carne,
2991 1433 3046 1484 et
3059 1446 3191 1484 eum
3205 1437 3406 1502 postea
3419 1433 3770 1504 prazdicasse
3782 1435 3812 1490 ‘1

2145 1511 2362 1568 Paulus
2394 1530 2626 1586 quoque
2649 1516 2853 1570 doctor
2875 1517 3140 1589 gentium
3164 1519 3329 1588 alios,
3349 1524 3606 1594 exceptis
3629 1524 3813 1580 unde-

2144 1602 2280 1670 cim,
2315 1602 2519 1658 scribit
2548 1620 2677 1660 esse
2709 1609 3027 1677 apostolos,
3059 1608 3260 1664 dicens
3287 1627 3299 1664 :
3334 1613 3602 1683 Apparuit
3629 1613 3819 1669 Domi-

356 1692 698 1748 Bituricensi
730 1693 801 1748 ad
827 1691 1140 1746 concilium
1166 1689 1580 1744 Lemovicense
1613 1687 2032 1775 advenerat.ln
2067 1733 2108 1775 η
2143 1708 2248 1747 nus
2297 1691 2591 1757 undecim;
2627 1693 2820 1749 deinde
2867 1697 3127 1766 apostolis
3179 1700 3430 1757 omnibus
3461 1701 3507 1771 (I
3534 1700 3654 1758 Cor.
3688 1703 3810 1775 xv),

365 1781 817 1854 quibuslitaniis
838 1781 1076 1836 beatum
1098 1776 1418 1834 Martialem
1434 1775 1595 1831 inter
1616 1773 1876 1832 aliorum
1901 1795 2034 1849 apo—
2066 1773 2108 1798 υ
2144 1783 2252 1836 hoc
2282 1786 2370 1836 est
2391 1783 2765 1855 septuaginta
2789 1784 3043 1851 duobus,
3070 1787 3140 1841 de
3161 1787 3378 1858 quibus
3406 1773 3814 1846 indubitanter

365 1871 650 1927 stolorum
681 1870 922 1926 nomina
950 1866 1277 1924 enuntiavit
1306 1882 1406 1936 per
1425 1863 1698 1938 singulos
1718 1864 2030 1922 dies.Nam
2142 1888 2326 1926 unum
2346 1887 2472 1926 esse
2490 1872 2784 1927 credimus
2803 1873 3039 1928 beatum
3060 1876 3404 1932 Martialem.
3421 1877 3567 1933 Nam
3591 1884 3808 1935 etcum

356 1959 474 2016 haec
506 1959 590 2015 illi
625 1964 686 2015 et
716 1959 840 2016 suis
897 1958 1145 2028 antiqua
1193 1955 1379 2010 inerat
1419 1954 1810 2023 consuetudo,
1876 1956 2030 2011 sicut
2139 1959 2428 2015 Dominus
2461 1960 2678 2015 diceret
2712 1978 2724 2014 :
2760 1963 2946 2018 Nonne
2977 1979 3066 2018 vos
3095 1964 3378 2020 duodecim
3407 1967 3592 2038 elegi?
3621 1969 3805 2040 (Joan.

354 2049 480 2122 ipse
528 2049 758 2105 cunctis
791 2048 850 2102 in
909 2045 1159 2103 concilio
1191 2042 1426 2116 publice
1477 2043 1855 2115 praedicabat.
1894 2045 2028 2100 Erat
2136 2053 2240 2116 v1.)
2273 2049 2543 2120 nunquid
2575 2049 2721 2104 dixit
2756 2067 2768 2104 :
2803 2049 3006 2106 Nonne
3037 2069 3136 2108 vos
3163 2054 3473 2110 duodecim
3505 2057 3807 2127 apostolos

355 2144 550 2194 autem
567 2133 1226 2210 appprimeliberalium
1251 2131 1464 2187 artium
1480 2131 1726 2202 peritus,
1746 2133 1851 2203 qui
1877 2133 2025 2188 dice-

355 2226 458 2281 bat
487 2225 662 2281 valde
691 2225 815 2281 tieri
875 2221 1321 2286 inconveniens,
1355 2235 1489 2275 eum
1539 2219 1639 2291 qui
1673 2225 2022 2292 potestatem

354 2314 577 2386 ligandi
600 2318 660 2370 et
679 2313 943 2370 solvendi
970 2330 1003 2366 a
1020 2311 1408 2381 Redemptore
1429 2325 1562 2363 cum
1587 2308 1716 2363 aliis
1738 2309 2021 2380 apostolis

358 2407 682 2476 acceperat,
715 2402 868 2458 inter
894 2418 995 2457 eos
1046 2403 1282 2455 sanctos
1343 2397 1442 2470 qui
1502 2413 1618 2452 non
1678 2403 2022 2470 acceperant

361 2491 683 2564 praadicari.
721 2491 880 2546 Licet
908 2490 1065 2545 enim
1126 2503 1300 2543 omne
1355 2484 1615 2558 episc0pi
1674 2489 2020 2556 potestatem

361 2579 619 2636 habeant
649 2579 870 2652 ligandi
901 2582 958 2634 et
979 2576 1270 2644 solvendi,
1302 2591 1418 2630 non
1444 2579 1641 2629 tamen
1663 2590 1790 2628 eam
1815 2574 2023 2628 aChri-

359 2674 450 2724 sto
477 2667 748 2740 privatim
781 2666 877 2722 alii
913 2669 1286 2737 acceperunt,
1319 2662 1434 2718 nisi
1491 2663 1901 2718 tantummodo
1932 2661 2018 2716 illi

362 2755 465 2828 qui
495 2772 632 2812 eum
666 2755 724 2810 in
755 2771 928 2810 carne
959 2755 1150 2809 beatis
1181 2751 1368 2808 oculis
1400 2749 1679 2806 viderunt
1733 2754 1789 2804 et
1831 2749 2019 2805 secuti

364 2849 523 2912 sunt,
547 2849 606 2901 et
635 2844 708 2900 ab
761 2861 826 2900 eo
861 2843 1300 2915 praedicandum
1353 2839 1520 2896 missi
1572 2845 1748 2906 sunt;
1792 2838 2019 2894 dicente

363 2933 612 2990 Domino
645 2949 659 2990 :
691 2932 840 2988 Sicut
869 2933 1020 2986 misit
1049 2947 1135 2986 me
1163 2932 1345 2997 Pater,
1379 2937 1429 2985 et
1459 2945 1557 2998 ego
1590 2930 1744 2984 mitto
1773 2944 1879 2983 vos.
1913 2928 2020 2981 Hoc

363 3039 489 3078 cum
517 3021 758 3088 diluisset,
791 3022 1120 3092 insufﬂauit,
1154 3027 1204 3075 et
1233 3019 1376 3074 dixit
1405 3019 1484 3074 eis
1513 3036 1533 3073 :
1569 3019 1804 3090 Accipite
1840 3017 2016 3088 Spiri-

2135 2138 2326 2210 elegi‘?
2357 2139 2556 2194 Potius
2605 2139 2982 2208 subauditur,
3028 2141 3342 2212 discipulos,
3379 2146 3808 2202 teste-Joanne

2132 2225 2508 2298 evangelista,
2529 2227 2630 2298 qui
2661 2227 2741 2283 ait
2764 2246 2777 2284 :
2803 2230 2961 2284 Multi
2983 2229 3380 2301 discipulorum
3397 2233 3515 2303 ejus
3544 2235 3808 2292 abierunt

2133 2323 2294 2383 retro,
2329 2320 2380 2371 et
2401 2316 2523 2386 jam
2555 2333 2662 2371 non
2694 2333 2818 2371 cum
2865 2317 2964 2372 illo
3014 2319 3370 2373 ambulabant
3402 2321 3610 2392 (lbid.).
3645 2321 3806 2379 Dixit

2131 2419 2267 2474 ergo
2325 2403 2498 2458 Jesus
2556 2405 2627 2458 ad
2687 2404 3020 2470 duodecim,
3049 2405 3426 2473 subauditur,
3476 2408 3798 2480 discipulos.
3905 2456 3912 2462 .

2131 2492 2318 2547 Nonne
2340 2509 2429 2547 vos
2449 2493 2752 2558 duodecim,
2773 2492 3258 2564 subintelligitur,
3277 2495 3598 2566 discipulos,
3614 2499 3802 2568 elegi?

2131 2581 2198 2634 Et
2231 2581 2483 2652 profecto
2514 2587 2744 2636 constat
2786 2581 3224 2636 multitudinem
3258 2582 3439 2637 fuisse
3474 2584 3796 2656 discipulo-

2131 2685 2260 2722 rum
2294 2669 2547 2735 Domini,
2580 2669 2831 2741 illosque
2879 2668 3213 2740 specialiter
3244 2669 3424 2724 fuisse
3469 2673 3792 2745 apostolos,

2129 2773 2277 2827 quos
2299 2757 2422 2829 ipse
2445 2757 2732 2812 Dominus
2750 2757 2944 2829 elegit,
2965 2762 3021 2811 et
3043 2755 3206 2810 misit
3227 2756 3298 2810 ad
3323 2759 3789 2828 praedicandum.

2129 2844 2330 2900 Nonne
2369 2844 2532 2899 electi
2578 2847 2652 2900 ad
2704 2845 3144 2917 praedicandum
3176 2844 3415 2902 fuerunt
3445 2847 3528 2902 illi
3556 2849 3628 2904 de
3659 2853 3791 2924 qui-

2128 2932 2238 2987 bus
2285 2933 2469 2988 Lucas
2519 2933 2600 2987 ait
2648 2933 3050 3006 evangelista:
3084 2933 3397 3001 Desig-na-vit
3439 2937 3702 2994 Dominus
3740 2951 3796 2998 et

2127 3022 2264 3076 alios
2292 3023 2642 3092 septuaginta
2671 3022 2825 3086 duos,
2857 3027 2909 3077 et
2939 3023 3088 3077 misit
3121 3022 3264 3090 illos,
3297 3023 3482 3079 dicens
3513 3043 3531 3080 :
3561 3028 3790 3091 Ile,ecce

361 3120 482 3167 tum
508 3115 757 3166 sanctum
793 3128 805 3166 :
841 3126 1073 3182 quorum
1101 3110 1424 3164 remiseritis
1447 3117 1694 3178 peccata,
1725 3109 2014 3162 remittun-
2047 3095 2091 3162 C
2125 3126 2222 3178 ego
2251 3112 2406 3166 mitto
2456 3127 2546 3165 vos
2593 3112 2734 3165 sicut
2780 3128 2952 3180 agnos
3002 3113 3148 3166 inter
3195 3111 3348 3182 lupos
3379 3115 3528 3185 (Luc.
3561 3117 3637 3187 χ).
3673 3118 3785 3175 Sed

362 3209 453 3257 tus
481 3203 602 3265 eis;
633 3207 685 3256 et
712 3216 945 3272 quorum
997 3201 1360 3264 retinueritis,
1411 3205 1626 3253 retenta
1681 3205 1807 3253 sunt
1833 3199 2012 3267 (Joan.

361 3289 497 3360 xx.)
528 3289 704 3344 Porro
735 3305 870 3344 cum
903 3292 1170 3343 orassent
1217 3303 1422 3346 omnes
1469 3286 1528 3340 in
1575 3303 1781 3350 unum,
1831 3291 1887 3341 et
1912 3286 2014 3340 ab-

2125 3199 2262 3271 quia
2288 3198 2644 3254 centendunt
2673 3199 2745 3252 de
2773 3199 2944 3254 beato
2967 3199 3241 3270 Dionysio
3274 3205 3329 3255 et
3351 3201 3481 3257 aliis
3515 3203 3786 3265 Patribus

2123 3287 2382 3359 antiquis
2413 3285 2756 3352 Galliarum,
2792 3288 3060 3360 nunquid
3092 3287 3404 3360 Dionysius
3436 3295 3491 3346 et
3522 3293 3784 3351 Saturni-

361 3377 772 3434 archidiacono
803 3378 942 3432 data
969 3381 1126 3432 esset
1156 3391 1417 3448 congrua
1447 3373 1639 3441 lectio,
1700 3379 1756 3430 et
1803 3374 2014 3430 deinde
2124 3394 2256 3441 nus,
2289 3379 2497 3450 genere
2550 3374 2818 3446 gentiles,
2867 3378 2940 3433 ab
2991 3377 3118 3449 ipso
3164 3377 3327 3444 Jesu,
3361 3384 3673 3453 antequam
3720 3386 3779 3440 in

361 3467 743 3538 consequenti
775 3465 977 3522 ordine
1009 3465 1081 3520 ab
1112 3480 1178 3520 eo
1210 3465 1308 3536 qui
1341 3463 1580 3518 verbum
1603 3462 2012 3518 declamatorie
2120 3465 2295 3521 oculos
2326 3465 2686 3531 ascenderet,
2715 3470 3064 3537 acceperunt
3095 3471 3440 3538 potestatem
3472 3469 3692 3543 ligandi
3724 3480 3782 3531 et

353 3556 706 3628 jubentibus
736 3554 1027 3627 cpiscOpis
1088 3554 1240 3620 fecit,
1270 3552 1534 3608 doctrina
1573 3569 1638 3607 ex
1695 3551 2011 3624 Scripturis
2120 3555 2379 3610 solvendi
2411 3572 2546 3611 cum
2581 3552 2674 3607 his
2719 3554 2816 3625 qui
2866 3555 3183 3611 Dominum
3215 3556 3276 3611 in
3308 3575 3479 3615 carne
3508 3560 3780 3620 viderunt

365 3643 582 3700 divinis
611 3649 669 3699 et
699 3644 768 3700 de
799 3645 910 3700 {ide
943 3643 1228 3699 catholica
1260 3640 1626 3714 promulgata
1668 3646 1823 3697 esset
1856 3658 1868 3698 :
1903 3641 2007 3696 ite-
2117 3649 2173 3699 et
2202 3645 2384 3700 secuti
2418 3642 2606 3701 sunt?
2634 3643 2909 3715 Nunquid
2945 3661 3131 3716 usque
3172 3645 3344 3704 hodie
3375 3649 3773 3722 inveniuntur,

369 3749 502 3788 rum
535 3732 689 3788 inter
717 3733 1022 3805 episcopos
1059 3749 1249 3788 sermo
1281 3731 1512 3786 habitus
1544 3737 1632 3786 est
1658 3731 1728 3786 de
1771 3731 2008 3786 veritate
2117 3733 2256 3805 quia
2315 3735 2386 3790 de
2447 3732 2701 3790 novitate
2749 3739 3086 3799 causentur,
3124 3736 3363 3792 nomina
3410 3739 3668 3813 Dionysii
3719 3749 3778 3799 et

359 3821 733 3893 requirenda,
768 3826 825 3876 et
865 3839 1053 3892 usque
1083 3822 1154 3875 ad
1212 3826 1460 3876 mortem
1523 3820 1901 3887 observanda,
1935 3820 2006 3874 de
2116 3822 2419 3878 Saturnini
2451 3821 2673 3892 scripta
2705 3821 2935 3892 uspiam
2969 3839 3072 3893 per
3100 3822 3340 3881 litanias
3370 3827 3522 3884 inter
3546 3837 3776 3902 aposto-

357 3909 592 3966 fallacia
616 3910 875 3965 notanda
902 3911 1042 3965 etad
1059 3909 1312 3965 nihilum
1328 3909 2002 3981 redigenda,dejustitia,
2113 3909 2304 3967 lorum
2338 3909 2622 3968 nomina?
2655 3909 2898 3981 Liquido
2932 3915 3163 3966 constat
3211 3931 3343 3970 vero
3373 3916 3512 3988 quia
3535 3935 3638 3989 per
3667 3937 3770 3976 an-

357 3999 430 4055 de
463 4015 622 4071 pace,
654 3999 724 4054 de
750 3999 989 4054 Patrum
1024 3999 1259 4054 statutis
1285 3997 1696 4054 inviolabiliter
1714 3999 2000 4054 tenendis.
2112 4001 2482 4072 tiquissimos
2514 3997 2761 4066 codices,
2787 4015 2964 4070 penes
2996 3999 3338 4059 innumeros
3369 4003 3526 4061 locos
3557 4011 3614 4062 et
3635 4025 3772 4080 gen-

357 4087 424 4144 In
477 4087 686 4160 primis
740 4087 963 4160 itaque,
1025 4092 1339 4160 antequam
1393 4088 1466 4144 de
1507 4085 1803 4158 aliquibus
1854 4086 2005 4142 inter
2110 4093 2197 4144 tes
2229 4088 2830 4162 longinquas,beatus
2851 4087 3136 4144 Martialis
3159 4107 3278 4146 una
3307 4109 3442 4149 cum
3474 4093 3606 4150 aliis
3637 4114 3770 4170 apo-

353 4176 662 4250 episcopos
693 4177 1086 4232 confabulatio
1118 4177 1297 4244 ﬁeret,
1349 4176 1521 4232 exstit
1558 4192 1626 4231 ex
1677 4176 2002 4247 majoribus
2111 4176 2281 4233 stolis
2310 4177 2567 4250 scriptus
2597 4180 2705 4231 est.
2736 4177 3052 4249 Apostolus
3100 4195 3236 4252 ergo
3287 4181 3364 4237 sit
3404 4183 3594 4252 nobis,
3628 4186 3768 4258 quia

353 4265 597 4338 quidam
628 4265 730 4338 qui
762 4265 1198 4338 archiepiscopo
1228 4267 1471 4321 diceret:
1493 4289 1519 4315 «
1546 4264 2002 4335 Quosdam,cha—
2111 4269 2166 4321 et
2185 4270 2308 4320 erat
2337 4265 2616 4338 antiquis.
2643 4265 2806 4329 Quod
2833 4266 3085 4339 denique
3114 4268 3184 4323 de
3208 4269 3390 4326 beatis
3416 4271 3685 4346 Dionysio
3709 4279 3767 4330 et

352 4355 588 4411 rissime
618 4355 806 4425 Pater,
848 4372 915 4410 ex
949 4355 1292 4410 clericorum
1325 4354 1528 4410 ordine
1551 4355 1608 4409 in
1642 4353 1749 4408 hac
1779 4355 1915 4409 sede
1944 4358 2000 4410 et
2107 4355 2422 4410 Saturnino
2445 4353 2582 4419 dixi,
2601 4354 2805 4410 eodem
2831 4357 3003 4412 modo
3027 4357 3249 4413 dictum
3275 4364 3415 4430 puta
3437 4361 3507 4415 de
3532 4361 3760 4429 Ursino,

349 4444 412 4500 in
444 4444 552 4500 hac
584 4445 727 4500 urbe
750 4445 923 4500 modo
945 4461 1072 4500 esse
1096 4444 1610 4517 deprehendimus,
1645 4442 1744 4516 qui
1771 4460 1884 4498 non
1914 4460 1999 4498 ra-
2028 4466 2076 4531 Β
2108 4445 2179 4499 de
2208 4443 2640 4508 Austremonio,
2674 4443 2746 4498 de
2791 4445 3000 4501 Fronto
3039 4461 3248 4518 genere
3277 4448 3658 4517 Petracorico,
3692 4451 3764 4507 de

350 4534 528 4600 tione,
555 4535 654 4590 sed
674 4533 906 4590 levitate
927 4535 1134 4590 vestris
1157 4551 1270 4590 non
1285 4532 1526 4605 obsequi
1549 4538 1758 4606 parant
1779 4533 1993 4602 verbis,
2107 4532 2340 4588 Juliano
2372 4532 2818 4604 Cenomanensi,
2852 4549 3062 4606 genere
3113 4536 3393 4606 Romano,
3426 4542 3483 4592 et
3521 4539 3590 4594 de
3629 4540 3763 4596 aliis

352 4623 570 4695 quibus
618 4624 906 4679 haesterno
960 4623 1205 4679 concilio
1264 4622 1549 4694 agitatum
1608 4630 1694 4678 est
1728 4624 1797 4679 de
1829 4623 1997 4678 beato
2107 4621 2209 4692 qui
2229 4620 2522 4692 apostolos
2541 4621 2890 4678 videruntin
2916 4640 3089 4679 carne
3110 4623 3196 4679 vel
3215 4625 3758 4698 viderepotuerunt,

356 4712 621 4768 Martiale
648 4711 976 4785 Aquitania:
1006 4714 1343 4780 doctore,ut
1365 4711 1560 4784 potius
1592 4712 1744 4766 inter
1773 4717 2000 4784 aposto-
2108 4710 2209 4783 qui
2242 4716 2360 4764 tam
2394 4727 2426 4764 a
2458 4711 2624 4766 beato
2655 4710 2819 4767 Petro
2853 4727 3030 4782 quam
3053 4730 3086 4766 a
3107 4713 3274 4769 beato
3299 4713 3613 4783 Clemente,
3640 4716 3760 4771 sive

353 4801 442 4857 los
475 4818 651 4874 quam
683 4803 838 4858 inter
865 4799 1607 4873 confessorespronuntiari
1629 4801 1699 4856 ab
1722 4801 1997 4856 omnibus
2106 4800 2544 4855 successoribus
2590 4799 2739 4868 ejus,
2772 4799 2831 4854 in
2883 4799 3128 4856 Galliam
3172 4805 3304 4872 post
3333 4803 3568 4859 beatum
3601 4805 3759 4860 Mar-

351 4894 507 4946 recte
546 4891 844 4948 debeatur.
881 4891 1069 4962 Super
1098 4907 1213 4962 qua
1243 4906 1304 4946 re
1335 4888 1573 4962 quidam
1605 4888 1818 4956 adhuc,
1839 4888 1998 4946 velut
2106 4888 2304 4945 tialem
2336 4887 2647 4961 praedicare
2679 4887 2844 4944 missi
2899 4893 3056 4944 sunt.
3101 4888 3187 4944 llli
3219 4907 3333 4945 non
3369 4891 3698 4963 specialiter
3725 4911 3760 4951 a

351 4980 625 5036 novitatis
647 4981 800 5036 nacti
821 4980 1602 5045 occasionem,murmurant
1622 4977 1681 5032 in
1705 4977 1995 5050 angulis.»
2106 4977 2358 5043 Christo,
2392 4977 2491 5032 sed
2524 4977 2596 5031 ab
2627 4976 2712 5032 eis
2743 4977 2842 5049 qui
2893 4976 3022 5032 illos
3052 4977 3110 5031 in
3155 4979 3529 5051 episcopatus
3557 4983 3758 5039 ordine

422 5069 522 5124 Cui
537 5069 1107 5142 archiepiscopusita
1120 5069 1440 5142 respondit:
1459 5091 1486 5118 ‹‹
1504 5066 1711 5122 Nullus
1726 5071 1994 5122 nostrum
2103 5069 2534 5132 consecrarunt,
2560 5070 2904 5138 potestatem
2938 5065 3158 5138 ligandi
3191 5067 3571 5142 solvendique
3601 5089 3758 5129 acce-

348 5157 597 5231 ignorat,
624 5159 896 5214 hesterno
911 5157 1046 5231 [die]
1061 5175 1253 5213 coram
1274 5155 1551 5212 omnibus
1574 5154 1997 5212 rationabiliter
2103 5162 2334 5229 perunt,
2351 5156 2849 5228 quemadmodum
2867 5159 2923 5210 et
2938 5171 3043 5228 ego
3062 5155 3250 5228 ipsam
3269 5162 3618 5230 potestatem
3640 5179 3754 5218 non

349 5264 479 5304 esse
503 5248 835 5314 deﬁnitum,
869 5247 1026 5319 quod
1057 5247 1210 5304 beati
1238 5243 1523 5302 Martialis
1564 5242 1872 5316 legationis
1903 5249 1992 5300 te-
2103 5263 2232 5301 meo
2264 5245 2490 5310 merito,
2524 5245 2624 5299 sed
2655 5244 2842 5316 gratia
2875 5243 2996 5313 Dei,
3019 5245 3091 5300 ab
3112 5261 3178 5301 eo
3203 5246 3302 5318 qui
3338 5247 3480 5303 mihi
3504 5250 3752 5322 gratiam

349 5336 692 5393 stimonium
745 5338 817 5393 ab
861 5335 1120 5409 antiquis
1177 5336 1644 5408 praeoccupatum
1677 5336 1733 5388 et
1788 5333 1992 5390 testifi-
2101 5335 2308 5391 tribuit
2337 5333 2729 5406 episcopatus,
2764 5338 3163 5392 consecratore
3190 5342 3646 5409 meo,praasente
3674 5335 3755 5390 vi-

351 5430 544 5481 catum
579 5427 690 5495 sit;
733 5430 789 5481 et
820 5425 977 5498 quia,
1008 5426 1159 5481 sicut
1188 5428 1363 5496 caput
1422 5425 1686 5478 nostrum
1731 5421 1994 5480 Romana
2103 5423 2308 5478 delicet
2328 5422 2542 5477 domno
2571 5421 2846 5490 Jordano,
2868 5421 3045 5494 hujus
3069 5429 3280 5480 sanctae
3310 5425 3466 5480 sedis
3499 5422 3752 5480 Lemovi-

350 5518 552 5582 aancta
581 5514 902 5598 apostolica
929 5515 1098 5577 sedes
1147 5513 1507 5593 comprobat,
1564 5511 1645 5570 ita
1703 5528 1810 5572 nos
1866 5514 1992 5590 ejus
2102 5509 3750 5591 censispastore,accepi.Sedquidadhuoplurarecapitu-
