4094 6158
507 283 664 342 1383
1449 278 1860 346 JORDANUS
1906 277 2480 345 LEMOVICENSIS
2518 276 2976 360 .EPISCOPUS.
3685 290 3807 354 1381

503 415 612 470 lari
643 431 790 486 opus
820 411 1369 486 sit,de‘quibusjam
1399 417 1456 470 et
1475 413 1549 469 ab
1566 415 1832 488 antiquis
1852 415 2143 483 Patribus,
2177 416 2224 484 Α
2256 431 2357 486 per
2385 414 2520 483 loca,
2552 415 2668 470 nisi
2689 414 2838 486 ﬁdei,
2882 415 3018 487 spei,
3065 419 3117 471 et
3159 415 3412 472 charitati
3453 423 3687 476 contraria
3706 431 3802 494 sint,

503 509 561 561 et
589 522 622 560 a
653 509 857 560 sancta
886 504 1146 558 Romana
1170 505 1227 557 et
1255 502 1571 574 apostolica
1600 504 1756 571 sede,
1805 507 1864 560 et
1903 521 2090 576 nuper
2117 521 2153 560 a
2258 504 2406 560 nihil
2434 505 2648 575 ofﬁcere
2677 503 3012 560 Christianae
3060 503 3320 572 dignitati
3345 505 3606 573 videntur;
3624 510 3712 568 inm
3734 513 3804 570 illa

504 589 1312 656 concilioBituricensi,ethic
1329 590 1935 665 hesternaperitorum
1956 593 2153 665 dispu-
2256 591 2588 647 consuetudo
2618 606 2836 663 semper
2879 591 2950 646 ad
2990 579 3306 662 religionem
3344 592 3572 664 prodesse
3595 597 3801 669 creditur,

483 681 718 739 talione
735 679 968 752 plenius
983 678 1056 734 ad
1079 677 1341 736 ordinem
1360 681 1682 754 perfectum
1699 682 1810 738 deti
1821 681 2010 737 nitum
2025 681 2152 738 est?
2255 694 2384 750 quae
2412 684 2531 734 tum
2555 696 2656 752 pro
2685 679 2820 748 loco,
2853 684 2972 734 tum
3011 696 3110 752 pro
3154 684 3404 752 tempore,
3430 696 3522 752 pro
3545 675 3806 757 necessitate,

499 768 656 827 Nihil
680 769 879 841 itaque
901 769 1028 840 jam
1061 767 1220 824 aliud
1243 773 1427 824 restat
1443 786 1618 842 quam
1643 775 1708 826 ut
1729 770 1952 826 anobis
1975 769 2149 826 hicin
2250 783 2356 838 pro
2406 767 2690 841 dignitate,
2717 783 2821 839 pro
2867 769 3100 837 ratione,
3129 785 3228 840 pro
3273 771 3588 838 auctoritate,
3613 777 3806 832 unanimi

497 862 814 930 conspectu
847 856 1077 913 concilii
1106 857 1344 930 publica
1372 859 1729 916 damnentur
1758 857 2151 916 excommuni-
2253 857 2537 914 voluntate
2558 857 2829 928 fratribus
2871 858 2936 912 in
2953 865 3134 912 unum
3159 858 3520 915 habitantibus
3560 861 3668 917 bene
3697 879 3805 920 com-

496 945 746 1016 cati-one,
771 946 1136 1019 quicumque
1166 943 1358 1004 clerici
1377 947 1448 1003 de
1473 948 1750 1004 omnibus
1779 947 2146 1021 comprovin-
2249 945 2468 1017 placere
2489 945 2723 1004 videtur.
2761 945 2903 1014 Quid
2929 947 3078 1002 enim
3099 949 3124 1001 .9
3146 946 3404 1018 Nunquid
3429 951 3646 1006 canonici
3667 967 3804 1010 mna-

495 1033 746 1092 cialibus
778 1035 998 1091 nostris
1027 1033 1274 1091 ulterius
1303 1040 1438 1110 post
1473 1035 1584 1093 hoc
1631 1036 1943 1092 concilium
1975 1054 2146 1110 repu-
2251 1035 2376 1090 chos
2398 1049 2500 1107 pro
2528 1033 2814 1091 duodecim
2850 1035 3186 1104 lectionibus,
3218 1036 3302 1090 vel
3333 1037 3568 1092 monachi
3589 1043 3806 1098 canonicos

497 1124 925 1200 gnantian'imo
949 1125 1185 1181 bnatum
1201 1123 1551 1193 Martialem,
1575 1126 1868 1182 doctorem
1886 1125 2145 1198 primum
2247 1137 2349 1195 pro
2405 1139 2598 1180 novem
2649 1139 2879 1180 numero
2929 1123 3315 1195 reprehendere
3365 1125 3606 1196 possunt?
3639 1129 3845 1201 Utraque-

493 1213 841 1287 Aqnitaniaa,
872 1212 1076 1269 in'alio
1107 1228 1285 1285 quam
1317 1213 1378 1269 in
1409 1213 1808 1286 apostolorum
1857 1213 2060 1271 ordine
2089 1218 2148 1270 et
2251 1214 2401 1269 enim
2448 1215 2664 1270 ratione
2709 1220 2761 1269 et
2803 1213 3126 1270 auctoritate
3169 1212 3333 1282 ﬁrma
3358 1221 3485 1270 sunt
3496 1231 3520 1278 ;
3545 1217 3616 1270 ter
3635 1225 3808 1286 quatuor

495 1302 784 1360 memoria
801 1299 1249 1358 enuntiaverint.
1281 1322 1310 1352 »
2244 1317 2348 1374 pro
2375 1310 2610 1374 quatuor
2635 1301 2835 1358 mundi
2846 1301 3103 1372 partibus
3118 1309 3328 1360 sanetae
3351 1303 3586 1359 Trinitati
3599 1304 3807 1376 subjectis,

560 1393 636 1449 Et
655 1409 790 1448 cum
806 1395 1040 1448 austero
1055 1389 1220 1446 vultu
1243 1390 1728 1463 metropolitanns
1756 1390 2142 1464 ligamentum
2251 1397 2334 1446 ter
2385 1399 2572 1448 autem
2623 1391 2796 1447 ternis
2848 1406 2951 1463 pro
3003 1399 3199 1448 novem
3253 1391 3557 1463 angelorum
3597 1393 3808 1450 ordinibus

495 1480 896 1540 damnationis
915 1479 1087 1536 vellet
1107 1480 1180 1534 ab
1204 1497 1304 1536 ore
1325 1479 1604 1552 proferre,
1627 1479 1712 1536 sic
1741 1480 1995 1537 domnus
2017 1480 2142 1536 Jor-
2247 1483 2456 1538 sanctae
2485 1481 2746 1536 Trinitati
2767 1479 3002 1550 gloriam
3030 1479 3307 1536 dantibus.
3340 1479 3607 1537 Duodecim
3625 1488 3810 1554 compro-

495 1571 686 1628 danus
712 1570 946 1626 locutus
973 1573 1065 1623 est
1091 1569 1164 1636 ei,
1199 1569 1401 1625 dicens
1435 1585 1448 1624 :
1479 1570 1725 1625 Petimus
1761 1571 2143 1626 auctoritatem

494 1661 749 1725 vestram,
779 1657 1108 1714 venerabilis
1160 1665 1334 1728 pater,
1393 1660 1454 1712 ut
1510 1657 1670 1714 hodie
1725 1659 1823 1716 hoc
1865 1658 2144 1729 judicium

493 1747 836 1820 suspendatis
863 1764 898 1802 a
925 1747 1140 1802 clericis
1168 1745 1332 1816 hujus
1351 1751 1551 1803 sanctae
1570 1747 1731 1803 sedis.
1764 1749 1952 1804 Adhuc
1969 1750 2140 1818 enim,
2169 1785 2220 1850 Β

493 1837 791 1894 secundum
847 1837 1188 1892 Dominicam
1241 1851 1443 1902 vocem,
1501 1838 1796 1907 corripiam
1841 1853 1928 1892 eos
1983 1837 2142 1893 hodie

493 1929 641 1983 inter
666 1941 756 1981 me
800 1929 854 1981 et
899 1927 1044 1996 ipsos
1102 1924 1261 1980 solos.
1294 1925 1357 1981 Si
1411 1941 1498 1980 me
1547 1925 1845 1993 audierint,
1900 1927 2140 1983 lucratus

493 2015 585 2072 e'ro
612 2017 816 2088 fratres
837 2030 1021 2080 meos;
1042 2015 1298 2070 siautem
1321 2029 1433 2070 non
1451 2031 1537 2069 me
1554 2015 1852 2083 audierint,
1879 2014 2140 2072 adhibebo

490 2121 703 2161 meeum
731 2103 909 2159 adhuc
937 2120 1112 2158 unum
1134 2103 1218 2158 vel
1245 2103 1376 2158 duos
1397 2119 1468 2158 ex
1485 2104 1842 2174 praesentibus
1868 2106 2138 2175 coepisco-

416 2195 420 2198 ’
487 2196 575 2266 pis
601 2194 870 2266 fratribus
899 2194 1116 2260 nostris,
1150 2195 1302 2247 utin
1341 2207 1433 2247 ore
1461 2192 1694 2248 duorum
1735 2193 1819 2248 vel
1845 2194 2018 2249 trium
2059 2198 2138 2250 te-

491 2283 658 2338 stium
685 2285 786 2338 stet
814 2297 972 2337 omne
1001 2281 1244 2336 verbum.
1285 2281 1437 2349 Quod
1486 2284 1536 2336 si
1578 2298 1664 2338 eos
1694 2297 1806 2336 non
1836 2282 2136 2352 audierint,

487 2368 672 2426 dicam
699 2371 952 2437 ecclesiae,
999 2370 1216 2439 publico
1270 2372 1528 2440 praesenti
1582 2372 1832 2436 concilio,
1864 2375 1924 2426 ut
1953 2387 2140 2428 omnes

477 2459 724 2516 audiant
750 2459 812 2513 in
839 2458 1230 2512 testimonium.
1265 2457 1325 2512 Si
1351 2461 1536 2512 autem
1567 2459 1879 2524 Ecclesium,
1907 2461 2004 2516 hoc
2059 2465 2139 2516 est

490 2547 742 2606 sanctum
753 2562 997 2619 presens
1014 2546 1329 2613 concilium,
1359 2562 1472 2602 non
1491 2547 1794 2614 audierint,
1818 2553 1978 2605 erunt
1997 2549 2140 2606 mihi

467 2634 630 2700 sicut
657 2637 904 2693 ethnicus
933 2639 984 2691 et
1020 2635 1373 2706 publicanus,
1401 2645 1453 2691 et
1481 2639 1612 2691 tunc
1639 2637 1798 2692 verbo
1827 2647 2015 2694 vestra:
2043 2657 2140 2695 au-

487 2727 753 2783 ctoritatis
793 2727 959 2796 ligate
1017 2740 1126 2790 eos,
1178 2731 1444 2796 tanquam
1499 2741 1611 2780 non
1665 2724 1995 2794 hominibus,
2048 2728 2138 2783 sed

489 2815 725 2888 Spiritui
750 2823 936 2870 sancto
993 2813 1384 2868 inobedientes.
1415 2815 1676 2885 Namque,
1731 2819 1791 2870 ut
1819 2817 1898 2871 ait
1953 2817 2136 2885 Augu-

486 2908 683 2970 stinus,
731 2905 1236 2982 Spiritus'sanetus,
1297 2903 1394 2973 qui
1421 2903 1695 2974 quondam
1747 2921 1849 2976 per
1875 2907 2139 2975 apostolos

486 2994 828 3067 loquebatur,
864 2993 1014 3046 nunc
1043 2993 1209 3046 etiam
1235 3007 1336 3061 per
1364 3007 1461 3046 nos
1492 2992 1641 3064 loqui
1693 2993 1972 3062 dignatur,
2007 3011 2136 3066 quo-

486 3085 589 3140 ties
619 3081 685 3138 de
715 3081 922 3136 divinis
950 3079 1276 3135 disserentes
1302 3081 1588 3134 veritatem
1618 3081 1914 3152 loquimur.

2251 1568 2398 1624 bavit
2427 1569 2524 1625 ille
2550 1570 2640 1624 vir
2664 1569 2867 1640 spiritu
2894 1569 3143 1624 omnium
3153 1569 3432 1641 justorum
3444 1569 3811 1640 plenussanctus-

2249 1673 2352 1730 que
2375 1674 2526 1729 papa
2572 1658 2883 1728 Gregorius,
2913 1657 3072 1729 prius
3116 1657 3433 1724 monachus,
3459 1661 3622 1729 postea
3654 1667 3810 1730 aposto-

2251 1746 2412 1802 licus.
2460 1747 2653 1802 Novem
2711 1745 2926 1802 traditae
2975 1753 3105 1801 sunt
3147 1762 3183 1800 a
3230 1731 3492 1817 discipulo
3541 1745 3662 1800 beati
3704 1747 3811 1801 Petri

2249 1836 2460 1906 Ignatio
2487 1842 2752 1907 martyre,
2774 1837 2872 1906 qui
2886 1851 2986 1906 per
3010 1835 3372 1890 novenarium
3398 1849 3659 1889 numerum
3681 1835 3810 1890 lectio-

2247 1939 2344 1978 nes
2373 1933 2426 1980 et
2443 1925 2677 1996 psalmos
2705 1926 2774 1980 ab
2804 1923 3128 1993 angelorum
3151 1924 3334 1979 choris
3359 1925 3563 1995 prolata
3585 1923 3753 1979 audivit
3772 1925 3812 1978 in

2247 2013 2400 2079 coelo,
2431 2013 2626 2069 deinde
2653 2029 2687 2068 a
2715 2013 2934 2069 Nicwno
2963 2011 3214 2078 concilio,
3246 2011 3440 2068 deinde
3466 2013 3530 2067 ab
3557 2012 3652 2084 ipso
3682 2018 3814 2068 sancto

2251 2101 2508 2170 Gregorio
2537 2103 2628 2158 hic
2653 2117 2914 2158 numerus
2944 2102 3005 2156 in
3027 2101 3262 2172 psalmis
3291 2104 3345 2156 et
3391 2101 3681 2157 lectionibus
3701 2105 3816 2172 atque

2251 2192 2603 2262 r'esponsoriis
2635 2191 2947 2246 obseruatus
2992 2197 3090 2246 est.
3123 2189 3268 2257 Quid
3319 2191 3482 2245 etiam
3525 2189 3816 2245 Orientalibus

2249 2279 2332 2335 vel
2375 2279 2806 2336 Occidentalibus
2854 2280 3068 2335 clericis
3113 2295 3251 2334 usus
3296 2278 3512 2334 barbam
3553 2277 3743 2334 radendi
3760 2277 3818 2332 vel

2247 2384 2360 2425 non
2387 2368 2620 2424 radenlli
2655 2369 2872 2440 ofﬁcere
2901 2368 2972 2424 ad
3000 2369 3325 2439 religionem
3352 2367 3590 2424 videtur?
3615 2367 3696 2421 Isti
3711 2367 3818 2421 enim

2248 2459 2472 2514 Petrum
2499 2457 2802 2529 apostolum
2837 2465 3114 2513 auctorem
3159 2455 3327 2528 hujus
3370 2455 3728 2512 consuetudinis
3750 2454 3819 2508 ho-

2249 2547 2412 2612 bent;
2442 2555 2643 2602 etcum
2671 2547 2996 2602 auctoritate
3035 2545 3175 2602 hanc
3199 2549 3386 2602 tenent
3413 2546 3674 2608 rationem,
3699 2543 3821 2598 ratio-

2246 2637 2435 2692 nabile
2462 2651 2572 2692 esse
2599 2635 2833 2690 dicentes
2862 2635 3084 2692 clericos
3114 2652 3149 2690 a
3178 2635 3367 2704 luicis,
3394 2635 3529 2690 sicut
3561 2635 3614 2688 in
3637 2635 3744 2698 vita,
3769 2633 3824 2686 ita

2247 2725 2308 2778 in
2337 2725 2580 2796 corporis
2609 2724 2802 2780 habitu
2829 2723 3070 2796 differre.
3106 2723 3373 2792 Quocirca
3401 2724 3487 2779 hic
3511 2738 3614 2778 mos
3649 2720 3705 2775 ad
3728 2719 3822 2774 reli-

2247 2814 2464 2884 gionem
2496 2813 2654 2868 nobis
2678 2813 2858 2884 potius
2879 2811 3130 2884 prodesse
3154 2829 3322 2884 quam
3353 2812 3521 2868 obesse
3543 2810 3822 2883 perspicitur.

2247 2901 2342 2956 Illi
2371 2910 2557 2958 autem
2607 2902 2834 2958 barbam
2861 2918 2972 2956 non
3001 2901 3236 2957 radendi
3263 2918 3468 2958 morem
3493 2901 3692 2968 eligunt,
3715 2899 3824 2953 Pau-

2249 2991 2366 3045 lum
2389 2992 2502 3046 sive
2529 2991 2786 3046 Iacobum
2822 2993 3056 3063 fratrem
3087 2991 3312 3046 Domini
3335 2990 3589 3062 apostolos
3611 2989 3664 3043 in
3686 2992 3824 3042 auto-

2246 3082 2470 3136 ritatem
2495 3079 2606 3134 sibi
2633 3083 2984 3134 assum'enles.
3009 3081 3116 3148 Qui
3141 3096 3271 3134 cum
3295 3077 3821 3135 au’ctoribus'rationeu

554 3171 658 3228 His
709 3169 904 3228 verbis
964 3167 1232 3241 primatis
1289 3168 1533 3224 credens
1571 3243 1574 3247 λ
1609 3145 2086 3244 archiepiscopus
2117 3189 2130 3228 :
2166 3145 2210 3212 ο
2245 3169 2550 3241 adjungunt
2593 3169 2738 3239 (ﬁeri
2763 3170 2964 3242 quippe
2997 3145 3202 3240 oportet
3229 3167 3553 3227 rationabile
3577 3163 3823 3236 obsequium

483 3283 511 3311 ‹‹
539 3261 714 3332 Ergo,
743 3257 956 3331 inquit,
990 3261 1196 3312 cetera
1223 3273 1354 3328 qua:
1383 3256 1455 3311 ad
1485 3257 1796 3314 concilium
1821 3263 2134 3331 pertinent,

482 3347 732 3407 Domino
763 3363 932 3420 opem
966 3346 1204 3414 ferente,
1238 3343 1652 3402 discutiantur.
1679 3368 1706 3397 »

553 3442 820 3510 Cumque
837 3437 909 3492 de
933 3433 1152 3508 regulis
1175 3431 1589 3490 ecclesiasticis
1609 3433 1832 3492 diutius
1859 3435 2135 3508 explicase

485 3529 641 3594 sent,
672 3526 755 3582 ait
783 3524 1039 3580 domnus
1067 3523 1359 3578 Jordanus
1393 3537 1406 3574 :
1441 3523 1583 3578 Bene
1605 3523 1786 3594 placet
1811 3528 1872 3580 ut
1922 3526 2132 3582 Bituri-

481 3615 660 3671 censis
687 3612 910 3668 concilii
937 3611 1181 3681 capitula
1209 3611 1271 3664 in
1295 3614 1554 3680 pramptu
1581 3611 1906 3683 afferuntur,
1929 3615 1980 3668 si
1993 3616 2136 3686 forte

483 3699 950 3758 Lemovicensibus
977 3700 1092 3754 hnc
1123 3699 1244 3769 ipsa
1271 3698 1642 3755 tantummodo
1691 3705 2026 3772 conplentur,
2059 3721 2135 3759 an

481 3790 648 3846 aliter
673 3789 818 3846 clero
845 3796 1029 3845 nostro
1057 3788 1456 3858 placeanl,sive
1475 3787 1592 3844 alia
1619 3793 1920 3860 opportune
1947 3807 2134 3864 super-

472 3879 842 3952 "adjiciantur.
868 3878 986 3934 Non
1037 3878 1189 3932 enim
1218 3891 1334 3930 una
1389 3875 1701 3959 eademque
1734 3879 1824 3934 lex
1878 3883 2132 3938 omnibus

479 3969 735 4024 Eeclesiis
761 3968 875 4023 sive
897 3966 1135 4038 populis,
1166 3966 1282 4021 sive
1329 3965 1660 4032 civitatibus,
1720 3968 1834 4022 sive
1859 3969 2130 4040 gentibus,

479 4073 692 4130 semper
713 4057 885 4128 potest
917 4070 1238 4126 congruere,
1289 4053 1383 4109 sed
1437 4054 1688 4126 quaedam
1735 4073 1838 4128 pro
1867 4059 2134 4130 qualitate

481 4147 744 4212 locorum,
791 4153 843 4201 et
895 4146 1094 4215 gentis,
1138 4151 1189 4199 et
1236 4144 1570 4210 animorum,
1625 4161 1873 4216 quamvis
1919 4146 2131 4205 diuerso

475 4239 664 4292 tamen
717 4235 1044 4303 congruenti
1097 4232 1310 4298 ordine,
1343 4233 1406 4287 in
1461 4233 1909 4290 consuetudinem
1961 4235 2129 4293 dedu-

479 4327 702 4380 cuntur.
734 4323 887 4379 Nihil
917 4323 1115 4394 quippe
1143 4321 1288 4376 obest
1343 4319 1561 4376 diversa
1609 4321 1850 4378 locorum
1902 4338 2130 4380 consue-

475 4412 627 4478 tudo,
656 4413 709 4468 si
736 4415 915 4468 tamen
947 4412 1164 4466 ratione
1190 4410 1304 4465 sive
1327 4411 1650 4466 auctoritate
1678 4411 1965 4482 fulciatur.
1995 4414 2130 4470 Plus

2242 3257 2533 3328 uestrum),
2564 3257 2897 3313 rationabile
2943 3256 3182 3314 dicentes
3228 3258 3454 3314 clericos
3479 3257 3609 3311 sicut
3641 3253 3823 3308 etiam

2241 3347 2488 3403 decorem
2538 3347 2600 3400 in
2645 3347 2788 3417 facie
2830 3361 3049 3410 seruare
3095 3347 3341 3412 virilem,
3363 3345 3526 3416 juxta
3565 3343 3822 3413 dignitatem

2243 3436 2505 3492 humanae
2566 3434 2893 3491 conditionis
2949 3453 2986 3490 a
3043 3437 3146 3491 Deo
3196 3443 3456 3500 creatam,
3525 3446 3638 3505 qua’
3694 3429 3822 3484 solum

2240 3525 2424 3580 virum
2480 3523 2704 3580 barbam
2756 3528 2981 3596 propter
3044 3524 3292 3580 decorem
3350 3523 3540 3578 habere
3588 3519 3746 3582 voluit,
3784 3521 3820 3569 et

2240 3615 2303 3669 in
2333 3614 2530 3669 vertice
2572 3613 2909 3669 solummodo
2961 3615 3159 3686 capitis
3185 3613 3478 3670 clericatus
3503 3612 3697 3682 signum
3714 3617 3820 3678 pre-

2239 3711 2585 3768 monstrare;
2643 3703 2818 3758 aliam
2871 3702 3179 3774 adjungunt
3233 3703 3348 3758 sibi
3413 3702 3680 3764 rationem,
3729 3693 3821 3766 quia

2238 3792 2504 3848 Dominus
2555 3798 2738 3847 noster
2789 3791 3092 3848 Nazaraeus
3147 3799 3198 3847 et
3255 3791 3508 3846 intonsus
3553 3802 3654 3843 esse
3680 3780 3820 3845 voluit,

2238 3882 2451 3951 ferrum
2479 3897 2643 3953 super
2687 3887 2851 3952 caput
2894 3881 3011 3952 ejus
3059 3896 3167 3936 non
3206 3879 3477 3944 ascendit,
3504 3889 3722 3932 coronam
3741 3869 3818 3940 ψὶ·

2238 3983 2402 4025 neam
2427 3968 2707 4024 duntaxat
2735 3970 2792 4024 in
2823 3970 3025 4025 vertice
3065 3968 3332 4038 dignatus
3361 3975 3440 4024 est
3462 3966 3594 4038 pati.
3620 3961 3688 4019 Ad
3709 3957 3819 4029 cujus

2239 4060 2415 4114 instar
2455 4058 2779 4114 clericorum
2820 4073 3025 4113 corona
3069 4058 3132 4112 in
3179 4059 3404 4125 vertice,
3430 4060 3572 4127 [erro
3613 4047 3821 4107 incidam

2237 4148 2527 4218 ﬁguratur,
2562 4154 2623 4202 ut
2650 4161 2884 4217 regnum
2917 4153 2970 4202 et
2997 4146 3366 4202 sacerdotium
3407 4143 3598 4202 Christi
3620 4139 3758 4197 etiam
3779 4135 3819 4188 is

2237 4237 2563 4292 clericorum
2606 4234 2877 4306 capitibus
2925 4251 3123 4291 rasura
3161 4236 3281 4307 ipsa
3307 4235 3738 4307 prmonstretur.
3761 4223 3820 4277 lla

2234 4325 2377 4380 sicut
2423 4339 2586 4396 super
2631 4323 2733 4378 hac
2776 4339 2836 4379 re
2882 4331 3070 4379 nostra
3115 4321 3451 4378 consuetudo
3487 4316 3818 4376 unctorium.

2235 4413 2508 4484 simulque
2557 4412 2826 4468 rationem
2855 4415 2906 4467 et
2943 4413 3226 4484 religionis
3275 4411 3440 4467 habet
3491 4406 3816 4479 augmentum

475 4501 660 4558 tamen
688 4501 832 4556 ratio
871 4516 1038 4572 quam
1092 4495 1392 4554 auctoritas
1441 4499 1745 4570 prmvalere
1798 4500 1967 4568 debet,
2000 4519 2130 4558 nam
2161 4514 2207 4580 ι)
2236 4503 2316 4557 sic
2341 4503 2508 4557 etiam
2547 4515 2712 4574 penes
2763 4499 2996 4569 Graecos,
3027 4500 3252 4557 illorum
3301 4501 3432 4556 talis
3458 4516 3490 4554 a
3517 4501 3682 4552 nostra
3701 4485 3820 4543 dist!"

475 4591 712 4662 gentiles
727 4605 832 4660 pro
861 4591 1138 4661 majorum
1188 4594 1414 4643 suorum
1473 4590 1820 4656 auctoritate,
1848 4592 2009 4646 nulla
2049 4600 2129 4648 ta-

441 4685 444 4688 ’
474 4696 602 4736 men
627 4679 858 4734 subnixi
888 4677 1276 4744 ratione,idola
1303 4677 1510 4732 colunt.
1545 4679 1687 4745 Quia
1715 4679 1967 4751 quadam
1998 4698 2130 4738 auc-

477 4771 669 4826 toritas
698 4769 1062 4824 sine'ratione
1089 4765 1307 4821 videtur
1335 4781 1468 4832 esse,
1500 4767 1644 4822 ratio
1673 4783 1800 4824 vero
1823 4784 1926 4840 per
1939 4775 2132 4826 semet-

473 4859 654 4931 ips'am
681 4857 1027 4914 auctoritatis
1056 4856 1382 4927 dignitatem
1421 4857 1985 4930 accbmmodat.Atque
2011 4860 2128 4916 ideo

473 4947 778 5005 multorum
804 4947 1077 5018 majorum
1125 4945 1424 5001 auctoritas
1451 4959 1592 5016 saepe
1644 4946 1706 5001 in
1753 4947 1954 5004 melius
1982 4964 2129 5004 com-

472 5037 705 5104 mutata,
737 5037 852 5093 sive
870 5035 1094 5108 penitus
1121 5032 1368 5102 neglecta
1393 5036 1494 5100 est,
1529 5035 1661 5106 quia
1687 5036 1874 5090 minus
1913 5038 2130 5093 ratione

473 5124 727 5196 fulcitur.
763 5124 954 5180 Gravis
980 5125 1168 5180 autem
1194 5122 1360 5193 culpa
1386 5129 1484 5189 est,
1514 5123 1566 5177 si
1588 5124 1712 5195 quis
1762 5139 1866 5195 pro
1895 5125 2128 5182 arbitrio

476 5213 880 5280 auctoritatem,
913 5229 1033 5286 quae
1059 5212 1294 5269 rationis
1316 5211 1486 5283 plena
1513 5217 1611 5279 est,
1642 5219 1981 5269 contemnere
1990 5230 2130 5286 prse-

474 5301 662 5356 sumit.
699 5301 1061 5358 Ratiouabilis
1089 5303 1276 5374 itaque
1305 5301 1626 5367 auctoritas,
1659 5301 1774 5356 sive
1809 5303 1952 5357 ratio
2003 5319 2130 5359 eum

475 5389 825 5456 auctoritate,
858 5397 912 5446 et
937 5391 1233 5446 auctoritas
1259 5405 1386 5446 cum
1413 5390 1644 5458 ratione,
1675 5395 1889 5462 seinper
1929 5395 1992 5447 ut
2016 5407 2130 5448 sese

475 5478 707 5550 dignam
730 5477 972 5551 praebeat
1000 5485 1053 5533 et
1101 5479 1332 5536 excellat
1356 5493 1574 5536 necesse
1627 5487 1726 5536 est.
1775 5479 2130 5539 Diversarum

476 5569 652 5648 igitur
680 5565 1138 5630 consuetudinum
1161 5582 1292 5627 usus
1315 5575 1366 5627 et
1395 5567 1734 5630 observantia
1751 5583 1856 5645 per
1875 5569 2126 5649 populos,

2235 4590 2366 4648 dens
2395 4590 2784 4646 consuetudine
2822 4589 3172 4655 consuetudo,
3201 4590 3575 4646 auctoritatem
3599 4597 3696 4638 una
3728 4588 3819 4630 cum

2236 4679 2450 4734 ratione
2475 4685 2527 4734 et
2563 4677 2846 4748 religionis
2892 4678 3130 4734 continet
3174 4680 3439 4750 fructum.
3467 4677 3530 4732 Et
3571 4673 3661 4727 hac
3693 4667 3742 4721 in
3776 4673 3820 4715 νε

2235 4783 2408 4840 neque
2459 4767 2550 4822 illi
2601 4781 2719 4834 nos,
2777 4782 2950 4842 neque
2999 4783 3097 4823 nos
3157 4783 3449 4838 possumus
3500 4751 3820 4847 rean

2235 4857 2362 4911 illos
2395 4873 2408 4912 :
2439 4856 2579 4911 sicut
2603 4854 2668 4910 de
2696 4855 2950 4924 ﬁdelibus
2979 4857 3078 4928 qui
3104 4857 3367 4912 carnibus
3407 4851 3734 4911 vescebantur.
3759 4844 3818 4894 all

2235 4944 2507 5017 apostolus
2535 4962 2555 5000 :
2593 4965 2622 4995 ‹‹
2663 4944 2771 5012 Qui
2812 4960 2923 5000 non
2963 4945 3280 5012 manducat,
3311 4941 3700 5000 manducantem
3736 4943 3815 4984 ποη

2234 5041 2496 5106 spernat;
2547 5040 2598 5089 et
2651 5034 2750 5104 qui
2797 5033 3094 5091 manducat
3142 5049 3253 5090 non
3303 5031 3690 5088 manducantem
3733 5031 3814 5072 ηοω

2226 5122 2454 5195 judicet.
2499 5123 2608 5192 Qui
2653 5123 2802 5179 enim
2845 5123 3158 5205 manducat,
3205 5123 3431 5180 Domino
3469 5107 3814 5205 manducattd

2235 5213 2332 5284 qui
2385 5227 2497 5267 non
2551 5201 2864 5280 manducat,
2921 5211 3151 5269 Domino
3204 5228 3314 5268 non
3356 5207 3635 5267 manducat
3675 5201 3808 5270 (Rm-

2234 5300 2372 5372 xiv).
2405 5321 2436 5350 »
2467 5300 2575 5368 Qui
2619 5316 2786 5372 porro
2843 5301 3222 5358 auctoritatem
3272 5300 3558 5358 observant
3593 5305 3698 5348 cum
3739 5297 3808 5340 η·

2235 5390 2402 5458 tione,
2431 5395 2576 5446 recte
2619 5396 2840 5460 possunt
2883 5387 3276 5461 reprehendere
3319 5388 3440 5461 illos
3482 5383 3574 5456 qui
3603 5379 3708 5434 sine
3741 5385 3808 5461 rf-

2236 5455 2395 5536 tione
2427 5455 2738 5536 custodiunt
2781 5455 3165 5536 auctoritatem
3194 5497 3212 5534 :
3241 5479 3302 5536 hi
3323 5455 3519 5534 autem
3558 5455 3808 5557 ἰδίω.ηῴ

2234 5565 2410 5628 modo.
2463 5567 2582 5644 Qua
2629 5566 2696 5627 de
2751 5581 2810 5628 re
2855 5568 2954 5648 qui
3003 5567 3214 5628 beatum
3261 5565 3516 5630 doctorem
3543 5554 3807 5636 -Αᾳιιῦωιτκ
