4060 6174
258 309 412 372 1385

1293 313 1497 376 ACTA
1539 312 1876 376 CONGILII
1917 310 2494 376 LEMOVICENSIS
2535 314 2614 376 II.

3500 309 3656 373 i386

253 446 398 498 inter
441 446 770 517 confessores
816 451 1146 519 proponunt,
1206 451 1587 505 auctoritatem
1646 446 1902 503 habentes
1928 446 1986 515 Α
2013 447 2124 503 diri
2150 449 2301 515 solet,
2334 447 2433 504 hoc
2460 451 2558 517 est,
2591 449 2650 502 in
2676 456 2900 519 pascha,
2929 447 2992 501 in
3013 447 3332 517 pentecoste,
3354 445 3417 500 in
3443 445 3655 501 Nativi-

254 534 524 604 majorum
545 536 665 590 sine
694 536 929 603 ratione,
969 536 1206 592 dicentes
1235 538 1315 593 sic
1339 540 1762 609 proposuerunt.
1798 537 1904 604 Qui

251 626 376 678 ante
402 639 499 678 nos
530 626 756 695 fuerunt
786 625 876 680 illi
904 629 955 681 et
984 626 1094 694 illi,
1118 628 1310 682 merito
1342 625 1816 698 reprehenduntur
1834 626 1903 681 ab

251 711 335 766 his
363 713 461 784 qui
486 728 614 767 cum
667 716 993 770 auctoritate
1047 717 1320 771 rationem
1349 715 1678 782 ostendunt,-
1707 731 1900 788 propo-

248 804 434 855 nentes
463 816 585 855 eum
617 818 729 857 una
758 819 885 858 cum
912 804 1044 859 aliis
1072 804 1351 874 apostolis,
1385 808 1436 859 et
1466 804 1702 859 dicentes
1720 822 1739 859 :
1761 826 1789 854 ‹‹
1809 804 1902 859 Illi

249 893 297 945 et
351 890 441 945 illi
496 892 716 963 antiqui
765 895 951 963 patres
999 893 1143 965 apud
1176 894 1277 948 illa
1334 892 1651 949 authentico
1682 894 1818 963 loca,
1849 897 1901 949 et

247 980 491 1034 Romana
519 982 814 1051 apostolica
836 981 1007 1049 sedes,
1041 982 1236 1055 illique
1262 984 1589 1054 peritissimi
1618 984 1745 1048 viri,
1774 998 1899 1038 eum

240 1073 638 1140 proposuerunt
685 1071 745 1125 in
795 1070 1161 1141 apostolorum
1211 1072 1422 1127 ordine.
1472 1062 1509 1120 n'
1557 1072 1899 1127 Rationabile

244 1160 429 1212 autem
458 1162 536 1213 est
565 1162 625 1213 ut
656 1160 753 1214 ille
780 1160 877 1231 qui
907 1160 1054 1215 inter
1073 1160 1212 1215 alios
1234 1177 1268 1215 a
1288 1162 1515 1215 Domino
1539 1161 1743 1230 accepit
1783 1162 1895 1215 vir-

242 1250 413 1302 tutem
435 1247 774 1319 praedicandi
813 1250 1193 1320 Evangelium,
1236 1254 1558 1320 potestatem
1607 1249 1819 1321 ligandi
1846 1254 1898 1306 et

241 1336 504 1405 solvendi,
554 1338 842 1393 scientiam
887 1340 1135 1394 omnium
1167 1339 1509 1410 linguarum,
1550 1343 1601 1394 et
1640 1340 1894 1409 signacu-

242 1425 360 1480 lum
417 1426 749 1497 apostolatus
823 1426 982 1483 habet
1058 1426 1315 1494 Gatliam,
1390 1428 1615 1499 ideoque
1684 1432 1893 1500 aposto-

241 1514 327 1569 lus
358 1518 455 1582 est,
515 1517 710 1571 merito
765 1532 890 1571 cum
936 1517 1069 1588 ipsls
1125 1518 1382 1589 apostolis
1434 1521 1791 1589 proponatur,
1844 1521 1896 1573 et

236 1605 507 1659 memoria
539 1605 658 1675 ejus
686 1604 752 1661 de
786 1606 966 1676 gloria
989 1607 1325 1678 apostolatus
1368 1623 1581 1678 semper
1606 1606 1891 1675 conﬁrme-

235 1696 350 1747 tur.
374 1694 472 1749 Isti
501 1709 625 1764 ergo
645 1694 792 1761 illos,
813 1710 925 1751 non
946 1696 1035 1751 illi
1068 1697 1220 1762 istos,
1241 1713 1407 1768 super
1439 1696 1541 1751 hac
1573 1712 1635 1751 re
1662 1711 1895 1767 arguere

2011 541 2122 593 tate
2174 539 2352 593 sancti
2406 538 2653 605 Joannis,
2708 536 2779 592 ad
2841 535 3069 593 Vincula
3140 535 3317 591 sancti
3363 534 3535 600 Petri,
3596 534 3659 595 in

2003 627 2391 697 'Assumptione
2416 629 2617 681 sanctae
2654 626 2844 694 Masia,
2903 626 2964 680 in
3007 623 3305 696 festivitate
3357 623 3535 678 sancti
3557 622 3657 676 Ili-

2009 715 2233 783 chaelis,
2268 717 2329 770 in
2356 716 2606 770 omnium
2633 718 2968 782 sanctorum,
2997 714 3059 768 in
3086 713 3266 768 sancti
3292 710 3537 778 Andrez,
3595 711 3660 766 in

2008 807 2195 861 Natali
2224 805 2461 870 Domini,
2492 806 2553 859 in
2591 806 2932 876 Hypapante,
2970 804 3034 858 in
3089 799 3537 873 Quadragesima,
3595 801 3659 855 in

2007 894 2187 951 media
2218 894 2666 966 Quadragesima.
2700 895 2794 949 His
2842 894 2991 948 enim
3031 890 3471 947 distinctionibus
3517 889 3657 943 anni

2006 1001 2189 1041 omnes
2214 984 2522 1056 presbyteri
2552 983 2623 1039 ad
2646 984 2901 1055 proprias
2927 985 3151 1053 possunt
3178 992 3462 1036 recurrere
3486 977 3654 1033 eccle-

2004 1076 2140 1143 sias,
2172 1077 2222 1129 et
2252 1075 2435 1145 ipsum
2461 1089 2656 1145 corpus
2683 1073 2922 1141 Domini,
2956 1070 3096 1144 quod
3124 1071 3507 1137 mutatur,non
3539 1065 3657 1122 nisi

2006 1182 2040 1220 a
2066 1163 2287 1219 mundis
2316 1162 2573 1219 Ecclesia:
2598 1163 2871 1217 ministris
2898 1157 3503 1216 sumaturﬁonasteria
3530 1171 3655 1212 vero

2002 1251 2393 1308 monachorum
2422 1250 2724 1321 regularia,
2779 1250 2912 1322 quia
2958 1248 3278 1321 diligentius
3336 1250 3389 1303 et
3421 1240 3655 1302 nitidius
3762 1324 3775 1335 .

2003 1359 2192 1400 omnia
2221 1342 2291 1397 ad
2318 1342 2530 1397 cultum
2554 1340 2753 1395 altaris
2776 1342 3096 1411 procurant,
3127 1340 3189 1393 in
3216 1337 3470 1394 abbatum
3526 1351 3653 1392 suo-

2002 1449 2127 1488 rum
2157 1430 2386 1486 arbltrio
2415 1430 2481 1483 de
2510 1428 2762 1495 his,sicu,t
2789 1428 2855 1483 de
2883 1428 3013 1484 aliis
3024 1426 3651 1500 regulis,pennittimus:

2002 1522 2094 1577 Illi
2132 1522 2281 1575 enim
2308 1520 2509 1574 nostris
2540 1517 2745 1588 legibus
2794 1517 3095 1587 constringi
3142 1530 3255 1573 non
3293 1515 3505 1582 debent,
3556 1515 3657 1588 qui

2002 1612 2155 1666 ultra
2182 1625 2278 1665 nos
2298 1624 2401 1681 per
2427 1610 2605 1664 actam
2633 1610 2683 1661 et
2714 1609 3003 1677 angustam
3027 1600 3248 1677 portam
3267 1604 3389 1660 vitae
3437 1600 3655 1676 ingredi

2001 1702 2283 1770 appetunt,
2334 1697 2430 1769 qui
2483 1694 2818 1750 voluntatem
2868 1694 3156 1766 propriam
3208 1696 3498 1765 frangunt,
3554 1693 3657 1765 qni

225 1782 379 1852 juste
422 1787 698 1854 poterunt.
743 1785 871 1888 Ilaec
915 1784 1115 1840 idcirco
1161 1785 1284 1841 dixi
1326 1801 1395 1840 ne
1424 1785 1765 1841 diversorum
1805 1785 1888 1840 di-
1919 1822 1970 1888 Β
1990 1789 2192 1859 jugum
2220 1786 2287 1841 ab
2318 1784 2680 1841 adolescentia
2704 1784 3076 1888 portqnt,quin
3073 1784 3446 1888 episcoporum
3480 1780 3654 1888 jussis

233 1887 405 1926 versae
460 1872 876 1928 consuetudines
924 1878 974 1929 et
1032 1874 1191 1945 leges,
1230 1878 1280 1929 si
1339 1876 1611 1929 rationem
1668 1873 1887 1943 habent,

229 1959 498 2015 scandala
568 1966 845 2031 generent.
923 1963 1326 2019 Observandum
1404 1963 1654 2035 equidem
1734 1964 1892 2020 nobis

230 2063 566 2121 magnopere
592 2054 670 2105 est
713 2055 841 2106 ante
878 2053 1065 2107 omnia
1093 2057 1143 2108 et
1170 2068 1335 2123 super
1380 2054 1588 2122 omnia,
1619 2054 1706 2107 uti
1731 2069 1890 2107 man-

226 2137 427 2194 datum
470 2139 588 2205 Dei,
624 2142 673 2194 et
722 2157 835 2196 non
862 2145 1078 2197 nostras
1108 2141 1452 2204 traditiones,
1479 2143 1681 2213 popqu
1711 2142 1890 2197 obser-

224 2226 441 2282 vandas
466 2227 749 2284 tradamus
773 2246 793 2284 :
825 2233 876 2284 et
904 2229 1051 2285 nihil
1079 2230 1194 2285 nisi
1234 2229 1647 2301 Scripturarum
1676 2230 1891 2286 divina-

232 2332 367 2391 rum
391 2317 716 2372 auctoritate
734 2317 939 2389 fultum
968 2318 1240 2387 agendum
1269 2322 1613 2384 statuamus;
1645 2318 1896 2391 nihilque

233 2405 306 2461 de
335 2405 603 2473 cordibus,
649 2406 797 2462 nihil
842 2410 1001 2463 extra
1043 2416 1376 2479 praeceptum
1416 2410 1654 2477 Domini,
1686 2413 1738 2464 et
1765 2425 1893 2464 san-

231 2499 452 2550 ciorum
497 2496 750 2562 Palmm,
783 2496 925 2568 quod
954 2496 1114 2565 absit,
1162 2499 1509 2562 constituere,
1558 2498 1764 2562 docere,
1812 2498 1895 2553 vel

220 2582 429 2654 jubere
464 2599 885 2654 praesumamus.
919 2585 1054 2654 Quae
1083 2600 1206 2641 vero
1236 2585 1365 2641 aliis
1395 2585 1694 2652 trademus,
1722 2587 1896 2656 primi

229 2688 340 2728 nos
386 2687 453 2727 ea
498 2673 607 2743 ipsi
651 2674 945 2744 faciamus,
974 2691 1046 2731 ne
1072 2676 1248 2730 simus
1275 2674 1342 2729 de
1368 2674 1484 2729 illis
1513 2691 1677 2744 super
1713 2674 1893 2730 cathe-

230 2759 402 2817 dram
450 2759 621 2833 Moysi
674 2762 1007 2829 sedentibus,
1063 2780 1228 2834 super
1280 2764 1476 2835 quibus
1534 2764 1783 2819 Salvator
1826 2763 1895 2818 ad

229 2849 433 2906 turbas
477 2854 529 2905 et
557 2850 626 2905 ad
657 2850 949 2923 discipulos
978 2866 1124 2917 suos,
1156 2853 1274 2906 ait:
1333 2875 1361 2902 ‹‹
1390 2853 1587 2907 Dicunt
1634 2853 1803 2918 enim,
1845 2856 1895 2907 et

228 2955 355 2994 non
384 2940 598 3009 faciunt
629 2937 838 3007 (Matth.
873 2938 1061 3010 XXIII);
1087 2961 1115 2989 ››
1165 2944 1215 2994 et
1246 2942 1492 2995 iterum:
1530 2964 1556 2989 ‹‹
1591 2941 1767 3012 Digito
1794 2957 1896 2995 au-

225 3032 351 3082 tem
379 3041 476 3081 suo
503 3027 699 3082 nolunt
728 3042 793 3082 ea
824 3042 1034 3083 movere
1064 3027 1270 3100 (ibid.).
1307 3052 1329 3080 ι

314 3113 416 3169 His
448 3113 643 3182 dictis,
675 3130 991 3171 conversus
1023 3115 1500 3189 archiepiscopus
1530 3119 1602 3174 ad
1627 3134 1763 3173 eum
1795 3118 1895 3190 qui

230 3202 315 3260 ad
348 3203 648 3259 dexteram
669 3218 838 3260 suam
862 3220 1041 3276 super
1060 3205 1236 3261 aliam
1261 3205 1598 3261 cathedram
1623 3189 1884 3274 sedebat,
1916 3189 1962 3258 (ἶ

227 3291 428 3348 sacris
452 3292 716 3348 vestibus
748 3298 1020 3349 ornatum
1041 3293 1386 3350 Azenerium
1421 3295 1717 3361 abbatem,
1749 3296 1894 3351 dixit

229 3381 317 3439 ad
349 3397 486 3436 eum
511 3396 525 3437 :
559 3403 585 3430 ‹‹
614 3381 930 3454 Rogamus,
955 3382 1323 3451 charissime,
1356 3386 1440 3449 ut,
1466 3382 1618 3439 sicut
1638 3384 1895 3441 domnus

223 3470 538 3526 Jordanus
568 3470 828 3541 pontifex
849 3470 1039 3542 jubet,
1064 3471 1324 3545 capitula
1352 3471 1733 3528 Bituricensis
1763 3488 1894 3528 con-

223 3559 387 3627 cilii,
415 3558 575 3615 velut
602 3576 705 3615 vos
734 3558 868 3632 ipsi,
903 3560 1001 3632 qui
1036 3559 1407 3627 interfuistis,
1439 3560 1711 3630 audistis,
1755 3560 1894 3618 huic

223 3653 447 3707 sancto
478 3647 723 3705 concilio
754 3664 947 3706 coram
981 3649 1307 3723 exponatis.
1340 3670 1369 3701 ››

312 3737 481 3793 Tunc
512 3737 638 3810 ipse
669 3736 974 3795 enuntiare
1002 3737 1197 3811 ccepit,
1230 3738 1465 3794 dicens:

310 3825 448 3883 Haec
476 3829 615 3883 sunt
639 3825 915 3899 capitula,
948 3844 1127 3900 super
1146 3826 1362 3899 quibus
1383 3826 1491 3883 hoc
1514 3830 1777 3901 tempore
1797 3828 1895 3884 de-

223 3919 485 3990 pravata
523 3919 649 3972 erat
677 3916 736 3971 S.
769 3914 1151 3972 Bituricensis
1184 3919 1367 3972 mater
1396 3915 1660 3972 ecclesia.
1697 3917 1898 3990 Itaque

220 4006 482 4062 Patrum
513 4009 825 4077 sequentes
852 4004 1115 4079 vestigia,
1148 4008 1502 4074 statuerunt,
1527 4005 1627 4077 qui
1649 4023 1897 4079 praesen-

217 4101 330 4152 tes
361 4092 443 4150 ibi
464 4094 704 4151 fuerunt
724 4093 1004 4168 episcopi,
1029 4096 1211 4167 Aymo
1234 4092 1635 4160 Bituricensis,
1657 4095 1898 4167 Stepha-

219 4198 360 4240 nus
404 4181 755 4249 Aniciensis,
806 4182 999 4239 Benco
1050 4182 1422 4251 Avernensis,
1474 4183 1896 4254 Bagamundus

222 4270 635 4341 Mimatensis,
656 4270 937 4327 'tEmiIius
975 4270 1290 4340 Albiensis,
1333 4271 1654 4328 Deusdedit
1682 4270 1897 4327 Cadur-

220 4360 460 4426 censis,
510 4360 633 4417 haec
682 4361 968 4418 servanda
1001 4360 1074 4417 ab
1103 4360 1363 4418 ecclesiis
1394 4360 1505 4417 sibi
1539 4359 1891 4417 commissis.

309 4470 345 4499 α
379 4448 442 4504 In
475 4449 705 4522 primis,
755 4452 820 4506 ut
856 4466 962 4523 per
988 4466 1213 4519 omnes,
1246 4472 1274 4500 ››
1325 4454 1436 4506 etc.
1494 4449 1649 4519 (Vide
1696 4450 1890 4507 coneil.

216 4539 476 4595 Bituric.
510 4555 604 4594 an.
640 4539 799 4595 1031.

307 4626 478 4684 Talia
493 4627 687 4684 senior
698 4643 832 4684 cum
849 4627 1287 4701 perorasset,ait
1302 4627 1436 4682 dom
1447 4645 1476 4681 n
1487 4645 1555 4683 us
1566 4626 1888 4685 Jordanus:

221 4718 446 4775 Omnia
494 4718 649 4772 nobis
681 4716 794 4773 haec
841 4717 971 4774 bene
995 4716 1250 4789 placent,-
1308 4720 1525 4772 tantum
1552 4717 1619 4774 de
1672 4735 1892 4790 corpore

217 4806 467 4864 Domini
493 4806 773 4876 mutando,
793 4811 1017 4879 propter
1036 4806 1379 4879 presbyteros
1400 4807 1497 4878 qui
1515 4807 1765 4862 omnibus
1788 4806 1890 4863 Do-

218 4895 468 4952 minicis
496 4895 683 4952 diebus
709 4897 778 4951 ad
808 4898 1058 4953 ecclesias
1087 4912 1215 4952 suas
1244 4899 1519 4967 nequeunt
1543 4895 1745 4963 adesse,
1772 4897 1894 4967 pla-

218 4989 323 5041 cet
354 4986 435 5039 ita
490 4988 857 5055 temperanter
914 4987 1149 5054 institui,
1198 4989 1258 5040 ut
1294 4984 1362 5040 ab
1416 4984 1666 5040 omnibus
1716 4984 1895 5040 valeat

220 5074 701 5130 inexcusabiliter
726 5075 1018 5131 observari.
1035 5076 1173 5143 Quae
1202 5075 1351 5129 enim
1376 5074 1436 5128 in
1458 5072 1699 5129 Ecclesia
1729 5074 1895 5128 insti-

217 5165 503 5231 tuuntur,
531 5164 612 5219 sic
640 5163 830 5221 debent
859 5164 985 5235 ﬁeri
1001 5163 1301 5229 moderata,
1333 5166 1393 5218 ut
1413 5163 1613 5235 absque
1632 5164 1895 5233 importa-

220 5251 349 5308 bili
377 5252 525 5321 fasce
554 5252 622 5307 ab
666 5254 918 5309 omnibus
968 5255 1275 5325 portentur,
1329 5255 1381 5307 et
1430 5251 1669 5323 qualiter
1696 5253 1899 5307 animae

210 5340 544 5407 salventur,
560 5344 612 5397 et
633 5340 776 5413 quod
795 5343 933 5414 facit
950 5342 1213 5410 Ecclesia,
1235 5340 1438 5413 absque
1460 5342 1901 5397 murmuratione

213 5429 438 5506 faciat,
463 5432 515 5486 et
542 5446 611 5486 ne
633 5431 1003 5488 inobedientia
1024 5431 1201 5488 locum
1217 5431 1485 5491 inueniat.
1518 5430 1706 5502 Itaque
1719 5431 1900 5502 placet

221 5523 305 5579 ut
341 5534 533 5592 corpus
562 5519 781 5577 Domini
806 5522 865 5576 in
899 5537 1044 5577 anno
1066 5536 1168 5593 per
1196 5518 1478 5577 duodecim
1502 5520 1764 5577 terminos
1810 5536 1898 5578 re-

219 5612 478 5680 novetur
498 5610 556 5665 in
576 5610 828 5667 omnibus
847 5611 963 5668 illis
983 5610 1224 5669 ecclesiis
1246 5608 1342 5668 ubi
1359 5608 1697 5670 incessanter
1720 5612 1898 5671 custo-

572 5736 834 5805 Ριτιιοι.
883 5736 1113 5808 CXLII.

1998 1890 2337 1947 summopere
2360 1875 2421 1929 in
2448 1873 2699 1929 omnibus
2728 1872 3001 1929 obediunt.
3035 1872 3204 1939 Tales,
3246 1873 3477 1945 inquam
3517 1871 3650 1943 legi-

2001 1968 2097 2022 bus
2128 1982 2236 2021 non
2256 1966 2459 2036 oportet
2485 1963 2689 2035 subjici
2707 1962 3088 2027 conciliorum,
3130 1961 3247 2017 nisi
3292 1963 3434 2034 forte
3466 1973 3658 2034 reprc-

2000 2055 2251 2110 hensioni
2278 2053 2362 2108 vel
2389 2053 2723 2124 contemptui
2745 2052 3045 2124 potuerint.
3074 2049 3164 2106 Sic
3210 2050 3494 2122 Apostolus
3523 2052 3604 2107 ait
3634 2055 3649 2107 ἑ

2003 2167 2029 2194 ‹‹
2062 2146 2213 2200 Justo
2244 2142 2335 2197 lex
2362 2158 2473 2197 non
2498 2145 2576 2197 est
2600 2142 2802 2213 posita,
2833 2139 2926 2196 sed
2954 2140 3376 2211 injustis,etnon
3401 2139 3650 2211 subditis,
3680 2150 3681 2153 ‘

2001 2234 2187 2304 impiis
2218 2235 2267 2286 et
2291 2231 2687 2303 peccatoribus,
2717 2230 2996 2285 sceleratis
3026 2232 3078 2283 et
3113 2229 3522 2298 contaminatis,
3548 2245 3652 2301 pa-

2000 2322 2213 2377 tricidis
2264 2324 2316 2375 et
2398 2319 2726 2384 matricidis,
2811 2316 3119 2385 homicidis,
3204 2318 3650 2390 fomicatoribus,

2000 2410 2374 2467 masculorum
2400 2408 2855 2476 concubitoribus,
2904 2407 3224 2479 plagiariis,
3280 2402 3650 2477 mendacibus,

1999 2500 2261 2573 perjuris,
2294 2503 2345 2554 et
2373 2499 2425 2553 si
2451 2497 2583 2570 quid
2621 2496 2776 2552 aliud
2822 2512 2970 2551 sanw
3012 2494 3271 2552 doctrinae
3307 2496 3647 2554 adversatur.

2002 2604 2128 2663 qum
2156 2592 2235 2644 est
2257 2587 2552 2643 secundum
2574 2587 2933 2658 Evangelium
2964 2585 3145 2656 gloria
3202 2585 3347 2641 beati
3386 2586 3487 2641 Dei
3511 2574 3655 2659 quod

2001 2677 2269 2733 creditum
2296 2680 2373 2731 est
2397 2675 2539 2731 mihi
2569 2675 2619 2746 (I
2644 2676 2799 2729 Tim..
2834 2674 2875 2746 ι)
2910 2696 2931 2723 ι
2966 2674 3107 2729 Nam
3147 2678 3199 2728 et
3244 2674 3464 2730 abbates
3490 2690 3652 2745 regu-

2005 2766 2148 2821 lares
2177 2781 2288 2819 non
2316 2764 2435 2819 ideo
2466 2762 2537 2817 ad
2564 2763 2832 2834 synodum
2878 2763 3065 2817 venire
3120 2776 3245 2832 cogo
3294 2760 3459 2833 hujus
3486 2762 3651 2833 sedis,

2004 2859 2064 2909 ut
2094 2855 2421 2924 arguantur,
2451 2851 2544 2906 sed
2572 2855 2632 2905 ut
2660 2850 2802 2905 mihi
2828 2848 2894 2907 de
2921 2848 3081 2907 rebus
3126 2838 3502 2907 ecclesiasticis
3536 2866 3653 2908 mo-

2003 2941 2259 2997 derandis
2286 2940 2591 2996 consultum
2617 2939 2915 3011 praebeant,
2950 2942 3219 3011 quatenus
3243 2940 3353 3011 ipsi
3386 2941 3653 3015 spiritua-

2006 3033 2081 3087 les
2108 3029 2372 3101 viri,dum
2395 3027 2537 3083 mihi
2561 3028 2912 3098 perdiversas
2922 3028 3395 3084 multorumcuras
3414 3028 3653 3101 disperso

1990 3114 2158 3190 'opem
2184 3119 2372 3188 ferunt
2401 3115 2471 3170 ad
2511 3114 2905 3172 sublevandam
2959 3130 3119 3182 onus,
3177 3116 3241 3171 in
3290 3117 3656 3176 retributione

1997 3222 2204 3264 coronae
2231 3220 2447 3260 mecum
2466 3205 2889 3274 participentur.
2922 3204 2998 3259 De
3024 3204 3180 3259 cultu
3208 3205 3360 3262 enim
3397 3207 3653 3264 ecclesia-

1997 3298 2130 3351 stico
2159 3298 2210 3350 et
2238 3293 2545 3348 reverentia
2572 3294 2813 3365 corporis
2843 3292 3317 3365 Domini,probavi
3332 3294 3451 3367 ipse
3476 3295 3651 3353 oculis

1996 3385 2133 3438 meis
2160 3380 2439 3452 regulares
2463 3394 2566 3450 per
2592 3378 2997 3435 Lemovicinum
3021 3378 3314 3438 monachos
3342 3382 3549 3440 altaria
3597 3385 3656 3443 et

1952 3514 1961 3517 -
1998 3472 2222 3539 codices,
2279 3469 2621 3534 vestimenta,
2662 3468 2879 3535 calices,
2939 3468 3287 3539 linteamina,
3346 3475 3399 3528 et
3453 3476 3650 3530 cuncta

1999 3577 2117 3635 qum
2147 3559 2218 3616 ad
2245 3559 2424 3615 altare
2442 3559 2742 3630 pertinent,
2772 3553 3141 3615 mundissima
3179 3561 3421 3634 quotidie
3445 3566 3499 3618 et
3524 3579 3652 3640 cum

1999 3650 2307 3707 reverentia
2334 3662 2570 3704 servare.

2072 3740 2337 3810 Cumque
2366 3737 2438 3793 de
2465 3736 2560 3792 his
2589 3739 2649 3793 et
2677 3735 2808 3793 aliis
2838 3736 3272 3810 hujuscemodi,
3304 3737 3478 3813 plura
3506 3740 3656 3798 dice-

2002 3833 2225 3896 rentur,
2259 3831 2317 3884 et
2345 3825 2784 3899 archiepiscopo
2814 3826 3211 3900 omnibusque
3240 3826 3657 3901 placerent,ac-

2003 3921 2303 3975 cusatores
2325 3915 2475 3988 justi
2489 3914 2917 3971 exstiteruntex
2926 3906 3659 3989 senioribu's,quidicerent

2003 4007 2065 4063 in
2096 4004 2402 4062 conciliem
2432 4004 2496 4059 In
2526 4001 2654 4059 loco
2683 4002 2881 4059 Sancti
2911 4002 3066 4060 Petri
3095 4002 3449 4063 Bellocensis
3491 3990 3654 4079 [corr.

2003 4093 2424 4165 Bellilocensis]
2456 4092 2820 4160 monasterii,
2850 4096 3055 4149 sancta
3082 4090 3340 4150 Ecclesia
3387 4094 3658 4151 Lemovi-

2003 4182 2192 4240 censis
2220 4182 2336 4238 vim
2369 4181 2720 4254 patitur.Hic
2752 4180 3043 4254 siquidem
3073 4178 3311 4239 locusin
3338 4182 3541 4240 ordine
3569 4199 3656 4241 re-

2003 4272 2191 4347 gulari
2221 4272 2520 4345 quondam
2554 4269 3654 4351 fuitillustris,nuncautemitaasaecu-

2000 4362 2225 4418 laribus
2256 4358 2629 4416 conculcatus
2659 4361 2766 4428 est,
2797 4363 2864 4416 ut
2908 4376 3087 4434 super
3114 4361 3433 4419 monachos
3463 4362 3653 4435 ipsius

2001 4448 2339 4508 monasterii
2370 4447 2704 4505 dominetur
2757 4448 2945 4506 abbas
2984 4450 3281 4509 saecularis
3332 4454 3390 4508 et
3431 4451 3654 4531 absque
3758 4454 3763 4461 ’

1920 4561 1969 4629 D
1999 4538 2268 4598 monachi
2297 4537 2524 4595 habitu.

2071 4630 2476 4686 Clamaverunt
2508 4643 2712 4684 omnes
2744 4627 2845 4701 qui
2875 4632 3044 4684 erant
3074 4627 3134 4684 in
3177 4628 3422 4686 concilio
3445 4648 3507 4688 :«
3537 4630 3656 4688 Hoc

1999 4736 2217 4794 magna
2246 4716 2566 4774 destructio
2597 4722 2777 4785 esl,ut
2806 4734 2992 4774 caecus
3019 4718 3281 4775 videntes
3308 4718 3657 4788 ducat,stul-

2001 4814 2098 4865 tus
2131 4807 2426 4879 sapientes
2457 4806 2679 4862 doceat.
2713 4804 2831 4863 Hac
2860 4806 3017 4863 enim
3045 4806 3105 4862 in
3131 4824 3192 4863 re
3216 4806 3664 4883 disciplinamog

2001 4899 2170 4964 ritur,
2204 4896 2368 4952 locus
2390 4894 2724 4967 hypocrisis
2756 4894 3058 4952 monachis
3082 4884 3510 4965 datur,occasio
3528 4912 3661 4973 p.0-

2003 4987 2131 5061 pria
2162 4985 2501 5059 possidendi
2538 4984 2844 5041 monachis
2878 4986 3070 5056 datur,
3118 5001 3223 5058 per
3268 5002 3394 5058 qua
3432 4984 3659 5058 decepti

2002 5074 2192 5147 perire
2223 5070 2700 5145 possunt.Capite
2722 5071 2990 5127 morbido
3015 5075 3201 5128 totum
3232 5089 3441 5145 corpus
3453 5071 3659 5130 inutile

2006 5168 2115 5230 est,
2143 5166 2201 5220 et
2230 5179 2335 5235 pro
2366 5158 2467 5216 tali
2503 5160 2897 5217 destructione
2927 5160 3188 5217 locorum
3220 5162 3340 5230 Dei,
3367 5162 3454 5219 ira
3482 5179 3660 5241 super

2006 5251 2254 5326 populos
2285 5268 2320 5306 a
2350 5249 2495 5305 facie
2524 5248 2626 5306 Dei
2656 5249 2969 5322 egreditur.

2077 5341 2243 5396 Tunc
2293 5336 2561 5411 requisiti
2618 5336 2889 5394 monachi
2926 5338 3249 5412 supradicti
3292 5336 3657 5408 monasterii,

2009 5432 2265 5487 astantes
2296 5428 2354 5483 in
2386 5431 2699 5500 conspectu
2731 5427 3159 5500 episcoporum.
3183 5429 3493 5487 dixerunt:
3519 5430 3662 5486 «Or-

2008 5520 2248 5577 dinatur
2272 5516 2444 5574 nobis
2476 5516 2658 5572 abbas
2675 5515 2919 5573 idoneus
2932 5510 3662 5593 secunduum‘regulam,st
3722 5514 3735 5518 ’

2009 5611 2069 5672 in
2099 5624 2241 5687 pace
2271 5606 2495 5668 erimus
2527 5620 2541 5664 :
2576 5604 2917 5684 lugentibus
2946 5608 3105 5675 enim
3135 5609 3306 5669 nobis
3342 5608 3455 5667 iste
3484 5620 3664 5683 super
3686 5636 3699 5645 ι

3258 5737 3341 5821 44.

3618 5804 3661 5829 4
