  <div class='ocr_page' id='page_1' title='image "/cluster/home/n/w/nwhite01/storage/ocr_20150623/142/hvd.32044054760020/699.png"; bbox 0 0 4094 6158; ppageno 0'>
   <div class='ocr_carea' id='block_1_1' title="bbox 383 297 538 364">
    <p class='ocr_par' dir='ltr' id='par_1_1' title="bbox 383 297 538 364">
     <span class='ocr_line' id='line_1_1' title="bbox 383 297 538 364; baseline 0 -2"><span class='ocrx_word' id='word_1_1' title='bbox 383 297 538 364; x_wconf 78' lang='grc'><strong>1387</strong></span> 
     </span>
    </p>
   </div>
   <div class='ocr_carea' id='block_1_2' title="bbox 1315 283 2862 358">
    <p class='ocr_par' dir='ltr' id='par_1_2' title="bbox 1315 283 2862 358">
     <span class='ocr_line' id='line_1_2' title="bbox 1315 283 2862 358; baseline -0.005 0"><span class='ocrx_word' id='word_1_2' title='bbox 1315 289 1744 358; x_wconf 77' lang='lat' dir='ltr'><strong>JORDANUM</strong></span> <span class='ocrx_word' id='word_1_3' title='bbox 1792 287 2365 355; x_wconf 79' lang='lat' dir='ltr'><strong>LEMOVICENSIS</strong></span> <span class='ocrx_word' id='word_1_4' title='bbox 2408 283 2862 354; x_wconf 79' lang='lat' dir='ltr'><strong>EPISCOPUS.</strong></span> 
     </span>
    </p>
   </div>
   <div class='ocr_carea' id='block_1_3' title="bbox 3652 280 3818 350">
    <p class='ocr_par' dir='ltr' id='par_1_3' title="bbox 3652 280 3818 350">
     <span class='ocr_line' id='line_1_3' title="bbox 3652 280 3818 350; baseline -0.012 0"><span class='ocrx_word' id='word_1_5' title='bbox 3652 280 3818 350; x_wconf 79' lang='lat' dir='ltr'><strong>I388</strong></span> 
     </span>
    </p>
   </div>
   <div class='ocr_carea' id='block_1_4' title="bbox 384 421 3816 508">
    <p class='ocr_par' dir='ltr' id='par_1_4' title="bbox 384 421 3816 508">
     <span class='ocr_line' id='line_1_4' title="bbox 384 421 3816 508; baseline -0.005 -15"><span class='ocrx_word' id='word_1_6' title='bbox 384 452 494 493; x_wconf 90' lang='lat' dir='ltr'><strong>nos</strong></span> <span class='ocrx_word' id='word_1_7' title='bbox 507 433 896 508; x_wconf 78' lang='lat' dir='ltr'><strong>tyramnidem</strong></span> <span class='ocrx_word' id='word_1_8' title='bbox 911 430 1467 504; x_wconf 89' lang='lat' dir='ltr'><strong>arripuit.Utautem</strong></span> <span class='ocrx_word' id='word_1_9' title='bbox 1489 426 1872 502; x_wconf 68' lang='lat' dir='ltr'><strong>praesentibus</strong></span> <span class='ocrx_word' id='word_1_10' title='bbox 1885 425 2037 498; x_wconf 90' lang='lat' dir='ltr'><strong>epis-</strong></span> <span class='ocrx_word' id='word_1_11' title='bbox 2068 427 2122 494; x_wconf 83' lang='grc' dir='ltr'>Α</span> <span class='ocrx_word' id='word_1_12' title='bbox 2155 423 2615 496; x_wconf 82' lang='lat' dir='ltr'><strong>tranquilitatem</strong></span> <span class='ocrx_word' id='word_1_13' title='bbox 2638 423 3000 480; x_wconf 87' lang='lat' dir='ltr'><strong>amittere.Et</strong></span> <span class='ocrx_word' id='word_1_14' title='bbox 3011 423 3182 494; x_wconf 82' lang='lat' dir='ltr'><strong>juxta</strong></span> <span class='ocrx_word' id='word_1_15' title='bbox 3199 421 3578 478; x_wconf 87' lang='lat' dir='ltr'><strong>Dominicam</strong></span> <span class='ocrx_word' id='word_1_16' title='bbox 3590 438 3816 488; x_wconf 87' lang='lat' dir='ltr'><strong>vocem,</strong></span> 
     </span>
    </p>
   </div>
   <div class='ocr_carea' id='block_1_5' title="bbox 385 519 2031 605">
    <p class='ocr_par' dir='ltr' id='par_1_5' title="bbox 385 519 2031 605">
     <span class='ocr_line' id='line_1_5' title="bbox 385 519 2031 605; baseline -0.005 -25"><span class='ocrx_word' id='word_1_17' title='bbox 385 525 548 605; x_wconf 85' lang='lat' dir='ltr'><strong>copis</strong></span> <span class='ocrx_word' id='word_1_18' title='bbox 579 525 654 578; x_wconf 70' lang='lat' dir='ltr'><strong>sit</strong></span> <span class='ocrx_word' id='word_1_19' title='bbox 685 527 907 589; x_wconf 89' lang='lat' dir='ltr'><strong>notum,</strong></span> <span class='ocrx_word' id='word_1_20' title='bbox 942 519 1290 592; x_wconf 81' lang='lat' dir='ltr'><strong>Rodulphus</strong></span> <span class='ocrx_word' id='word_1_21' title='bbox 1343 519 1817 591; x_wconf 80' lang='lat' dir='ltr'><strong>archiepiscopus</strong></span> <span class='ocrx_word' id='word_1_22' title='bbox 1848 533 2031 589; x_wconf 85' lang='lat' dir='ltr'><strong>quon-</strong></span> 
     </span>
    </p>
   </div>
   <div class='ocr_carea' id='block_1_6' title="bbox 388 607 2036 681">
    <p class='ocr_par' dir='ltr' id='par_1_6' title="bbox 388 607 2036 681">
     <span class='ocr_line' id='line_1_6' title="bbox 388 607 2036 681; baseline -0.005 -12"><span class='ocrx_word' id='word_1_23' title='bbox 388 613 526 668; x_wconf 88' lang='lat' dir='ltr'><strong>dam</strong></span> <span class='ocrx_word' id='word_1_24' title='bbox 557 607 1388 678; x_wconf 88' lang='lat' dir='ltr'><strong>Bituricensis,monasterium</strong></span> <span class='ocrx_word' id='word_1_25' title='bbox 1417 607 1614 681; x_wconf 89' lang='lat' dir='ltr'><strong>ipsum</strong></span> <span class='ocrx_word' id='word_1_26' title='bbox 1641 611 1902 678; x_wconf 90' lang='lat' dir='ltr'><strong>tempore</strong></span> <span class='ocrx_word' id='word_1_27' title='bbox 1931 607 2036 661; x_wconf 84' lang='lat' dir='ltr'><strong>Ca-</strong></span> 
     </span>
    </p>
   </div>
   <div class='ocr_carea' id='block_1_7' title="bbox 2147 511 3818 578">
    <p class='ocr_par' dir='ltr' id='par_1_7' title="bbox 2147 511 3818 578">
     <span class='ocr_line' id='line_1_7' title="bbox 2147 511 3818 578; baseline -0.002 -10"><span class='ocrx_word' id='word_1_28' title='bbox 2147 511 2361 568; x_wconf 91' lang='lat' dir='ltr'><strong>melius</strong></span> <span class='ocrx_word' id='word_1_29' title='bbox 2393 517 2483 568; x_wconf 88' lang='lat' dir='ltr'><strong>est</strong></span> <span class='ocrx_word' id='word_1_30' title='bbox 2506 512 2560 568; x_wconf 91' lang='lat' dir='ltr'><strong>ei</strong></span> <span class='ocrx_word' id='word_1_31' title='bbox 2586 513 2818 568; x_wconf 90' lang='lat' dir='ltr'><strong>luscum</strong></span> <span class='ocrx_word' id='word_1_32' title='bbox 2852 511 2940 568; x_wconf 87' lang='lat' dir='ltr'><strong>vel</strong></span> <span class='ocrx_word' id='word_1_33' title='bbox 2970 511 3243 568; x_wconf 89' lang='lat' dir='ltr'><strong>claudum</strong></span> <span class='ocrx_word' id='word_1_34' title='bbox 3276 511 3338 567; x_wconf 89' lang='lat' dir='ltr'><strong>in</strong></span> <span class='ocrx_word' id='word_1_35' title='bbox 3367 511 3550 567; x_wconf 83' lang='lat' dir='ltr'><strong>vitam</strong></span> <span class='ocrx_word' id='word_1_36' title='bbox 3575 512 3818 578; x_wconf 78' lang='lat' dir='ltr'><strong>intrare,</strong></span> 
     </span>
    </p>
   </div>
   <div class='ocr_carea' id='block_1_8' title="bbox 2148 599 3826 674">
    <p class='ocr_par' dir='ltr' id='par_1_8' title="bbox 2148 599 3826 674">
     <span class='ocr_line' id='line_1_8' title="bbox 2148 599 3826 674; baseline 0.001 -18"><span class='ocrx_word' id='word_1_37' title='bbox 2148 618 2330 674; x_wconf 88' lang='lat' dir='ltr'><strong>quam</strong></span> <span class='ocrx_word' id='word_1_38' title='bbox 2363 601 2514 657; x_wconf 86' lang='lat' dir='ltr'><strong>duos</strong></span> <span class='ocrx_word' id='word_1_39' title='bbox 2543 600 2765 670; x_wconf 89' lang='lat' dir='ltr'><strong>oculos,</strong></span> <span class='ocrx_word' id='word_1_40' title='bbox 2797 599 2887 656; x_wconf 98' lang='lat' dir='ltr'><strong>vel</strong></span> <span class='ocrx_word' id='word_1_41' title='bbox 2918 601 3067 657; x_wconf 89' lang='lat' dir='ltr'><strong>duos</strong></span> <span class='ocrx_word' id='word_1_42' title='bbox 3089 602 3268 673; x_wconf 85' lang='lat' dir='ltr'><strong>pedes</strong></span> <span class='ocrx_word' id='word_1_43' title='bbox 3290 600 3645 664; x_wconf 85' lang='lat' dir='ltr'><strong>habentem,</strong></span> <span class='ocrx_word' id='word_1_44' title='bbox 3669 601 3826 666; x_wconf 84' lang='lat' dir='ltr'><strong>mitti</strong></span> 
     </span>
    </p>
   </div>
   <div class='ocr_carea' id='block_1_9' title="bbox 386 689 3813 772">
    <p class='ocr_par' dir='ltr' id='par_1_9' title="bbox 386 689 3813 772">
     <span class='ocr_line' id='line_1_9' title="bbox 386 689 3813 772; baseline -0.003 -15"><span class='ocrx_word' id='word_1_45' title='bbox 386 700 494 758; x_wconf 91' lang='lat' dir='ltr'><strong>roli</strong></span> <span class='ocrx_word' id='word_1_46' title='bbox 536 699 689 772; x_wconf 90' lang='lat' dir='ltr'><strong>regis</strong></span> <span class='ocrx_word' id='word_1_47' title='bbox 718 697 778 752; x_wconf 93' lang='lat' dir='ltr'><strong>in</strong></span> <span class='ocrx_word' id='word_1_48' title='bbox 810 697 990 753; x_wconf 85' lang='lat' dir='ltr'><strong>fundo</strong></span> <span class='ocrx_word' id='word_1_49' title='bbox 1021 715 1129 754; x_wconf 91' lang='lat' dir='ltr'><strong>suo</strong></span> <span class='ocrx_word' id='word_1_50' title='bbox 1149 696 1494 763; x_wconf 82' lang='lat' dir='ltr'><strong>construxit,</strong></span> <span class='ocrx_word' id='word_1_51' title='bbox 1543 700 1600 750; x_wconf 91' lang='lat' dir='ltr'><strong>et</strong></span> <span class='ocrx_word' id='word_1_52' title='bbox 1651 693 1884 768; x_wconf 63' lang='lat' dir='ltr'><strong>praediis</strong></span> <span class='ocrx_word' id='word_1_53' title='bbox 1913 691 2039 750; x_wconf 87' lang='lat' dir='ltr'><strong>suis</strong></span> <span class='ocrx_word' id='word_1_54' title='bbox 2149 691 2210 747; x_wconf 92' lang='lat' dir='ltr'><strong>in</strong></span> <span class='ocrx_word' id='word_1_55' title='bbox 2241 689 2589 763; x_wconf 82' lang='lat' dir='ltr'><strong>gehennam,</strong></span> <span class='ocrx_word' id='word_1_56' title='bbox 2617 690 2729 746; x_wconf 90' lang='lat' dir='ltr'><strong>hoc</strong></span> <span class='ocrx_word' id='word_1_57' title='bbox 2752 694 2860 757; x_wconf 90' lang='lat' dir='ltr'><strong>est,</strong></span> <span class='ocrx_word' id='word_1_58' title='bbox 2895 689 3107 748; x_wconf 90' lang='lat' dir='ltr'><strong>melius</strong></span> <span class='ocrx_word' id='word_1_59' title='bbox 3136 695 3228 746; x_wconf 90' lang='lat' dir='ltr'><strong>est</strong></span> <span class='ocrx_word' id='word_1_60' title='bbox 3271 707 3338 746; x_wconf 91' lang='lat' dir='ltr'><strong>se</strong></span> <span class='ocrx_word' id='word_1_61' title='bbox 3369 689 3570 746; x_wconf 89' lang='lat' dir='ltr'><strong>solum</strong></span> <span class='ocrx_word' id='word_1_62' title='bbox 3606 689 3813 748; x_wconf 82' lang='lat' dir='ltr'><strong>lucrar</strong></span> 
     </span>
    </p>
   </div>
   <div class='ocr_carea' id='block_1_10' title="bbox 387 783 2065 859">
    <p class='ocr_par' dir='ltr' id='par_1_10' title="bbox 387 783 2065 859">
     <span class='ocr_line' id='line_1_10' title="bbox 387 783 2065 859; baseline -0.004 -14"><span class='ocrx_word' id='word_1_63' title='bbox 387 787 708 859; x_wconf 84' lang='lat' dir='ltr'><strong>multisque</strong></span> <span class='ocrx_word' id='word_1_64' title='bbox 719 785 890 842; x_wconf 91' lang='lat' dir='ltr'><strong>donis</strong></span> <span class='ocrx_word' id='word_1_65' title='bbox 903 785 1046 843; x_wconf 85' lang='lat' dir='ltr'><strong>satis</strong></span> <span class='ocrx_word' id='word_1_66' title='bbox 1059 803 1352 859; x_wconf 82' lang='lat' dir='ltr'><strong>superque</strong></span> <span class='ocrx_word' id='word_1_67' title='bbox 1365 783 1852 840; x_wconf 90' lang='lat' dir='ltr'><strong>nobilitavit.Post</strong></span> <span class='ocrx_word' id='word_1_68' title='bbox 1869 783 1960 854; x_wconf 88' lang='lat' dir='ltr'><strong>cuj</strong></span> <span class='ocrx_word' id='word_1_69' title='bbox 1970 798 2065 846; x_wconf 26' lang='lat' dir='ltr'><strong>us,</strong></span> 
     </span>
    </p>
   </div>
   <div class='ocr_carea' id='block_1_11' title="bbox 384 874 2042 949">
    <p class='ocr_par' dir='ltr' id='par_1_11' title="bbox 384 874 2042 949">
     <span class='ocr_line' id='line_1_11' title="bbox 384 874 2042 949; baseline -0.004 -16"><span class='ocrx_word' id='word_1_70' title='bbox 384 874 702 933; x_wconf 81' lang='lat' dir='ltr'><strong>transitum</strong></span> <span class='ocrx_word' id='word_1_71' title='bbox 733 875 806 931; x_wconf 91' lang='lat' dir='ltr'><strong>ad</strong></span> <span class='ocrx_word' id='word_1_72' title='bbox 838 875 1006 932; x_wconf 62' lang='lat' dir='ltr'><strong>caelos</strong></span> <span class='ocrx_word' id='word_1_73' title='bbox 1036 875 1208 949; x_wconf 90' lang='lat' dir='ltr'><strong>longe</strong></span> <span class='ocrx_word' id='word_1_74' title='bbox 1254 891 1497 931; x_wconf 84' lang='lat' dir='ltr'><strong>excurso</strong></span> <span class='ocrx_word' id='word_1_75' title='bbox 1542 878 1822 946; x_wconf 89' lang='lat' dir='ltr'><strong>tempore,</strong></span> <span class='ocrx_word' id='word_1_76' title='bbox 1865 887 2042 927; x_wconf 84' lang='lat' dir='ltr'><strong>occa-</strong></span> 
     </span>
    </p>
   </div>
   <div class='ocr_carea' id='block_1_12' title="bbox 388 960 2046 1036">
    <p class='ocr_par' dir='ltr' id='par_1_12' title="bbox 388 960 2046 1036">
     <span class='ocr_line' id='line_1_12' title="bbox 388 960 2046 1036; baseline -0.002 -15"><span class='ocrx_word' id='word_1_77' title='bbox 388 963 553 1022; x_wconf 90' lang='lat' dir='ltr'><strong>sione</strong></span> <span class='ocrx_word' id='word_1_78' title='bbox 585 967 834 1036; x_wconf 87' lang='lat' dir='ltr'><strong>reperta,</strong></span> <span class='ocrx_word' id='word_1_79' title='bbox 866 980 1062 1020; x_wconf 91' lang='lat' dir='ltr'><strong>comes</strong></span> <span class='ocrx_word' id='word_1_80' title='bbox 1093 962 1422 1020; x_wconf 89' lang='lat' dir='ltr'><strong>Tolosanus</strong></span> <span class='ocrx_word' id='word_1_81' title='bbox 1461 961 1790 1017; x_wconf 84' lang='lat' dir='ltr'><strong>coenobium</strong></span> <span class='ocrx_word' id='word_1_82' title='bbox 1851 960 2046 1033; x_wconf 89' lang='lat' dir='ltr'><strong>ipsum</strong></span> 
     </span>
    </p>
   </div>
   <div class='ocr_carea' id='block_1_13' title="bbox 390 1048 2053 1126">
    <p class='ocr_par' dir='ltr' id='par_1_13' title="bbox 390 1048 2053 1126">
     <span class='ocr_line' id='line_1_13' title="bbox 390 1048 2053 1126; baseline -0.004 -15"><span class='ocrx_word' id='word_1_83' title='bbox 390 1071 510 1111; x_wconf 70' lang='lat' dir='ltr'><strong>suis</strong></span> <span class='ocrx_word' id='word_1_84' title='bbox 523 1053 798 1126; x_wconf 78' lang='lat' dir='ltr'><strong>potestati</strong></span> <span class='ocrx_word' id='word_1_85' title='bbox 818 1053 1122 1120; x_wconf 83' lang='lat' dir='ltr'><strong>addixit,et</strong></span> <span class='ocrx_word' id='word_1_86' title='bbox 1134 1051 1331 1109; x_wconf 88' lang='lat' dir='ltr'><strong>comiti</strong></span> <span class='ocrx_word' id='word_1_87' title='bbox 1347 1048 1798 1107; x_wconf 88' lang='lat' dir='ltr'><strong>Petracoricensi</strong></span> <span class='ocrx_word' id='word_1_88' title='bbox 1810 1049 1870 1104; x_wconf 91' lang='lat' dir='ltr'><strong>in</strong></span> <span class='ocrx_word' id='word_1_89' title='bbox 1885 1051 2053 1105; x_wconf 78' lang='lat' dir='ltr'><strong>benc-</strong></span> 
     </span>
    </p>
   </div>
   <div class='ocr_carea' id='block_1_14' title="bbox 389 1138 2050 1215">
    <p class='ocr_par' dir='ltr' id='par_1_14' title="bbox 389 1138 2050 1215">
     <span class='ocr_line' id='line_1_14' title="bbox 389 1138 2050 1215; baseline -0.005 -14"><span class='ocrx_word' id='word_1_90' title='bbox 389 1141 524 1201; x_wconf 87' lang='lat' dir='ltr'><strong>ﬁcio</strong></span> <span class='ocrx_word' id='word_1_91' title='bbox 553 1141 804 1215; x_wconf 87' lang='lat' dir='ltr'><strong>largitus</strong></span> <span class='ocrx_word' id='word_1_92' title='bbox 845 1147 954 1199; x_wconf 90' lang='lat' dir='ltr'><strong>est.</strong></span> <span class='ocrx_word' id='word_1_93' title='bbox 988 1141 1088 1198; x_wconf 91' lang='lat' dir='ltr'><strong>Ille</strong></span> <span class='ocrx_word' id='word_1_94' title='bbox 1119 1157 1352 1214; x_wconf 88' lang='lat' dir='ltr'><strong>quoque</strong></span> <span class='ocrx_word' id='word_1_95' title='bbox 1403 1139 1728 1196; x_wconf 90' lang='lat' dir='ltr'><strong>vicecomiti</strong></span> <span class='ocrx_word' id='word_1_96' title='bbox 1775 1138 2050 1194; x_wconf 88' lang='lat' dir='ltr'><strong>Combor-</strong></span> 
     </span>
    </p>
   </div>
   <div class='ocr_carea' id='block_1_15' title="bbox 391 1227 2054 1304">
    <p class='ocr_par' dir='ltr' id='par_1_15' title="bbox 391 1227 2054 1304">
     <span class='ocr_line' id='line_1_15' title="bbox 391 1227 2054 1304; baseline -0.005 -14"><span class='ocrx_word' id='word_1_97' title='bbox 391 1231 562 1290; x_wconf 88' lang='lat' dir='ltr'><strong>nensi</strong></span> <span class='ocrx_word' id='word_1_98' title='bbox 594 1231 903 1300; x_wconf 78' lang='lat' dir='ltr'><strong>concessit,</strong></span> <span class='ocrx_word' id='word_1_99' title='bbox 937 1231 1039 1304; x_wconf 89' lang='lat' dir='ltr'><strong>qui</strong></span> <span class='ocrx_word' id='word_1_100' title='bbox 1071 1247 1226 1286; x_wconf 91' lang='lat' dir='ltr'><strong>nunc</strong></span> <span class='ocrx_word' id='word_1_101' title='bbox 1258 1229 1426 1285; x_wconf 90' lang='lat' dir='ltr'><strong>nobis</strong></span> <span class='ocrx_word' id='word_1_102' title='bbox 1447 1227 1713 1284; x_wconf 89' lang='lat' dir='ltr'><strong>laicalem</strong></span> <span class='ocrx_word' id='word_1_103' title='bbox 1743 1243 2054 1300; x_wconf 84' lang='lat' dir='ltr'><strong>personam</strong></span> 
     </span>
    </p>
   </div>
   <div class='ocr_carea' id='block_1_16' title="bbox 392 1313 2058 1394">
    <p class='ocr_par' dir='ltr' id='par_1_16' title="bbox 392 1313 2058 1394">
     <span class='ocr_line' id='line_1_16' title="bbox 392 1313 2058 1394; baseline -0.004 -17"><span class='ocrx_word' id='word_1_104' title='bbox 392 1321 857 1394; x_wconf 88' lang='lat' dir='ltr'><strong>imposuit,eadc</strong></span> <span class='ocrx_word' id='word_1_105' title='bbox 870 1321 1200 1393; x_wconf 89' lang='lat' dir='ltr'><strong>causaquia</strong></span> <span class='ocrx_word' id='word_1_106' title='bbox 1219 1319 1550 1376; x_wconf 88' lang='lat' dir='ltr'><strong>Bernardus</strong></span> <span class='ocrx_word' id='word_1_107' title='bbox 1564 1317 1888 1374; x_wconf 86' lang='lat' dir='ltr'><strong>monachus</strong></span> <span class='ocrx_word' id='word_1_108' title='bbox 1935 1313 2058 1372; x_wconf 83' lang='lat' dir='ltr'><strong>Sol-</strong></span> 
     </span>
    </p>
   </div>
   <div class='ocr_carea' id='block_1_17' title="bbox 394 1404 2058 1484">
    <p class='ocr_par' dir='ltr' id='par_1_17' title="bbox 394 1404 2058 1484">
     <span class='ocr_line' id='line_1_17' title="bbox 394 1404 2058 1484; baseline -0.004 -17"><span class='ocrx_word' id='word_1_109' title='bbox 394 1409 871 1478; x_wconf 88' lang='lat' dir='ltr'><strong>emniacensis,et</strong></span> <span class='ocrx_word' id='word_1_110' title='bbox 899 1415 1103 1484; x_wconf 88' lang='lat' dir='ltr'><strong>postea</strong></span> <span class='ocrx_word' id='word_1_111' title='bbox 1142 1409 1451 1482; x_wconf 87' lang='lat' dir='ltr'><strong>episcopus</strong></span> <span class='ocrx_word' id='word_1_112' title='bbox 1465 1404 2058 1474; x_wconf 87' lang='lat' dir='ltr'><strong>Cadurcensis,nobis</strong></span> 
     </span>
    </p>
   </div>
   <div class='ocr_carea' id='block_1_18' title="bbox 394 1493 2056 1570">
    <p class='ocr_par' dir='ltr' id='par_1_18' title="bbox 394 1493 2056 1570">
     <span class='ocr_line' id='line_1_18' title="bbox 394 1493 2056 1570; baseline -0.007 -14"><span class='ocrx_word' id='word_1_113' title='bbox 394 1517 532 1556; x_wconf 89' lang='lat' dir='ltr'><strong>vero</strong></span> <span class='ocrx_word' id='word_1_114' title='bbox 563 1500 1112 1568; x_wconf 84' lang='lat' dir='ltr'><strong>abbas,antecessor</strong></span> <span class='ocrx_word' id='word_1_115' title='bbox 1141 1495 1626 1570; x_wconf 90' lang='lat' dir='ltr'><strong>ejus,avunculus</strong></span> <span class='ocrx_word' id='word_1_116' title='bbox 1641 1497 1770 1568; x_wconf 88' lang='lat' dir='ltr'><strong>ejus</strong></span> <span class='ocrx_word' id='word_1_117' title='bbox 1783 1493 2056 1552; x_wconf 81' lang='lat' dir='ltr'><strong>exstitit.»</strong></span> 
     </span>
    </p>
   </div>
   <div class='ocr_carea' id='block_1_19' title="bbox 469 1585 2060 1660">
    <p class='ocr_par' dir='ltr' id='par_1_19' title="bbox 469 1585 2060 1660">
     <span class='ocr_line' id='line_1_19' title="bbox 469 1585 2060 1660; baseline -0.003 -16"><span class='ocrx_word' id='word_1_118' title='bbox 469 1587 755 1644; x_wconf 78' lang='lat' dir='ltr'><strong>Dixerunt</strong></span> <span class='ocrx_word' id='word_1_119' title='bbox 784 1587 1040 1660; x_wconf 88' lang='lat' dir='ltr'><strong>episcopi</strong></span> <span class='ocrx_word' id='word_1_120' title='bbox 1067 1603 1079 1640; x_wconf 92' lang='lat'><strong>:</strong></span> <span class='ocrx_word' id='word_1_121' title='bbox 1103 1610 1130 1636; x_wconf 88' lang='grc'>‹‹</span> <span class='ocrx_word' id='word_1_122' title='bbox 1165 1585 1571 1641; x_wconf 81' lang='lat' dir='ltr'><strong>Ecclesiastica</strong></span> <span class='ocrx_word' id='word_1_123' title='bbox 1601 1585 1795 1640; x_wconf 78' lang='lat' dir='ltr'><strong>ofﬁcia</strong></span> <span class='ocrx_word' id='word_1_124' title='bbox 1825 1601 1940 1640; x_wconf 90' lang='lat' dir='ltr'><strong>non</strong></span> <span class='ocrx_word' id='word_1_125' title='bbox 1971 1601 2060 1640; x_wconf 86' lang='lat' dir='ltr'><strong>se-</strong></span> 
     </span>
    </p>
   </div>
   <div class='ocr_carea' id='block_1_20' title="bbox 397 1673 2062 1748">
    <p class='ocr_par' dir='ltr' id='par_1_20' title="bbox 397 1673 2062 1748">
     <span class='ocr_line' id='line_1_20' title="bbox 397 1673 2062 1748; baseline -0.001 -18"><span class='ocrx_word' id='word_1_126' title='bbox 397 1676 657 1732; x_wconf 89' lang='lat' dir='ltr'><strong>cundum</strong></span> <span class='ocrx_word' id='word_1_127' title='bbox 685 1675 878 1732; x_wconf 88' lang='lat' dir='ltr'><strong>carnis</strong></span> <span class='ocrx_word' id='word_1_128' title='bbox 909 1675 1322 1748; x_wconf 88' lang='lat' dir='ltr'><strong>originem,sed</strong></span> <span class='ocrx_word' id='word_1_129' title='bbox 1358 1675 1686 1730; x_wconf 85' lang='lat' dir='ltr'><strong>secundum</strong></span> <span class='ocrx_word' id='word_1_130' title='bbox 1721 1673 2062 1730; x_wconf 83' lang='lat' dir='ltr'><strong>meritorum</strong></span> 
     </span>
    </p>
   </div>
   <div class='ocr_carea' id='block_1_21' title="bbox 396 1754 1714 1837">
    <p class='ocr_par' dir='ltr' id='par_1_21' title="bbox 396 1754 1714 1837">
     <span class='ocr_line' id='line_1_21' title="bbox 396 1754 1714 1837; baseline -0.005 -16"><span class='ocrx_word' id='word_1_131' title='bbox 396 1765 695 1831; x_wconf 87' lang='lat' dir='ltr'><strong>virtutem,</strong></span> <span class='ocrx_word' id='word_1_132' title='bbox 727 1764 1004 1820; x_wconf 89' lang='lat' dir='ltr'><strong>distribui</strong></span> <span class='ocrx_word' id='word_1_133' title='bbox 1037 1767 1282 1837; x_wconf 85' lang='lat' dir='ltr'><strong>oportet.</strong></span> <span class='ocrx_word' id='word_1_134' title='bbox 1323 1788 1349 1813; x_wconf 88' lang='grc'><strong>››</strong></span> <span class='ocrx_word' id='word_1_135' title='bbox 1706 1754 1714 1760; x_wconf 80' lang='grc'><strong>’</strong></span> 
     </span>
    </p>
   </div>
   <div class='ocr_carea' id='block_1_22' title="bbox 469 1852 2066 1926">
    <p class='ocr_par' dir='ltr' id='par_1_22' title="bbox 469 1852 2066 1926">
     <span class='ocr_line' id='line_1_22' title="bbox 469 1852 2066 1926; baseline -0.003 -16"><span class='ocrx_word' id='word_1_136' title='bbox 469 1854 733 1926; x_wconf 87' lang='lat' dir='ltr'><strong>Cumque</strong></span> <span class='ocrx_word' id='word_1_137' title='bbox 763 1853 858 1909; x_wconf 90' lang='lat' dir='ltr'><strong>illc</strong></span> <span class='ocrx_word' id='word_1_138' title='bbox 889 1853 1280 1920; x_wconf 89' lang='lat' dir='ltr'><strong>clericus,non</strong></span> <span class='ocrx_word' id='word_1_139' title='bbox 1314 1852 2066 1920; x_wconf 71' lang='lat' dir='ltr'><strong>monachus,abbas,szecu-</strong></span> 
     </span>
    </p>
   </div>
   <div class='ocr_carea' id='block_1_23' title="bbox 399 1925 2070 2015">
    <p class='ocr_par' dir='ltr' id='par_1_23' title="bbox 399 1925 2070 2015">
     <span class='ocr_line' id='line_1_23' title="bbox 399 1925 2070 2015; baseline -0.002 -15"><span class='ocrx_word' id='word_1_140' title='bbox 399 1925 512 2000; x_wconf 89' lang='lat' dir='ltr'><strong>lari</strong></span> <span class='ocrx_word' id='word_1_141' title='bbox 541 1925 851 1998; x_wconf 83' lang='lat' dir='ltr'><strong>nobilitate</strong></span> <span class='ocrx_word' id='word_1_142' title='bbox 881 1959 947 1999; x_wconf 90' lang='lat' dir='ltr'><strong>ac</strong></span> <span class='ocrx_word' id='word_1_143' title='bbox 980 1942 1368 2015; x_wconf 82' lang='lat' dir='ltr'><strong>generositate</strong></span> <span class='ocrx_word' id='word_1_144' title='bbox 1399 1959 1812 2015; x_wconf 87' lang='lat' dir='ltr'><strong>magnus,mox</strong></span> <span class='ocrx_word' id='word_1_145' title='bbox 1830 1946 2070 1998; x_wconf 88' lang='lat' dir='ltr'><strong>vocatus</strong></span> 
     </span>
    </p>
   </div>
   <div class='ocr_carea' id='block_1_24' title="bbox 402 2030 2070 2104">
    <p class='ocr_par' dir='ltr' id='par_1_24' title="bbox 402 2030 2070 2104">
     <span class='ocr_line' id='line_1_24' title="bbox 402 2030 2070 2104; baseline 0.001 -18"><span class='ocrx_word' id='word_1_146' title='bbox 402 2032 461 2086; x_wconf 91' lang='lat' dir='ltr'><strong>in</strong></span> <span class='ocrx_word' id='word_1_147' title='bbox 491 2030 811 2088; x_wconf 92' lang='lat' dir='ltr'><strong>concilium</strong></span> <span class='ocrx_word' id='word_1_148' title='bbox 842 2036 978 2088; x_wconf 84' lang='lat' dir='ltr'><strong>ante</strong></span> <span class='ocrx_word' id='word_1_149' title='bbox 1009 2031 1318 2104; x_wconf 88' lang='lat' dir='ltr'><strong>episcopos</strong></span> <span class='ocrx_word' id='word_1_150' title='bbox 1366 2048 1501 2087; x_wconf 90' lang='lat' dir='ltr'><strong>reus</strong></span> <span class='ocrx_word' id='word_1_151' title='bbox 1531 2035 1773 2098; x_wconf 87' lang='lat' dir='ltr'><strong>astaret,</strong></span> <span class='ocrx_word' id='word_1_152' title='bbox 1819 2030 2070 2102; x_wconf 81' lang='lat' dir='ltr'><strong>genibus</strong></span> 
     </span>
    </p>
   </div>
   <div class='ocr_carea' id='block_1_25' title="bbox 404 2118 2067 2192">
    <p class='ocr_par' dir='ltr' id='par_1_25' title="bbox 404 2118 2067 2192">
     <span class='ocr_line' id='line_1_25' title="bbox 404 2118 2067 2192; baseline -0.001 -16"><span class='ocrx_word' id='word_1_153' title='bbox 404 2119 774 2192; x_wconf 89' lang='lat' dir='ltr'><strong>positis,etsu</strong></span> <span class='ocrx_word' id='word_1_154' title='bbox 783 2137 883 2192; x_wconf 90' lang='lat' dir='ltr'><strong>per</strong></span> <span class='ocrx_word' id='word_1_155' title='bbox 895 2120 1003 2176; x_wconf 87' lang='lat' dir='ltr'><strong>hac</strong></span> <span class='ocrx_word' id='word_1_156' title='bbox 1020 2137 1080 2176; x_wconf 91' lang='lat' dir='ltr'><strong>re</strong></span> <span class='ocrx_word' id='word_1_157' title='bbox 1087 2121 1112 2192; x_wconf 91' lang='lat' dir='ltr'><strong>j</strong></span> <span class='ocrx_word' id='word_1_158' title='bbox 1123 2119 1454 2176; x_wconf 89' lang='lat' dir='ltr'><strong>udicaretur</strong></span> <span class='ocrx_word' id='word_1_159' title='bbox 1469 2118 1797 2175; x_wconf 88' lang='lat' dir='ltr'><strong>secundum</strong></span> <span class='ocrx_word' id='word_1_160' title='bbox 1813 2133 2067 2174; x_wconf 87' lang='lat' dir='ltr'><strong>canones</strong></span> 
     </span>
    </p>
   </div>
   <div class='ocr_carea' id='block_1_26' title="bbox 403 2207 2067 2281">
    <p class='ocr_par' dir='ltr' id='par_1_26' title="bbox 403 2207 2067 2281">
     <span class='ocr_line' id='line_1_26' title="bbox 403 2207 2067 2281; baseline -0.001 -17"><span class='ocrx_word' id='word_1_161' title='bbox 403 2209 488 2264; x_wconf 88' lang='lat' dir='ltr'><strong>ita</strong></span> <span class='ocrx_word' id='word_1_162' title='bbox 516 2208 833 2281; x_wconf 85' lang='lat' dir='ltr'><strong>respondit:</strong></span> <span class='ocrx_word' id='word_1_163' title='bbox 875 2233 895 2258; x_wconf 78' lang='grc' dir='ltr'><strong>α</strong></span> <span class='ocrx_word' id='word_1_164' title='bbox 931 2209 974 2266; x_wconf 92' lang='grc' dir='ltr'>Ο</span> <span class='ocrx_word' id='word_1_165' title='bbox 1008 2209 1400 2266; x_wconf 87' lang='lat' dir='ltr'><strong>reventissimi</strong></span> <span class='ocrx_word' id='word_1_166' title='bbox 1435 2209 1653 2275; x_wconf 88' lang='lat' dir='ltr'><strong>Patres,</strong></span> <span class='ocrx_word' id='word_1_167' title='bbox 1696 2207 1870 2276; x_wconf 90' lang='lat' dir='ltr'><strong>hanc,</strong></span> <span class='ocrx_word' id='word_1_168' title='bbox 1902 2223 2067 2278; x_wconf 90' lang='lat' dir='ltr'><strong>rogo,</strong></span> 
     </span>
    </p>
   </div>
   <div class='ocr_carea' id='block_1_27' title="bbox 397 2295 2064 2371">
    <p class='ocr_par' dir='ltr' id='par_1_27' title="bbox 397 2295 2064 2371">
     <span class='ocr_line' id='line_1_27' title="bbox 397 2295 2064 2371; baseline -0.006 -17"><span class='ocrx_word' id='word_1_169' title='bbox 397 2299 562 2371; x_wconf 87' lang='lat' dir='ltr'><strong>justo</strong></span> <span class='ocrx_word' id='word_1_170' title='bbox 583 2297 810 2370; x_wconf 92' lang='lat' dir='ltr'><strong>judicio</strong></span> <span class='ocrx_word' id='word_1_171' title='bbox 841 2299 1122 2370; x_wconf 89' lang='lat' dir='ltr'><strong>corrigete</strong></span> <span class='ocrx_word' id='word_1_172' title='bbox 1153 2314 1300 2369; x_wconf 88' lang='lat' dir='ltr'><strong>rem,</strong></span> <span class='ocrx_word' id='word_1_173' title='bbox 1333 2300 1388 2353; x_wconf 90' lang='lat' dir='ltr'><strong>et</strong></span> <span class='ocrx_word' id='word_1_174' title='bbox 1419 2296 1668 2353; x_wconf 89' lang='lat' dir='ltr'><strong>libenter</strong></span> <span class='ocrx_word' id='word_1_175' title='bbox 1707 2295 2064 2352; x_wconf 85' lang='lat' dir='ltr'><strong>consentio.»</strong></span> 
     </span>
    </p>
   </div>
   <div class='ocr_carea' id='block_1_28' title="bbox 479 2383 2067 2457">
    <p class='ocr_par' dir='ltr' id='par_1_28' title="bbox 479 2383 2067 2457">
     <span class='ocr_line' id='line_1_28' title="bbox 479 2383 2067 2457; baseline -0.001 -15"><span class='ocrx_word' id='word_1_176' title='bbox 479 2387 762 2443; x_wconf 82' lang='lat' dir='ltr'><strong>Dixerunt</strong></span> <span class='ocrx_word' id='word_1_177' title='bbox 790 2387 1022 2442; x_wconf 89' lang='lat' dir='ltr'><strong>Patres:</strong></span> <span class='ocrx_word' id='word_1_178' title='bbox 1063 2411 1084 2436; x_wconf 78' lang='grc' dir='ltr'>ι</span> <span class='ocrx_word' id='word_1_179' title='bbox 1119 2387 1399 2443; x_wconf 89' lang='lat' dir='ltr'><strong>Idoneum</strong></span> <span class='ocrx_word' id='word_1_180' title='bbox 1439 2402 1508 2442; x_wconf 81' lang='lat' dir='ltr'><strong>ex</strong></span> <span class='ocrx_word' id='word_1_181' title='bbox 1537 2383 1906 2457; x_wconf 86' lang='lat' dir='ltr'><strong>regularibus</strong></span> <span class='ocrx_word' id='word_1_182' title='bbox 1937 2400 2067 2440; x_wconf 84' lang='lat' dir='ltr'><strong>mo-</strong></span> 
     </span>
    </p>
   </div>
   <div class='ocr_carea' id='block_1_29' title="bbox 410 2471 2066 2548">
    <p class='ocr_par' dir='ltr' id='par_1_29' title="bbox 410 2471 2066 2548">
     <span class='ocr_line' id='line_1_29' title="bbox 410 2471 2066 2548; baseline -0.004 -16"><span class='ocrx_word' id='word_1_183' title='bbox 410 2475 615 2544; x_wconf 83' lang='lat' dir='ltr'><strong>nachis</strong></span> <span class='ocrx_word' id='word_1_184' title='bbox 643 2475 901 2548; x_wconf 87' lang='lat' dir='ltr'><strong>aliquem</strong></span> <span class='ocrx_word' id='word_1_185' title='bbox 931 2474 1206 2532; x_wconf 90' lang='lat' dir='ltr'><strong>adducito</strong></span> <span class='ocrx_word' id='word_1_186' title='bbox 1231 2478 1366 2531; x_wconf 89' lang='lat' dir='ltr'><strong>ante</strong></span> <span class='ocrx_word' id='word_1_187' title='bbox 1395 2474 1687 2529; x_wconf 83' lang='lat' dir='ltr'><strong>domuum</strong></span> <span class='ocrx_word' id='word_1_188' title='bbox 1719 2471 2066 2538; x_wconf 88' lang='lat' dir='ltr'><strong>Jordanum,</strong></span> 
     </span>
    </p>
   </div>
   <div class='ocr_carea' id='block_1_30' title="bbox 411 2561 2068 2638">
    <p class='ocr_par' dir='ltr' id='par_1_30' title="bbox 411 2561 2068 2638">
     <span class='ocr_line' id='line_1_30' title="bbox 411 2561 2068 2638; baseline -0.003 -18"><span class='ocrx_word' id='word_1_189' title='bbox 411 2568 478 2621; x_wconf 90' lang='lat' dir='ltr'><strong>ut</strong></span> <span class='ocrx_word' id='word_1_190' title='bbox 506 2565 631 2637; x_wconf 89' lang='lat' dir='ltr'><strong>ipse</strong></span> <span class='ocrx_word' id='word_1_191' title='bbox 647 2580 782 2620; x_wconf 90' lang='lat' dir='ltr'><strong>eum</strong></span> <span class='ocrx_word' id='word_1_192' title='bbox 815 2563 1161 2638; x_wconf 84' lang='lat' dir='ltr'><strong>regulariter</strong></span> <span class='ocrx_word' id='word_1_193' title='bbox 1189 2563 1419 2619; x_wconf 90' lang='lat' dir='ltr'><strong>ordinet</strong></span> <span class='ocrx_word' id='word_1_194' title='bbox 1453 2562 1724 2618; x_wconf 86' lang='lat' dir='ltr'><strong>abbatem</strong></span> <span class='ocrx_word' id='word_1_195' title='bbox 1756 2561 1827 2615; x_wconf 92' lang='lat' dir='ltr'><strong>ad</strong></span> <span class='ocrx_word' id='word_1_196' title='bbox 1860 2575 2068 2633; x_wconf 90' lang='lat' dir='ltr'><strong>regen-</strong></span> 
     </span>
    </p>
   </div>
   <div class='ocr_carea' id='block_1_31' title="bbox 415 2649 2068 2725">
    <p class='ocr_par' dir='ltr' id='par_1_31' title="bbox 415 2649 2068 2725">
     <span class='ocr_line' id='line_1_31' title="bbox 415 2649 2068 2725; baseline -0.004 -15"><span class='ocrx_word' id='word_1_197' title='bbox 415 2654 556 2710; x_wconf 88' lang='lat' dir='ltr'><strong>dum</strong></span> <span class='ocrx_word' id='word_1_198' title='bbox 587 2652 785 2725; x_wconf 89' lang='lat' dir='ltr'><strong>ipsum</strong></span> <span class='ocrx_word' id='word_1_199' title='bbox 815 2651 1010 2708; x_wconf 92' lang='lat' dir='ltr'><strong>locum</strong></span> <span class='ocrx_word' id='word_1_200' title='bbox 1031 2656 1184 2719; x_wconf 90' lang='lat' dir='ltr'><strong>;ettu</strong></span> <span class='ocrx_word' id='word_1_201' title='bbox 1216 2651 1708 2708; x_wconf 84' lang='lat' dir='ltr'><strong>extrinsecusnon</strong></span> <span class='ocrx_word' id='word_1_202' title='bbox 1729 2649 2068 2722; x_wconf 89' lang='lat' dir='ltr'><strong>dissipator,</strong></span> 
     </span>
    </p>
   </div>
   <div class='ocr_carea' id='block_1_32' title="bbox 417 2738 2068 2813">
    <p class='ocr_par' dir='ltr' id='par_1_32' title="bbox 417 2738 2068 2813">
     <span class='ocr_line' id='line_1_32' title="bbox 417 2738 2068 2813; baseline -0.004 -14"><span class='ocrx_word' id='word_1_203' title='bbox 417 2740 520 2799; x_wconf 88' lang='lat' dir='ltr'><strong>sed</strong></span> <span class='ocrx_word' id='word_1_204' title='bbox 551 2741 824 2797; x_wconf 85' lang='lat' dir='ltr'><strong>defensor</strong></span> <span class='ocrx_word' id='word_1_205' title='bbox 871 2745 929 2796; x_wconf 90' lang='lat' dir='ltr'><strong>et</strong></span> <span class='ocrx_word' id='word_1_206' title='bbox 975 2740 1240 2813; x_wconf 88' lang='lat' dir='ltr'><strong>provisor</strong></span> <span class='ocrx_word' id='word_1_207' title='bbox 1285 2738 1396 2795; x_wconf 90' lang='lat' dir='ltr'><strong>loci</strong></span> <span class='ocrx_word' id='word_1_208' title='bbox 1439 2739 1644 2796; x_wconf 89' lang='lat' dir='ltr'><strong>adesse</strong></span> <span class='ocrx_word' id='word_1_209' title='bbox 1691 2741 2006 2794; x_wconf 89' lang='lat' dir='ltr'><strong>memento.</strong></span> <span class='ocrx_word' id='word_1_210' title='bbox 2039 2757 2068 2788; x_wconf 70' lang='grc' dir='ltr'><strong>ι)</strong></span> 
     </span>
    </p>
   </div>
   <div class='ocr_carea' id='block_1_33' title="bbox 415 2825 2074 2902">
    <p class='ocr_par' dir='ltr' id='par_1_33' title="bbox 415 2825 2074 2902">
     <span class='ocr_line' id='line_1_33' title="bbox 415 2825 2074 2902; baseline -0.004 -14"><span class='ocrx_word' id='word_1_211' title='bbox 415 2830 620 2902; x_wconf 88' lang='lat' dir='ltr'><strong>Itaque</strong></span> <span class='ocrx_word' id='word_1_212' title='bbox 649 2829 926 2902; x_wconf 88' lang='lat' dir='ltr'><strong>episcopi,</strong></span> <span class='ocrx_word' id='word_1_213' title='bbox 985 2832 1298 2902; x_wconf 90' lang='lat' dir='ltr'><strong>postquam</strong></span> <span class='ocrx_word' id='word_1_214' title='bbox 1347 2827 1418 2883; x_wconf 90' lang='lat' dir='ltr'><strong>de</strong></span> <span class='ocrx_word' id='word_1_215' title='bbox 1459 2826 1550 2883; x_wconf 92' lang='lat' dir='ltr'><strong>his</strong></span> <span class='ocrx_word' id='word_1_216' title='bbox 1601 2826 1703 2882; x_wconf 89' lang='lat' dir='ltr'><strong>diu</strong></span> <span class='ocrx_word' id='word_1_217' title='bbox 1751 2825 1932 2882; x_wconf 91' lang='lat' dir='ltr'><strong>locuti</strong></span> <span class='ocrx_word' id='word_1_218' title='bbox 1979 2842 2074 2882; x_wconf 90' lang='lat' dir='ltr'><strong>es-</strong></span> 
     </span>
    </p>
   </div>
   <div class='ocr_carea' id='block_1_34' title="bbox 417 2913 2072 2990">
    <p class='ocr_par' dir='ltr' id='par_1_34' title="bbox 417 2913 2072 2990">
     <span class='ocr_line' id='line_1_34' title="bbox 417 2913 2072 2990; baseline -0.003 -15"><span class='ocrx_word' id='word_1_219' title='bbox 417 2923 570 2984; x_wconf 89' lang='lat' dir='ltr'><strong>sent,</strong></span> <span class='ocrx_word' id='word_1_220' title='bbox 603 2917 839 2990; x_wconf 90' lang='lat' dir='ltr'><strong>primati</strong></span> <span class='ocrx_word' id='word_1_221' title='bbox 871 2917 1267 2974; x_wconf 90' lang='lat' dir='ltr'><strong>Lemovicensi</strong></span> <span class='ocrx_word' id='word_1_222' title='bbox 1298 2918 1408 2986; x_wconf 68' lang='lat' dir='ltr'><strong>sub</strong></span> <span class='ocrx_word' id='word_1_223' title='bbox 1455 2915 1793 2973; x_wconf 89' lang='lat' dir='ltr'><strong>testimonio</strong></span> <span class='ocrx_word' id='word_1_224' title='bbox 1842 2913 2072 2972; x_wconf 88' lang='lat' dir='ltr'><strong>concilii</strong></span> 
     </span>
    </p>
   </div>
   <div class='ocr_carea' id='block_1_35' title="bbox 417 3004 2073 3079">
    <p class='ocr_par' dir='ltr' id='par_1_35' title="bbox 417 3004 2073 3079">
     <span class='ocr_line' id='line_1_35' title="bbox 417 3004 2073 3079; baseline -0.002 -15"><span class='ocrx_word' id='word_1_225' title='bbox 417 3011 476 3064; x_wconf 91' lang='lat' dir='ltr'><strong>et</strong></span> <span class='ocrx_word' id='word_1_226' title='bbox 504 3005 781 3066; x_wconf 85' lang='lat' dir='ltr'><strong>Willelmi</strong></span> <span class='ocrx_word' id='word_1_227' title='bbox 815 3005 984 3064; x_wconf 90' lang='lat' dir='ltr'><strong>ducis</strong></span> <span class='ocrx_word' id='word_1_228' title='bbox 1013 3007 1442 3079; x_wconf 83' lang='lat' dir='ltr'><strong>Aquitanorum</strong></span> <span class='ocrx_word' id='word_1_229' title='bbox 1500 3005 1610 3061; x_wconf 90' lang='lat' dir='ltr'><strong>hoc</strong></span> <span class='ocrx_word' id='word_1_230' title='bbox 1661 3004 1859 3060; x_wconf 87' lang='lat' dir='ltr'><strong>taliter</strong></span> <span class='ocrx_word' id='word_1_231' title='bbox 1913 3019 2073 3060; x_wconf 88' lang='lat' dir='ltr'><strong>com-</strong></span> 
     </span>
    </p>
   </div>
   <div class='ocr_carea' id='block_1_36' title="bbox 416 3091 2074 3170">
    <p class='ocr_par' dir='ltr' id='par_1_36' title="bbox 416 3091 2074 3170">
     <span class='ocr_line' id='line_1_36' title="bbox 416 3091 2074 3170; baseline -0.003 -17"><span class='ocrx_word' id='word_1_232' title='bbox 416 3097 708 3153; x_wconf 91' lang='lat' dir='ltr'><strong>miserunt</strong></span> <span class='ocrx_word' id='word_1_233' title='bbox 736 3097 1062 3170; x_wconf 85' lang='lat' dir='ltr'><strong>negotium,</strong></span> <span class='ocrx_word' id='word_1_234' title='bbox 1096 3099 1163 3152; x_wconf 91' lang='lat' dir='ltr'><strong>ut</strong></span> <span class='ocrx_word' id='word_1_235' title='bbox 1209 3112 1396 3167; x_wconf 89' lang='lat' dir='ltr'><strong>usque</strong></span> <span class='ocrx_word' id='word_1_236' title='bbox 1444 3095 1518 3150; x_wconf 91' lang='lat' dir='ltr'><strong>ad</strong></span> <span class='ocrx_word' id='word_1_237' title='bbox 1566 3091 1790 3150; x_wconf 86' lang='lat' dir='ltr'><strong>Natalis</strong></span> <span class='ocrx_word' id='word_1_238' title='bbox 1836 3091 2074 3148; x_wconf 86' lang='lat' dir='ltr'><strong>Domini</strong></span> 
     </span>
    </p>
   </div>
   <div class='ocr_carea' id='block_1_37' title="bbox 2154 779 3828 852">
    <p class='ocr_par' dir='ltr' id='par_1_37' title="bbox 2154 779 3828 852">
     <span class='ocr_line' id='line_1_37' title="bbox 2154 779 3828 852; baseline 0.001 -17"><span class='ocrx_word' id='word_1_239' title='bbox 2154 796 2332 852; x_wconf 89' lang='lat' dir='ltr'><strong>quam</strong></span> <span class='ocrx_word' id='word_1_240' title='bbox 2355 796 2491 835; x_wconf 91' lang='lat' dir='ltr'><strong>cum</strong></span> <span class='ocrx_word' id='word_1_241' title='bbox 2509 779 2879 852; x_wconf 87' lang='lat' dir='ltr'><strong>pravis,quos</strong></span> <span class='ocrx_word' id='word_1_242' title='bbox 2897 779 3182 835; x_wconf 88' lang='lat' dir='ltr'><strong>inutiliter</strong></span> <span class='ocrx_word' id='word_1_243' title='bbox 3197 779 3828 846; x_wconf 86' lang='lat' dir='ltr'><strong>amat,detrimentum</strong></span> 
     </span>
    </p>
   </div>
   <div class='ocr_carea' id='block_1_38' title="bbox 2154 867 3826 943">
    <p class='ocr_par' dir='ltr' id='par_1_38' title="bbox 2154 867 3826 943">
     <span class='ocr_line' id='line_1_38' title="bbox 2154 867 3826 943; baseline 0.003 -22"><span class='ocrx_word' id='word_1_244' title='bbox 2154 868 2296 941; x_wconf 87' lang='lat' dir='ltr'><strong>pali.</strong></span> <span class='ocrx_word' id='word_1_245' title='bbox 2329 868 2410 924; x_wconf 90' lang='lat' dir='ltr'><strong>De</strong></span> <span class='ocrx_word' id='word_1_246' title='bbox 2439 867 2654 925; x_wconf 86' lang='lat' dir='ltr'><strong>talibus</strong></span> <span class='ocrx_word' id='word_1_247' title='bbox 2684 867 2946 940; x_wconf 88' lang='lat' dir='ltr'><strong>loquitur</strong></span> <span class='ocrx_word' id='word_1_248' title='bbox 2991 867 3248 941; x_wconf 87' lang='lat' dir='ltr'><strong>Spiritus</strong></span> <span class='ocrx_word' id='word_1_249' title='bbox 3275 873 3526 924; x_wconf 88' lang='lat' dir='ltr'><strong>sanctus</strong></span> <span class='ocrx_word' id='word_1_250' title='bbox 3558 886 3668 942; x_wconf 90' lang='lat' dir='ltr'><strong>per</strong></span> <span class='ocrx_word' id='word_1_251' title='bbox 3693 887 3826 943; x_wconf 86' lang='lat' dir='ltr'><strong>pro-</strong></span> 
     </span>
    </p>
   </div>
   <div class='ocr_carea' id='block_1_39' title="bbox 2160 957 3834 1026">
    <p class='ocr_par' dir='ltr' id='par_1_39' title="bbox 2160 957 3834 1026">
     <span class='ocr_line' id='line_1_39' title="bbox 2160 957 3834 1026; baseline 0.002 -14"><span class='ocrx_word' id='word_1_252' title='bbox 2160 957 2234 1026; x_wconf 88' lang='lat' dir='ltr'><strong>ph</strong></span> <span class='ocrx_word' id='word_1_253' title='bbox 2243 962 2417 1025; x_wconf 84' lang='lat' dir='ltr'><strong>ctam,</strong></span> <span class='ocrx_word' id='word_1_254' title='bbox 2438 957 2636 1013; x_wconf 91' lang='lat' dir='ltr'><strong>dicens</strong></span> <span class='ocrx_word' id='word_1_255' title='bbox 2656 974 2668 1013; x_wconf 95' lang='lat'><strong>:</strong></span> <span class='ocrx_word' id='word_1_256' title='bbox 2687 957 2822 1012; x_wconf 82' lang='lat' dir='ltr'><strong>Filii</strong></span> <span class='ocrx_word' id='word_1_257' title='bbox 2841 957 3100 1024; x_wconf 79' lang='lat' dir='ltr'><strong>hominis,</strong></span> <span class='ocrx_word' id='word_1_258' title='bbox 3119 957 3399 1013; x_wconf 74' lang='lat' dir='ltr'><strong>increduli</strong></span> <span class='ocrx_word' id='word_1_259' title='bbox 3409 961 3464 1012; x_wconf 85' lang='lat' dir='ltr'><strong>et</strong></span> <span class='ocrx_word' id='word_1_260' title='bbox 3481 959 3834 1016; x_wconf 67' lang='lat' dir='ltr'><strong>subversam:</strong></span> 
     </span>
    </p>
   </div>
   <div class='ocr_carea' id='block_1_40' title="bbox 2158 1047 3832 1118">
    <p class='ocr_par' dir='ltr' id='par_1_40' title="bbox 2158 1047 3832 1118">
     <span class='ocr_line' id='line_1_40' title="bbox 2158 1047 3832 1118; baseline 0.001 -17"><span class='ocrx_word' id='word_1_261' title='bbox 2158 1050 2285 1102; x_wconf 86' lang='lat' dir='ltr'><strong>sunt</strong></span> <span class='ocrx_word' id='word_1_262' title='bbox 2335 1049 2532 1112; x_wconf 83' lang='lat' dir='ltr'><strong>tecum,</strong></span> <span class='ocrx_word' id='word_1_263' title='bbox 2579 1049 2629 1102; x_wconf 86' lang='lat' dir='ltr'><strong>et</strong></span> <span class='ocrx_word' id='word_1_264' title='bbox 2657 1063 2784 1102; x_wconf 85' lang='lat' dir='ltr'><strong>cum</strong></span> <span class='ocrx_word' id='word_1_265' title='bbox 2811 1047 3186 1118; x_wconf 76' lang='lat' dir='ltr'><strong>scorpionibus</strong></span> <span class='ocrx_word' id='word_1_266' title='bbox 3217 1047 3439 1102; x_wconf 85' lang='lat' dir='ltr'><strong>habitas</strong></span> <span class='ocrx_word' id='word_1_267' title='bbox 3491 1047 3715 1114; x_wconf 72' lang='lat' dir='ltr'><strong>(Ezech.</strong></span> <span class='ocrx_word' id='word_1_268' title='bbox 3743 1053 3832 1116; x_wconf 79' lang='grc' dir='ltr'><strong>ιι).</strong></span> 
     </span>
    </p>
   </div>
   <div class='ocr_carea' id='block_1_41' title="bbox 2161 1134 3834 1208">
    <p class='ocr_par' dir='ltr' id='par_1_41' title="bbox 2161 1134 3834 1208">
     <span class='ocr_line' id='line_1_41' title="bbox 2161 1134 3834 1208; baseline 0.001 -16"><span class='ocrx_word' id='word_1_269' title='bbox 2161 1137 2232 1192; x_wconf 89' lang='lat' dir='ltr'><strong>Et</strong></span> <span class='ocrx_word' id='word_1_270' title='bbox 2259 1134 2398 1192; x_wconf 90' lang='lat' dir='ltr'><strong>item</strong></span> <span class='ocrx_word' id='word_1_271' title='bbox 2427 1135 2536 1191; x_wconf 86' lang='lat' dir='ltr'><strong>Job</strong></span> <span class='ocrx_word' id='word_1_272' title='bbox 2562 1153 2575 1190; x_wconf 91' lang='lat'><strong>:</strong></span> <span class='ocrx_word' id='word_1_273' title='bbox 2607 1137 2799 1192; x_wconf 81' lang='lat' dir='ltr'><strong>Frater</strong></span> <span class='ocrx_word' id='word_1_274' title='bbox 2824 1137 2913 1208; x_wconf 84' lang='lat' dir='ltr'><strong>fui</strong></span> <span class='ocrx_word' id='word_1_275' title='bbox 2939 1135 3240 1192; x_wconf 85' lang='lat' dir='ltr'><strong>draconum</strong></span> <span class='ocrx_word' id='word_1_276' title='bbox 3271 1140 3323 1192; x_wconf 84' lang='lat' dir='ltr'><strong>et</strong></span> <span class='ocrx_word' id='word_1_277' title='bbox 3351 1138 3535 1192; x_wconf 85' lang='lat' dir='ltr'><strong>socius</strong></span> <span class='ocrx_word' id='word_1_278' title='bbox 3564 1137 3834 1194; x_wconf 77' lang='lat' dir='ltr'><strong>struthio-</strong></span> 
     </span>
    </p>
   </div>
   <div class='ocr_carea' id='block_1_42' title="bbox 2162 1223 3839 1298">
    <p class='ocr_par' dir='ltr' id='par_1_42' title="bbox 2162 1223 3839 1298">
     <span class='ocr_line' id='line_1_42' title="bbox 2162 1223 3839 1298; baseline 0.001 -17"><span class='ocrx_word' id='word_1_279' title='bbox 2162 1242 2300 1281; x_wconf 89' lang='lat' dir='ltr'><strong>num</strong></span> <span class='ocrx_word' id='word_1_280' title='bbox 2337 1225 2472 1296; x_wconf 86' lang='lat' dir='ltr'><strong>(Job.</strong></span> <span class='ocrx_word' id='word_1_281' title='bbox 2494 1223 2646 1297; x_wconf 82' lang='lat' dir='ltr'><strong>xxx).</strong></span> <span class='ocrx_word' id='word_1_282' title='bbox 2680 1224 2750 1279; x_wconf 90' lang='lat' dir='ltr'><strong>Et</strong></span> <span class='ocrx_word' id='word_1_283' title='bbox 2781 1223 3002 1280; x_wconf 87' lang='lat' dir='ltr'><strong>David:</strong></span> <span class='ocrx_word' id='word_1_284' title='bbox 3036 1225 3170 1294; x_wconf 83' lang='lat' dir='ltr'><strong>Quis</strong></span> <span class='ocrx_word' id='word_1_285' title='bbox 3225 1223 3378 1280; x_wconf 87' lang='lat' dir='ltr'><strong>dabit</strong></span> <span class='ocrx_word' id='word_1_286' title='bbox 3430 1225 3581 1281; x_wconf 80' lang='lat' dir='ltr'><strong>mihi</strong></span> <span class='ocrx_word' id='word_1_287' title='bbox 3619 1243 3839 1298; x_wconf 76' lang='lat' dir='ltr'><strong>pennas</strong></span> 
     </span>
    </p>
   </div>
   <div class='ocr_carea' id='block_1_43' title="bbox 2163 1313 3840 1388">
    <p class='ocr_par' dir='ltr' id='par_1_43' title="bbox 2163 1313 3840 1388">
     <span class='ocr_line' id='line_1_43' title="bbox 2163 1313 3840 1388; baseline 0.001 -18"><span class='ocrx_word' id='word_1_288' title='bbox 2163 1316 2304 1370; x_wconf 84' lang='lat' dir='ltr'><strong>sicut</strong></span> <span class='ocrx_word' id='word_1_289' title='bbox 2332 1313 2611 1382; x_wconf 65' lang='lat' dir='ltr'><strong>columbae,</strong></span> <span class='ocrx_word' id='word_1_290' title='bbox 2639 1317 2691 1368; x_wconf 89' lang='lat' dir='ltr'><strong>et</strong></span> <span class='ocrx_word' id='word_1_291' title='bbox 2719 1315 2930 1382; x_wconf 80' lang='lat' dir='ltr'><strong>volabo,</strong></span> <span class='ocrx_word' id='word_1_292' title='bbox 2979 1318 3029 1370; x_wconf 86' lang='lat' dir='ltr'><strong>el</strong></span> <span class='ocrx_word' id='word_1_293' title='bbox 3058 1315 3402 1388; x_wconf 71' lang='lat' dir='ltr'><strong>requiescam</strong></span> <span class='ocrx_word' id='word_1_294' title='bbox 3424 1319 3454 1368; x_wconf 70' lang='lat'><strong>.9</strong></span> <span class='ocrx_word' id='word_1_295' title='bbox 3481 1316 3666 1384; x_wconf 86' lang='lat' dir='ltr'><strong>(Psal,</strong></span> <span class='ocrx_word' id='word_1_296' title='bbox 3703 1324 3840 1385; x_wconf 72' lang='grc' dir='ltr'><strong>ων.)</strong></span> 
     </span>
    </p>
   </div>
   <div class='ocr_carea' id='block_1_44' title="bbox 2167 1403 3842 1476">
    <p class='ocr_par' dir='ltr' id='par_1_44' title="bbox 2167 1403 3842 1476">
     <span class='ocr_line' id='line_1_44' title="bbox 2167 1403 3842 1476; baseline 0.002 -17"><span class='ocrx_word' id='word_1_297' title='bbox 2167 1403 2331 1460; x_wconf 88' lang='lat' dir='ltr'><strong>Certe</strong></span> <span class='ocrx_word' id='word_1_298' title='bbox 2363 1404 2568 1460; x_wconf 87' lang='lat' dir='ltr'><strong>beatus</strong></span> <span class='ocrx_word' id='word_1_299' title='bbox 2599 1403 2944 1459; x_wconf 84' lang='lat' dir='ltr'><strong>Benedictus</strong></span> <span class='ocrx_word' id='word_1_300' title='bbox 2973 1403 3283 1460; x_wconf 73' lang='lat' dir='ltr'><strong>saeculares</strong></span> <span class='ocrx_word' id='word_1_301' title='bbox 3303 1403 3392 1460; x_wconf 87' lang='lat' dir='ltr'><strong>vel</strong></span> <span class='ocrx_word' id='word_1_302' title='bbox 3416 1409 3693 1476; x_wconf 82' lang='lat' dir='ltr'><strong>agrestes</strong></span> <span class='ocrx_word' id='word_1_303' title='bbox 3714 1422 3842 1462; x_wconf 82' lang='lat' dir='ltr'><strong>mo-</strong></span> 
     </span>
    </p>
   </div>
   <div class='ocr_carea' id='block_1_45' title="bbox 2169 1491 3850 1564">
    <p class='ocr_par' dir='ltr' id='par_1_45' title="bbox 2169 1491 3850 1564">
     <span class='ocr_line' id='line_1_45' title="bbox 2169 1491 3850 1564; baseline 0.002 -16"><span class='ocrx_word' id='word_1_304' title='bbox 2169 1491 2410 1559; x_wconf 90' lang='lat' dir='ltr'><strong>nachos,</strong></span> <span class='ocrx_word' id='word_1_305' title='bbox 2431 1491 2528 1564; x_wconf 91' lang='lat' dir='ltr'><strong>qui</strong></span> <span class='ocrx_word' id='word_1_306' title='bbox 2551 1509 2686 1548; x_wconf 92' lang='lat' dir='ltr'><strong>eum</strong></span> <span class='ocrx_word' id='word_1_307' title='bbox 2707 1508 2929 1548; x_wconf 89' lang='lat' dir='ltr'><strong>veneno</strong></span> <span class='ocrx_word' id='word_1_308' title='bbox 2953 1509 3160 1548; x_wconf 90' lang='lat' dir='ltr'><strong>necare</strong></span> <span class='ocrx_word' id='word_1_309' title='bbox 3181 1493 3373 1550; x_wconf 87' lang='lat' dir='ltr'><strong>conati</strong></span> <span class='ocrx_word' id='word_1_310' title='bbox 3395 1499 3565 1562; x_wconf 90' lang='lat' dir='ltr'><strong>sunt,</strong></span> <span class='ocrx_word' id='word_1_311' title='bbox 3591 1495 3732 1552; x_wconf 89' lang='lat' dir='ltr'><strong>ideo</strong></span> <span class='ocrx_word' id='word_1_312' title='bbox 3753 1497 3850 1552; x_wconf 90' lang='lat' dir='ltr'><strong>de-</strong></span> 
     </span>
    </p>
   </div>
   <div class='ocr_carea' id='block_1_46' title="bbox 2172 1580 3847 1654">
    <p class='ocr_par' dir='ltr' id='par_1_46' title="bbox 2172 1580 3847 1654">
     <span class='ocr_line' id='line_1_46' title="bbox 2172 1580 3847 1654; baseline 0.001 -16"><span class='ocrx_word' id='word_1_313' title='bbox 2172 1581 2376 1649; x_wconf 90' lang='lat' dir='ltr'><strong>seruit,</strong></span> <span class='ocrx_word' id='word_1_314' title='bbox 2413 1597 2482 1637; x_wconf 90' lang='lat' dir='ltr'><strong>ne</strong></span> <span class='ocrx_word' id='word_1_315' title='bbox 2515 1580 2732 1636; x_wconf 87' lang='lat' dir='ltr'><strong>mentis</strong></span> <span class='ocrx_word' id='word_1_316' title='bbox 2774 1597 2894 1638; x_wconf 64' lang='lat' dir='ltr'><strong>suae</strong></span> <span class='ocrx_word' id='word_1_317' title='bbox 2931 1580 3317 1654; x_wconf 89' lang='lat' dir='ltr'><strong>tranquillum</strong></span> <span class='ocrx_word' id='word_1_318' title='bbox 3352 1581 3604 1638; x_wconf 88' lang='lat' dir='ltr'><strong>oculum</strong></span> <span class='ocrx_word' id='word_1_319' title='bbox 3638 1600 3847 1640; x_wconf 85' lang='lat' dir='ltr'><strong>eorum</strong></span> 
     </span>
    </p>
   </div>
   <div class='ocr_carea' id='block_1_47' title="bbox 2174 1669 3852 1744">
    <p class='ocr_par' dir='ltr' id='par_1_47' title="bbox 2174 1669 3852 1744">
     <span class='ocr_line' id='line_1_47' title="bbox 2174 1669 3852 1744; baseline 0.002 -18"><span class='ocrx_word' id='word_1_320' title='bbox 2174 1669 2433 1744; x_wconf 88' lang='lat' dir='ltr'><strong>pessima</strong></span> <span class='ocrx_word' id='word_1_321' title='bbox 2465 1670 2717 1726; x_wconf 68' lang='lat' dir='ltr'><strong>meditate</strong></span> <span class='ocrx_word' id='word_1_322' title='bbox 2738 1669 3080 1726; x_wconf 88' lang='lat' dir='ltr'><strong>turbidaret.</strong></span> <span class='ocrx_word' id='word_1_323' title='bbox 3117 1669 3190 1726; x_wconf 91' lang='lat' dir='ltr'><strong>Ut</strong></span> <span class='ocrx_word' id='word_1_324' title='bbox 3218 1671 3377 1726; x_wconf 88' lang='lat' dir='ltr'><strong>enim</strong></span> <span class='ocrx_word' id='word_1_325' title='bbox 3409 1672 3612 1727; x_wconf 85' lang='lat' dir='ltr'><strong>sancti</strong></span> <span class='ocrx_word' id='word_1_326' title='bbox 3647 1673 3852 1730; x_wconf 84' lang='lat' dir='ltr'><strong>Patres</strong></span> 
     </span>
    </p>
   </div>
   <div class='ocr_carea' id='block_1_48' title="bbox 2174 1758 3852 1832">
    <p class='ocr_par' dir='ltr' id='par_1_48' title="bbox 2174 1758 3852 1832">
     <span class='ocr_line' id='line_1_48' title="bbox 2174 1758 3852 1832; baseline 0.002 -17"><span class='ocrx_word' id='word_1_327' title='bbox 2174 1759 2768 1832; x_wconf 81' lang='lat' dir='ltr'><strong>dixerunt,quidquid</strong></span> <span class='ocrx_word' id='word_1_328' title='bbox 2789 1775 2986 1831; x_wconf 89' lang='lat' dir='ltr'><strong>pacem</strong></span> <span class='ocrx_word' id='word_1_329' title='bbox 2999 1758 3090 1814; x_wconf 88' lang='lat' dir='ltr'><strong>vel</strong></span> <span class='ocrx_word' id='word_1_330' title='bbox 3105 1759 3614 1832; x_wconf 82' lang='lat' dir='ltr'><strong>tranquillitatem</strong></span> <span class='ocrx_word' id='word_1_331' title='bbox 3633 1762 3852 1830; x_wconf 85' lang='lat' dir='ltr'><strong>cordis,</strong></span> 
     </span>
    </p>
   </div>
   <div class='ocr_carea' id='block_1_49' title="bbox 2179 1847 3857 1924">
    <p class='ocr_par' dir='ltr' id='par_1_49' title="bbox 2179 1847 3857 1924">
     <span class='ocr_line' id='line_1_49' title="bbox 2179 1847 3857 1924; baseline 0.002 -19"><span class='ocrx_word' id='word_1_332' title='bbox 2179 1866 2296 1922; x_wconf 89' lang='lat' dir='ltr'><strong>qua</strong></span> <span class='ocrx_word' id='word_1_333' title='bbox 2313 1849 2497 1904; x_wconf 83' lang='lat' dir='ltr'><strong>Deum</strong></span> <span class='ocrx_word' id='word_1_334' title='bbox 2515 1849 2752 1904; x_wconf 87' lang='lat' dir='ltr'><strong>assidue</strong></span> <span class='ocrx_word' id='word_1_335' title='bbox 2775 1847 3026 1920; x_wconf 89' lang='lat' dir='ltr'><strong>cogitare</strong></span> <span class='ocrx_word' id='word_1_336' title='bbox 3048 1848 3356 1916; x_wconf 89' lang='lat' dir='ltr'><strong>debemus,</strong></span> <span class='ocrx_word' id='word_1_337' title='bbox 3381 1850 3748 1921; x_wconf 88' lang='lat' dir='ltr'><strong>perturbare</strong></span> <span class='ocrx_word' id='word_1_338' title='bbox 3760 1869 3857 1924; x_wconf 88' lang='lat' dir='ltr'><strong>po-</strong></span> 
     </span>
    </p>
   </div>
   <div class='ocr_carea' id='block_1_50' title="bbox 2177 1936 3854 2012">
    <p class='ocr_par' dir='ltr' id='par_1_50' title="bbox 2177 1936 3854 2012">
     <span class='ocr_line' id='line_1_50' title="bbox 2177 1936 3854 2012; baseline 0.001 -18"><span class='ocrx_word' id='word_1_339' title='bbox 2177 1943 2314 2005; x_wconf 91' lang='lat' dir='ltr'><strong>test,</strong></span> <span class='ocrx_word' id='word_1_340' title='bbox 2332 1936 2600 2010; x_wconf 87' lang='lat' dir='ltr'><strong>quamvis</strong></span> <span class='ocrx_word' id='word_1_341' title='bbox 2625 1937 2786 2006; x_wconf 85' lang='lat' dir='ltr'><strong>utile,</strong></span> <span class='ocrx_word' id='word_1_342' title='bbox 2811 1937 3078 2010; x_wconf 87' lang='lat' dir='ltr'><strong>quamvis</strong></span> <span class='ocrx_word' id='word_1_343' title='bbox 3100 1939 3509 1994; x_wconf 90' lang='lat' dir='ltr'><strong>necessarium</strong></span> <span class='ocrx_word' id='word_1_344' title='bbox 3541 1939 3651 2007; x_wconf 88' lang='lat' dir='ltr'><strong>sit,</strong></span> <span class='ocrx_word' id='word_1_345' title='bbox 3675 1941 3854 2012; x_wconf 86' lang='lat' dir='ltr'><strong>abjici</strong></span> 
     </span>
    </p>
   </div>
   <div class='ocr_carea' id='block_1_51' title="bbox 2177 2025 3852 2100">
    <p class='ocr_par' dir='ltr' id='par_1_51' title="bbox 2177 2025 3852 2100">
     <span class='ocr_line' id='line_1_51' title="bbox 2177 2025 3852 2100; baseline 0.001 -18"><span class='ocrx_word' id='word_1_346' title='bbox 2177 2031 2432 2100; x_wconf 87' lang='lat' dir='ltr'><strong>oportet;</strong></span> <span class='ocrx_word' id='word_1_347' title='bbox 2453 2025 2714 2099; x_wconf 91' lang='lat' dir='ltr'><strong>quolibet</strong></span> <span class='ocrx_word' id='word_1_348' title='bbox 2730 2025 2944 2098; x_wconf 86' lang='lat' dir='ltr'><strong>quippe</strong></span> <span class='ocrx_word' id='word_1_349' title='bbox 2959 2025 3100 2082; x_wconf 88' lang='lat' dir='ltr'><strong>vitio</strong></span> <span class='ocrx_word' id='word_1_350' title='bbox 3113 2042 3214 2082; x_wconf 90' lang='lat' dir='ltr'><strong>cor</strong></span> <span class='ocrx_word' id='word_1_351' title='bbox 3225 2027 3652 2098; x_wconf 85' lang='lat' dir='ltr'><strong>perturbatum</strong></span> <span class='ocrx_word' id='word_1_352' title='bbox 3665 2028 3852 2084; x_wconf 87' lang='lat' dir='ltr'><strong>Deum</strong></span> 
     </span>
    </p>
   </div>
   <div class='ocr_carea' id='block_1_52' title="bbox 2177 2114 3854 2190">
    <p class='ocr_par' dir='ltr' id='par_1_52' title="bbox 2177 2114 3854 2190">
     <span class='ocr_line' id='line_1_52' title="bbox 2177 2114 3854 2190; baseline 0.001 -18"><span class='ocrx_word' id='word_1_353' title='bbox 2177 2115 2434 2190; x_wconf 87' lang='lat' dir='ltr'><strong>cogitare</strong></span> <span class='ocrx_word' id='word_1_354' title='bbox 2465 2132 2580 2170; x_wconf 91' lang='lat' dir='ltr'><strong>non</strong></span> <span class='ocrx_word' id='word_1_355' title='bbox 2613 2119 2826 2188; x_wconf 90' lang='lat' dir='ltr'><strong>potest.</strong></span> <span class='ocrx_word' id='word_1_356' title='bbox 2861 2115 2988 2171; x_wconf 71' lang='lat' dir='ltr'><strong>Haec</strong></span> <span class='ocrx_word' id='word_1_357' title='bbox 3013 2114 3294 2183; x_wconf 88' lang='lat' dir='ltr'><strong>dicentes,</strong></span> <span class='ocrx_word' id='word_1_358' title='bbox 3327 2133 3443 2172; x_wconf 89' lang='lat' dir='ltr'><strong>non</strong></span> <span class='ocrx_word' id='word_1_359' title='bbox 3469 2133 3575 2172; x_wconf 89' lang='lat' dir='ltr'><strong>eos</strong></span> <span class='ocrx_word' id='word_1_360' title='bbox 3601 2117 3854 2174; x_wconf 82' lang='lat' dir='ltr'><strong>damna-</strong></span> 
     </span>
    </p>
   </div>
   <div class='ocr_carea' id='block_1_53' title="bbox 2178 2203 3854 2278">
    <p class='ocr_par' dir='ltr' id='par_1_53' title="bbox 2178 2203 3854 2278">
     <span class='ocr_line' id='line_1_53' title="bbox 2178 2203 3854 2278; baseline 0.001 -18"><span class='ocrx_word' id='word_1_361' title='bbox 2178 2221 2312 2261; x_wconf 90' lang='lat' dir='ltr'><strong>mus</strong></span> <span class='ocrx_word' id='word_1_362' title='bbox 2343 2203 2442 2277; x_wconf 89' lang='lat' dir='ltr'><strong>qui</strong></span> <span class='ocrx_word' id='word_1_363' title='bbox 2473 2204 2628 2259; x_wconf 90' lang='lat' dir='ltr'><strong>inter</strong></span> <span class='ocrx_word' id='word_1_364' title='bbox 2657 2203 3204 2276; x_wconf 87' lang='lat' dir='ltr'><strong>pseudomonachos</strong></span> <span class='ocrx_word' id='word_1_365' title='bbox 3237 2204 3374 2260; x_wconf 88' lang='lat' dir='ltr'><strong>boni</strong></span> <span class='ocrx_word' id='word_1_366' title='bbox 3408 2204 3745 2278; x_wconf 87' lang='lat' dir='ltr'><strong>aliquoties</strong></span> <span class='ocrx_word' id='word_1_367' title='bbox 3765 2205 3854 2262; x_wconf 78' lang='lat' dir='ltr'><strong>vel</strong></span> 
     </span>
    </p>
   </div>
   <div class='ocr_carea' id='block_1_54' title="bbox 2177 2286 3852 2368">
    <p class='ocr_par' dir='ltr' id='par_1_54' title="bbox 2177 2286 3852 2368">
     <span class='ocr_line' id='line_1_54' title="bbox 2177 2286 3852 2368; baseline 0 -16"><span class='ocrx_word' id='word_1_368' title='bbox 2177 2311 2313 2352; x_wconf 89' lang='lat' dir='ltr'><strong>cum</strong></span> <span class='ocrx_word' id='word_1_369' title='bbox 2342 2293 2534 2367; x_wconf 88' lang='lat' dir='ltr'><strong>pravis</strong></span> <span class='ocrx_word' id='word_1_370' title='bbox 2566 2292 2892 2365; x_wconf 84' lang='lat' dir='ltr'><strong>majoribus</strong></span> <span class='ocrx_word' id='word_1_371' title='bbox 2923 2293 3250 2349; x_wconf 87' lang='lat' dir='ltr'><strong>necessario</strong></span> <span class='ocrx_word' id='word_1_372' title='bbox 3270 2295 3524 2368; x_wconf 86' lang='lat' dir='ltr'><strong>degunt,</strong></span> <span class='ocrx_word' id='word_1_373' title='bbox 3562 2286 3617 2350; x_wconf 92' lang='lat' dir='ltr'><strong>i</strong></span> <span class='ocrx_word' id='word_1_374' title='bbox 3649 2300 3852 2352; x_wconf 81' lang='lat' dir='ltr'><strong>tamen</strong></span> 
     </span>
    </p>
   </div>
   <div class='ocr_carea' id='block_1_55' title="bbox 2177 2381 3852 2457">
    <p class='ocr_par' dir='ltr' id='par_1_55' title="bbox 2177 2381 3852 2457">
     <span class='ocr_line' id='line_1_55' title="bbox 2177 2381 3852 2457; baseline 0.001 -18"><span class='ocrx_word' id='word_1_375' title='bbox 2177 2384 2322 2440; x_wconf 88' lang='lat' dir='ltr'><strong>illud</strong></span> <span class='ocrx_word' id='word_1_376' title='bbox 2354 2381 2678 2455; x_wconf 90' lang='lat' dir='ltr'><strong>adimplent</strong></span> <span class='ocrx_word' id='word_1_377' title='bbox 2708 2381 2865 2454; x_wconf 93' lang='lat' dir='ltr'><strong>quod</strong></span> <span class='ocrx_word' id='word_1_378' title='bbox 2897 2381 3178 2454; x_wconf 88' lang='lat' dir='ltr'><strong>scriptum</strong></span> <span class='ocrx_word' id='word_1_379' title='bbox 3209 2387 3332 2439; x_wconf 90' lang='lat' dir='ltr'><strong>est:</strong></span> <span class='ocrx_word' id='word_1_380' title='bbox 3367 2385 3502 2453; x_wconf 64' lang='lat' dir='ltr'><strong>Quae</strong></span> <span class='ocrx_word' id='word_1_381' title='bbox 3532 2384 3741 2440; x_wconf 82' lang='lat' dir='ltr'><strong>dicunt</strong></span> <span class='ocrx_word' id='word_1_382' title='bbox 3767 2388 3852 2457; x_wconf 81' lang='lat' dir='ltr'><strong>fa-</strong></span> 
     </span>
    </p>
   </div>
   <div class='ocr_carea' id='block_1_56' title="bbox 2177 2472 3856 2546">
    <p class='ocr_par' dir='ltr' id='par_1_56' title="bbox 2177 2472 3856 2546">
     <span class='ocr_line' id='line_1_56' title="bbox 2177 2472 3856 2546; baseline -0.004 -16"><span class='ocrx_word' id='word_1_383' title='bbox 2177 2475 2300 2538; x_wconf 84' lang='lat' dir='ltr'><strong>cile,</strong></span> <span class='ocrx_word' id='word_1_384' title='bbox 2331 2487 2459 2546; x_wconf 67' lang='lat' dir='ltr'><strong>qua?</strong></span> <span class='ocrx_word' id='word_1_385' title='bbox 2498 2475 2682 2526; x_wconf 87' lang='lat' dir='ltr'><strong>autem</strong></span> <span class='ocrx_word' id='word_1_386' title='bbox 2729 2472 2946 2544; x_wconf 82' lang='lat' dir='ltr'><strong>faciunt</strong></span> <span class='ocrx_word' id='word_1_387' title='bbox 2972 2473 3155 2543; x_wconf 82' lang='lat' dir='ltr'><strong>facere</strong></span> <span class='ocrx_word' id='word_1_388' title='bbox 3189 2473 3364 2528; x_wconf 80' lang='lat' dir='ltr'><strong>nolite</strong></span> <span class='ocrx_word' id='word_1_389' title='bbox 3394 2473 3635 2546; x_wconf 74' lang='lat' dir='ltr'><strong>(Matth.</strong></span> <span class='ocrx_word' id='word_1_390' title='bbox 3667 2476 3856 2542; x_wconf 67' lang='lat' dir='ltr'><strong>mn);</strong></span> 
     </span>
    </p>
   </div>
   <div class='ocr_carea' id='block_1_57' title="bbox 2179 2560 3864 2632">
    <p class='ocr_par' dir='ltr' id='par_1_57' title="bbox 2179 2560 3864 2632">
     <span class='ocr_line' id='line_1_57' title="bbox 2179 2560 3864 2632; baseline -0.001 -12"><span class='ocrx_word' id='word_1_391' title='bbox 2179 2566 2237 2620; x_wconf 88' lang='lat' dir='ltr'><strong>et</strong></span> <span class='ocrx_word' id='word_1_392' title='bbox 2259 2561 2397 2618; x_wconf 90' lang='lat' dir='ltr'><strong>item</strong></span> <span class='ocrx_word' id='word_1_393' title='bbox 2425 2579 2438 2616; x_wconf 90' lang='lat'><strong>:</strong></span> <span class='ocrx_word' id='word_1_394' title='bbox 2469 2560 2618 2616; x_wconf 81' lang='lat' dir='ltr'><strong>Sicut</strong></span> <span class='ocrx_word' id='word_1_395' title='bbox 2641 2560 2830 2616; x_wconf 87' lang='lat' dir='ltr'><strong>lilium</strong></span> <span class='ocrx_word' id='word_1_396' title='bbox 2855 2563 2998 2616; x_wconf 87' lang='lat' dir='ltr'><strong>mter</strong></span> <span class='ocrx_word' id='word_1_397' title='bbox 3014 2561 3222 2632; x_wconf 82' lang='lat' dir='ltr'><strong>spinas,</strong></span> <span class='ocrx_word' id='word_1_398' title='bbox 3245 2563 3326 2616; x_wconf 86' lang='lat' dir='ltr'><strong>sic</strong></span> <span class='ocrx_word' id='word_1_399' title='bbox 3350 2563 3541 2618; x_wconf 81' lang='lat' dir='ltr'><strong>amica</strong></span> <span class='ocrx_word' id='word_1_400' title='bbox 3559 2578 3692 2619; x_wconf 78' lang='lat' dir='ltr'><strong>mea</strong></span> <span class='ocrx_word' id='word_1_401' title='bbox 3717 2561 3864 2619; x_wconf 73' lang='lat' dir='ltr'><strong>inter</strong></span> 
     </span>
    </p>
   </div>
   <div class='ocr_carea' id='block_1_58' title="bbox 2179 2647 3860 2724">
    <p class='ocr_par' dir='ltr' id='par_1_58' title="bbox 2179 2647 3860 2724">
     <span class='ocr_line' id='line_1_58' title="bbox 2179 2647 3860 2724; baseline 0.001 -18"><span class='ocrx_word' id='word_1_402' title='bbox 2179 2651 2330 2722; x_wconf 84' lang='lat' dir='ltr'><strong>ﬁlias</strong></span> <span class='ocrx_word' id='word_1_403' title='bbox 2350 2649 2530 2720; x_wconf 83' lang='lat' dir='ltr'><strong>(Cant.</strong></span> <span class='ocrx_word' id='word_1_404' title='bbox 2564 2647 2648 2722; x_wconf 82' lang='grc' dir='ltr'><strong>ιι).</strong></span> <span class='ocrx_word' id='word_1_405' title='bbox 2682 2648 2749 2704; x_wconf 86' lang='lat' dir='ltr'><strong>Et</strong></span> <span class='ocrx_word' id='word_1_406' title='bbox 2781 2647 3056 2720; x_wconf 89' lang='lat' dir='ltr'><strong>periculis</strong></span> <span class='ocrx_word' id='word_1_407' title='bbox 3087 2647 3148 2704; x_wconf 91' lang='lat' dir='ltr'><strong>in</strong></span> <span class='ocrx_word' id='word_1_408' title='bbox 3178 2647 3344 2705; x_wconf 81' lang='lat' dir='ltr'><strong>falsis</strong></span> <span class='ocrx_word' id='word_1_409' title='bbox 3376 2650 3677 2706; x_wconf 85' lang='lat' dir='ltr'><strong>fratribus</strong></span> <span class='ocrx_word' id='word_1_410' title='bbox 3706 2653 3860 2724; x_wconf 79' lang='lat' dir='ltr'><strong>Apo-</strong></span> 
     </span>
    </p>
   </div>
   <div class='ocr_carea' id='block_1_59' title="bbox 2179 2737 3864 2817">
    <p class='ocr_par' dir='ltr' id='par_1_59' title="bbox 2179 2737 3864 2817">
     <span class='ocr_line' id='line_1_59' title="bbox 2179 2737 3864 2817; baseline 0 -21"><span class='ocrx_word' id='word_1_411' title='bbox 2179 2738 2368 2796; x_wconf 87' lang='lat' dir='ltr'><strong>stolus</strong></span> <span class='ocrx_word' id='word_1_412' title='bbox 2389 2737 2740 2817; x_wconf 84' lang='lat' dir='ltr'><strong>exercitatus</strong></span> <span class='ocrx_word' id='word_1_413' title='bbox 2759 2741 2872 2806; x_wconf 89' lang='lat' dir='ltr'><strong>est,</strong></span> <span class='ocrx_word' id='word_1_414' title='bbox 2896 2741 2954 2793; x_wconf 93' lang='lat' dir='ltr'><strong>et</strong></span> <span class='ocrx_word' id='word_1_415' title='bbox 2979 2741 3263 2811; x_wconf 62' lang='lat' dir='ltr'><strong>praecepta</strong></span> <span class='ocrx_word' id='word_1_416' title='bbox 3282 2738 3545 2811; x_wconf 84' lang='lat' dir='ltr'><strong>pastoris</strong></span> <span class='ocrx_word' id='word_1_417' title='bbox 3575 2741 3638 2796; x_wconf 88' lang='lat' dir='ltr'><strong>in</strong></span> <span class='ocrx_word' id='word_1_418' title='bbox 3667 2739 3864 2796; x_wconf 73' lang='lat' dir='ltr'><strong>omni-</strong></span> 
     </span>
    </p>
   </div>
   <div class='ocr_carea' id='block_1_60' title="bbox 2181 2825 3862 2902">
    <p class='ocr_par' dir='ltr' id='par_1_60' title="bbox 2181 2825 3862 2902">
     <span class='ocr_line' id='line_1_60' title="bbox 2181 2825 3862 2902; baseline 0 -18"><span class='ocrx_word' id='word_1_419' title='bbox 2181 2829 2294 2884; x_wconf 92' lang='lat' dir='ltr'><strong>bus</strong></span> <span class='ocrx_word' id='word_1_420' title='bbox 2316 2825 2658 2898; x_wconf 88' lang='lat' dir='ltr'><strong>adimplere,</strong></span> <span class='ocrx_word' id='word_1_421' title='bbox 2683 2825 2917 2882; x_wconf 86' lang='lat' dir='ltr'><strong>etiamsi</strong></span> <span class='ocrx_word' id='word_1_422' title='bbox 2943 2826 3089 2898; x_wconf 90' lang='lat' dir='ltr'><strong>ipse,</strong></span> <span class='ocrx_word' id='word_1_423' title='bbox 3113 2827 3269 2900; x_wconf 91' lang='lat' dir='ltr'><strong>quod</strong></span> <span class='ocrx_word' id='word_1_424' title='bbox 3295 2827 3480 2897; x_wconf 90' lang='lat' dir='ltr'><strong>absit,</strong></span> <span class='ocrx_word' id='word_1_425' title='bbox 3505 2827 3690 2886; x_wconf 79' lang='lat' dir='ltr'><strong>aliter</strong></span> <span class='ocrx_word' id='word_1_426' title='bbox 3707 2833 3862 2902; x_wconf 85' lang='lat' dir='ltr'><strong>agat.</strong></span> 
     </span>
    </p>
   </div>
   <div class='ocr_carea' id='block_1_61' title="bbox 2181 2912 3870 2987">
    <p class='ocr_par' dir='ltr' id='par_1_61' title="bbox 2181 2912 3870 2987">
     <span class='ocr_line' id='line_1_61' title="bbox 2181 2912 3870 2987; baseline 0.001 -15"><span class='ocrx_word' id='word_1_427' title='bbox 2181 2917 2253 2972; x_wconf 91' lang='lat' dir='ltr'><strong>Et</strong></span> <span class='ocrx_word' id='word_1_428' title='bbox 2281 2915 2341 2970; x_wconf 90' lang='lat' dir='ltr'><strong>in</strong></span> <span class='ocrx_word' id='word_1_429' title='bbox 2371 2913 2580 2971; x_wconf 89' lang='lat' dir='ltr'><strong>talium</strong></span> <span class='ocrx_word' id='word_1_430' title='bbox 2611 2912 2878 2987; x_wconf 85' lang='lat' dir='ltr'><strong>exemplo</strong></span> <span class='ocrx_word' id='word_1_431' title='bbox 2903 2913 3111 2970; x_wconf 89' lang='lat' dir='ltr'><strong>beatus</strong></span> <span class='ocrx_word' id='word_1_432' title='bbox 3137 2916 3345 2972; x_wconf 89' lang='lat' dir='ltr'><strong>Petrus</strong></span> <span class='ocrx_word' id='word_1_433' title='bbox 3369 2917 3477 2972; x_wconf 91' lang='lat' dir='ltr'><strong>Lot</strong></span> <span class='ocrx_word' id='word_1_434' title='bbox 3509 2917 3574 2972; x_wconf 89' lang='lat' dir='ltr'><strong>in</strong></span> <span class='ocrx_word' id='word_1_435' title='bbox 3605 2918 3870 2974; x_wconf 87' lang='lat' dir='ltr'><strong>testimo-</strong></span> 
     </span>
    </p>
   </div>
   <div class='ocr_carea' id='block_1_62' title="bbox 2183 3002 3868 3078">
    <p class='ocr_par' dir='ltr' id='par_1_62' title="bbox 2183 3002 3868 3078">
     <span class='ocr_line' id='line_1_62' title="bbox 2183 3002 3868 3078; baseline 0.001 -18"><span class='ocrx_word' id='word_1_436' title='bbox 2183 3005 2347 3060; x_wconf 88' lang='lat' dir='ltr'><strong>nium</strong></span> <span class='ocrx_word' id='word_1_437' title='bbox 2380 3002 2653 3070; x_wconf 88' lang='lat' dir='ltr'><strong>assumit,</strong></span> <span class='ocrx_word' id='word_1_438' title='bbox 2687 3003 2889 3060; x_wconf 89' lang='lat' dir='ltr'><strong>dicens</strong></span> <span class='ocrx_word' id='word_1_439' title='bbox 2919 3019 2932 3058; x_wconf 88' lang='lat'><strong>:</strong></span> <span class='ocrx_word' id='word_1_440' title='bbox 2960 3005 3025 3058; x_wconf 85' lang='lat' dir='ltr'><strong>Et</strong></span> <span class='ocrx_word' id='word_1_441' title='bbox 3045 3004 3264 3076; x_wconf 86' lang='lat' dir='ltr'><strong>justum</strong></span> <span class='ocrx_word' id='word_1_442' title='bbox 3290 3005 3388 3060; x_wconf 89' lang='lat' dir='ltr'><strong>Lot</strong></span> <span class='ocrx_word' id='word_1_443' title='bbox 3417 3023 3454 3060; x_wconf 88' lang='lat' dir='ltr'><strong>a</strong></span> <span class='ocrx_word' id='word_1_444' title='bbox 3485 3007 3868 3078; x_wconf 75' lang='lat' dir='ltr'><strong>nefandorum</strong></span> 
     </span>
    </p>
   </div>
   <div class='ocr_carea' id='block_1_63' title="bbox 2191 3092 3866 3168">
    <p class='ocr_par' dir='ltr' id='par_1_63' title="bbox 2191 3092 3866 3168">
     <span class='ocr_line' id='line_1_63' title="bbox 2191 3092 3866 3168; baseline 0 -17"><span class='ocrx_word' id='word_1_445' title='bbox 2191 3094 2600 3152; x_wconf 85' lang='lat' dir='ltr'><strong>conversatione</strong></span> <span class='ocrx_word' id='word_1_446' title='bbox 2662 3093 2828 3160; x_wconf 83' lang='lat' dir='ltr'><strong>eruit,</strong></span> <span class='ocrx_word' id='word_1_447' title='bbox 2887 3092 3229 3149; x_wconf 83' lang='lat' dir='ltr'><strong>habitantem</strong></span> <span class='ocrx_word' id='word_1_448' title='bbox 3283 3095 3434 3150; x_wconf 82' lang='lat' dir='ltr'><strong>inter</strong></span> <span class='ocrx_word' id='word_1_449' title='bbox 3499 3110 3592 3150; x_wconf 88' lang='lat' dir='ltr'><strong>eos</strong></span> <span class='ocrx_word' id='word_1_450' title='bbox 3646 3099 3752 3168; x_wconf 82' lang='lat' dir='ltr'><strong>qui</strong></span> <span class='ocrx_word' id='word_1_451' title='bbox 3801 3096 3866 3151; x_wconf 75' lang='lat' dir='ltr'><strong>de</strong></span> 
     </span>
    </p>
   </div>
   <div class='ocr_carea' id='block_1_64' title="bbox 415 3166 3862 3258">
    <p class='ocr_par' dir='ltr' id='par_1_64' title="bbox 415 3166 3862 3258">
     <span class='ocr_line' id='line_1_64' title="bbox 415 3166 3862 3258; baseline -0 -16"><span class='ocrx_word' id='word_1_452' title='bbox 415 3166 944 3258; x_wconf 73' lang='lat' dir='ltr'><strong>festivitatem,quze</strong></span> <span class='ocrx_word' id='word_1_453' title='bbox 971 3186 1032 3241; x_wconf 90' lang='lat' dir='ltr'><strong>in</strong></span> <span class='ocrx_word' id='word_1_454' title='bbox 1052 3166 2076 3255; x_wconf 83' lang='lat' dir='ltr'><strong>sextahebdomadaexspectabatur,</strong></span> <span class='ocrx_word' id='word_1_455' title='bbox 2110 3166 2154 3235; x_wconf 85' lang='lat' dir='ltr'><strong><em>C</em></strong></span> <span class='ocrx_word' id='word_1_456' title='bbox 2190 3183 2280 3239; x_wconf 86' lang='lat' dir='ltr'><strong>die</strong></span> <span class='ocrx_word' id='word_1_457' title='bbox 2331 3183 2393 3237; x_wconf 87' lang='lat' dir='ltr'><strong>in</strong></span> <span class='ocrx_word' id='word_1_458' title='bbox 2445 3181 2592 3237; x_wconf 82' lang='lat' dir='ltr'><strong>diem</strong></span> <span class='ocrx_word' id='word_1_459' title='bbox 2639 3181 2887 3246; x_wconf 81' lang='lat' dir='ltr'><strong>animam</strong></span> <span class='ocrx_word' id='word_1_460' title='bbox 2923 3180 3136 3253; x_wconf 80' lang='lat' dir='ltr'><strong>justam</strong></span> <span class='ocrx_word' id='word_1_461' title='bbox 3165 3183 3376 3254; x_wconf 79' lang='lat' dir='ltr'><strong>iniquis</strong></span> <span class='ocrx_word' id='word_1_462' title='bbox 3435 3166 3704 3255; x_wconf 76' lang='lat' dir='ltr'><strong>operibus</strong></span> <span class='ocrx_word' id='word_1_463' title='bbox 3737 3202 3862 3242; x_wconf 78' lang='lat' dir='ltr'><strong>cru-</strong></span> 
     </span>
    </p>
   </div>
   <div class='ocr_carea' id='block_1_65' title="bbox 416 3269 2078 3346">
    <p class='ocr_par' dir='ltr' id='par_1_65' title="bbox 416 3269 2078 3346">
     <span class='ocr_line' id='line_1_65' title="bbox 416 3269 2078 3346; baseline -0.004 -14"><span class='ocrx_word' id='word_1_464' title='bbox 416 3275 714 3332; x_wconf 89' lang='lat' dir='ltr'><strong>ordinaret</strong></span> <span class='ocrx_word' id='word_1_465' title='bbox 740 3275 801 3330; x_wconf 88' lang='lat' dir='ltr'><strong>in</strong></span> <span class='ocrx_word' id='word_1_466' title='bbox 835 3291 900 3331; x_wconf 90' lang='lat' dir='ltr'><strong>eo</strong></span> <span class='ocrx_word' id='word_1_467' title='bbox 960 3274 1086 3330; x_wconf 92' lang='lat' dir='ltr'><strong>loco</strong></span> <span class='ocrx_word' id='word_1_468' title='bbox 1117 3273 1364 3346; x_wconf 88' lang='lat' dir='ltr'><strong>dignum</strong></span> <span class='ocrx_word' id='word_1_469' title='bbox 1421 3277 1716 3346; x_wconf 90' lang='lat' dir='ltr'><strong>pastorem</strong></span> <span class='ocrx_word' id='word_1_470' title='bbox 1751 3269 2078 3327; x_wconf 90' lang='lat' dir='ltr'><strong>secundum</strong></span> 
     </span>
    </p>
   </div>
   <div class='ocr_carea' id='block_1_66' title="bbox 416 3359 2079 3439">
    <p class='ocr_par' dir='ltr' id='par_1_66' title="bbox 416 3359 2079 3439">
     <span class='ocr_line' id='line_1_66' title="bbox 416 3359 2079 3439; baseline -0.003 -19"><span class='ocrx_word' id='word_1_471' title='bbox 416 3363 700 3439; x_wconf 77' lang='lat' dir='ltr'><strong>regulam.</strong></span> <span class='ocrx_word' id='word_1_472' title='bbox 729 3363 891 3429; x_wconf 88' lang='lat' dir='ltr'><strong>Quod</strong></span> <span class='ocrx_word' id='word_1_473' title='bbox 933 3363 986 3419; x_wconf 91' lang='lat' dir='ltr'><strong>si</strong></span> <span class='ocrx_word' id='word_1_474' title='bbox 1047 3361 1516 3418; x_wconf 87' lang='lat' dir='ltr'><strong>contradicentes</strong></span> <span class='ocrx_word' id='word_1_475' title='bbox 1561 3359 1838 3433; x_wconf 89' lang='lat' dir='ltr'><strong>reperiret</strong></span> <span class='ocrx_word' id='word_1_476' title='bbox 1889 3359 1989 3431; x_wconf 88' lang='lat' dir='ltr'><strong>qui</strong></span> <span class='ocrx_word' id='word_1_477' title='bbox 2020 3359 2079 3415; x_wconf 92' lang='lat' dir='ltr'><strong>id</strong></span> 
     </span>
    </p>
   </div>
   <div class='ocr_carea' id='block_1_67' title="bbox 421 3447 2083 3525">
    <p class='ocr_par' dir='ltr' id='par_1_67' title="bbox 421 3447 2083 3525">
     <span class='ocr_line' id='line_1_67' title="bbox 421 3447 2083 3525; baseline -0.002 -17"><span class='ocrx_word' id='word_1_478' title='bbox 421 3451 548 3510; x_wconf 88' lang='lat' dir='ltr'><strong>ﬁeri</strong></span> <span class='ocrx_word' id='word_1_479' title='bbox 582 3469 698 3508; x_wconf 91' lang='lat' dir='ltr'><strong>non</strong></span> <span class='ocrx_word' id='word_1_480' title='bbox 731 3451 1156 3525; x_wconf 85' lang='lat' dir='ltr'><strong>permitterent,</strong></span> <span class='ocrx_word' id='word_1_481' title='bbox 1187 3453 1242 3506; x_wconf 90' lang='lat' dir='ltr'><strong>et</strong></span> <span class='ocrx_word' id='word_1_482' title='bbox 1272 3450 1432 3523; x_wconf 91' lang='lat' dir='ltr'><strong>ipsos</strong></span> <span class='ocrx_word' id='word_1_483' title='bbox 1465 3453 1521 3506; x_wconf 90' lang='lat' dir='ltr'><strong>et</strong></span> <span class='ocrx_word' id='word_1_484' title='bbox 1542 3450 1738 3522; x_wconf 88' lang='lat' dir='ltr'><strong>ipsum</strong></span> <span class='ocrx_word' id='word_1_485' title='bbox 1765 3447 1960 3505; x_wconf 91' lang='lat' dir='ltr'><strong>locum</strong></span> <span class='ocrx_word' id='word_1_486' title='bbox 1991 3465 2083 3505; x_wconf 84' lang='lat' dir='ltr'><strong>ex-</strong></span> 
     </span>
    </p>
   </div>
   <div class='ocr_carea' id='block_1_68' title="bbox 417 3535 2084 3611">
    <p class='ocr_par' dir='ltr' id='par_1_68' title="bbox 417 3535 2084 3611">
     <span class='ocr_line' id='line_1_68' title="bbox 417 3535 2084 3611; baseline -0.001 -15"><span class='ocrx_word' id='word_1_487' title='bbox 417 3538 948 3598; x_wconf 89' lang='lat' dir='ltr'><strong>communicatione</strong></span> <span class='ocrx_word' id='word_1_488' title='bbox 967 3555 1110 3594; x_wconf 88' lang='lat' dir='ltr'><strong>cano</strong></span> <span class='ocrx_word' id='word_1_489' title='bbox 1129 3537 1261 3594; x_wconf 89' lang='lat' dir='ltr'><strong>nica</strong></span> <span class='ocrx_word' id='word_1_490' title='bbox 1289 3537 1709 3611; x_wconf 87' lang='lat' dir='ltr'><strong>ligaret,donec</strong></span> <span class='ocrx_word' id='word_1_491' title='bbox 1732 3537 1888 3594; x_wconf 90' lang='lat' dir='ltr'><strong>idem</strong></span> <span class='ocrx_word' id='word_1_492' title='bbox 1917 3535 2084 3594; x_wconf 89' lang='lat' dir='ltr'><strong>locus</strong></span> 
     </span>
    </p>
   </div>
   <div class='ocr_carea' id='block_1_69' title="bbox 420 3627 1633 3701">
    <p class='ocr_par' dir='ltr' id='par_1_69' title="bbox 420 3627 1633 3701">
     <span class='ocr_line' id='line_1_69' title="bbox 420 3627 1633 3701; baseline -0.002 -16"><span class='ocrx_word' id='word_1_493' title='bbox 420 3630 494 3685; x_wconf 89' lang='lat' dir='ltr'><strong>ad</strong></span> <span class='ocrx_word' id='word_1_494' title='bbox 526 3627 836 3701; x_wconf 85' lang='lat' dir='ltr'><strong>pristinam</strong></span> <span class='ocrx_word' id='word_1_495' title='bbox 869 3630 1238 3684; x_wconf 88' lang='lat' dir='ltr'><strong>revocaretur</strong></span> <span class='ocrx_word' id='word_1_496' title='bbox 1265 3627 1633 3700; x_wconf 86' lang='lat' dir='ltr'><strong>dignitatem.</strong></span> 
     </span>
    </p>
   </div>
   <div class='ocr_carea' id='block_1_70' title="bbox 495 3715 2080 3788">
    <p class='ocr_par' dir='ltr' id='par_1_70' title="bbox 495 3715 2080 3788">
     <span class='ocr_line' id='line_1_70' title="bbox 495 3715 2080 3788; baseline 0 -15"><span class='ocrx_word' id='word_1_497' title='bbox 495 3716 860 3783; x_wconf 88' lang='lat' dir='ltr'><strong>Quibusdam</strong></span> <span class='ocrx_word' id='word_1_498' title='bbox 899 3715 1336 3772; x_wconf 89' lang='lat' dir='ltr'><strong>sciscitantibus</strong></span> <span class='ocrx_word' id='word_1_499' title='bbox 1391 3716 1440 3773; x_wconf 90' lang='lat' dir='ltr'><strong>si</strong></span> <span class='ocrx_word' id='word_1_500' title='bbox 1499 3717 1597 3788; x_wconf 90' lang='lat' dir='ltr'><strong>qui</strong></span> <span class='ocrx_word' id='word_1_501' title='bbox 1654 3715 2080 3773; x_wconf 89' lang='lat' dir='ltr'><strong>monachorum</strong></span> 
     </span>
    </p>
   </div>
   <div class='ocr_carea' id='block_1_71' title="bbox 422 3804 2080 3878">
    <p class='ocr_par' dir='ltr' id='par_1_71' title="bbox 422 3804 2080 3878">
     <span class='ocr_line' id='line_1_71' title="bbox 422 3804 2080 3878; baseline -0.001 -16"><span class='ocrx_word' id='word_1_502' title='bbox 422 3806 570 3865; x_wconf 76' lang='lat' dir='ltr'><strong>forte</strong></span> <span class='ocrx_word' id='word_1_503' title='bbox 600 3805 671 3860; x_wconf 91' lang='lat' dir='ltr'><strong>de</strong></span> <span class='ocrx_word' id='word_1_504' title='bbox 701 3805 903 3861; x_wconf 89' lang='lat' dir='ltr'><strong>eodem</strong></span> <span class='ocrx_word' id='word_1_505' title='bbox 936 3804 1200 3861; x_wconf 71' lang='lat' dir='ltr'><strong>saeculari</strong></span> <span class='ocrx_word' id='word_1_506' title='bbox 1243 3804 1368 3861; x_wconf 86' lang='lat' dir='ltr'><strong>loco</strong></span> <span class='ocrx_word' id='word_1_507' title='bbox 1400 3805 1471 3860; x_wconf 90' lang='lat' dir='ltr'><strong>ad</strong></span> <span class='ocrx_word' id='word_1_508' title='bbox 1523 3805 1705 3861; x_wconf 90' lang='lat' dir='ltr'><strong>alium</strong></span> <span class='ocrx_word' id='word_1_509' title='bbox 1750 3805 2080 3878; x_wconf 90' lang='lat' dir='ltr'><strong>regularem</strong></span> 
     </span>
    </p>
   </div>
   <div class='ocr_carea' id='block_1_72' title="bbox 421 3893 2082 3968">
    <p class='ocr_par' dir='ltr' id='par_1_72' title="bbox 421 3893 2082 3968">
     <span class='ocr_line' id='line_1_72' title="bbox 421 3893 2082 3968; baseline -0.002 -16"><span class='ocrx_word' id='word_1_510' title='bbox 421 3893 844 3968; x_wconf 89' lang='lat' dir='ltr'><strong>transmigrare</strong></span> <span class='ocrx_word' id='word_1_511' title='bbox 872 3893 1105 3962; x_wconf 89' lang='lat' dir='ltr'><strong>vellent,</strong></span> <span class='ocrx_word' id='word_1_512' title='bbox 1143 3899 1341 3951; x_wconf 91' lang='lat' dir='ltr'><strong>utrum</strong></span> <span class='ocrx_word' id='word_1_513' title='bbox 1374 3895 1459 3951; x_wconf 84' lang='lat' dir='ltr'><strong>eis</strong></span> <span class='ocrx_word' id='word_1_514' title='bbox 1485 3893 1703 3964; x_wconf 89' lang='lat' dir='ltr'><strong>liceret,</strong></span> <span class='ocrx_word' id='word_1_515' title='bbox 1738 3894 1950 3950; x_wconf 89' lang='lat' dir='ltr'><strong>eruditi</strong></span> <span class='ocrx_word' id='word_1_516' title='bbox 1979 3894 2082 3966; x_wconf 90' lang='lat' dir='ltr'><strong>qui</strong></span> 
     </span>
    </p>
   </div>
   <div class='ocr_carea' id='block_1_73' title="bbox 426 3981 2082 4057">
    <p class='ocr_par' dir='ltr' id='par_1_73' title="bbox 426 3981 2082 4057">
     <span class='ocr_line' id='line_1_73' title="bbox 426 3981 2082 4057; baseline -0.002 -16"><span class='ocrx_word' id='word_1_517' title='bbox 426 3985 690 4056; x_wconf 88' lang='lat' dir='ltr'><strong>aderant,</strong></span> <span class='ocrx_word' id='word_1_518' title='bbox 723 3986 876 4040; x_wconf 89' lang='lat' dir='ltr'><strong>recte</strong></span> <span class='ocrx_word' id='word_1_519' title='bbox 908 4001 1112 4057; x_wconf 86' lang='lat' dir='ltr'><strong>sapere</strong></span> <span class='ocrx_word' id='word_1_520' title='bbox 1143 3983 1292 4040; x_wconf 90' lang='lat' dir='ltr'><strong>tales</strong></span> <span class='ocrx_word' id='word_1_521' title='bbox 1313 3983 1684 4055; x_wconf 83' lang='lat' dir='ltr'><strong>judicabant.</strong></span> <span class='ocrx_word' id='word_1_522' title='bbox 1713 4005 1741 4033; x_wconf 88' lang='grc'><strong>‹‹</strong></span> <span class='ocrx_word' id='word_1_523' title='bbox 1772 3981 1966 4050; x_wconf 88' lang='lat' dir='ltr'><strong>Tales,</strong></span> <span class='ocrx_word' id='word_1_524' title='bbox 1989 3983 2082 4038; x_wconf 90' lang='lat' dir='ltr'><strong>in-</strong></span> 
     </span>
    </p>
   </div>
   <div class='ocr_carea' id='block_1_74' title="bbox 425 4070 2086 4146">
    <p class='ocr_par' dir='ltr' id='par_1_74' title="bbox 425 4070 2086 4146">
     <span class='ocr_line' id='line_1_74' title="bbox 425 4070 2086 4146; baseline -0.002 -17"><span class='ocrx_word' id='word_1_525' title='bbox 425 4073 660 4146; x_wconf 90' lang='lat' dir='ltr'><strong>quiunt,</strong></span> <span class='ocrx_word' id='word_1_526' title='bbox 692 4071 807 4128; x_wconf 90' lang='lat' dir='ltr'><strong>Deo</strong></span> <span class='ocrx_word' id='word_1_527' title='bbox 837 4070 1065 4144; x_wconf 89' lang='lat' dir='ltr'><strong>placere</strong></span> <span class='ocrx_word' id='word_1_528' title='bbox 1097 4072 1355 4128; x_wconf 90' lang='lat' dir='ltr'><strong>student.</strong></span> <span class='ocrx_word' id='word_1_529' title='bbox 1389 4072 1534 4127; x_wconf 88' lang='lat' dir='ltr'><strong>Nam</strong></span> <span class='ocrx_word' id='word_1_530' title='bbox 1585 4070 1635 4126; x_wconf 91' lang='lat' dir='ltr'><strong>si</strong></span> <span class='ocrx_word' id='word_1_531' title='bbox 1677 4070 1968 4144; x_wconf 77' lang='lat' dir='ltr'><strong>perfectus</strong></span> <span class='ocrx_word' id='word_1_532' title='bbox 1995 4074 2086 4127; x_wconf 89' lang='lat' dir='ltr'><strong>est</strong></span> 
     </span>
    </p>
   </div>
   <div class='ocr_carea' id='block_1_75' title="bbox 431 4160 2083 4236">
    <p class='ocr_par' dir='ltr' id='par_1_75' title="bbox 431 4160 2083 4236">
     <span class='ocr_line' id='line_1_75' title="bbox 431 4160 2083 4236; baseline -0.001 -18"><span class='ocrx_word' id='word_1_533' title='bbox 431 4163 532 4236; x_wconf 92' lang='lat' dir='ltr'><strong>qui</strong></span> <span class='ocrx_word' id='word_1_534' title='bbox 564 4163 718 4218; x_wconf 89' lang='lat' dir='ltr'><strong>inter</strong></span> <span class='ocrx_word' id='word_1_535' title='bbox 748 4160 933 4218; x_wconf 91' lang='lat' dir='ltr'><strong>malos</strong></span> <span class='ocrx_word' id='word_1_536' title='bbox 964 4161 1156 4218; x_wconf 91' lang='lat' dir='ltr'><strong>bonus</strong></span> <span class='ocrx_word' id='word_1_537' title='bbox 1187 4163 1498 4230; x_wconf 90' lang='lat' dir='ltr'><strong>est,tamen</strong></span> <span class='ocrx_word' id='word_1_538' title='bbox 1531 4160 1819 4216; x_wconf 90' lang='lat' dir='ltr'><strong>bonorum</strong></span> <span class='ocrx_word' id='word_1_539' title='bbox 1848 4177 2083 4218; x_wconf 89' lang='lat' dir='ltr'><strong>consor-</strong></span> 
     </span>
    </p>
   </div>
   <div class='ocr_carea' id='block_1_76' title="bbox 428 4247 2087 4324">
    <p class='ocr_par' dir='ltr' id='par_1_76' title="bbox 428 4247 2087 4324">
     <span class='ocr_line' id='line_1_76' title="bbox 428 4247 2087 4324; baseline -0.001 -16"><span class='ocrx_word' id='word_1_540' title='bbox 428 4251 581 4311; x_wconf 89' lang='lat' dir='ltr'><strong>tium</strong></span> <span class='ocrx_word' id='word_1_541' title='bbox 615 4249 857 4324; x_wconf 89' lang='lat' dir='ltr'><strong>adipisci</strong></span> <span class='ocrx_word' id='word_1_542' title='bbox 890 4249 1183 4308; x_wconf 88' lang='lat' dir='ltr'><strong>laudabile</strong></span> <span class='ocrx_word' id='word_1_543' title='bbox 1215 4253 1272 4306; x_wconf 91' lang='lat' dir='ltr'><strong>et</strong></span> <span class='ocrx_word' id='word_1_544' title='bbox 1311 4247 1561 4322; x_wconf 89' lang='lat' dir='ltr'><strong>perutile</strong></span> <span class='ocrx_word' id='word_1_545' title='bbox 1617 4255 1724 4306; x_wconf 87' lang='lat' dir='ltr'><strong>est.</strong></span> <span class='ocrx_word' id='word_1_546' title='bbox 1758 4249 1906 4314; x_wconf 89' lang='lat' dir='ltr'><strong>Quia</strong></span> <span class='ocrx_word' id='word_1_547' title='bbox 1932 4249 2087 4306; x_wconf 88' lang='lat' dir='ltr'><strong>sicut</strong></span> 
     </span>
    </p>
   </div>
   <div class='ocr_carea' id='block_1_77' title="bbox 427 4338 2084 4414">
    <p class='ocr_par' dir='ltr' id='par_1_77' title="bbox 427 4338 2084 4414">
     <span class='ocr_line' id='line_1_77' title="bbox 427 4338 2084 4414; baseline -0.001 -17"><span class='ocrx_word' id='word_1_548' title='bbox 427 4340 682 4414; x_wconf 88' lang='lat' dir='ltr'><strong>Spiritus</strong></span> <span class='ocrx_word' id='word_1_549' title='bbox 713 4343 954 4396; x_wconf 90' lang='lat' dir='ltr'><strong>sanctus</strong></span> <span class='ocrx_word' id='word_1_550' title='bbox 979 4357 1082 4413; x_wconf 92' lang='lat' dir='ltr'><strong>per</strong></span> <span class='ocrx_word' id='word_1_551' title='bbox 1123 4338 1498 4395; x_wconf 79' lang='lat' dir='ltr'><strong>Psalmistam</strong></span> <span class='ocrx_word' id='word_1_552' title='bbox 1549 4338 1632 4394; x_wconf 89' lang='lat' dir='ltr'><strong>ait</strong></span> <span class='ocrx_word' id='word_1_553' title='bbox 1662 4356 1676 4394; x_wconf 92' lang='lat'><strong>:</strong></span> <span class='ocrx_word' id='word_1_554' title='bbox 1711 4339 1848 4394; x_wconf 86' lang='lat' dir='ltr'><strong>Cum</strong></span> <span class='ocrx_word' id='word_1_555' title='bbox 1897 4342 2084 4395; x_wconf 85' lang='lat' dir='ltr'><strong>sancto</strong></span> 
     </span>
    </p>
   </div>
   <div class='ocr_carea' id='block_1_78' title="bbox 351 4428 2087 4496">
    <p class='ocr_par' dir='ltr' id='par_1_78' title="bbox 351 4428 2087 4496">
     <span class='ocr_line' id='line_1_78' title="bbox 351 4428 2087 4496; baseline -0.002 -10"><span class='ocrx_word' id='word_1_556' title='bbox 351 4453 362 4465; x_wconf 94' lang='lat'><strong><em>-</em></strong></span> <span class='ocrx_word' id='word_1_557' title='bbox 425 4433 645 4486; x_wconf 85' lang='lat' dir='ltr'><strong>sanctus</strong></span> <span class='ocrx_word' id='word_1_558' title='bbox 683 4430 815 4492; x_wconf 85' lang='lat' dir='ltr'><strong>eris,</strong></span> <span class='ocrx_word' id='word_1_559' title='bbox 846 4432 895 4484; x_wconf 88' lang='lat' dir='ltr'><strong>et</strong></span> <span class='ocrx_word' id='word_1_560' title='bbox 923 4446 1047 4485; x_wconf 84' lang='lat' dir='ltr'><strong>cum</strong></span> <span class='ocrx_word' id='word_1_561' title='bbox 1075 4429 1193 4484; x_wconf 87' lang='lat' dir='ltr'><strong>viro</strong></span> <span class='ocrx_word' id='word_1_562' title='bbox 1224 4429 1510 4484; x_wconf 86' lang='lat' dir='ltr'><strong>innocente</strong></span> <span class='ocrx_word' id='word_1_563' title='bbox 1562 4429 1822 4484; x_wconf 74' lang='lat' dir='ltr'><strong>innocens</strong></span> <span class='ocrx_word' id='word_1_564' title='bbox 1871 4428 2002 4496; x_wconf 85' lang='lat' dir='ltr'><strong>eris,</strong></span> <span class='ocrx_word' id='word_1_565' title='bbox 2034 4431 2087 4482; x_wconf 87' lang='lat' dir='ltr'><strong>et</strong></span> 
     </span>
    </p>
   </div>
   <div class='ocr_carea' id='block_1_79' title="bbox 2187 3269 3858 3342">
    <p class='ocr_par' dir='ltr' id='par_1_79' title="bbox 2187 3269 3858 3342">
     <span class='ocr_line' id='line_1_79' title="bbox 2187 3269 3858 3342; baseline 0.001 -13"><span class='ocrx_word' id='word_1_566' title='bbox 2187 3270 2407 3329; x_wconf 76' lang='lat' dir='ltr'><strong>ciebant</strong></span> <span class='ocrx_word' id='word_1_567' title='bbox 2438 3271 2511 3342; x_wconf 85' lang='lat' dir='ltr'><strong>(Il</strong></span> <span class='ocrx_word' id='word_1_568' title='bbox 2535 3271 2682 3326; x_wconf 88' lang='lat' dir='ltr'><strong>Petr.</strong></span> <span class='ocrx_word' id='word_1_569' title='bbox 2711 3269 2797 3341; x_wconf 82' lang='grc' dir='ltr'><strong>ιι).</strong></span> <span class='ocrx_word' id='word_1_570' title='bbox 2830 3269 2948 3326; x_wconf 90' lang='lat' dir='ltr'><strong>Nec</strong></span> <span class='ocrx_word' id='word_1_571' title='bbox 2978 3271 3050 3326; x_wconf 88' lang='lat' dir='ltr'><strong>de</strong></span> <span class='ocrx_word' id='word_1_572' title='bbox 3089 3269 3232 3326; x_wconf 89' lang='lat' dir='ltr'><strong>solis</strong></span> <span class='ocrx_word' id='word_1_573' title='bbox 3281 3272 3620 3342; x_wconf 88' lang='lat' dir='ltr'><strong>monachis,</strong></span> <span class='ocrx_word' id='word_1_574' title='bbox 3652 3291 3858 3330; x_wconf 89' lang='lat' dir='ltr'><strong>verum</strong></span> 
     </span>
    </p>
   </div>
   <div class='ocr_carea' id='block_1_80' title="bbox 2189 3359 3861 3436">
    <p class='ocr_par' dir='ltr' id='par_1_80' title="bbox 2189 3359 3861 3436">
     <span class='ocr_line' id='line_1_80' title="bbox 2189 3359 3861 3436; baseline 0.001 -20"><span class='ocrx_word' id='word_1_575' title='bbox 2189 3360 2364 3417; x_wconf 88' lang='lat' dir='ltr'><strong>etiam</strong></span> <span class='ocrx_word' id='word_1_576' title='bbox 2393 3359 2744 3433; x_wconf 86' lang='lat' dir='ltr'><strong>generaliter</strong></span> <span class='ocrx_word' id='word_1_577' title='bbox 2771 3359 2844 3414; x_wconf 91' lang='lat' dir='ltr'><strong>de</strong></span> <span class='ocrx_word' id='word_1_578' title='bbox 2874 3359 3152 3416; x_wconf 90' lang='lat' dir='ltr'><strong>omnibus</strong></span> <span class='ocrx_word' id='word_1_579' title='bbox 3174 3359 3552 3430; x_wconf 87' lang='lat' dir='ltr'><strong>Christianis,</strong></span> <span class='ocrx_word' id='word_1_580' title='bbox 3589 3363 3696 3436; x_wconf 88' lang='lat' dir='ltr'><strong>qui</strong></span> <span class='ocrx_word' id='word_1_581' title='bbox 3725 3361 3861 3420; x_wconf 87' lang='lat' dir='ltr'><strong>boni</strong></span> 
     </span>
    </p>
   </div>
   <div class='ocr_carea' id='block_1_81' title="bbox 2190 3447 3860 3517">
    <p class='ocr_par' dir='ltr' id='par_1_81' title="bbox 2190 3447 3860 3517">
     <span class='ocr_line' id='line_1_81' title="bbox 2190 3447 3860 3517; baseline 0.002 -12"><span class='ocrx_word' id='word_1_582' title='bbox 2190 3449 2344 3505; x_wconf 89' lang='lat' dir='ltr'><strong>inter</strong></span> <span class='ocrx_word' id='word_1_583' title='bbox 2371 3447 2559 3504; x_wconf 90' lang='lat' dir='ltr'><strong>malos</strong></span> <span class='ocrx_word' id='word_1_584' title='bbox 2575 3451 3014 3517; x_wconf 88' lang='lat' dir='ltr'><strong>conversantur,</strong></span> <span class='ocrx_word' id='word_1_585' title='bbox 3033 3447 3156 3504; x_wconf 67' lang='lat' dir='ltr'><strong>haec</strong></span> <span class='ocrx_word' id='word_1_586' title='bbox 3177 3448 3335 3504; x_wconf 89' lang='lat' dir='ltr'><strong>dicta</strong></span> <span class='ocrx_word' id='word_1_587' title='bbox 3350 3455 3514 3505; x_wconf 86' lang='lat' dir='ltr'><strong>sunt.</strong></span> <span class='ocrx_word' id='word_1_588' title='bbox 3542 3451 3621 3508; x_wconf 87' lang='lat' dir='ltr'><strong>De</strong></span> <span class='ocrx_word' id='word_1_589' title='bbox 3641 3451 3860 3508; x_wconf 83' lang='lat' dir='ltr'><strong>talibus</strong></span> 
     </span>
    </p>
   </div>
   <div class='ocr_carea' id='block_1_82' title="bbox 2190 3535 3860 3608">
    <p class='ocr_par' dir='ltr' id='par_1_82' title="bbox 2190 3535 3860 3608">
     <span class='ocr_line' id='line_1_82' title="bbox 2190 3535 3860 3608; baseline 0.002 -14"><span class='ocrx_word' id='word_1_590' title='bbox 2190 3537 2330 3594; x_wconf 87' lang='lat' dir='ltr'><strong>item</strong></span> <span class='ocrx_word' id='word_1_591' title='bbox 2371 3535 2588 3592; x_wconf 86' lang='lat' dir='ltr'><strong>Paulus</strong></span> <span class='ocrx_word' id='word_1_592' title='bbox 2637 3535 2709 3592; x_wconf 88' lang='lat' dir='ltr'><strong>ad</strong></span> <span class='ocrx_word' id='word_1_593' title='bbox 2762 3535 3085 3608; x_wconf 89' lang='lat' dir='ltr'><strong>discipulos</strong></span> <span class='ocrx_word' id='word_1_594' title='bbox 3118 3537 3238 3592; x_wconf 90' lang='lat' dir='ltr'><strong>ait:</strong></span> <span class='ocrx_word' id='word_1_595' title='bbox 3271 3538 3334 3592; x_wconf 86' lang='lat' dir='ltr'><strong>In</strong></span> <span class='ocrx_word' id='word_1_596' title='bbox 3375 3538 3561 3596; x_wconf 83' lang='lat' dir='ltr'><strong>medio</strong></span> <span class='ocrx_word' id='word_1_597' title='bbox 3613 3542 3860 3597; x_wconf 76' lang='lat' dir='ltr'><strong>nationis</strong></span> 
     </span>
    </p>
   </div>
   <div class='ocr_carea' id='block_1_83' title="bbox 2185 3626 3860 3698">
    <p class='ocr_par' dir='ltr' id='par_1_83' title="bbox 2185 3626 3860 3698">
     <span class='ocr_line' id='line_1_83' title="bbox 2185 3626 3860 3698; baseline 0.002 -17"><span class='ocrx_word' id='word_1_598' title='bbox 2185 3639 2378 3698; x_wconf 61' lang='lat' dir='ltr'><strong>prava?</strong></span> <span class='ocrx_word' id='word_1_599' title='bbox 2405 3629 2458 3681; x_wconf 87' lang='lat' dir='ltr'><strong>et</strong></span> <span class='ocrx_word' id='word_1_600' title='bbox 2480 3640 2766 3696; x_wconf 75' lang='lat' dir='ltr'><strong>perversae,</strong></span> <span class='ocrx_word' id='word_1_601' title='bbox 2807 3626 2956 3678; x_wconf 84' lang='lat' dir='ltr'><strong>inter</strong></span> <span class='ocrx_word' id='word_1_602' title='bbox 2983 3640 3115 3696; x_wconf 86' lang='lat' dir='ltr'><strong>quos</strong></span> <span class='ocrx_word' id='word_1_603' title='bbox 3151 3626 3342 3682; x_wconf 77' lang='lat' dir='ltr'><strong>lucetis</strong></span> <span class='ocrx_word' id='word_1_604' title='bbox 3371 3628 3516 3683; x_wconf 86' lang='lat' dir='ltr'><strong>sicut</strong></span> <span class='ocrx_word' id='word_1_605' title='bbox 3550 3629 3860 3685; x_wconf 76' lang='lat' dir='ltr'><strong>luminaria</strong></span> 
     </span>
    </p>
   </div>
   <div class='ocr_carea' id='block_1_84' title="bbox 2189 3712 3859 3790">
    <p class='ocr_par' dir='ltr' id='par_1_84' title="bbox 2189 3712 3859 3790">
     <span class='ocr_line' id='line_1_84' title="bbox 2189 3712 3859 3790; baseline 0.002 -20"><span class='ocrx_word' id='word_1_606' title='bbox 2189 3717 2252 3771; x_wconf 82' lang='lat' dir='ltr'><strong>in.</strong></span> <span class='ocrx_word' id='word_1_607' title='bbox 2277 3713 2482 3770; x_wconf 84' lang='lat' dir='ltr'><strong>mundo</strong></span> <span class='ocrx_word' id='word_1_608' title='bbox 2511 3713 2737 3785; x_wconf 84' lang='lat' dir='ltr'><strong>(Philip.</strong></span> <span class='ocrx_word' id='word_1_609' title='bbox 2768 3715 2854 3782; x_wconf 83' lang='grc' dir='ltr'><strong>ιι).</strong></span> <span class='ocrx_word' id='word_1_610' title='bbox 2886 3712 3031 3768; x_wconf 90' lang='lat' dir='ltr'><strong>Hinc</strong></span> <span class='ocrx_word' id='word_1_611' title='bbox 3066 3713 3324 3772; x_wconf 86' lang='lat' dir='ltr'><strong>Joannes</strong></span> <span class='ocrx_word' id='word_1_612' title='bbox 3353 3715 3634 3790; x_wconf 82' lang='lat' dir='ltr'><strong>Pergami</strong></span> <span class='ocrx_word' id='word_1_613' title='bbox 3667 3717 3859 3774; x_wconf 80' lang='lat' dir='ltr'><strong>Eccle-</strong></span> 
     </span>
    </p>
   </div>
   <div class='ocr_carea' id='block_1_85' title="bbox 2191 3801 3858 3875">
    <p class='ocr_par' dir='ltr' id='par_1_85' title="bbox 2191 3801 3858 3875">
     <span class='ocr_line' id='line_1_85' title="bbox 2191 3801 3858 3875; baseline 0.001 -14"><span class='ocrx_word' id='word_1_614' title='bbox 2191 3805 2290 3861; x_wconf 63' lang='lat' dir='ltr'><strong>sia</strong></span> <span class='ocrx_word' id='word_1_615' title='bbox 2315 3821 2328 3858; x_wconf 93' lang='lat'><strong>:</strong></span> <span class='ocrx_word' id='word_1_616' title='bbox 2365 3803 2506 3870; x_wconf 88' lang='lat' dir='ltr'><strong>Scio,</strong></span> <span class='ocrx_word' id='word_1_617' title='bbox 2538 3801 2752 3875; x_wconf 87' lang='lat' dir='ltr'><strong>inquit,</strong></span> <span class='ocrx_word' id='word_1_618' title='bbox 2788 3803 2886 3858; x_wconf 89' lang='lat' dir='ltr'><strong>ubi</strong></span> <span class='ocrx_word' id='word_1_619' title='bbox 2927 3801 3168 3870; x_wconf 84' lang='lat' dir='ltr'><strong>habitas,</strong></span> <span class='ocrx_word' id='word_1_620' title='bbox 3199 3804 3300 3860; x_wconf 87' lang='lat' dir='ltr'><strong>ubi</strong></span> <span class='ocrx_word' id='word_1_621' title='bbox 3325 3804 3476 3860; x_wconf 80' lang='lat' dir='ltr'><strong>sedes</strong></span> <span class='ocrx_word' id='word_1_622' title='bbox 3505 3810 3589 3861; x_wconf 86' lang='lat' dir='ltr'><strong>est</strong></span> <span class='ocrx_word' id='word_1_623' title='bbox 3620 3806 3858 3873; x_wconf 68' lang='lat' dir='ltr'><strong>Satanz,</strong></span> 
     </span>
    </p>
   </div>
   <div class='ocr_carea' id='block_1_86' title="bbox 2189 3893 3860 3965">
    <p class='ocr_par' dir='ltr' id='par_1_86' title="bbox 2189 3893 3860 3965">
     <span class='ocr_line' id='line_1_86' title="bbox 2189 3893 3860 3965; baseline 0.001 -15"><span class='ocrx_word' id='word_1_624' title='bbox 2189 3898 2244 3959; x_wconf 80' lang='lat' dir='ltr'><strong>et</strong></span> <span class='ocrx_word' id='word_1_625' title='bbox 2290 3897 2436 3949; x_wconf 69' lang='lat' dir='ltr'><strong>tates</strong></span> <span class='ocrx_word' id='word_1_626' title='bbox 2465 3907 2664 3948; x_wconf 84' lang='lat' dir='ltr'><strong>nomen</strong></span> <span class='ocrx_word' id='word_1_627' title='bbox 2690 3907 2894 3961; x_wconf 86' lang='lat' dir='ltr'><strong>meum,</strong></span> <span class='ocrx_word' id='word_1_628' title='bbox 2935 3895 2987 3948; x_wconf 90' lang='lat' dir='ltr'><strong>et</strong></span> <span class='ocrx_word' id='word_1_629' title='bbox 3037 3907 3150 3948; x_wconf 87' lang='lat' dir='ltr'><strong>non</strong></span> <span class='ocrx_word' id='word_1_630' title='bbox 3195 3896 3410 3965; x_wconf 78' lang='lat' dir='ltr'><strong>negasti</strong></span> <span class='ocrx_word' id='word_1_631' title='bbox 3465 3893 3634 3964; x_wconf 78' lang='lat' dir='ltr'><strong>ﬁdem</strong></span> <span class='ocrx_word' id='word_1_632' title='bbox 3684 3912 3860 3952; x_wconf 70' lang='lat' dir='ltr'><strong>meum</strong></span> 
     </span>
    </p>
   </div>
   <div class='ocr_carea' id='block_1_87' title="bbox 2192 3979 3862 4054">
    <p class='ocr_par' dir='ltr' id='par_1_87' title="bbox 2192 3979 3862 4054">
     <span class='ocr_line' id='line_1_87' title="bbox 2192 3979 3862 4054; baseline 0.001 -14"><span class='ocrx_word' id='word_1_633' title='bbox 2192 3984 2375 4054; x_wconf 82' lang='lat' dir='ltr'><strong>(Apoc.</strong></span> <span class='ocrx_word' id='word_1_634' title='bbox 2420 3984 2506 4051; x_wconf 79' lang='grc' dir='ltr'><strong>ιι).</strong></span> <span class='ocrx_word' id='word_1_635' title='bbox 2538 3981 2707 4054; x_wconf 89' lang='lat' dir='ltr'><strong>Ergo,</strong></span> <span class='ocrx_word' id='word_1_636' title='bbox 2735 3979 2889 4036; x_wconf 91' lang='lat' dir='ltr'><strong>sicut</strong></span> <span class='ocrx_word' id='word_1_637' title='bbox 2918 3980 3235 4054; x_wconf 88' lang='lat' dir='ltr'><strong>Gregorius</strong></span> <span class='ocrx_word' id='word_1_638' title='bbox 3260 3982 3367 4052; x_wconf 87' lang='lat' dir='ltr'><strong>ait,</strong></span> <span class='ocrx_word' id='word_1_639' title='bbox 3398 3983 3597 4040; x_wconf 90' lang='lat' dir='ltr'><strong>bonus</strong></span> <span class='ocrx_word' id='word_1_640' title='bbox 3628 4002 3750 4040; x_wconf 90' lang='lat' dir='ltr'><strong>non</strong></span> <span class='ocrx_word' id='word_1_641' title='bbox 3777 3989 3862 4041; x_wconf 88' lang='lat' dir='ltr'><strong>est</strong></span> 
     </span>
    </p>
   </div>
   <div class='ocr_carea' id='block_1_88' title="bbox 2192 4068 3864 4145">
    <p class='ocr_par' dir='ltr' id='par_1_88' title="bbox 2192 4068 3864 4145">
     <span class='ocr_line' id='line_1_88' title="bbox 2192 4068 3864 4145; baseline 0.001 -17"><span class='ocrx_word' id='word_1_642' title='bbox 2192 4071 2291 4144; x_wconf 92' lang='lat' dir='ltr'><strong>qui</strong></span> <span class='ocrx_word' id='word_1_643' title='bbox 2317 4069 2502 4126; x_wconf 88' lang='lat' dir='ltr'><strong>malos</strong></span> <span class='ocrx_word' id='word_1_644' title='bbox 2522 4068 2768 4126; x_wconf 87' lang='lat' dir='ltr'><strong>tolerare</strong></span> <span class='ocrx_word' id='word_1_645' title='bbox 2789 4073 3038 4126; x_wconf 86' lang='lat' dir='ltr'><strong>recusat.</strong></span> <span class='ocrx_word' id='word_1_646' title='bbox 3059 4069 3127 4124; x_wconf 88' lang='lat' dir='ltr'><strong>Et</strong></span> <span class='ocrx_word' id='word_1_647' title='bbox 3145 4073 3314 4126; x_wconf 88' lang='lat' dir='ltr'><strong>tanto</strong></span> <span class='ocrx_word' id='word_1_648' title='bbox 3338 4071 3529 4145; x_wconf 86' lang='lat' dir='ltr'><strong>magis</strong></span> <span class='ocrx_word' id='word_1_649' title='bbox 3554 4072 3700 4130; x_wconf 78' lang='lat' dir='ltr'><strong>mali</strong></span> <span class='ocrx_word' id='word_1_650' title='bbox 3719 4073 3864 4130; x_wconf 85' lang='lat' dir='ltr'><strong>tole-</strong></span> 
     </span>
    </p>
   </div>
   <div class='ocr_carea' id='block_1_89' title="bbox 2194 4155 3863 4236">
    <p class='ocr_par' dir='ltr' id='par_1_89' title="bbox 2194 4155 3863 4236">
     <span class='ocr_line' id='line_1_89' title="bbox 2194 4155 3863 4236; baseline 0.002 -20"><span class='ocrx_word' id='word_1_651' title='bbox 2194 4159 2362 4216; x_wconf 86' lang='lat' dir='ltr'><strong>randi</strong></span> <span class='ocrx_word' id='word_1_652' title='bbox 2393 4161 2556 4224; x_wconf 89' lang='lat' dir='ltr'><strong>sunt,</strong></span> <span class='ocrx_word' id='word_1_653' title='bbox 2579 4161 2800 4229; x_wconf 89' lang='lat' dir='ltr'><strong>quanto</strong></span> <span class='ocrx_word' id='word_1_654' title='bbox 2827 4160 2884 4214; x_wconf 90' lang='lat' dir='ltr'><strong>et</strong></span> <span class='ocrx_word' id='word_1_655' title='bbox 2904 4155 3160 4230; x_wconf 89' lang='lat' dir='ltr'><strong>amplius</strong></span> <span class='ocrx_word' id='word_1_656' title='bbox 3181 4159 3510 4216; x_wconf 88' lang='lat' dir='ltr'><strong>abundant.</strong></span> <span class='ocrx_word' id='word_1_657' title='bbox 3537 4161 3863 4236; x_wconf 80' lang='lat' dir='ltr'><strong>Regulares</strong></span> 
     </span>
    </p>
   </div>
   <div class='ocr_carea' id='block_1_90' title="bbox 2194 4245 3861 4320">
    <p class='ocr_par' dir='ltr' id='par_1_90' title="bbox 2194 4245 3861 4320">
     <span class='ocr_line' id='line_1_90' title="bbox 2194 4245 3861 4320; baseline 0.002 -15"><span class='ocrx_word' id='word_1_658' title='bbox 2194 4253 2390 4306; x_wconf 89' lang='lat' dir='ltr'><strong>autem</strong></span> <span class='ocrx_word' id='word_1_659' title='bbox 2421 4245 2740 4304; x_wconf 89' lang='lat' dir='ltr'><strong>monachos</strong></span> <span class='ocrx_word' id='word_1_660' title='bbox 2756 4245 3030 4316; x_wconf 90' lang='lat' dir='ltr'><strong>dicimus,</strong></span> <span class='ocrx_word' id='word_1_661' title='bbox 3053 4247 3154 4318; x_wconf 90' lang='lat' dir='ltr'><strong>qui</strong></span> <span class='ocrx_word' id='word_1_662' title='bbox 3187 4247 3401 4306; x_wconf 87' lang='lat' dir='ltr'><strong>illicita</strong></span> <span class='ocrx_word' id='word_1_663' title='bbox 3422 4249 3716 4320; x_wconf 87' lang='lat' dir='ltr'><strong>nolentes,</strong></span> <span class='ocrx_word' id='word_1_664' title='bbox 3745 4269 3861 4309; x_wconf 89' lang='lat' dir='ltr'><strong>non</strong></span> 
     </span>
    </p>
   </div>
   <div class='ocr_carea' id='block_1_91' title="bbox 2194 4334 3866 4410">
    <p class='ocr_par' dir='ltr' id='par_1_91' title="bbox 2194 4334 3866 4410">
     <span class='ocr_line' id='line_1_91' title="bbox 2194 4334 3866 4410; baseline 0.001 -14"><span class='ocrx_word' id='word_1_665' title='bbox 2194 4355 2302 4396; x_wconf 87' lang='lat' dir='ltr'><strong>suo</strong></span> <span class='ocrx_word' id='word_1_666' title='bbox 2334 4337 2435 4394; x_wconf 89' lang='lat' dir='ltr'><strong>sed</strong></span> <span class='ocrx_word' id='word_1_667' title='bbox 2451 4335 2641 4394; x_wconf 92' lang='lat' dir='ltr'><strong>alieno</strong></span> <span class='ocrx_word' id='word_1_668' title='bbox 2662 4334 2908 4408; x_wconf 88' lang='lat' dir='ltr'><strong>imperio</strong></span> <span class='ocrx_word' id='word_1_669' title='bbox 2933 4335 3165 4406; x_wconf 90' lang='lat' dir='ltr'><strong>vivunt;</strong></span> <span class='ocrx_word' id='word_1_670' title='bbox 3191 4339 3416 4410; x_wconf 89' lang='lat' dir='ltr'><strong>quibus</strong></span> <span class='ocrx_word' id='word_1_671' title='bbox 3439 4340 3643 4396; x_wconf 86' lang='lat' dir='ltr'><strong>omnia</strong></span> <span class='ocrx_word' id='word_1_672' title='bbox 3662 4341 3728 4396; x_wconf 87' lang='lat' dir='ltr'><strong>in</strong></span> <span class='ocrx_word' id='word_1_673' title='bbox 3747 4358 3866 4398; x_wconf 69' lang='lat' dir='ltr'><strong>me-</strong></span> 
     </span>
    </p>
   </div>
   <div class='ocr_carea' id='block_1_92' title="bbox 2195 4425 3864 4502">
    <p class='ocr_par' dir='ltr' id='par_1_92' title="bbox 2195 4425 3864 4502">
     <span class='ocr_line' id='line_1_92' title="bbox 2195 4425 3864 4502; baseline 0.001 -18"><span class='ocrx_word' id='word_1_674' title='bbox 2195 4427 2361 4484; x_wconf 91' lang='lat' dir='ltr'><strong>dium</strong></span> <span class='ocrx_word' id='word_1_675' title='bbox 2410 4427 2792 4482; x_wconf 87' lang='lat' dir='ltr'><strong>conferuntur</strong></span> <span class='ocrx_word' id='word_1_676' title='bbox 2837 4425 3192 4496; x_wconf 89' lang='lat' dir='ltr'><strong>communia,</strong></span> <span class='ocrx_word' id='word_1_677' title='bbox 3237 4445 3347 4485; x_wconf 91' lang='lat' dir='ltr'><strong>nec</strong></span> <span class='ocrx_word' id='word_1_678' title='bbox 3377 4427 3606 4502; x_wconf 88' lang='lat' dir='ltr'><strong>aliquid</strong></span> <span class='ocrx_word' id='word_1_679' title='bbox 3635 4429 3864 4488; x_wconf 79' lang='lat' dir='ltr'><strong>habent</strong></span> 
     </span>
    </p>
   </div>
   <div class='ocr_carea' id='block_1_93' title="bbox 425 4513 3860 4605">
    <p class='ocr_par' dir='ltr' id='par_1_93' title="bbox 425 4513 3860 4605">
     <span class='ocr_line' id='line_1_93' title="bbox 425 4513 3860 4605; baseline -0 -29"><span class='ocrx_word' id='word_1_680' title='bbox 425 4535 552 4576; x_wconf 86' lang='lat' dir='ltr'><strong>cum</strong></span> <span class='ocrx_word' id='word_1_681' title='bbox 579 4519 742 4574; x_wconf 87' lang='lat' dir='ltr'><strong>electo</strong></span> <span class='ocrx_word' id='word_1_682' title='bbox 772 4518 969 4574; x_wconf 82' lang='lat' dir='ltr'><strong>electus</strong></span> <span class='ocrx_word' id='word_1_683' title='bbox 999 4519 1130 4584; x_wconf 87' lang='lat' dir='ltr'><strong>eris,</strong></span> <span class='ocrx_word' id='word_1_684' title='bbox 1161 4534 1282 4573; x_wconf 75' lang='lat' dir='ltr'><strong>cum</strong></span> <span class='ocrx_word' id='word_1_685' title='bbox 1309 4532 1626 4590; x_wconf 85' lang='lat' dir='ltr'><strong>perversero</strong></span> <span class='ocrx_word' id='word_1_686' title='bbox 1653 4520 1840 4605; x_wconf 81' lang='lat' dir='ltr'><strong>autem</strong></span> <span class='ocrx_word' id='word_1_687' title='bbox 1862 4531 2084 4588; x_wconf 86' lang='lat' dir='ltr'><strong>perver-</strong></span> <span class='ocrx_word' id='word_1_688' title='bbox 2116 4539 2163 4605; x_wconf 72' lang='grc' dir='ltr'><strong>Ι)</strong></span> <span class='ocrx_word' id='word_1_689' title='bbox 2195 4517 2352 4590; x_wconf 89' lang='lat' dir='ltr'><strong>quod</strong></span> <span class='ocrx_word' id='word_1_690' title='bbox 2373 4515 2555 4572; x_wconf 90' lang='lat' dir='ltr'><strong>abbas</strong></span> <span class='ocrx_word' id='word_1_691' title='bbox 2569 4532 2680 4605; x_wconf 88' lang='lat' dir='ltr'><strong>non</strong></span> <span class='ocrx_word' id='word_1_692' title='bbox 2698 4513 3034 4605; x_wconf 75' lang='lat' dir='ltr'><strong>dederitaut</strong></span> <span class='ocrx_word' id='word_1_693' title='bbox 3046 4516 3614 4587; x_wconf 85' lang='lat' dir='ltr'><strong>permiserit.Potest</strong></span> <span class='ocrx_word' id='word_1_694' title='bbox 3633 4524 3860 4588; x_wconf 85' lang='lat' dir='ltr'><strong>autem,</strong></span> 
     </span>
    </p>
   </div>
   <div class='ocr_carea' id='block_1_94' title="bbox 432 4604 2087 4679">
    <p class='ocr_par' dir='ltr' id='par_1_94' title="bbox 432 4604 2087 4679">
     <span class='ocr_line' id='line_1_94' title="bbox 432 4604 2087 4679; baseline -0.001 -16"><span class='ocrx_word' id='word_1_695' title='bbox 432 4607 752 4679; x_wconf 80' lang='lat' dir='ltr'><strong>teris(Psal.</strong></span> <span class='ocrx_word' id='word_1_696' title='bbox 786 4609 946 4676; x_wconf 84' lang='lat' dir='ltr'><strong>xvu).</strong></span> <span class='ocrx_word' id='word_1_697' title='bbox 979 4607 1046 4662; x_wconf 87' lang='lat' dir='ltr'><strong>Et</strong></span> <span class='ocrx_word' id='word_1_698' title='bbox 1075 4623 1314 4662; x_wconf 81' lang='lat' dir='ltr'><strong>rursum</strong></span> <span class='ocrx_word' id='word_1_699' title='bbox 1343 4605 1684 4679; x_wconf 85' lang='lat' dir='ltr'><strong>Apostolus:</strong></span> <span class='ocrx_word' id='word_1_700' title='bbox 1721 4604 2087 4678; x_wconf 84' lang='lat' dir='ltr'><strong>Corrumpunt</strong></span> 
     </span>
    </p>
   </div>
   <div class='ocr_carea' id='block_1_95' title="bbox 433 4694 2089 4768">
    <p class='ocr_par' dir='ltr' id='par_1_95' title="bbox 433 4694 2089 4768">
     <span class='ocr_line' id='line_1_95' title="bbox 433 4694 2089 4768; baseline -0.002 -13"><span class='ocrx_word' id='word_1_701' title='bbox 433 4713 611 4757; x_wconf 83' lang='lat' dir='ltr'><strong>mores</strong></span> <span class='ocrx_word' id='word_1_702' title='bbox 670 4696 832 4753; x_wconf 88' lang='lat' dir='ltr'><strong>bonos</strong></span> <span class='ocrx_word' id='word_1_703' title='bbox 883 4696 1156 4768; x_wconf 85' lang='lat' dir='ltr'><strong>colloquia</strong></span> <span class='ocrx_word' id='word_1_704' title='bbox 1211 4697 1364 4751; x_wconf 83' lang='lat' dir='ltr'><strong>mala</strong></span> <span class='ocrx_word' id='word_1_705' title='bbox 1420 4697 1470 4768; x_wconf 83' lang='grc' dir='ltr'><strong>(Ι</strong></span> <span class='ocrx_word' id='word_1_706' title='bbox 1521 4695 1640 4751; x_wconf 86' lang='lat' dir='ltr'><strong>Cor.</strong></span> <span class='ocrx_word' id='word_1_707' title='bbox 1699 4694 1815 4766; x_wconf 89' lang='lat' dir='ltr'><strong>xv).</strong></span> <span class='ocrx_word' id='word_1_708' title='bbox 1863 4695 2089 4752; x_wconf 82' lang='lat' dir='ltr'><strong>Rursus</strong></span> 
     </span>
    </p>
   </div>
   <div class='ocr_carea' id='block_1_96' title="bbox 431 4783 2090 4859">
    <p class='ocr_par' dir='ltr' id='par_1_96' title="bbox 431 4783 2090 4859">
     <span class='ocr_line' id='line_1_96' title="bbox 431 4783 2090 4859; baseline -0.001 -17"><span class='ocrx_word' id='word_1_709' title='bbox 431 4785 737 4859; x_wconf 65' lang='lat' dir='ltr'><strong>Scriptura</strong></span> <span class='ocrx_word' id='word_1_710' title='bbox 765 4783 846 4842; x_wconf 90' lang='lat' dir='ltr'><strong>ait</strong></span> <span class='ocrx_word' id='word_1_711' title='bbox 877 4785 1008 4854; x_wconf 83' lang='lat' dir='ltr'><strong>:Qui</strong></span> <span class='ocrx_word' id='word_1_712' title='bbox 1033 4785 1273 4856; x_wconf 83' lang='lat' dir='ltr'><strong>tetigerit</strong></span> <span class='ocrx_word' id='word_1_713' title='bbox 1311 4785 1508 4856; x_wconf 82' lang='lat' dir='ltr'><strong>picem,</strong></span> <span class='ocrx_word' id='word_1_714' title='bbox 1582 4783 1968 4856; x_wconf 84' lang='lat' dir='ltr'><strong>inquinabitur</strong></span> <span class='ocrx_word' id='word_1_715' title='bbox 2021 4784 2090 4840; x_wconf 88' lang='lat' dir='ltr'><strong>ab</strong></span> 
     </span>
    </p>
   </div>
   <div class='ocr_carea' id='block_1_97' title="bbox 432 4873 2094 4949">
    <p class='ocr_par' dir='ltr' id='par_1_97' title="bbox 432 4873 2094 4949">
     <span class='ocr_line' id='line_1_97' title="bbox 432 4873 2094 4949; baseline -0.001 -17"><span class='ocrx_word' id='word_1_716' title='bbox 432 4893 540 4943; x_wconf 85' lang='lat' dir='ltr'><strong>ea;</strong></span> <span class='ocrx_word' id='word_1_717' title='bbox 573 4881 622 4932; x_wconf 83' lang='lat' dir='ltr'><strong>et</strong></span> <span class='ocrx_word' id='word_1_718' title='bbox 648 4877 746 4949; x_wconf 88' lang='lat' dir='ltr'><strong>qui</strong></span> <span class='ocrx_word' id='word_1_719' title='bbox 773 4875 1257 4931; x_wconf 84' lang='lat' dir='ltr'><strong>communicaverit</strong></span> <span class='ocrx_word' id='word_1_720' title='bbox 1283 4873 1532 4946; x_wconf 75' lang='lat' dir='ltr'><strong>superbo,</strong></span> <span class='ocrx_word' id='word_1_721' title='bbox 1563 4873 1752 4929; x_wconf 81' lang='lat' dir='ltr'><strong>induet</strong></span> <span class='ocrx_word' id='word_1_722' title='bbox 1778 4875 2094 4945; x_wconf 81' lang='lat' dir='ltr'><strong>superbiam</strong></span> 
     </span>
    </p>
   </div>
   <div class='ocr_carea' id='block_1_98' title="bbox 431 4961 2092 5038">
    <p class='ocr_par' dir='ltr' id='par_1_98' title="bbox 431 4961 2092 5038">
     <span class='ocr_line' id='line_1_98' title="bbox 431 4961 2092 5038; baseline -0.001 -19"><span class='ocrx_word' id='word_1_723' title='bbox 431 4965 614 5037; x_wconf 86' lang='lat' dir='ltr'><strong>(Eccli.</strong></span> <span class='ocrx_word' id='word_1_724' title='bbox 648 4965 948 5038; x_wconf 86' lang='lat' dir='ltr'><strong>xm).Nam</strong></span> <span class='ocrx_word' id='word_1_725' title='bbox 981 4963 1029 5020; x_wconf 91' lang='lat' dir='ltr'><strong>si</strong></span> <span class='ocrx_word' id='word_1_726' title='bbox 1061 4962 1254 5018; x_wconf 89' lang='lat' dir='ltr'><strong>lilium</strong></span> <span class='ocrx_word' id='word_1_727' title='bbox 1283 4961 1436 5019; x_wconf 87' lang='lat' dir='ltr'><strong>inter</strong></span> <span class='ocrx_word' id='word_1_728' title='bbox 1465 4961 1664 5035; x_wconf 90' lang='lat' dir='ltr'><strong>spinas</strong></span> <span class='ocrx_word' id='word_1_729' title='bbox 1695 4961 1868 5031; x_wconf 90' lang='lat' dir='ltr'><strong>lucet,</strong></span> <span class='ocrx_word' id='word_1_730' title='bbox 1895 4965 2092 5020; x_wconf 87' lang='lat' dir='ltr'><strong>tamen</strong></span> 
     </span>
    </p>
   </div>
   <div class='ocr_carea' id='block_1_99' title="bbox 432 5051 2094 5128">
    <p class='ocr_par' dir='ltr' id='par_1_99' title="bbox 432 5051 2094 5128">
     <span class='ocr_line' id='line_1_99' title="bbox 432 5051 2094 5128; baseline 0.002 -22"><span class='ocrx_word' id='word_1_731' title='bbox 432 5059 710 5124; x_wconf 86' lang='lat' dir='ltr'><strong>gravatur</strong></span> <span class='ocrx_word' id='word_1_732' title='bbox 740 5073 774 5111; x_wconf 89' lang='lat' dir='ltr'><strong>a</strong></span> <span class='ocrx_word' id='word_1_733' title='bbox 807 5054 996 5128; x_wconf 78' lang='lat' dir='ltr'><strong>Spinis</strong></span> <span class='ocrx_word' id='word_1_734' title='bbox 1029 5057 1083 5110; x_wconf 91' lang='lat' dir='ltr'><strong>et</strong></span> <span class='ocrx_word' id='word_1_735' title='bbox 1113 5051 1427 5126; x_wconf 86' lang='lat' dir='ltr'><strong>gloriosius</strong></span> <span class='ocrx_word' id='word_1_736' title='bbox 1459 5051 1833 5108; x_wconf 80' lang='lat' dir='ltr'><strong>crcscitinter</strong></span> <span class='ocrx_word' id='word_1_737' title='bbox 1861 5068 2094 5109; x_wconf 70' lang='lat' dir='ltr'><strong>ammna</strong></span> 
     </span>
    </p>
   </div>
   <div class='ocr_carea' id='block_1_100' title="bbox 433 5139 2086 5216">
    <p class='ocr_par' dir='ltr' id='par_1_100' title="bbox 433 5139 2086 5216">
     <span class='ocr_line' id='line_1_100' title="bbox 433 5139 2086 5216; baseline 0.002 -22"><span class='ocrx_word' id='word_1_738' title='bbox 433 5157 610 5212; x_wconf 90' lang='lat' dir='ltr'><strong>quam</strong></span> <span class='ocrx_word' id='word_1_739' title='bbox 645 5143 797 5200; x_wconf 84' lang='lat' dir='ltr'><strong>inter</strong></span> <span class='ocrx_word' id='word_1_740' title='bbox 828 5143 1075 5216; x_wconf 85' lang='lat' dir='ltr'><strong>spineta.</strong></span> <span class='ocrx_word' id='word_1_741' title='bbox 1107 5142 1252 5198; x_wconf 87' lang='lat' dir='ltr'><strong>Nam</strong></span> <span class='ocrx_word' id='word_1_742' title='bbox 1284 5146 1341 5198; x_wconf 89' lang='lat' dir='ltr'><strong>et</strong></span> <span class='ocrx_word' id='word_1_743' title='bbox 1371 5141 1493 5214; x_wconf 73' lang='lat' dir='ltr'><strong>ipse</strong></span> <span class='ocrx_word' id='word_1_744' title='bbox 1525 5139 2004 5212; x_wconf 66' lang='lat' dir='ltr'><strong>regularisabbas</strong></span> <span class='ocrx_word' id='word_1_745' title='bbox 2037 5141 2086 5199; x_wconf 90' lang='lat' dir='ltr'><strong>si</strong></span> 
     </span>
    </p>
   </div>
   <div class='ocr_carea' id='block_1_101' title="bbox 431 5228 2083 5304">
    <p class='ocr_par' dir='ltr' id='par_1_101' title="bbox 431 5228 2083 5304">
     <span class='ocr_line' id='line_1_101' title="bbox 431 5228 2083 5304; baseline 0.002 -21"><span class='ocrx_word' id='word_1_746' title='bbox 431 5228 738 5302; x_wconf 86' lang='lat' dir='ltr'><strong>contigerit</strong></span> <span class='ocrx_word' id='word_1_747' title='bbox 767 5236 833 5286; x_wconf 90' lang='lat' dir='ltr'><strong>ut</strong></span> <span class='ocrx_word' id='word_1_748' title='bbox 863 5249 1040 5304; x_wconf 89' lang='lat' dir='ltr'><strong>super</strong></span> <span class='ocrx_word' id='word_1_749' title='bbox 1060 5229 1370 5288; x_wconf 78' lang='lat' dir='ltr'><strong>szsculares</strong></span> <span class='ocrx_word' id='word_1_750' title='bbox 1413 5229 1715 5286; x_wconf 59' lang='lat' dir='ltr'><strong>orlinttur</strong></span> <span class='ocrx_word' id='word_1_751' title='bbox 1743 5229 2083 5299; x_wconf 89' lang='lat' dir='ltr'><strong>monachos,</strong></span> 
     </span>
    </p>
   </div>
   <div class='ocr_carea' id='block_1_102' title="bbox 432 5317 2088 5393">
    <p class='ocr_par' dir='ltr' id='par_1_102' title="bbox 432 5317 2088 5393">
     <span class='ocr_line' id='line_1_102' title="bbox 432 5317 2088 5393; baseline 0.002 -21"><span class='ocrx_word' id='word_1_752' title='bbox 432 5332 539 5372; x_wconf 91' lang='lat' dir='ltr'><strong>nec</strong></span> <span class='ocrx_word' id='word_1_753' title='bbox 564 5333 662 5375; x_wconf 91' lang='lat' dir='ltr'><strong>eos</strong></span> <span class='ocrx_word' id='word_1_754' title='bbox 692 5318 766 5374; x_wconf 87' lang='lat' dir='ltr'><strong>ab</strong></span> <span class='ocrx_word' id='word_1_755' title='bbox 797 5317 1018 5377; x_wconf 90' lang='lat' dir='ltr'><strong>illicitis</strong></span> <span class='ocrx_word' id='word_1_756' title='bbox 1048 5321 1302 5393; x_wconf 89' lang='lat' dir='ltr'><strong>potuerit</strong></span> <span class='ocrx_word' id='word_1_757' title='bbox 1335 5319 1772 5386; x_wconf 83' lang='lat' dir='ltr'><strong>deﬂectcrc,nec</strong></span> <span class='ocrx_word' id='word_1_758' title='bbox 1815 5317 2088 5376; x_wconf 87' lang='lat' dir='ltr'><strong>habuerit</strong></span> 
     </span>
    </p>
   </div>
   <div class='ocr_carea' id='block_1_103' title="bbox 429 5405 2082 5485">
    <p class='ocr_par' dir='ltr' id='par_1_103' title="bbox 429 5405 2082 5485">
     <span class='ocr_line' id='line_1_103' title="bbox 429 5405 2082 5485; baseline 0.001 -21"><span class='ocrx_word' id='word_1_759' title='bbox 429 5407 617 5468; x_wconf 85' lang='lat' dir='ltr'><strong>bonos</strong></span> <span class='ocrx_word' id='word_1_760' title='bbox 646 5406 748 5485; x_wconf 85' lang='lat' dir='ltr'><strong>qui</strong></span> <span class='ocrx_word' id='word_1_761' title='bbox 777 5421 913 5464; x_wconf 89' lang='lat' dir='ltr'><strong>eum</strong></span> <span class='ocrx_word' id='word_1_762' title='bbox 943 5409 1220 5482; x_wconf 81' lang='lat' dir='ltr'><strong>adjuvant</strong></span> <span class='ocrx_word' id='word_1_763' title='bbox 1246 5415 1310 5468; x_wconf 94' lang='lat' dir='ltr'><strong>ut</strong></span> <span class='ocrx_word' id='word_1_764' title='bbox 1333 5409 1622 5484; x_wconf 88' lang='lat' dir='ltr'><strong>patienter</strong></span> <span class='ocrx_word' id='word_1_765' title='bbox 1640 5405 1846 5464; x_wconf 90' lang='lat' dir='ltr'><strong>toleret</strong></span> <span class='ocrx_word' id='word_1_766' title='bbox 1874 5408 2082 5479; x_wconf 89' lang='lat' dir='ltr'><strong>malos,</strong></span> 
     </span>
    </p>
   </div>
   <div class='ocr_carea' id='block_1_104' title="bbox 432 5496 2082 5574">
    <p class='ocr_par' dir='ltr' id='par_1_104' title="bbox 432 5496 2082 5574">
     <span class='ocr_line' id='line_1_104' title="bbox 432 5496 2082 5574; baseline 0 -18"><span class='ocrx_word' id='word_1_767' title='bbox 432 5498 620 5556; x_wconf 87' lang='lat' dir='ltr'><strong>satius</strong></span> <span class='ocrx_word' id='word_1_768' title='bbox 652 5501 741 5556; x_wconf 90' lang='lat' dir='ltr'><strong>est</strong></span> <span class='ocrx_word' id='word_1_769' title='bbox 770 5513 868 5556; x_wconf 91' lang='lat' dir='ltr'><strong>eos</strong></span> <span class='ocrx_word' id='word_1_770' title='bbox 899 5498 1322 5574; x_wconf 85' lang='lat' dir='ltr'><strong>derelinquere,</strong></span> <span class='ocrx_word' id='word_1_771' title='bbox 1357 5503 1410 5557; x_wconf 87' lang='lat' dir='ltr'><strong>et</strong></span> <span class='ocrx_word' id='word_1_772' title='bbox 1442 5513 1644 5557; x_wconf 89' lang='lat' dir='ltr'><strong>sccum</strong></span> <span class='ocrx_word' id='word_1_773' title='bbox 1675 5496 1867 5556; x_wconf 90' lang='lat' dir='ltr'><strong>solum</strong></span> <span class='ocrx_word' id='word_1_774' title='bbox 1917 5497 2082 5556; x_wconf 86' lang='lat' dir='ltr'><strong>habi-</strong></span> 
     </span>
    </p>
   </div>
   <div class='ocr_carea' id='block_1_105' title="bbox 425 5585 2083 5682">
    <p class='ocr_par' dir='ltr' id='par_1_105' title="bbox 425 5585 2083 5682">
     <span class='ocr_line' id='line_1_105' title="bbox 425 5585 2083 5682; baseline 0.001 -32"><span class='ocrx_word' id='word_1_775' title='bbox 425 5589 571 5682; x_wconf 69' lang='lat' dir='ltr'><strong>tare,</strong></span> <span class='ocrx_word' id='word_1_776' title='bbox 601 5605 781 5668; x_wconf 83' lang='lat' dir='ltr'><strong>quam</strong></span> <span class='ocrx_word' id='word_1_777' title='bbox 813 5603 1016 5651; x_wconf 81' lang='lat' dir='ltr'><strong>eorum</strong></span> <span class='ocrx_word' id='word_1_778' title='bbox 1043 5585 1426 5664; x_wconf 78' lang='lat' dir='ltr'><strong>iucorrigibili</strong></span> <span class='ocrx_word' id='word_1_779' title='bbox 1459 5585 1856 5665; x_wconf 81' lang='lat' dir='ltr'><strong>mordacitatc,</strong></span> <span class='ocrx_word' id='word_1_780' title='bbox 1889 5587 2083 5652; x_wconf 83' lang='lat' dir='ltr'><strong>cordis</strong></span> 
     </span>
    </p>
   </div>
   <div class='ocr_carea' id='block_1_106' title="bbox 2197 4603 3863 4681">
    <p class='ocr_par' dir='ltr' id='par_1_106' title="bbox 2197 4603 3863 4681">
     <span class='ocr_line' id='line_1_106' title="bbox 2197 4603 3863 4681; baseline 0.002 -19"><span class='ocrx_word' id='word_1_781' title='bbox 2197 4605 2524 4680; x_wconf 90' lang='lat' dir='ltr'><strong>quamlibet</strong></span> <span class='ocrx_word' id='word_1_782' title='bbox 2543 4603 2780 4660; x_wconf 79' lang='lat' dir='ltr'><strong>difficile</strong></span> <span class='ocrx_word' id='word_1_783' title='bbox 2801 4603 3135 4678; x_wconf 87' lang='lat' dir='ltr'><strong>contingere</strong></span> <span class='ocrx_word' id='word_1_784' title='bbox 3157 4606 3370 4678; x_wconf 89' lang='lat' dir='ltr'><strong>possit,</strong></span> <span class='ocrx_word' id='word_1_785' title='bbox 3389 4606 3685 4681; x_wconf 86' lang='lat' dir='ltr'><strong>regularis</strong></span> <span class='ocrx_word' id='word_1_786' title='bbox 3705 4625 3863 4665; x_wconf 87' lang='lat' dir='ltr'><strong>unus</strong></span> 
     </span>
    </p>
   </div>
   <div class='ocr_carea' id='block_1_107' title="bbox 2197 4693 3865 4768">
    <p class='ocr_par' dir='ltr' id='par_1_107' title="bbox 2197 4693 3865 4768">
     <span class='ocr_line' id='line_1_107' title="bbox 2197 4693 3865 4768; baseline 0.001 -16"><span class='ocrx_word' id='word_1_787' title='bbox 2197 4696 2352 4752; x_wconf 89' lang='lat' dir='ltr'><strong>inter</strong></span> <span class='ocrx_word' id='word_1_788' title='bbox 2374 4693 2570 4768; x_wconf 88' lang='lat' dir='ltr'><strong>plures</strong></span> <span class='ocrx_word' id='word_1_789' title='bbox 2592 4697 2850 4766; x_wconf 86' lang='lat' dir='ltr'><strong>agrestes</strong></span> <span class='ocrx_word' id='word_1_790' title='bbox 2865 4693 3214 4763; x_wconf 86' lang='lat' dir='ltr'><strong>conversari,</strong></span> <span class='ocrx_word' id='word_1_791' title='bbox 3241 4694 3292 4750; x_wconf 89' lang='lat' dir='ltr'><strong>si</strong></span> <span class='ocrx_word' id='word_1_792' title='bbox 3311 4700 3512 4752; x_wconf 87' lang='lat' dir='ltr'><strong>tamen</strong></span> <span class='ocrx_word' id='word_1_793' title='bbox 3537 4697 3612 4752; x_wconf 88' lang='lat' dir='ltr'><strong>ab</strong></span> <span class='ocrx_word' id='word_1_794' title='bbox 3633 4696 3865 4754; x_wconf 78' lang='lat' dir='ltr'><strong>illicitis</strong></span> 
     </span>
    </p>
   </div>
   <div class='ocr_carea' id='block_1_108' title="bbox 2199 4780 3866 4857">
    <p class='ocr_par' dir='ltr' id='par_1_108' title="bbox 2199 4780 3866 4857">
     <span class='ocr_line' id='line_1_108' title="bbox 2199 4780 3866 4857; baseline 0.001 -15"><span class='ocrx_word' id='word_1_795' title='bbox 2199 4801 2326 4842; x_wconf 89' lang='lat' dir='ltr'><strong>sese</strong></span> <span class='ocrx_word' id='word_1_796' title='bbox 2356 4783 2652 4850; x_wconf 90' lang='lat' dir='ltr'><strong>continet;</strong></span> <span class='ocrx_word' id='word_1_797' title='bbox 2687 4781 2734 4838; x_wconf 89' lang='lat' dir='ltr'><strong>si</strong></span> <span class='ocrx_word' id='word_1_798' title='bbox 2785 4780 2879 4838; x_wconf 91' lang='lat' dir='ltr'><strong>his</strong></span> <span class='ocrx_word' id='word_1_799' title='bbox 2909 4799 3035 4854; x_wconf 70' lang='lat' dir='ltr'><strong>quae</strong></span> <span class='ocrx_word' id='word_1_800' title='bbox 3066 4781 3177 4838; x_wconf 89' lang='lat' dir='ltr'><strong>sibi</strong></span> <span class='ocrx_word' id='word_1_801' title='bbox 3211 4785 3286 4838; x_wconf 91' lang='lat' dir='ltr'><strong>ad</strong></span> <span class='ocrx_word' id='word_1_802' title='bbox 3318 4784 3502 4857; x_wconf 85' lang='lat' dir='ltr'><strong>hujus</strong></span> <span class='ocrx_word' id='word_1_803' title='bbox 3529 4787 3662 4841; x_wconf 73' lang='lat' dir='ltr'><strong>vita:</strong></span> <span class='ocrx_word' id='word_1_804' title='bbox 3716 4803 3866 4844; x_wconf 83' lang='lat' dir='ltr'><strong>usus</strong></span> 
     </span>
    </p>
   </div>
   <div class='ocr_carea' id='block_1_109' title="bbox 2199 4869 3866 4948">
    <p class='ocr_par' dir='ltr' id='par_1_109' title="bbox 2199 4869 3866 4948">
     <span class='ocr_line' id='line_1_109' title="bbox 2199 4869 3866 4948; baseline 0 -16"><span class='ocrx_word' id='word_1_805' title='bbox 2199 4877 2554 4948; x_wconf 88' lang='lat' dir='ltr'><strong>congruunt,</strong></span> <span class='ocrx_word' id='word_1_806' title='bbox 2577 4869 2947 4946; x_wconf 89' lang='lat' dir='ltr'><strong>permittente</strong></span> <span class='ocrx_word' id='word_1_807' title='bbox 2963 4875 3064 4926; x_wconf 87' lang='lat' dir='ltr'><strong>aut</strong></span> <span class='ocrx_word' id='word_1_808' title='bbox 3079 4871 3256 4928; x_wconf 90' lang='lat' dir='ltr'><strong>dante</strong></span> <span class='ocrx_word' id='word_1_809' title='bbox 3278 4889 3346 4928; x_wconf 93' lang='lat' dir='ltr'><strong>eo</strong></span> <span class='ocrx_word' id='word_1_810' title='bbox 3371 4873 3474 4946; x_wconf 90' lang='lat' dir='ltr'><strong>qui</strong></span> <span class='ocrx_word' id='word_1_811' title='bbox 3497 4873 3610 4930; x_wconf 87' lang='lat' dir='ltr'><strong>sibi</strong></span> <span class='ocrx_word' id='word_1_812' title='bbox 3629 4879 3866 4947; x_wconf 66' lang='lat' dir='ltr'><strong>praeest,</strong></span> 
     </span>
    </p>
   </div>
   <div class='ocr_carea' id='block_1_110' title="bbox 2201 4959 3866 5036">
    <p class='ocr_par' dir='ltr' id='par_1_110' title="bbox 2201 4959 3866 5036">
     <span class='ocr_line' id='line_1_110' title="bbox 2201 4959 3866 5036; baseline 0 -16"><span class='ocrx_word' id='word_1_813' title='bbox 2201 4966 2512 5020; x_wconf 88' lang='lat' dir='ltr'><strong>contentus</strong></span> <span class='ocrx_word' id='word_1_814' title='bbox 2539 4959 2740 5017; x_wconf 85' lang='lat' dir='ltr'><strong>fuerit:</strong></span> <span class='ocrx_word' id='word_1_815' title='bbox 2765 4959 2937 5032; x_wconf 85' lang='lat' dir='ltr'><strong>juxta</strong></span> <span class='ocrx_word' id='word_1_816' title='bbox 2957 4959 3112 5032; x_wconf 90' lang='lat' dir='ltr'><strong>quod</strong></span> <span class='ocrx_word' id='word_1_817' title='bbox 3131 4961 3456 5032; x_wconf 84' lang='lat' dir='ltr'><strong>Apostolus</strong></span> <span class='ocrx_word' id='word_1_818' title='bbox 3477 4961 3866 5036; x_wconf 82' lang='lat' dir='ltr'><strong>loquitur,di-</strong></span> 
     </span>
    </p>
   </div>
   <div class='ocr_carea' id='block_1_111' title="bbox 2201 5049 3867 5120">
    <p class='ocr_par' dir='ltr' id='par_1_111' title="bbox 2201 5049 3867 5120">
     <span class='ocr_line' id='line_1_111' title="bbox 2201 5049 3867 5120; baseline -0.001 -12"><span class='ocrx_word' id='word_1_819' title='bbox 2201 5069 2368 5108; x_wconf 90' lang='lat' dir='ltr'><strong>cens:</strong></span> <span class='ocrx_word' id='word_1_820' title='bbox 2425 5050 2688 5106; x_wconf 84' lang='lat' dir='ltr'><strong>Habentes</strong></span> <span class='ocrx_word' id='word_1_821' title='bbox 2736 5049 2962 5117; x_wconf 84' lang='lat' dir='ltr'><strong>victum,</strong></span> <span class='ocrx_word' id='word_1_822' title='bbox 2992 5051 3046 5106; x_wconf 84' lang='lat' dir='ltr'><strong>et</strong></span> <span class='ocrx_word' id='word_1_823' title='bbox 3071 5052 3468 5120; x_wconf 76' lang='lat' dir='ltr'><strong>tegumentum,</strong></span> <span class='ocrx_word' id='word_1_824' title='bbox 3503 5051 3592 5107; x_wconf 88' lang='lat' dir='ltr'><strong>his</strong></span> <span class='ocrx_word' id='word_1_825' title='bbox 3621 5054 3867 5110; x_wconf 77' lang='lat' dir='ltr'><strong>contenti</strong></span> 
     </span>
    </p>
   </div>
   <div class='ocr_carea' id='block_1_112' title="bbox 2193 5136 3861 5210">
    <p class='ocr_par' dir='ltr' id='par_1_112' title="bbox 2193 5136 3861 5210">
     <span class='ocr_line' id='line_1_112' title="bbox 2193 5136 3861 5210; baseline 0 -12"><span class='ocrx_word' id='word_1_826' title='bbox 2193 5157 2382 5198; x_wconf 84' lang='lat' dir='ltr'><strong>sumus</strong></span> <span class='ocrx_word' id='word_1_827' title='bbox 2401 5141 2453 5210; x_wconf 86' lang='grc' dir='ltr'><strong>(Ι</strong></span> <span class='ocrx_word' id='word_1_828' title='bbox 2476 5140 2609 5194; x_wconf 90' lang='lat' dir='ltr'><strong>Tim.</strong></span> <span class='ocrx_word' id='word_1_829' title='bbox 2639 5136 2738 5210; x_wconf 79' lang='lat' dir='ltr'><strong>VI).</strong></span> <span class='ocrx_word' id='word_1_830' title='bbox 2771 5136 3085 5194; x_wconf 65' lang='lat' dir='ltr'><strong>Saeculares</strong></span> <span class='ocrx_word' id='word_1_831' title='bbox 3115 5142 3312 5194; x_wconf 87' lang='lat' dir='ltr'><strong>autem</strong></span> <span class='ocrx_word' id='word_1_832' title='bbox 3347 5140 3679 5198; x_wconf 90' lang='lat' dir='ltr'><strong>monachos</strong></span> <span class='ocrx_word' id='word_1_833' title='bbox 3729 5141 3861 5198; x_wconf 78' lang='lat' dir='ltr'><strong>illos</strong></span> 
     </span>
    </p>
   </div>
   <div class='ocr_carea' id='block_1_113' title="bbox 2195 5225 3860 5303">
    <p class='ocr_par' dir='ltr' id='par_1_113' title="bbox 2195 5225 3860 5303">
     <span class='ocr_line' id='line_1_113' title="bbox 2195 5225 3860 5303; baseline -0.001 -15"><span class='ocrx_word' id='word_1_834' title='bbox 2195 5229 2449 5288; x_wconf 88' lang='lat' dir='ltr'><strong>dicimus</strong></span> <span class='ocrx_word' id='word_1_835' title='bbox 2479 5241 2629 5303; x_wconf 88' lang='lat' dir='ltr'><strong>quos</strong></span> <span class='ocrx_word' id='word_1_836' title='bbox 2657 5225 2958 5300; x_wconf 86' lang='lat' dir='ltr'><strong>regulares</strong></span> <span class='ocrx_word' id='word_1_837' title='bbox 2981 5227 3255 5283; x_wconf 89' lang='lat' dir='ltr'><strong>monachi</strong></span> <span class='ocrx_word' id='word_1_838' title='bbox 3275 5227 3338 5285; x_wconf 91' lang='lat' dir='ltr'><strong>in</strong></span> <span class='ocrx_word' id='word_1_839' title='bbox 3361 5229 3460 5286; x_wconf 89' lang='lat' dir='ltr'><strong>die</strong></span> <span class='ocrx_word' id='word_1_840' title='bbox 3471 5230 3688 5302; x_wconf 88' lang='lat' dir='ltr'><strong>judieii</strong></span> <span class='ocrx_word' id='word_1_841' title='bbox 3705 5230 3860 5302; x_wconf 81' lang='lat' dir='ltr'><strong>judi-</strong></span> 
     </span>
    </p>
   </div>
   <div class='ocr_carea' id='block_1_114' title="bbox 2195 5314 3854 5389">
    <p class='ocr_par' dir='ltr' id='par_1_114' title="bbox 2195 5314 3854 5389">
     <span class='ocr_line' id='line_1_114' title="bbox 2195 5314 3854 5389; baseline -0.001 -12"><span class='ocrx_word' id='word_1_842' title='bbox 2195 5319 2432 5388; x_wconf 87' lang='lat' dir='ltr'><strong>cabunt,</strong></span> <span class='ocrx_word' id='word_1_843' title='bbox 2489 5317 2643 5374; x_wconf 89' lang='lat' dir='ltr'><strong>sicut</strong></span> <span class='ocrx_word' id='word_1_844' title='bbox 2670 5314 2954 5382; x_wconf 73' lang='lat' dir='ltr'><strong>Ninivitaa,</strong></span> <span class='ocrx_word' id='word_1_845' title='bbox 2985 5315 3073 5372; x_wconf 89' lang='lat' dir='ltr'><strong>vel</strong></span> <span class='ocrx_word' id='word_1_846' title='bbox 3103 5315 3306 5389; x_wconf 89' lang='lat' dir='ltr'><strong>regina</strong></span> <span class='ocrx_word' id='word_1_847' title='bbox 3345 5318 3573 5387; x_wconf 88' lang='lat' dir='ltr'><strong>Austri,</strong></span> <span class='ocrx_word' id='word_1_848' title='bbox 3628 5319 3854 5376; x_wconf 83' lang='lat' dir='ltr'><strong>dicente</strong></span> 
     </span>
    </p>
   </div>
   <div class='ocr_carea' id='block_1_115' title="bbox 2194 5403 3847 5482">
    <p class='ocr_par' dir='ltr' id='par_1_115' title="bbox 2194 5403 3847 5482">
     <span class='ocr_line' id='line_1_115' title="bbox 2194 5403 3847 5482; baseline -0.001 -16"><span class='ocrx_word' id='word_1_849' title='bbox 2194 5407 2700 5476; x_wconf 65' lang='lat' dir='ltr'><strong>Domino,Judieos</strong></span> <span class='ocrx_word' id='word_1_850' title='bbox 2716 5403 3049 5467; x_wconf 80' lang='lat' dir='ltr'><strong>incredulos</strong></span> <span class='ocrx_word' id='word_1_851' title='bbox 3069 5405 3440 5464; x_wconf 87' lang='lat' dir='ltr'><strong>damnabunt</strong></span> <span class='ocrx_word' id='word_1_852' title='bbox 3457 5427 3471 5476; x_wconf 96' lang='lat'><strong>;</strong></span> <span class='ocrx_word' id='word_1_853' title='bbox 3493 5407 3586 5464; x_wconf 85' lang='lat' dir='ltr'><strong>vel</strong></span> <span class='ocrx_word' id='word_1_854' title='bbox 3601 5406 3847 5482; x_wconf 85' lang='lat' dir='ltr'><strong>apostoli</strong></span> 
     </span>
    </p>
   </div>
   <div class='ocr_carea' id='block_1_116' title="bbox 2193 5491 3846 5570">
    <p class='ocr_par' dir='ltr' id='par_1_116' title="bbox 2193 5491 3846 5570">
     <span class='ocr_line' id='line_1_116' title="bbox 2193 5491 3846 5570; baseline -0.002 -14"><span class='ocrx_word' id='word_1_855' title='bbox 2193 5498 2505 5556; x_wconf 89' lang='lat' dir='ltr'><strong>duodecim</strong></span> <span class='ocrx_word' id='word_1_856' title='bbox 2533 5494 2723 5553; x_wconf 89' lang='lat' dir='ltr'><strong>tribus</strong></span> <span class='ocrx_word' id='word_1_857' title='bbox 2755 5491 2930 5552; x_wconf 88' lang='lat' dir='ltr'><strong>Israel</strong></span> <span class='ocrx_word' id='word_1_858' title='bbox 2961 5492 3267 5552; x_wconf 84' lang='lat' dir='ltr'><strong>duodecim</strong></span> <span class='ocrx_word' id='word_1_859' title='bbox 3293 5495 3678 5568; x_wconf 84' lang='lat' dir='ltr'><strong>judicabant,</strong></span> <span class='ocrx_word' id='word_1_860' title='bbox 3711 5495 3846 5570; x_wconf 76' lang='lat' dir='ltr'><strong>quia</strong></span> 
     </span>
    </p>
   </div>
   <div class='ocr_carea' id='block_1_117' title="bbox 2192 5581 3845 5654">
    <p class='ocr_par' dir='ltr' id='par_1_117' title="bbox 2192 5581 3845 5654">
     <span class='ocr_line' id='line_1_117' title="bbox 2192 5581 3845 5654; baseline -0.001 -5"><span class='ocrx_word' id='word_1_861' title='bbox 2192 5587 2307 5653; x_wconf 84' lang='lat' dir='ltr'><strong>illis</strong></span> <span class='ocrx_word' id='word_1_862' title='bbox 2338 5585 2712 5654; x_wconf 77' lang='lat' dir='ltr'><strong>credentibus</strong></span> <span class='ocrx_word' id='word_1_863' title='bbox 2739 5582 2826 5646; x_wconf 86' lang='lat' dir='ltr'><strong>illi</strong></span> <span class='ocrx_word' id='word_1_864' title='bbox 2853 5581 3085 5645; x_wconf 82' lang='lat' dir='ltr'><strong>credere</strong></span> <span class='ocrx_word' id='word_1_865' title='bbox 3105 5582 3441 5645; x_wconf 87' lang='lat' dir='ltr'><strong>noluerunt.</strong></span> <span class='ocrx_word' id='word_1_866' title='bbox 3467 5585 3564 5644; x_wconf 86' lang='lat' dir='ltr'><strong>Sic</strong></span> <span class='ocrx_word' id='word_1_867' title='bbox 3596 5584 3695 5645; x_wconf 81' lang='lat' dir='ltr'><strong>isti</strong></span> <span class='ocrx_word' id='word_1_868' title='bbox 3716 5583 3845 5648; x_wconf 75' lang='lat' dir='ltr'><strong>illos</strong></span> 
     </span>
    </p>
   </div>
  </div>
