  <div class='ocr_page' id='page_1' title='image "/cluster/home/n/w/nwhite01/storage/ocr_20150623/142/hvd.32044054760020/700.png"; bbox 0 0 4060 6174; ppageno 0'>
   <div class='ocr_carea' id='block_1_1' title="bbox 232 332 388 397">
    <p class='ocr_par' dir='ltr' id='par_1_1' title="bbox 232 332 388 397">
     <span class='ocr_line' id='line_1_1' title="bbox 232 332 388 397; baseline 0.006 -4"><span class='ocrx_word' id='word_1_1' title='bbox 232 332 388 397; x_wconf 77' lang='grc'>1389</span> 
     </span>
    </p>
   </div>
   <div class='ocr_carea' id='block_1_2' title="bbox 1269 332 2592 399">
    <p class='ocr_par' dir='ltr' id='par_1_2' title="bbox 1269 332 2592 399">
     <span class='ocr_line' id='line_1_2' title="bbox 1269 332 2592 399; baseline -0.002 0"><span class='ocrx_word' id='word_1_2' title='bbox 1269 334 1477 399; x_wconf 83' lang='lat' dir='ltr'>ACTA</span> <span class='ocrx_word' id='word_1_3' title='bbox 1521 332 1852 398; x_wconf 81' lang='lat' dir='ltr'>CONClLIl</span> <span class='ocrx_word' id='word_1_4' title='bbox 1903 332 2469 399; x_wconf 85' lang='lat' dir='ltr'>LEMOVICENSIS</span> <span class='ocrx_word' id='word_1_5' title='bbox 2513 333 2592 398; x_wconf 89' lang='lat' dir='ltr'>II.</span> 
     </span>
    </p>
   </div>
   <div class='ocr_carea' id='block_1_3' title="bbox 3516 334 3635 401">
    <p class='ocr_par' dir='ltr' id='par_1_3' title="bbox 3516 334 3635 401">
     <span class='ocr_line' id='line_1_3' title="bbox 3516 334 3635 401; baseline 0 0"><span class='ocrx_word' id='word_1_6' title='bbox 3516 334 3635 401; x_wconf 82' lang='lat'>390</span> 
     </span>
    </p>
   </div>
   <div class='ocr_carea' id='block_1_4' title="bbox 222 464 3630 542">
    <p class='ocr_par' dir='ltr' id='par_1_4' title="bbox 222 464 3630 542">
     <span class='ocr_line' id='line_1_4' title="bbox 222 464 3630 542; baseline 0.002 -22"><span class='ocrx_word' id='word_1_7' title='bbox 222 465 575 538; x_wconf 86' lang='lat' dir='ltr'>judicabunt</span> <span class='ocrx_word' id='word_1_8' title='bbox 605 464 742 538; x_wconf 82' lang='lat' dir='ltr'>quia</span> <span class='ocrx_word' id='word_1_9' title='bbox 769 465 900 523; x_wconf 85' lang='lat' dir='ltr'>istis</span> <span class='ocrx_word' id='word_1_10' title='bbox 930 468 1272 542; x_wconf 81' lang='lat' dir='ltr'>regulariter</span> <span class='ocrx_word' id='word_1_11' title='bbox 1302 470 1647 537; x_wconf 80' lang='lat' dir='ltr'>viventibus,</span> <span class='ocrx_word' id='word_1_12' title='bbox 1673 467 1755 523; x_wconf 87' lang='lat' dir='ltr'>illi</span> <span class='ocrx_word' id='word_1_13' title='bbox 1788 485 1875 524; x_wconf 92' lang='lat' dir='ltr'>re-</span> <span class='ocrx_word' id='word_1_14' title='bbox 1905 468 1960 535; x_wconf 82' lang='grc' dir='ltr'><strong>Α</strong></span> <span class='ocrx_word' id='word_1_15' title='bbox 1990 468 2159 539; x_wconf 87' lang='lat' dir='ltr'>lierit,</span> <span class='ocrx_word' id='word_1_16' title='bbox 2186 485 2352 541; x_wconf 82' lang='lat' dir='ltr'><strong><em>super</em></strong></span> <span class='ocrx_word' id='word_1_17' title='bbox 2369 485 2478 542; x_wconf 88' lang='lat' dir='ltr'>qua</span> <span class='ocrx_word' id='word_1_18' title='bbox 2506 471 2644 538; x_wconf 88' lang='lat' dir='ltr'>rc,si</span> <span class='ocrx_word' id='word_1_19' title='bbox 2670 486 2797 525; x_wconf 85' lang='lat' dir='ltr'>vera</span> <span class='ocrx_word' id='word_1_20' title='bbox 2815 473 2916 537; x_wconf 90' lang='lat' dir='ltr'>est,</span> <span class='ocrx_word' id='word_1_21' title='bbox 2948 484 3041 525; x_wconf 90' lang='lat' dir='ltr'>cor</span> <span class='ocrx_word' id='word_1_22' title='bbox 3057 485 3239 526; x_wconf 88' lang='lat' dir='ltr'>meum</span> <span class='ocrx_word' id='word_1_23' title='bbox 3257 470 3630 528; x_wconf 77' lang='lat' dir='ltr'>contristatur.</span> 
     </span>
    </p>
   </div>
   <div class='ocr_carea' id='block_1_5' title="bbox 228 554 1878 631">
    <p class='ocr_par' dir='ltr' id='par_1_5' title="bbox 228 554 1878 631">
     <span class='ocr_line' id='line_1_5' title="bbox 228 554 1878 631; baseline 0.002 -23"><span class='ocrx_word' id='word_1_24' title='bbox 228 554 510 628; x_wconf 86' lang='lat' dir='ltr'>gulariter</span> <span class='ocrx_word' id='word_1_25' title='bbox 538 554 729 610; x_wconf 83' lang='lat' dir='ltr'>vivere</span> <span class='ocrx_word' id='word_1_26' title='bbox 762 555 1097 614; x_wconf 87' lang='lat' dir='ltr'>noluerunt.</span> <span class='ocrx_word' id='word_1_27' title='bbox 1122 564 1185 613; x_wconf 91' lang='lat' dir='ltr'>ln</span> <span class='ocrx_word' id='word_1_28' title='bbox 1220 559 1511 631; x_wconf 79' lang='lat' dir='ltr'>capitibus</span> <span class='ocrx_word' id='word_1_29' title='bbox 1539 573 1674 629; x_wconf 86' lang='lat' dir='ltr'>ergo</span> <span class='ocrx_word' id='word_1_30' title='bbox 1696 556 1878 628; x_wconf 89' lang='lat' dir='ltr'>justis</span> 
     </span>
    </p>
   </div>
   <div class='ocr_carea' id='block_1_6' title="bbox 231 642 1880 720">
    <p class='ocr_par' dir='ltr' id='par_1_6' title="bbox 231 642 1880 720">
     <span class='ocr_line' id='line_1_6' title="bbox 231 642 1880 720; baseline 0.001 -22"><span class='ocrx_word' id='word_1_31' title='bbox 231 642 582 699; x_wconf 82' lang='lat' dir='ltr'>monasteria</span> <span class='ocrx_word' id='word_1_32' title='bbox 612 644 923 717; x_wconf 88' lang='lat' dir='ltr'>eriguntur</span> <span class='ocrx_word' id='word_1_33' title='bbox 946 650 1005 702; x_wconf 91' lang='lat' dir='ltr'>et</span> <span class='ocrx_word' id='word_1_34' title='bbox 1030 646 1247 720; x_wconf 85' lang='lat' dir='ltr'>vigent,</span> <span class='ocrx_word' id='word_1_35' title='bbox 1273 648 1330 702; x_wconf 89' lang='lat' dir='ltr'>in</span> <span class='ocrx_word' id='word_1_36' title='bbox 1361 646 1586 703; x_wconf 81' lang='lat' dir='ltr'>vitiosis</span> <span class='ocrx_word' id='word_1_37' title='bbox 1619 650 1795 701; x_wconf 89' lang='lat' dir='ltr'>ruunt</span> <span class='ocrx_word' id='word_1_38' title='bbox 1822 649 1880 701; x_wconf 87' lang='lat' dir='ltr'>et</span> 
     </span>
    </p>
   </div>
   <div class='ocr_carea' id='block_1_7' title="bbox 226 732 1879 808">
    <p class='ocr_par' dir='ltr' id='par_1_7' title="bbox 226 732 1879 808">
     <span class='ocr_line' id='line_1_7' title="bbox 226 732 1879 808; baseline 0.001 -20"><span class='ocrx_word' id='word_1_39' title='bbox 226 732 524 805; x_wconf 84' lang='lat' dir='ltr'>languent.</span> <span class='ocrx_word' id='word_1_40' title='bbox 557 732 881 806; x_wconf 87' lang='lat' dir='ltr'>Episcopus</span> <span class='ocrx_word' id='word_1_41' title='bbox 912 735 1128 807; x_wconf 83' lang='lat' dir='ltr'>itaque,</span> <span class='ocrx_word' id='word_1_42' title='bbox 1149 736 1219 792; x_wconf 89' lang='lat' dir='ltr'>ad</span> <span class='ocrx_word' id='word_1_43' title='bbox 1253 736 1422 808; x_wconf 86' lang='lat' dir='ltr'>cujus</span> <span class='ocrx_word' id='word_1_44' title='bbox 1453 735 1728 791; x_wconf 71' lang='lat' dir='ltr'>dimcesin</span> <span class='ocrx_word' id='word_1_45' title='bbox 1753 751 1879 807; x_wconf 89' lang='lat' dir='ltr'>per-</span> 
     </span>
    </p>
   </div>
   <div class='ocr_carea' id='block_1_8' title="bbox 226 822 1874 897">
    <p class='ocr_par' dir='ltr' id='par_1_8' title="bbox 226 822 1874 897">
     <span class='ocr_line' id='line_1_8' title="bbox 226 822 1874 897; baseline 0.001 -21"><span class='ocrx_word' id='word_1_46' title='bbox 226 822 412 877; x_wconf 82' lang='lat' dir='ltr'>tinent</span> <span class='ocrx_word' id='word_1_47' title='bbox 440 823 820 889; x_wconf 89' lang='lat' dir='ltr'>monasteria,</span> <span class='ocrx_word' id='word_1_48' title='bbox 855 826 911 879; x_wconf 91' lang='lat' dir='ltr'>et</span> <span class='ocrx_word' id='word_1_49' title='bbox 942 824 1202 891; x_wconf 89' lang='lat' dir='ltr'>abbates,</span> <span class='ocrx_word' id='word_1_50' title='bbox 1234 828 1409 897; x_wconf 88' lang='lat' dir='ltr'>atque</span> <span class='ocrx_word' id='word_1_51' title='bbox 1448 823 1762 880; x_wconf 80' lang='lat' dir='ltr'>Christiani</span> <span class='ocrx_word' id='word_1_52' title='bbox 1792 823 1874 878; x_wconf 90' lang='lat' dir='ltr'>vi-</span> 
     </span>
    </p>
   </div>
   <div class='ocr_carea' id='block_1_9' title="bbox 227 910 1876 985">
    <p class='ocr_par' dir='ltr' id='par_1_9' title="bbox 227 910 1876 985">
     <span class='ocr_line' id='line_1_9' title="bbox 227 910 1876 985; baseline 0.002 -21"><span class='ocrx_word' id='word_1_53' title='bbox 227 910 482 976; x_wconf 89' lang='lat' dir='ltr'>cini,nisi</span> <span class='ocrx_word' id='word_1_54' title='bbox 505 910 909 983; x_wconf 87' lang='lat' dir='ltr'>prohibuerint</span> <span class='ocrx_word' id='word_1_55' title='bbox 924 912 1196 985; x_wconf 91' lang='lat' dir='ltr'>indignos</span> <span class='ocrx_word' id='word_1_56' title='bbox 1226 913 1284 968; x_wconf 92' lang='lat' dir='ltr'>in</span> <span class='ocrx_word' id='word_1_57' title='bbox 1303 912 1654 985; x_wconf 82' lang='lat' dir='ltr'>pastoralem</span> <span class='ocrx_word' id='word_1_58' title='bbox 1673 928 1876 968; x_wconf 88' lang='lat' dir='ltr'>curam</span> 
     </span>
    </p>
   </div>
   <div class='ocr_carea' id='block_1_10' title="bbox 225 998 1874 1074">
    <p class='ocr_par' dir='ltr' id='par_1_10' title="bbox 225 998 1874 1074">
     <span class='ocr_line' id='line_1_10' title="bbox 225 998 1874 1074; baseline 0.001 -20"><span class='ocrx_word' id='word_1_59' title='bbox 225 1000 473 1071; x_wconf 80' lang='lat' dir='ltr'>ingredi,</span> <span class='ocrx_word' id='word_1_60' title='bbox 507 998 731 1056; x_wconf 91' lang='lat' dir='ltr'>malum</span> <span class='ocrx_word' id='word_1_61' title='bbox 762 1000 821 1055; x_wconf 88' lang='lat' dir='ltr'>in</span> <span class='ocrx_word' id='word_1_62' title='bbox 848 1000 978 1057; x_wconf 92' lang='lat' dir='ltr'>illos</span> <span class='ocrx_word' id='word_1_63' title='bbox 999 1002 1259 1074; x_wconf 78' lang='lat' dir='ltr'>reSpicit,</span> <span class='ocrx_word' id='word_1_64' title='bbox 1288 1002 1440 1058; x_wconf 89' lang='lat' dir='ltr'>sicut</span> <span class='ocrx_word' id='word_1_65' title='bbox 1469 1002 1624 1057; x_wconf 89' lang='lat' dir='ltr'>bona</span> <span class='ocrx_word' id='word_1_66' title='bbox 1651 1017 1874 1056; x_wconf 89' lang='lat' dir='ltr'>merces</span> 
     </span>
    </p>
   </div>
   <div class='ocr_carea' id='block_1_11' title="bbox 225 1088 1874 1163">
    <p class='ocr_par' dir='ltr' id='par_1_11' title="bbox 225 1088 1874 1163">
     <span class='ocr_line' id='line_1_11' title="bbox 225 1088 1874 1163; baseline -0.001 -18"><span class='ocrx_word' id='word_1_67' title='bbox 225 1106 258 1145; x_wconf 88' lang='lat' dir='ltr'>a</span> <span class='ocrx_word' id='word_1_68' title='bbox 288 1089 405 1145; x_wconf 88' lang='lat' dir='ltr'>Deo</span> <span class='ocrx_word' id='word_1_69' title='bbox 436 1088 569 1145; x_wconf 92' lang='lat' dir='ltr'>illos</span> <span class='ocrx_word' id='word_1_70' title='bbox 591 1093 873 1161; x_wconf 85' lang='lat' dir='ltr'>expectat,</span> <span class='ocrx_word' id='word_1_71' title='bbox 906 1090 953 1145; x_wconf 88' lang='lat' dir='ltr'>si</span> <span class='ocrx_word' id='word_1_72' title='bbox 985 1090 1219 1146; x_wconf 67' lang='lat' dir='ltr'>familia:</span> <span class='ocrx_word' id='word_1_73' title='bbox 1269 1091 1370 1147; x_wconf 91' lang='lat' dir='ltr'>Dei</span> <span class='ocrx_word' id='word_1_74' title='bbox 1417 1091 1624 1163; x_wconf 89' lang='lat' dir='ltr'>dignos</span> <span class='ocrx_word' id='word_1_75' title='bbox 1656 1090 1874 1146; x_wconf 86' lang='lat' dir='ltr'>consti-</span> 
     </span>
    </p>
   </div>
   <div class='ocr_carea' id='block_1_12' title="bbox 223 1178 948 1250">
    <p class='ocr_par' dir='ltr' id='par_1_12' title="bbox 223 1178 948 1250">
     <span class='ocr_line' id='line_1_12' title="bbox 223 1178 948 1250; baseline -0.007 -16"><span class='ocrx_word' id='word_1_76' title='bbox 223 1181 394 1234; x_wconf 89' lang='lat' dir='ltr'>tuant</span> <span class='ocrx_word' id='word_1_77' title='bbox 425 1178 880 1250; x_wconf 89' lang='lat' dir='ltr'>dispensatores.</span> <span class='ocrx_word' id='word_1_78' title='bbox 919 1200 948 1229; x_wconf 88' lang='grc'><strong>››</strong></span> 
     </span>
    </p>
   </div>
   <div class='ocr_carea' id='block_1_13' title="bbox 293 1266 1876 1342">
    <p class='ocr_par' dir='ltr' id='par_1_13' title="bbox 293 1266 1876 1342">
     <span class='ocr_line' id='line_1_13' title="bbox 293 1266 1876 1342; baseline -0.001 -20"><span class='ocrx_word' id='word_1_79' title='bbox 293 1267 422 1322; x_wconf 70' lang='lat' dir='ltr'>Haec</span> <span class='ocrx_word' id='word_1_80' title='bbox 452 1271 511 1322; x_wconf 90' lang='lat' dir='ltr'>et</span> <span class='ocrx_word' id='word_1_81' title='bbox 539 1266 631 1322; x_wconf 91' lang='lat' dir='ltr'>his</span> <span class='ocrx_word' id='word_1_82' title='bbox 662 1266 880 1323; x_wconf 89' lang='lat' dir='ltr'>similia</span> <span class='ocrx_word' id='word_1_83' title='bbox 909 1284 1043 1324; x_wconf 92' lang='lat' dir='ltr'>cum</span> <span class='ocrx_word' id='word_1_84' title='bbox 1077 1269 1319 1342; x_wconf 85' lang='lat' dir='ltr'>mystico</span> <span class='ocrx_word' id='word_1_85' title='bbox 1343 1273 1399 1324; x_wconf 91' lang='lat' dir='ltr'>et</span> <span class='ocrx_word' id='word_1_86' title='bbox 1430 1268 1557 1324; x_wconf 88' lang='lat' dir='ltr'>utili</span> <span class='ocrx_word' id='word_1_87' title='bbox 1591 1267 1876 1324; x_wconf 87' lang='lat' dir='ltr'>audienti-</span> 
     </span>
    </p>
   </div>
   <div class='ocr_carea' id='block_1_14' title="bbox 218 1356 1873 1431">
    <p class='ocr_par' dir='ltr' id='par_1_14' title="bbox 218 1356 1873 1431">
     <span class='ocr_line' id='line_1_14' title="bbox 218 1356 1873 1431; baseline 0.001 -20"><span class='ocrx_word' id='word_1_88' title='bbox 218 1356 330 1412; x_wconf 90' lang='lat' dir='ltr'>bus</span> <span class='ocrx_word' id='word_1_89' title='bbox 356 1372 624 1412; x_wconf 85' lang='lat' dir='ltr'>sermone</span> <span class='ocrx_word' id='word_1_90' title='bbox 656 1356 726 1412; x_wconf 90' lang='lat' dir='ltr'>de</span> <span class='ocrx_word' id='word_1_91' title='bbox 772 1356 1104 1413; x_wconf 90' lang='lat' dir='ltr'>sublimiori</span> <span class='ocrx_word' id='word_1_92' title='bbox 1163 1359 1462 1431; x_wconf 90' lang='lat' dir='ltr'>proposito</span> <span class='ocrx_word' id='word_1_93' title='bbox 1523 1358 1873 1413; x_wconf 87' lang='lat' dir='ltr'>edissertata</span> 
     </span>
    </p>
   </div>
   <div class='ocr_carea' id='block_1_15' title="bbox 220 1445 1873 1520">
    <p class='ocr_par' dir='ltr' id='par_1_15' title="bbox 220 1445 1873 1520">
     <span class='ocr_line' id='line_1_15' title="bbox 220 1445 1873 1520; baseline 0.001 -20"><span class='ocrx_word' id='word_1_94' title='bbox 220 1449 437 1513; x_wconf 86' lang='lat' dir='ltr'>essent,</span> <span class='ocrx_word' id='word_1_95' title='bbox 469 1445 553 1500; x_wconf 90' lang='lat' dir='ltr'>ait</span> <span class='ocrx_word' id='word_1_96' title='bbox 577 1445 831 1501; x_wconf 89' lang='lat' dir='ltr'>domnus</span> <span class='ocrx_word' id='word_1_97' title='bbox 860 1446 1154 1501; x_wconf 87' lang='lat' dir='ltr'>Jordanus</span> <span class='ocrx_word' id='word_1_98' title='bbox 1176 1466 1196 1504; x_wconf 89' lang='lat'>:</span> <span class='ocrx_word' id='word_1_99' title='bbox 1225 1452 1336 1520; x_wconf 82' lang='lat' dir='ltr'>Ago</span> <span class='ocrx_word' id='word_1_100' title='bbox 1365 1449 1470 1503; x_wconf 88' lang='lat' dir='ltr'>Deo</span> <span class='ocrx_word' id='word_1_101' title='bbox 1500 1448 1711 1517; x_wconf 78' lang='lat' dir='ltr'>gratias</span> <span class='ocrx_word' id='word_1_102' title='bbox 1742 1448 1873 1518; x_wconf 89' lang='lat' dir='ltr'>quia</span> 
     </span>
    </p>
   </div>
   <div class='ocr_carea' id='block_1_16' title="bbox 216 1533 1873 1608">
    <p class='ocr_par' dir='ltr' id='par_1_16' title="bbox 216 1533 1873 1608">
     <span class='ocr_line' id='line_1_16' title="bbox 216 1533 1873 1608; baseline -0.001 -18"><span class='ocrx_word' id='word_1_103' title='bbox 216 1535 276 1590; x_wconf 89' lang='lat' dir='ltr'>in</span> <span class='ocrx_word' id='word_1_104' title='bbox 306 1533 531 1590; x_wconf 68' lang='lat' dir='ltr'>dioecesi</span> <span class='ocrx_word' id='word_1_105' title='bbox 558 1535 921 1591; x_wconf 83' lang='lat' dir='ltr'>Lemovicensi</span> <span class='ocrx_word' id='word_1_106' title='bbox 941 1537 1109 1608; x_wconf 90' lang='lat' dir='ltr'>plura</span> <span class='ocrx_word' id='word_1_107' title='bbox 1130 1539 1465 1593; x_wconf 88' lang='lat' dir='ltr'>monasteria</span> <span class='ocrx_word' id='word_1_108' title='bbox 1497 1540 1639 1591; x_wconf 82' lang='lat' dir='ltr'>recto</span> <span class='ocrx_word' id='word_1_109' title='bbox 1653 1537 1873 1591; x_wconf 85' lang='lat' dir='ltr'>tramite</span> 
     </span>
    </p>
   </div>
   <div class='ocr_carea' id='block_1_17' title="bbox 215 1621 1873 1697">
    <p class='ocr_par' dir='ltr' id='par_1_17' title="bbox 215 1621 1873 1697">
     <span class='ocr_line' id='line_1_17' title="bbox 215 1621 1873 1697; baseline -0.001 -19"><span class='ocrx_word' id='word_1_110' title='bbox 215 1621 495 1690; x_wconf 83' lang='lat' dir='ltr'>incedunt,</span> <span class='ocrx_word' id='word_1_111' title='bbox 525 1626 576 1678; x_wconf 89' lang='lat' dir='ltr'>et</span> <span class='ocrx_word' id='word_1_112' title='bbox 606 1624 735 1679; x_wconf 89' lang='lat' dir='ltr'>boni</span> <span class='ocrx_word' id='word_1_113' title='bbox 758 1624 936 1679; x_wconf 86' lang='lat' dir='ltr'>odoris</span> <span class='ocrx_word' id='word_1_114' title='bbox 983 1625 1050 1681; x_wconf 91' lang='lat' dir='ltr'>de</span> <span class='ocrx_word' id='word_1_115' title='bbox 1092 1642 1149 1680; x_wconf 91' lang='lat' dir='ltr'>se</span> <span class='ocrx_word' id='word_1_116' title='bbox 1196 1627 1448 1697; x_wconf 61' lang='lat' dir='ltr'>exempla</span> <span class='ocrx_word' id='word_1_117' title='bbox 1479 1627 1647 1680; x_wconf 87' lang='lat' dir='ltr'>latius</span> <span class='ocrx_word' id='word_1_118' title='bbox 1670 1624 1873 1696; x_wconf 76' lang='lat' dir='ltr'>diffun-</span> 
     </span>
    </p>
   </div>
   <div class='ocr_carea' id='block_1_18' title="bbox 214 1712 1871 1785">
    <p class='ocr_par' dir='ltr' id='par_1_18' title="bbox 214 1712 1871 1785">
     <span class='ocr_line' id='line_1_18' title="bbox 214 1712 1871 1785; baseline -0.001 -18"><span class='ocrx_word' id='word_1_119' title='bbox 214 1712 373 1777; x_wconf 88' lang='lat' dir='ltr'>dunt,</span> <span class='ocrx_word' id='word_1_120' title='bbox 398 1712 539 1768; x_wconf 91' lang='lat' dir='ltr'>sicut</span> <span class='ocrx_word' id='word_1_121' title='bbox 565 1713 844 1785; x_wconf 76' lang='lat' dir='ltr'>Apostolus</span> <span class='ocrx_word' id='word_1_122' title='bbox 873 1715 953 1768; x_wconf 89' lang='lat' dir='ltr'>ait</span> <span class='ocrx_word' id='word_1_123' title='bbox 978 1732 997 1768; x_wconf 89' lang='lat'>:</span> <span class='ocrx_word' id='word_1_124' title='bbox 1030 1738 1055 1763; x_wconf 89' lang='grc'>‹‹</span> <span class='ocrx_word' id='word_1_125' title='bbox 1086 1714 1289 1769; x_wconf 81' lang='lat' dir='ltr'>Christi</span> <span class='ocrx_word' id='word_1_126' title='bbox 1325 1716 1494 1769; x_wconf 89' lang='lat' dir='ltr'>bonus</span> <span class='ocrx_word' id='word_1_127' title='bbox 1524 1714 1655 1770; x_wconf 91' lang='lat' dir='ltr'>odor</span> <span class='ocrx_word' id='word_1_128' title='bbox 1681 1728 1871 1767; x_wconf 89' lang='lat' dir='ltr'>sumus</span> 
     </span>
    </p>
   </div>
   <div class='ocr_carea' id='block_1_19' title="bbox 1988 557 3635 616">
    <p class='ocr_par' dir='ltr' id='par_1_19' title="bbox 1988 557 3635 616">
     <span class='ocr_line' id='line_1_19' title="bbox 1988 557 3635 616; baseline 0.001 -4"><span class='ocrx_word' id='word_1_129' title='bbox 1988 557 2181 613; x_wconf 83' lang='lat' dir='ltr'>Omnes</span> <span class='ocrx_word' id='word_1_130' title='bbox 2208 561 2358 613; x_wconf 88' lang='lat' dir='ltr'>enim</span> <span class='ocrx_word' id='word_1_131' title='bbox 2372 568 2640 615; x_wconf 89' lang='lat' dir='ltr'>noverunt</span> <span class='ocrx_word' id='word_1_132' title='bbox 2651 560 2711 614; x_wconf 90' lang='lat' dir='ltr'>in</span> <span class='ocrx_word' id='word_1_133' title='bbox 2721 560 2925 615; x_wconf 80' lang='lat' dir='ltr'>sanctis</span> <span class='ocrx_word' id='word_1_134' title='bbox 2946 559 3195 615; x_wconf 76' lang='lat' dir='ltr'>conciliis</span> <span class='ocrx_word' id='word_1_135' title='bbox 3222 575 3301 615; x_wconf 76' lang='lat' dir='ltr'>sic</span> <span class='ocrx_word' id='word_1_136' title='bbox 3319 562 3635 616; x_wconf 88' lang='lat' dir='ltr'>institutum</span> 
     </span>
    </p>
   </div>
   <div class='ocr_carea' id='block_1_20' title="bbox 1986 648 3635 721">
    <p class='ocr_par' dir='ltr' id='par_1_20' title="bbox 1986 648 3635 721">
     <span class='ocr_line' id='line_1_20' title="bbox 1986 648 3635 721; baseline 0.002 -22"><span class='ocrx_word' id='word_1_137' title='bbox 1986 654 2046 700; x_wconf 92' lang='lat' dir='ltr'>ut</span> <span class='ocrx_word' id='word_1_138' title='bbox 2073 648 2125 700; x_wconf 87' lang='lat' dir='ltr'>si</span> <span class='ocrx_word' id='word_1_139' title='bbox 2149 648 2270 717; x_wconf 87' lang='lat' dir='ltr'>quis</span> <span class='ocrx_word' id='word_1_140' title='bbox 2295 648 2363 701; x_wconf 88' lang='lat' dir='ltr'>ab</span> <span class='ocrx_word' id='word_1_141' title='bbox 2392 649 2639 720; x_wconf 86' lang='lat' dir='ltr'>episcopo</span> <span class='ocrx_word' id='word_1_142' title='bbox 2666 663 2762 703; x_wconf 90' lang='lat' dir='ltr'>suo</span> <span class='ocrx_word' id='word_1_143' title='bbox 2791 648 3635 721; x_wconf 74' lang='lat' dir='ltr'>excmnmanicatus,interfectus</span> 
     </span>
    </p>
   </div>
   <div class='ocr_carea' id='block_1_21' title="bbox 1985 736 3633 811">
    <p class='ocr_par' dir='ltr' id='par_1_21' title="bbox 1985 736 3633 811">
     <span class='ocr_line' id='line_1_21' title="bbox 1985 736 3633 811; baseline 0.002 -22"><span class='ocrx_word' id='word_1_144' title='bbox 1985 743 2082 790; x_wconf 92' lang='lat' dir='ltr'>aut</span> <span class='ocrx_word' id='word_1_145' title='bbox 2110 736 2261 790; x_wconf 90' lang='lat' dir='ltr'>obitu</span> <span class='ocrx_word' id='word_1_146' title='bbox 2290 738 2509 809; x_wconf 90' lang='lat' dir='ltr'>proprio</span> <span class='ocrx_word' id='word_1_147' title='bbox 2529 744 2777 792; x_wconf 88' lang='lat' dir='ltr'>mortuus</span> <span class='ocrx_word' id='word_1_148' title='bbox 2811 737 3011 811; x_wconf 85' lang='lat' dir='ltr'>absque</span> <span class='ocrx_word' id='word_1_149' title='bbox 3051 737 3495 792; x_wconf 81' lang='lat' dir='ltr'>reconciliatione</span> <span class='ocrx_word' id='word_1_150' title='bbox 3512 738 3633 808; x_wconf 84' lang='lat' dir='ltr'>fue-</span> 
     </span>
    </p>
   </div>
   <div class='ocr_carea' id='block_1_22' title="bbox 1982 823 3637 898">
    <p class='ocr_par' dir='ltr' id='par_1_22' title="bbox 1982 823 3637 898">
     <span class='ocr_line' id='line_1_22' title="bbox 1982 823 3637 898; baseline 0.002 -21"><span class='ocrx_word' id='word_1_151' title='bbox 1982 823 2406 891; x_wconf 88' lang='lat' dir='ltr'>rit,nullatenus</span> <span class='ocrx_word' id='word_1_152' title='bbox 2428 826 2871 882; x_wconf 84' lang='lat' dir='ltr'>Christianorum</span> <span class='ocrx_word' id='word_1_153' title='bbox 2883 827 3164 898; x_wconf 82' lang='lat' dir='ltr'>sepultura</span> <span class='ocrx_word' id='word_1_154' title='bbox 3179 826 3495 898; x_wconf 82' lang='lat' dir='ltr'>sepeliatur,</span> <span class='ocrx_word' id='word_1_155' title='bbox 3518 827 3637 881; x_wconf 84' lang='lat' dir='ltr'>nisi</span> 
     </span>
    </p>
   </div>
   <div class='ocr_carea' id='block_1_23' title="bbox 1984 912 3630 985">
    <p class='ocr_par' dir='ltr' id='par_1_23' title="bbox 1984 912 3630 985">
     <span class='ocr_line' id='line_1_23' title="bbox 1984 912 3630 985; baseline 0.001 -20"><span class='ocrx_word' id='word_1_156' title='bbox 1984 912 2758 984; x_wconf 85' lang='lat' dir='ltr'>episcopus,satisfacientibus</span> <span class='ocrx_word' id='word_1_157' title='bbox 2768 930 2870 985; x_wconf 92' lang='lat' dir='ltr'>pro</span> <span class='ocrx_word' id='word_1_158' title='bbox 2890 929 2950 970; x_wconf 92' lang='lat' dir='ltr'>eo</span> <span class='ocrx_word' id='word_1_159' title='bbox 2970 913 3259 968; x_wconf 89' lang='lat' dir='ltr'>amiclsvel</span> <span class='ocrx_word' id='word_1_160' title='bbox 3286 912 3630 983; x_wconf 89' lang='lat' dir='ltr'>parentibus,</span> 
     </span>
    </p>
   </div>
   <div class='ocr_carea' id='block_1_24' title="bbox 1983 1000 3635 1059">
    <p class='ocr_par' dir='ltr' id='par_1_24' title="bbox 1983 1000 3635 1059">
     <span class='ocr_line' id='line_1_24' title="bbox 1983 1000 3635 1059; baseline 0.002 -5"><span class='ocrx_word' id='word_1_161' title='bbox 1983 1000 2380 1058; x_wconf 85' lang='lat' dir='ltr'>absolutionem</span> <span class='ocrx_word' id='word_1_162' title='bbox 2408 1010 2460 1057; x_wconf 90' lang='lat' dir='ltr'>et</span> <span class='ocrx_word' id='word_1_163' title='bbox 2489 1003 2774 1058; x_wconf 84' lang='lat' dir='ltr'>licentiam</span> <span class='ocrx_word' id='word_1_164' title='bbox 2801 1019 2872 1058; x_wconf 78' lang='lat' dir='ltr'>ex</span> <span class='ocrx_word' id='word_1_165' title='bbox 2906 1004 3005 1058; x_wconf 93' lang='lat' dir='ltr'>hoc</span> <span class='ocrx_word' id='word_1_166' title='bbox 3043 1003 3380 1059; x_wconf 84' lang='lat' dir='ltr'>concesserit.</span> <span class='ocrx_word' id='word_1_167' title='bbox 3412 1000 3516 1057; x_wconf 88' lang='lat' dir='ltr'>Sed</span> <span class='ocrx_word' id='word_1_168' title='bbox 3542 1016 3635 1057; x_wconf 90' lang='lat' dir='ltr'>ne-</span> 
     </span>
    </p>
   </div>
   <div class='ocr_carea' id='block_1_25' title="bbox 1984 1091 3633 1163">
    <p class='ocr_par' dir='ltr' id='par_1_25' title="bbox 1984 1091 3633 1163">
     <span class='ocr_line' id='line_1_25' title="bbox 1984 1091 3633 1163; baseline 0.001 -19"><span class='ocrx_word' id='word_1_169' title='bbox 1984 1105 2086 1162; x_wconf 91' lang='lat' dir='ltr'>que</span> <span class='ocrx_word' id='word_1_170' title='bbox 2108 1105 2210 1161; x_wconf 92' lang='lat' dir='ltr'>pro</span> <span class='ocrx_word' id='word_1_171' title='bbox 2239 1106 2300 1146; x_wconf 92' lang='lat' dir='ltr'>eo</span> <span class='ocrx_word' id='word_1_172' title='bbox 2330 1099 2534 1158; x_wconf 89' lang='lat' dir='ltr'>oretur,</span> <span class='ocrx_word' id='word_1_173' title='bbox 2564 1108 2663 1148; x_wconf 88' lang='lat' dir='ltr'>nec</span> <span class='ocrx_word' id='word_1_174' title='bbox 2708 1093 2949 1163; x_wconf 88' lang='lat' dir='ltr'>facultas</span> <span class='ocrx_word' id='word_1_175' title='bbox 2979 1091 3095 1163; x_wconf 87' lang='lat' dir='ltr'>ejus</span> <span class='ocrx_word' id='word_1_176' title='bbox 3144 1093 3203 1146; x_wconf 90' lang='lat' dir='ltr'>in</span> <span class='ocrx_word' id='word_1_177' title='bbox 3234 1091 3633 1163; x_wconf 86' lang='lat' dir='ltr'>eleemosynam</span> 
     </span>
    </p>
   </div>
   <div class='ocr_carea' id='block_1_26' title="bbox 1980 1179 3635 1253">
    <p class='ocr_par' dir='ltr' id='par_1_26' title="bbox 1980 1179 3635 1253">
     <span class='ocr_line' id='line_1_26' title="bbox 1980 1179 3635 1253; baseline 0.001 -20"><span class='ocrx_word' id='word_1_178' title='bbox 1980 1180 2334 1251; x_wconf 83' lang='lat' dir='ltr'>suscipiatur,</span> <span class='ocrx_word' id='word_1_179' title='bbox 2369 1196 2648 1253; x_wconf 89' lang='lat' dir='ltr'>quousque</span> <span class='ocrx_word' id='word_1_180' title='bbox 2684 1181 2753 1236; x_wconf 92' lang='lat' dir='ltr'>ab</span> <span class='ocrx_word' id='word_1_181' title='bbox 2792 1182 3037 1253; x_wconf 90' lang='lat' dir='ltr'>episcopo</span> <span class='ocrx_word' id='word_1_182' title='bbox 3078 1181 3410 1237; x_wconf 85' lang='lat' dir='ltr'>absolvatur.</span> <span class='ocrx_word' id='word_1_183' title='bbox 3444 1179 3635 1236; x_wconf 87' lang='lat' dir='ltr'>Simili</span> 
     </span>
    </p>
   </div>
   <div class='ocr_carea' id='block_1_27' title="bbox 1981 1267 3635 1343">
    <p class='ocr_par' dir='ltr' id='par_1_27' title="bbox 1981 1267 3635 1343">
     <span class='ocr_line' id='line_1_27' title="bbox 1981 1267 3635 1343; baseline 0.001 -21"><span class='ocrx_word' id='word_1_184' title='bbox 1981 1267 2137 1323; x_wconf 92' lang='lat' dir='ltr'>modo</span> <span class='ocrx_word' id='word_1_185' title='bbox 2164 1270 2214 1323; x_wconf 91' lang='lat' dir='ltr'>si</span> <span class='ocrx_word' id='word_1_186' title='bbox 2242 1270 2569 1343; x_wconf 73' lang='lat' dir='ltr'>vulneratus</span> <span class='ocrx_word' id='word_1_187' title='bbox 2587 1270 2658 1325; x_wconf 92' lang='lat' dir='ltr'>ad</span> <span class='ocrx_word' id='word_1_188' title='bbox 2672 1274 2902 1326; x_wconf 88' lang='lat' dir='ltr'>mortem</span> <span class='ocrx_word' id='word_1_189' title='bbox 2922 1270 3151 1343; x_wconf 87' lang='lat' dir='ltr'>quilibet</span> <span class='ocrx_word' id='word_1_190' title='bbox 3169 1269 3235 1325; x_wconf 89' lang='lat' dir='ltr'>de</span> <span class='ocrx_word' id='word_1_191' title='bbox 3261 1269 3635 1326; x_wconf 74' lang='lat' dir='ltr'>excommuni-</span> 
     </span>
    </p>
   </div>
   <div class='ocr_carea' id='block_1_28' title="bbox 1980 1336 3631 1431">
    <p class='ocr_par' dir='ltr' id='par_1_28' title="bbox 1980 1336 3631 1431">
     <span class='ocr_line' id='line_1_28' title="bbox 1980 1336 3631 1431; baseline 0 -19"><span class='ocrx_word' id='word_1_192' title='bbox 1980 1358 2117 1412; x_wconf 87' lang='lat' dir='ltr'>catis</span> <span class='ocrx_word' id='word_1_193' title='bbox 2143 1358 2335 1428; x_wconf 87' lang='lat' dir='ltr'>fuerit,</span> <span class='ocrx_word' id='word_1_194' title='bbox 2365 1359 2451 1413; x_wconf 92' lang='lat' dir='ltr'>vel</span> <span class='ocrx_word' id='word_1_195' title='bbox 2481 1336 2809 1430; x_wconf 53' lang='lat' dir='ltr'>inﬁrmitate</span> <span class='ocrx_word' id='word_1_196' title='bbox 2831 1336 3127 1416; x_wconf 64' lang='lat' dir='ltr'>ademtam</span> <span class='ocrx_word' id='word_1_197' title='bbox 3155 1359 3631 1431; x_wconf 76' lang='lat' dir='ltr'>correptus,pceni-</span> 
     </span>
    </p>
   </div>
   <div class='ocr_carea' id='block_1_29' title="bbox 1981 1446 3628 1520">
    <p class='ocr_par' dir='ltr' id='par_1_29' title="bbox 1981 1446 3628 1520">
     <span class='ocr_line' id='line_1_29' title="bbox 1981 1446 3628 1520; baseline 0.001 -20"><span class='ocrx_word' id='word_1_198' title='bbox 1981 1446 2207 1501; x_wconf 85' lang='lat' dir='ltr'>tentiam</span> <span class='ocrx_word' id='word_1_199' title='bbox 2236 1463 2307 1501; x_wconf 75' lang='lat' dir='ltr'>ex</span> <span class='ocrx_word' id='word_1_200' title='bbox 2334 1462 2415 1502; x_wconf 72' lang='lat' dir='ltr'>cor</span> <span class='ocrx_word' id='word_1_201' title='bbox 2427 1446 2492 1501; x_wconf 89' lang='lat' dir='ltr'>de</span> <span class='ocrx_word' id='word_1_202' title='bbox 2514 1448 2850 1519; x_wconf 87' lang='lat' dir='ltr'>petierit,vel</span> <span class='ocrx_word' id='word_1_203' title='bbox 2874 1464 2987 1505; x_wconf 89' lang='lat' dir='ltr'>esse</span> <span class='ocrx_word' id='word_1_204' title='bbox 3012 1449 3311 1505; x_wconf 84' lang='lat' dir='ltr'>monachus</span> <span class='ocrx_word' id='word_1_205' title='bbox 3322 1447 3628 1520; x_wconf 67' lang='lat' dir='ltr'>quaesierit,</span> 
     </span>
    </p>
   </div>
   <div class='ocr_carea' id='block_1_30' title="bbox 1974 1536 3630 1611">
    <p class='ocr_par' dir='ltr' id='par_1_30' title="bbox 1974 1536 3630 1611">
     <span class='ocr_line' id='line_1_30' title="bbox 1974 1536 3630 1611; baseline 0.002 -22"><span class='ocrx_word' id='word_1_206' title='bbox 1974 1536 2303 1605; x_wconf 76' lang='lat' dir='ltr'>pwnitentia</span> <span class='ocrx_word' id='word_1_207' title='bbox 2332 1536 2450 1607; x_wconf 87' lang='lat' dir='ltr'>ejus</span> <span class='ocrx_word' id='word_1_208' title='bbox 2477 1538 2818 1609; x_wconf 86' lang='lat' dir='ltr'>suscipiatur</span> <span class='ocrx_word' id='word_1_209' title='bbox 2847 1537 3143 1611; x_wconf 88' lang='lat' dir='ltr'>quidem,et</span> <span class='ocrx_word' id='word_1_210' title='bbox 3168 1539 3433 1594; x_wconf 88' lang='lat' dir='ltr'>viaticum</span> <span class='ocrx_word' id='word_1_211' title='bbox 3450 1538 3507 1593; x_wconf 90' lang='lat' dir='ltr'>ei</span> <span class='ocrx_word' id='word_1_212' title='bbox 3530 1552 3630 1608; x_wconf 90' lang='lat' dir='ltr'>pro</span> 
     </span>
    </p>
   </div>
   <div class='ocr_carea' id='block_1_31' title="bbox 1977 1623 3625 1698">
    <p class='ocr_par' dir='ltr' id='par_1_31' title="bbox 1977 1623 3625 1698">
     <span class='ocr_line' id='line_1_31' title="bbox 1977 1623 3625 1698; baseline 0 -20"><span class='ocrx_word' id='word_1_213' title='bbox 1977 1623 2356 1679; x_wconf 73' lang='lat' dir='ltr'>misericordia</span> <span class='ocrx_word' id='word_1_214' title='bbox 2386 1626 2704 1694; x_wconf 83' lang='lat' dir='ltr'>tribuatur;</span> <span class='ocrx_word' id='word_1_215' title='bbox 2736 1626 3054 1682; x_wconf 85' lang='lat' dir='ltr'>nullatenus</span> <span class='ocrx_word' id='word_1_216' title='bbox 3093 1630 3277 1682; x_wconf 90' lang='lat' dir='ltr'>tamen</span> <span class='ocrx_word' id='word_1_217' title='bbox 3304 1624 3625 1698; x_wconf 86' lang='lat' dir='ltr'>sepeliatur,</span> 
     </span>
    </p>
   </div>
   <div class='ocr_carea' id='block_1_32' title="bbox 1978 1714 3630 1786">
    <p class='ocr_par' dir='ltr' id='par_1_32' title="bbox 1978 1714 3630 1786">
     <span class='ocr_line' id='line_1_32' title="bbox 1978 1714 3630 1786; baseline 0.001 -19"><span class='ocrx_word' id='word_1_218' title='bbox 1978 1729 2150 1784; x_wconf 86' lang='lat' dir='ltr'>neque</span> <span class='ocrx_word' id='word_1_219' title='bbox 2166 1717 2284 1784; x_wconf 87' lang='lat' dir='ltr'>post</span> <span class='ocrx_word' id='word_1_220' title='bbox 2324 1722 2555 1769; x_wconf 90' lang='lat' dir='ltr'>mortem</span> <span class='ocrx_word' id='word_1_221' title='bbox 2577 1730 2678 1786; x_wconf 90' lang='lat' dir='ltr'>pro</span> <span class='ocrx_word' id='word_1_222' title='bbox 2708 1731 2768 1771; x_wconf 87' lang='lat' dir='ltr'>eo</span> <span class='ocrx_word' id='word_1_223' title='bbox 2797 1718 3002 1783; x_wconf 88' lang='lat' dir='ltr'>oretur,</span> <span class='ocrx_word' id='word_1_224' title='bbox 3051 1715 3219 1772; x_wconf 90' lang='lat' dir='ltr'>donec</span> <span class='ocrx_word' id='word_1_225' title='bbox 3272 1714 3340 1770; x_wconf 87' lang='lat' dir='ltr'>ab</span> <span class='ocrx_word' id='word_1_226' title='bbox 3384 1714 3630 1786; x_wconf 87' lang='lat' dir='ltr'>episcopo</span> 
     </span>
    </p>
   </div>
   <div class='ocr_carea' id='block_1_33' title="bbox 216 1802 3628 1901">
    <p class='ocr_par' dir='ltr' id='par_1_33' title="bbox 216 1802 3628 1901">
     <span class='ocr_line' id='line_1_33' title="bbox 216 1802 3628 1901; baseline 0 -45"><span class='ocrx_word' id='word_1_227' title='bbox 216 1802 347 1867; x_wconf 89' lang='lat' dir='ltr'>Deo,</span> <span class='ocrx_word' id='word_1_228' title='bbox 380 1802 441 1855; x_wconf 90' lang='lat' dir='ltr'>in</span> <span class='ocrx_word' id='word_1_229' title='bbox 468 1802 554 1856; x_wconf 89' lang='lat' dir='ltr'>his</span> <span class='ocrx_word' id='word_1_230' title='bbox 583 1803 681 1873; x_wconf 88' lang='lat' dir='ltr'>qui</span> <span class='ocrx_word' id='word_1_231' title='bbox 723 1802 867 1858; x_wconf 88' lang='lat' dir='ltr'>salvi</span> <span class='ocrx_word' id='word_1_232' title='bbox 911 1803 1073 1874; x_wconf 82' lang='lat' dir='ltr'>ﬁunt,</span> <span class='ocrx_word' id='word_1_233' title='bbox 1130 1807 1181 1859; x_wconf 87' lang='lat' dir='ltr'>et</span> <span class='ocrx_word' id='word_1_234' title='bbox 1236 1805 1299 1859; x_wconf 89' lang='lat' dir='ltr'>in</span> <span class='ocrx_word' id='word_1_235' title='bbox 1350 1804 1436 1859; x_wconf 91' lang='lat' dir='ltr'>his</span> <span class='ocrx_word' id='word_1_236' title='bbox 1491 1804 1589 1875; x_wconf 91' lang='lat' dir='ltr'>qui</span> <span class='ocrx_word' id='word_1_237' title='bbox 1640 1804 1869 1875; x_wconf 87' lang='lat' dir='ltr'>pereunt</span> <span class='ocrx_word' id='word_1_238' title='bbox 1904 1836 1947 1901; x_wconf 78' lang='grc' dir='ltr'>Β</span> <span class='ocrx_word' id='word_1_239' title='bbox 1976 1818 2073 1857; x_wconf 89' lang='lat' dir='ltr'>suo</span> <span class='ocrx_word' id='word_1_240' title='bbox 2101 1803 2433 1858; x_wconf 87' lang='lat' dir='ltr'>absolvatur.</span> <span class='ocrx_word' id='word_1_241' title='bbox 2465 1804 2684 1859; x_wconf 88' lang='lat' dir='ltr'>Dicente</span> <span class='ocrx_word' id='word_1_242' title='bbox 2711 1806 2859 1859; x_wconf 89' lang='lat' dir='ltr'>enim</span> <span class='ocrx_word' id='word_1_243' title='bbox 2904 1805 3053 1861; x_wconf 90' lang='lat' dir='ltr'>beato</span> <span class='ocrx_word' id='word_1_244' title='bbox 3099 1805 3362 1874; x_wconf 86' lang='lat' dir='ltr'>Gregorio</span> <span class='ocrx_word' id='word_1_245' title='bbox 3404 1804 3467 1858; x_wconf 89' lang='lat' dir='ltr'>in</span> <span class='ocrx_word' id='word_1_246' title='bbox 3495 1803 3628 1857; x_wconf 86' lang='lat' dir='ltr'>Dia-</span> 
     </span>
    </p>
   </div>
   <div class='ocr_carea' id='block_1_34' title="bbox 217 1889 1866 1965">
    <p class='ocr_par' dir='ltr' id='par_1_34' title="bbox 217 1889 1866 1965">
     <span class='ocr_line' id='line_1_34' title="bbox 217 1889 1866 1965; baseline 0.002 -21"><span class='ocrx_word' id='word_1_247' title='bbox 217 1891 290 1961; x_wconf 87' lang='lat' dir='ltr'>(II</span> <span class='ocrx_word' id='word_1_248' title='bbox 319 1889 440 1958; x_wconf 86' lang='lat' dir='ltr'>Cor,</span> <span class='ocrx_word' id='word_1_249' title='bbox 473 1890 555 1961; x_wconf 86' lang='grc' dir='ltr'>ΙΙ).</span> <span class='ocrx_word' id='word_1_250' title='bbox 593 1910 615 1940; x_wconf 74' lang='grc' dir='ltr'>ι</span> <span class='ocrx_word' id='word_1_251' title='bbox 647 1891 750 1946; x_wconf 82' lang='lat' dir='ltr'>Hos</span> <span class='ocrx_word' id='word_1_252' title='bbox 778 1893 999 1964; x_wconf 88' lang='lat' dir='ltr'>quippe,</span> <span class='ocrx_word' id='word_1_253' title='bbox 1041 1894 1139 1965; x_wconf 86' lang='lat' dir='ltr'>qui</span> <span class='ocrx_word' id='word_1_254' title='bbox 1177 1902 1479 1965; x_wconf 66' lang='lat' dir='ltr'>prwsentes</span> <span class='ocrx_word' id='word_1_255' title='bbox 1526 1894 1655 1947; x_wconf 87' lang='lat' dir='ltr'>huic</span> <span class='ocrx_word' id='word_1_256' title='bbox 1683 1898 1866 1947; x_wconf 81' lang='lat' dir='ltr'>sancto</span> 
     </span>
    </p>
   </div>
   <div class='ocr_carea' id='block_1_35' title="bbox 213 1979 1868 2046">
    <p class='ocr_par' dir='ltr' id='par_1_35' title="bbox 213 1979 1868 2046">
     <span class='ocr_line' id='line_1_35' title="bbox 213 1979 1868 2046; baseline 0 -12"><span class='ocrx_word' id='word_1_257' title='bbox 213 1980 448 2035; x_wconf 89' lang='lat' dir='ltr'>concilio</span> <span class='ocrx_word' id='word_1_258' title='bbox 506 1982 800 2046; x_wconf 86' lang='lat' dir='ltr'>intersunt,</span> <span class='ocrx_word' id='word_1_259' title='bbox 855 1981 1076 2037; x_wconf 86' lang='lat' dir='ltr'>abbates</span> <span class='ocrx_word' id='word_1_260' title='bbox 1136 1983 1530 2038; x_wconf 82' lang='lat' dir='ltr'>Lemovicenses</span> <span class='ocrx_word' id='word_1_261' title='bbox 1588 1979 1770 2046; x_wconf 91' lang='lat' dir='ltr'>laudo,</span> <span class='ocrx_word' id='word_1_262' title='bbox 1817 1986 1868 2034; x_wconf 91' lang='lat' dir='ltr'>et</span> 
     </span>
    </p>
   </div>
   <div class='ocr_carea' id='block_1_36' title="bbox 212 2068 1865 2142">
    <p class='ocr_par' dir='ltr' id='par_1_36' title="bbox 212 2068 1865 2142">
     <span class='ocr_line' id='line_1_36' title="bbox 212 2068 1865 2142; baseline -0.001 -18"><span class='ocrx_word' id='word_1_263' title='bbox 212 2068 474 2137; x_wconf 81' lang='lat' dir='ltr'>testiﬁcor</span> <span class='ocrx_word' id='word_1_264' title='bbox 501 2070 557 2123; x_wconf 88' lang='lat' dir='ltr'>in</span> <span class='ocrx_word' id='word_1_265' title='bbox 593 2070 820 2124; x_wconf 90' lang='lat' dir='ltr'>Domino</span> <span class='ocrx_word' id='word_1_266' title='bbox 846 2074 980 2127; x_wconf 84' lang='lat' dir='ltr'>Jesu</span> <span class='ocrx_word' id='word_1_267' title='bbox 1027 2072 1159 2142; x_wconf 89' lang='lat' dir='ltr'>quia</span> <span class='ocrx_word' id='word_1_268' title='bbox 1205 2088 1329 2126; x_wconf 87' lang='lat' dir='ltr'>cum</span> <span class='ocrx_word' id='word_1_269' title='bbox 1373 2072 1485 2126; x_wconf 88' lang='lat' dir='ltr'>sibi</span> <span class='ocrx_word' id='word_1_270' title='bbox 1512 2069 1744 2125; x_wconf 84' lang='lat' dir='ltr'>subditis</span> <span class='ocrx_word' id='word_1_271' title='bbox 1774 2084 1865 2123; x_wconf 90' lang='lat' dir='ltr'>re-</span> 
     </span>
    </p>
   </div>
   <div class='ocr_carea' id='block_1_37' title="bbox 209 2159 1868 2232">
    <p class='ocr_par' dir='ltr' id='par_1_37' title="bbox 209 2159 1868 2232">
     <span class='ocr_line' id='line_1_37' title="bbox 209 2159 1868 2232; baseline -0.001 -19"><span class='ocrx_word' id='word_1_272' title='bbox 209 2159 484 2229; x_wconf 86' lang='lat' dir='ltr'>gulariter</span> <span class='ocrx_word' id='word_1_273' title='bbox 509 2166 729 2228; x_wconf 87' lang='lat' dir='ltr'>agentes</span> <span class='ocrx_word' id='word_1_274' title='bbox 777 2159 1057 2215; x_wconf 84' lang='lat' dir='ltr'>lucrandis</span> <span class='ocrx_word' id='word_1_275' title='bbox 1105 2160 1398 2215; x_wconf 89' lang='lat' dir='ltr'>animabus</span> <span class='ocrx_word' id='word_1_276' title='bbox 1454 2162 1636 2232; x_wconf 89' lang='lat' dir='ltr'>potius</span> <span class='ocrx_word' id='word_1_277' title='bbox 1667 2160 1868 2230; x_wconf 86' lang='lat' dir='ltr'>invigi-</span> 
     </span>
    </p>
   </div>
   <div class='ocr_carea' id='block_1_38' title="bbox 210 2247 1862 2319">
    <p class='ocr_par' dir='ltr' id='par_1_38' title="bbox 210 2247 1862 2319">
     <span class='ocr_line' id='line_1_38' title="bbox 210 2247 1862 2319; baseline 0.004 -17"><span class='ocrx_word' id='word_1_278' title='bbox 210 2248 334 2303; x_wconf 88' lang='lat' dir='ltr'>lant</span> <span class='ocrx_word' id='word_1_279' title='bbox 360 2264 526 2319; x_wconf 89' lang='lat' dir='ltr'>quam</span> <span class='ocrx_word' id='word_1_280' title='bbox 578 2247 644 2303; x_wconf 89' lang='lat' dir='ltr'>de</span> <span class='ocrx_word' id='word_1_281' title='bbox 692 2248 912 2304; x_wconf 87' lang='lat' dir='ltr'>caducis</span> <span class='ocrx_word' id='word_1_282' title='bbox 969 2248 1130 2305; x_wconf 88' lang='lat' dir='ltr'>rebus</span> <span class='ocrx_word' id='word_1_283' title='bbox 1185 2257 1235 2304; x_wconf 83' lang='lat' dir='ltr'>et</span> <span class='ocrx_word' id='word_1_284' title='bbox 1287 2251 1625 2305; x_wconf 87' lang='lat' dir='ltr'>transitoriis</span> <span class='ocrx_word' id='word_1_285' title='bbox 1656 2260 1862 2308; x_wconf 89' lang='lat' dir='ltr'>curent.</span> 
     </span>
    </p>
   </div>
   <div class='ocr_carea' id='block_1_39' title="bbox 207 2330 1869 2410">
    <p class='ocr_par' dir='ltr' id='par_1_39' title="bbox 207 2330 1869 2410">
     <span class='ocr_line' id='line_1_39' title="bbox 207 2330 1869 2410; baseline 0.002 -18"><span class='ocrx_word' id='word_1_286' title='bbox 207 2338 461 2405; x_wconf 87' lang='lat' dir='ltr'>Dignum</span> <span class='ocrx_word' id='word_1_287' title='bbox 497 2344 577 2393; x_wconf 89' lang='lat' dir='ltr'>est</span> <span class='ocrx_word' id='word_1_288' title='bbox 622 2340 774 2393; x_wconf 90' lang='lat' dir='ltr'>enim</span> <span class='ocrx_word' id='word_1_289' title='bbox 829 2342 889 2393; x_wconf 88' lang='lat' dir='ltr'>ut</span> <span class='ocrx_word' id='word_1_290' title='bbox 918 2340 1231 2410; x_wconf 84' lang='lat' dir='ltr'>quicunque</span> <span class='ocrx_word' id='word_1_291' title='bbox 1287 2340 1591 2410; x_wconf 88' lang='lat' dir='ltr'>suscipiunt</span> <span class='ocrx_word' id='word_1_292' title='bbox 1650 2330 1869 2396; x_wconf 88' lang='lat' dir='ltr'>animas</span> 
     </span>
    </p>
   </div>
   <div class='ocr_carea' id='block_1_40' title="bbox 204 2426 1866 2498">
    <p class='ocr_par' dir='ltr' id='par_1_40' title="bbox 204 2426 1866 2498">
     <span class='ocr_line' id='line_1_40' title="bbox 204 2426 1866 2498; baseline 0.002 -17"><span class='ocrx_word' id='word_1_293' title='bbox 204 2426 495 2495; x_wconf 86' lang='lat' dir='ltr'>regendas,</span> <span class='ocrx_word' id='word_1_294' title='bbox 522 2436 842 2498; x_wconf 55' lang='lat' dir='ltr'>prmparent</span> <span class='ocrx_word' id='word_1_295' title='bbox 879 2443 935 2483; x_wconf 89' lang='lat' dir='ltr'>se</span> <span class='ocrx_word' id='word_1_296' title='bbox 981 2428 1052 2483; x_wconf 92' lang='lat' dir='ltr'>ad</span> <span class='ocrx_word' id='word_1_297' title='bbox 1100 2429 1369 2483; x_wconf 88' lang='lat' dir='ltr'>rationem</span> <span class='ocrx_word' id='word_1_298' title='bbox 1421 2427 1767 2484; x_wconf 83' lang='lat' dir='ltr'>reddendam.</span> <span class='ocrx_word' id='word_1_299' title='bbox 1804 2435 1866 2485; x_wconf 86' lang='lat' dir='ltr'>In</span> 
     </span>
    </p>
   </div>
   <div class='ocr_carea' id='block_1_41' title="bbox 202 2516 1863 2588">
    <p class='ocr_par' dir='ltr' id='par_1_41' title="bbox 202 2516 1863 2588">
     <span class='ocr_line' id='line_1_41' title="bbox 202 2516 1863 2588; baseline 0.002 -18"><span class='ocrx_word' id='word_1_300' title='bbox 202 2517 408 2588; x_wconf 89' lang='lat' dir='ltr'>primis</span> <span class='ocrx_word' id='word_1_301' title='bbox 437 2516 669 2587; x_wconf 86' lang='lat' dir='ltr'>denique</span> <span class='ocrx_word' id='word_1_302' title='bbox 696 2516 975 2586; x_wconf 83' lang='lat' dir='ltr'>familiam</span> <span class='ocrx_word' id='word_1_303' title='bbox 1007 2516 1149 2573; x_wconf 86' lang='lat' dir='ltr'>beati</span> <span class='ocrx_word' id='word_1_304' title='bbox 1197 2516 1461 2572; x_wconf 81' lang='lat' dir='ltr'>Martialis</span> <span class='ocrx_word' id='word_1_305' title='bbox 1491 2518 1550 2571; x_wconf 88' lang='lat' dir='ltr'>in</span> <span class='ocrx_word' id='word_1_306' title='bbox 1581 2517 1683 2572; x_wconf 88' lang='lat' dir='ltr'>hac</span> <span class='ocrx_word' id='word_1_307' title='bbox 1710 2519 1863 2587; x_wconf 86' lang='lat' dir='ltr'>urbe,</span> 
     </span>
    </p>
   </div>
   <div class='ocr_carea' id='block_1_42' title="bbox 206 2604 1866 2678">
    <p class='ocr_par' dir='ltr' id='par_1_42' title="bbox 206 2604 1866 2678">
     <span class='ocr_line' id='line_1_42' title="bbox 206 2604 1866 2678; baseline 0.001 -17"><span class='ocrx_word' id='word_1_308' title='bbox 206 2609 263 2661; x_wconf 88' lang='lat' dir='ltr'>et</span> <span class='ocrx_word' id='word_1_309' title='bbox 296 2604 661 2661; x_wconf 85' lang='lat' dir='ltr'>Cambonense</span> <span class='ocrx_word' id='word_1_310' title='bbox 684 2608 1080 2661; x_wconf 87' lang='lat' dir='ltr'>monasterium</span> <span class='ocrx_word' id='word_1_311' title='bbox 1103 2606 1277 2663; x_wconf 46' lang='lat' dir='ltr'>beati?</span> <span class='ocrx_word' id='word_1_312' title='bbox 1322 2607 1555 2663; x_wconf 63' lang='lat' dir='ltr'>Valeriae</span> <span class='ocrx_word' id='word_1_313' title='bbox 1576 2610 1866 2678; x_wconf 87' lang='lat' dir='ltr'>possessio-</span> 
     </span>
    </p>
   </div>
   <div class='ocr_carea' id='block_1_43' title="bbox 205 2693 1870 2766">
    <p class='ocr_par' dir='ltr' id='par_1_43' title="bbox 205 2693 1870 2766">
     <span class='ocr_line' id='line_1_43' title="bbox 205 2693 1870 2766; baseline 0.001 -17"><span class='ocrx_word' id='word_1_314' title='bbox 205 2711 337 2750; x_wconf 88' lang='lat' dir='ltr'>nem</span> <span class='ocrx_word' id='word_1_315' title='bbox 369 2693 509 2749; x_wconf 89' lang='lat' dir='ltr'>beati</span> <span class='ocrx_word' id='word_1_316' title='bbox 536 2694 823 2759; x_wconf 84' lang='lat' dir='ltr'>Martialis,</span> <span class='ocrx_word' id='word_1_317' title='bbox 854 2702 906 2750; x_wconf 91' lang='lat' dir='ltr'>et</span> <span class='ocrx_word' id='word_1_318' title='bbox 934 2695 1047 2749; x_wconf 89' lang='lat' dir='ltr'>alia</span> <span class='ocrx_word' id='word_1_319' title='bbox 1091 2709 1216 2766; x_wconf 65' lang='lat' dir='ltr'>quae</span> <span class='ocrx_word' id='word_1_320' title='bbox 1263 2696 1317 2749; x_wconf 91' lang='lat' dir='ltr'>ei</span> <span class='ocrx_word' id='word_1_321' title='bbox 1357 2695 1486 2764; x_wconf 88' lang='lat' dir='ltr'>jure</span> <span class='ocrx_word' id='word_1_322' title='bbox 1514 2697 1870 2764; x_wconf 86' lang='lat' dir='ltr'>possessionis</span> 
     </span>
    </p>
   </div>
   <div class='ocr_carea' id='block_1_44' title="bbox 203 2783 1865 2856">
    <p class='ocr_par' dir='ltr' id='par_1_44' title="bbox 203 2783 1865 2856">
     <span class='ocr_line' id='line_1_44' title="bbox 203 2783 1865 2856; baseline 0 -18"><span class='ocrx_word' id='word_1_323' title='bbox 203 2783 566 2855; x_wconf 62' lang='lat' dir='ltr'>perpetuat’ab</span> <span class='ocrx_word' id='word_1_324' title='bbox 581 2784 826 2856; x_wconf 86' lang='lat' dir='ltr'>antiquis</span> <span class='ocrx_word' id='word_1_325' title='bbox 846 2784 1126 2855; x_wconf 88' lang='lat' dir='ltr'>subjacent</span> <span class='ocrx_word' id='word_1_326' title='bbox 1150 2784 1493 2854; x_wconf 88' lang='lat' dir='ltr'>temporibus</span> <span class='ocrx_word' id='word_1_327' title='bbox 1513 2786 1865 2852; x_wconf 86' lang='lat' dir='ltr'>monasteria,</span> 
     </span>
    </p>
   </div>
   <div class='ocr_carea' id='block_1_45' title="bbox 206 2871 1872 2941">
    <p class='ocr_par' dir='ltr' id='par_1_45' title="bbox 206 2871 1872 2941">
     <span class='ocr_line' id='line_1_45' title="bbox 206 2871 1872 2941; baseline -0.001 -13"><span class='ocrx_word' id='word_1_328' title='bbox 206 2889 322 2928; x_wconf 82' lang='lat' dir='ltr'>non</span> <span class='ocrx_word' id='word_1_329' title='bbox 352 2874 545 2941; x_wconf 87' lang='lat' dir='ltr'>ignoro</span> <span class='ocrx_word' id='word_1_330' title='bbox 574 2873 907 2941; x_wconf 86' lang='lat' dir='ltr'>regulariter</span> <span class='ocrx_word' id='word_1_331' title='bbox 934 2874 1132 2927; x_wconf 84' lang='lat' dir='ltr'>vivere.</span> <span class='ocrx_word' id='word_1_332' title='bbox 1162 2872 1539 2926; x_wconf 87' lang='lat' dir='ltr'>Nihilominus</span> <span class='ocrx_word' id='word_1_333' title='bbox 1571 2871 1872 2926; x_wconf 87' lang='lat' dir='ltr'>Solemnia-</span> 
     </span>
    </p>
   </div>
   <div class='ocr_carea' id='block_1_46' title="bbox 210 2960 1871 3033">
    <p class='ocr_par' dir='ltr' id='par_1_46' title="bbox 210 2960 1871 3033">
     <span class='ocr_line' id='line_1_46' title="bbox 210 2960 1871 3033; baseline -0.002 -16"><span class='ocrx_word' id='word_1_334' title='bbox 210 2978 343 3017; x_wconf 85' lang='lat' dir='ltr'>cum</span> <span class='ocrx_word' id='word_1_335' title='bbox 372 2969 532 3033; x_wconf 90' lang='lat' dir='ltr'>atque</span> <span class='ocrx_word' id='word_1_336' title='bbox 566 2962 815 3017; x_wconf 88' lang='lat' dir='ltr'>Usercam</span> <span class='ocrx_word' id='word_1_337' title='bbox 841 2961 1087 3015; x_wconf 76' lang='lat' dir='ltr'>cwnobia</span> <span class='ocrx_word' id='word_1_338' title='bbox 1121 2960 1487 3020; x_wconf 86' lang='lat' dir='ltr'>nobilissima.</span> <span class='ocrx_word' id='word_1_339' title='bbox 1537 2961 1871 3016; x_wconf 88' lang='lat' dir='ltr'>monasteria</span> 
     </span>
    </p>
   </div>
   <div class='ocr_carea' id='block_1_47' title="bbox 213 3042 1867 3121">
    <p class='ocr_par' dir='ltr' id='par_1_47' title="bbox 213 3042 1867 3121">
     <span class='ocr_line' id='line_1_47' title="bbox 213 3042 1867 3121; baseline -0.001 -17"><span class='ocrx_word' id='word_1_340' title='bbox 213 3065 429 3121; x_wconf 86' lang='lat' dir='ltr'>quoque</span> <span class='ocrx_word' id='word_1_341' title='bbox 476 3050 542 3104; x_wconf 91' lang='lat' dir='ltr'>in</span> <span class='ocrx_word' id='word_1_342' title='bbox 587 3050 689 3103; x_wconf 92' lang='lat' dir='ltr'>hac</span> <span class='ocrx_word' id='word_1_343' title='bbox 742 3049 878 3104; x_wconf 91' lang='lat' dir='ltr'>urbe</span> <span class='ocrx_word' id='word_1_344' title='bbox 930 3042 1145 3104; x_wconf 70' lang='lat' dir='ltr'>Sancti</span> <span class='ocrx_word' id='word_1_345' title='bbox 1169 3050 1396 3103; x_wconf 80' lang='lat' dir='ltr'>Martini</span> <span class='ocrx_word' id='word_1_346' title='bbox 1448 3052 1498 3103; x_wconf 92' lang='lat' dir='ltr'>et</span> <span class='ocrx_word' id='word_1_347' title='bbox 1556 3050 1867 3119; x_wconf 83' lang='lat' dir='ltr'>Augustini,</span> 
     </span>
    </p>
   </div>
   <div class='ocr_carea' id='block_1_48' title="bbox 211 3137 1872 3209">
    <p class='ocr_par' dir='ltr' id='par_1_48' title="bbox 211 3137 1872 3209">
     <span class='ocr_line' id='line_1_48' title="bbox 211 3137 1872 3209; baseline 0 -16"><span class='ocrx_word' id='word_1_348' title='bbox 211 3153 430 3193; x_wconf 85' lang='lat' dir='ltr'>necnon</span> <span class='ocrx_word' id='word_1_349' title='bbox 457 3145 508 3193; x_wconf 91' lang='lat' dir='ltr'>et</span> <span class='ocrx_word' id='word_1_350' title='bbox 536 3139 1013 3208; x_wconf 85' lang='lat' dir='ltr'>congregationem</span> <span class='ocrx_word' id='word_1_351' title='bbox 1042 3138 1323 3209; x_wconf 88' lang='lat' dir='ltr'>virginum</span> <span class='ocrx_word' id='word_1_352' title='bbox 1349 3139 1405 3192; x_wconf 88' lang='lat' dir='ltr'>in</span> <span class='ocrx_word' id='word_1_353' title='bbox 1439 3137 1665 3192; x_wconf 80' lang='lat' dir='ltr'>basilica</span> <span class='ocrx_word' id='word_1_354' title='bbox 1698 3138 1872 3194; x_wconf 54' lang='lat' dir='ltr'>beata</span> 
     </span>
    </p>
   </div>
   <div class='ocr_carea' id='block_1_49' title="bbox 209 3202 1942 3297">
    <p class='ocr_par' dir='ltr' id='par_1_49' title="bbox 209 3202 1942 3297">
     <span class='ocr_line' id='line_1_49' title="bbox 209 3202 1942 3297; baseline -0.001 -16"><span class='ocrx_word' id='word_1_355' title='bbox 209 3227 317 3283; x_wconf 88' lang='lat' dir='ltr'>Dei</span> <span class='ocrx_word' id='word_1_356' title='bbox 345 3227 707 3297; x_wconf 89' lang='lat' dir='ltr'>genitricis,et</span> <span class='ocrx_word' id='word_1_357' title='bbox 725 3226 867 3281; x_wconf 89' lang='lat' dir='ltr'>alias</span> <span class='ocrx_word' id='word_1_358' title='bbox 895 3241 1178 3282; x_wconf 87' lang='lat' dir='ltr'>servorum</span> <span class='ocrx_word' id='word_1_359' title='bbox 1206 3227 1305 3281; x_wconf 89' lang='lat' dir='ltr'>Dei</span> <span class='ocrx_word' id='word_1_360' title='bbox 1326 3241 1427 3297; x_wconf 89' lang='lat' dir='ltr'>per</span> <span class='ocrx_word' id='word_1_361' title='bbox 1456 3227 1869 3281; x_wconf 88' lang='lat' dir='ltr'>Lemovicinum</span> <span class='ocrx_word' id='word_1_362' title='bbox 1899 3202 1942 3268; x_wconf 76' lang='lat' dir='ltr'><strong><em>C</em></strong></span> 
     </span>
    </p>
   </div>
   <div class='ocr_carea' id='block_1_50' title="bbox 210 3314 1873 3387">
    <p class='ocr_par' dir='ltr' id='par_1_50' title="bbox 210 3314 1873 3387">
     <span class='ocr_line' id='line_1_50' title="bbox 210 3314 1873 3387; baseline -0.001 -17"><span class='ocrx_word' id='word_1_363' title='bbox 210 3316 676 3386; x_wconf 86' lang='lat' dir='ltr'>congregationes,</span> <span class='ocrx_word' id='word_1_364' title='bbox 706 3315 914 3387; x_wconf 86' lang='lat' dir='ltr'>gaudeo</span> <span class='ocrx_word' id='word_1_365' title='bbox 942 3316 1122 3371; x_wconf 87' lang='lat' dir='ltr'>sancti</span> <span class='ocrx_word' id='word_1_366' title='bbox 1150 3314 1361 3370; x_wconf 84' lang='lat' dir='ltr'>ordinis</span> <span class='ocrx_word' id='word_1_367' title='bbox 1398 3317 1759 3371; x_wconf 86' lang='lat' dir='ltr'>reverentiam</span> <span class='ocrx_word' id='word_1_368' title='bbox 1791 3331 1873 3370; x_wconf 86' lang='lat' dir='ltr'>re-</span> 
     </span>
    </p>
   </div>
   <div class='ocr_carea' id='block_1_51' title="bbox 208 3402 1870 3477">
    <p class='ocr_par' dir='ltr' id='par_1_51' title="bbox 208 3402 1870 3477">
     <span class='ocr_line' id='line_1_51' title="bbox 208 3402 1870 3477; baseline 0 -19"><span class='ocrx_word' id='word_1_369' title='bbox 208 3404 488 3477; x_wconf 85' lang='lat' dir='ltr'>gulariter</span> <span class='ocrx_word' id='word_1_370' title='bbox 514 3402 814 3459; x_wconf 89' lang='lat' dir='ltr'>observare.</span> <span class='ocrx_word' id='word_1_371' title='bbox 852 3404 1127 3472; x_wconf 81' lang='lat' dir='ltr'>Quantum</span> <span class='ocrx_word' id='word_1_372' title='bbox 1155 3403 1391 3476; x_wconf 85' lang='lat' dir='ltr'>denique</span> <span class='ocrx_word' id='word_1_373' title='bbox 1408 3405 1470 3459; x_wconf 89' lang='lat' dir='ltr'>in</span> <span class='ocrx_word' id='word_1_374' title='bbox 1489 3404 1662 3459; x_wconf 89' lang='lat' dir='ltr'>oculis</span> <span class='ocrx_word' id='word_1_375' title='bbox 1690 3405 1870 3465; x_wconf 89' lang='lat' dir='ltr'>omni-</span> 
     </span>
    </p>
   </div>
   <div class='ocr_carea' id='block_1_52' title="bbox 207 3491 1871 3566">
    <p class='ocr_par' dir='ltr' id='par_1_52' title="bbox 207 3491 1871 3566">
     <span class='ocr_line' id='line_1_52' title="bbox 207 3491 1871 3566; baseline -0.001 -17"><span class='ocrx_word' id='word_1_376' title='bbox 207 3494 452 3566; x_wconf 87' lang='lat' dir='ltr'>potentis</span> <span class='ocrx_word' id='word_1_377' title='bbox 479 3492 700 3547; x_wconf 88' lang='lat' dir='ltr'>Domini</span> <span class='ocrx_word' id='word_1_378' title='bbox 727 3491 796 3547; x_wconf 89' lang='lat' dir='ltr'>ad</span> <span class='ocrx_word' id='word_1_379' title='bbox 826 3492 1266 3548; x_wconf 82' lang='lat' dir='ltr'>intercedendum</span> <span class='ocrx_word' id='word_1_380' title='bbox 1310 3509 1412 3564; x_wconf 86' lang='lat' dir='ltr'>pro</span> <span class='ocrx_word' id='word_1_381' title='bbox 1440 3494 1619 3549; x_wconf 90' lang='lat' dir='ltr'>salute</span> <span class='ocrx_word' id='word_1_382' title='bbox 1642 3493 1871 3565; x_wconf 87' lang='lat' dir='ltr'>populo-</span> 
     </span>
    </p>
   </div>
   <div class='ocr_carea' id='block_1_53' title="bbox 211 3582 1874 3650">
    <p class='ocr_par' dir='ltr' id='par_1_53' title="bbox 211 3582 1874 3650">
     <span class='ocr_line' id='line_1_53' title="bbox 211 3582 1874 3650; baseline 0.001 -13"><span class='ocrx_word' id='word_1_383' title='bbox 211 3599 348 3637; x_wconf 81' lang='lat' dir='ltr'>rum</span> <span class='ocrx_word' id='word_1_384' title='bbox 397 3582 841 3650; x_wconf 89' lang='lat' dir='ltr'>congregationes</span> <span class='ocrx_word' id='word_1_385' title='bbox 888 3582 1110 3637; x_wconf 84' lang='lat' dir='ltr'>valeant</span> <span class='ocrx_word' id='word_1_386' title='bbox 1172 3598 1451 3638; x_wconf 88' lang='lat' dir='ltr'>servorum</span> <span class='ocrx_word' id='word_1_387' title='bbox 1508 3582 1627 3648; x_wconf 89' lang='lat' dir='ltr'>Dei,</span> <span class='ocrx_word' id='word_1_388' title='bbox 1689 3583 1874 3638; x_wconf 89' lang='lat' dir='ltr'>beatus</span> 
     </span>
    </p>
   </div>
   <div class='ocr_carea' id='block_1_54' title="bbox 215 3668 1871 3741">
    <p class='ocr_par' dir='ltr' id='par_1_54' title="bbox 215 3668 1871 3741">
     <span class='ocr_line' id='line_1_54' title="bbox 215 3668 1871 3741; baseline -0.001 -15"><span class='ocrx_word' id='word_1_389' title='bbox 215 3670 518 3741; x_wconf 87' lang='lat' dir='ltr'>Gregorius</span> <span class='ocrx_word' id='word_1_390' title='bbox 540 3668 1041 3738; x_wconf 87' lang='lat' dir='ltr'>decongregatione</span> <span class='ocrx_word' id='word_1_391' title='bbox 1081 3670 1593 3725; x_wconf 88' lang='lat' dir='ltr'>sanctimonialium</span> <span class='ocrx_word' id='word_1_392' title='bbox 1641 3671 1871 3737; x_wconf 88' lang='lat' dir='ltr'>locatus,</span> 
     </span>
    </p>
   </div>
   <div class='ocr_carea' id='block_1_55' title="bbox 212 3758 1874 3830">
    <p class='ocr_par' dir='ltr' id='par_1_55' title="bbox 212 3758 1874 3830">
     <span class='ocr_line' id='line_1_55' title="bbox 212 3758 1874 3830; baseline -0.001 -15"><span class='ocrx_word' id='word_1_393' title='bbox 212 3758 475 3824; x_wconf 82' lang='lat' dir='ltr'>ostendit,</span> <span class='ocrx_word' id='word_1_394' title='bbox 506 3759 793 3830; x_wconf 89' lang='lat' dir='ltr'>inquiens:</span> <span class='ocrx_word' id='word_1_395' title='bbox 832 3779 861 3808; x_wconf 85' lang='lat'><strong>«</strong></span> <span class='ocrx_word' id='word_1_396' title='bbox 888 3759 1036 3815; x_wconf 83' lang='lat' dir='ltr'>Inter</span> <span class='ocrx_word' id='word_1_397' title='bbox 1063 3762 1136 3814; x_wconf 90' lang='lat' dir='ltr'>tot</span> <span class='ocrx_word' id='word_1_398' title='bbox 1166 3759 1643 3829; x_wconf 83' lang='lat' dir='ltr'>Langobardorum</span> <span class='ocrx_word' id='word_1_399' title='bbox 1662 3759 1874 3829; x_wconf 86' lang='lat' dir='ltr'>gladios</span> 
     </span>
    </p>
   </div>
   <div class='ocr_carea' id='block_1_56' title="bbox 213 3848 1875 3920">
    <p class='ocr_par' dir='ltr' id='par_1_56' title="bbox 213 3848 1875 3920">
     <span class='ocr_line' id='line_1_56' title="bbox 213 3848 1875 3920; baseline -0.002 -14"><span class='ocrx_word' id='word_1_400' title='bbox 213 3849 313 3906; x_wconf 84' lang='lat' dir='ltr'>his</span> <span class='ocrx_word' id='word_1_401' title='bbox 340 3848 543 3905; x_wconf 82' lang='lat' dir='ltr'>nostris</span> <span class='ocrx_word' id='word_1_402' title='bbox 581 3849 911 3920; x_wconf 86' lang='lat' dir='ltr'>temporibus</span> <span class='ocrx_word' id='word_1_403' title='bbox 966 3850 1134 3905; x_wconf 86' lang='lat' dir='ltr'>Roma</span> <span class='ocrx_word' id='word_1_404' title='bbox 1182 3863 1529 3920; x_wconf 88' lang='lat' dir='ltr'>nequaquam</span> <span class='ocrx_word' id='word_1_405' title='bbox 1583 3849 1875 3904; x_wconf 88' lang='lat' dir='ltr'>subsistere</span> 
     </span>
    </p>
   </div>
   <div class='ocr_carea' id='block_1_57' title="bbox 209 3937 1875 4011">
    <p class='ocr_par' dir='ltr' id='par_1_57' title="bbox 209 3937 1875 4011">
     <span class='ocr_line' id='line_1_57' title="bbox 209 3937 1875 4011; baseline 0 -18"><span class='ocrx_word' id='word_1_406' title='bbox 209 3946 415 4011; x_wconf 87' lang='lat' dir='ltr'>posset,</span> <span class='ocrx_word' id='word_1_407' title='bbox 447 3937 564 3992; x_wconf 89' lang='lat' dir='ltr'>nisi</span> <span class='ocrx_word' id='word_1_408' title='bbox 608 3937 892 4007; x_wconf 88' lang='lat' dir='ltr'>virginum</span> <span class='ocrx_word' id='word_1_409' title='bbox 935 3937 1449 3993; x_wconf 89' lang='lat' dir='ltr'>sanctimonialium</span> <span class='ocrx_word' id='word_1_410' title='bbox 1503 3939 1565 3991; x_wconf 91' lang='lat' dir='ltr'>in</span> <span class='ocrx_word' id='word_1_411' title='bbox 1615 3938 1714 3993; x_wconf 92' lang='lat' dir='ltr'>hoc</span> <span class='ocrx_word' id='word_1_412' title='bbox 1741 3938 1875 3993; x_wconf 90' lang='lat' dir='ltr'>urbe</span> 
     </span>
    </p>
   </div>
   <div class='ocr_carea' id='block_1_58' title="bbox 218 4026 1876 4097">
    <p class='ocr_par' dir='ltr' id='par_1_58' title="bbox 218 4026 1876 4097">
     <span class='ocr_line' id='line_1_58' title="bbox 218 4026 1876 4097; baseline -0.001 -14"><span class='ocrx_word' id='word_1_413' title='bbox 218 4027 469 4083; x_wconf 82' lang='lat' dir='ltr'>Comana</span> <span class='ocrx_word' id='word_1_414' title='bbox 496 4027 933 4097; x_wconf 86' lang='lat' dir='ltr'>congregationes</span> <span class='ocrx_word' id='word_1_415' title='bbox 960 4028 1076 4082; x_wconf 89' lang='lat' dir='ltr'>suis</span> <span class='ocrx_word' id='word_1_416' title='bbox 1119 4026 1460 4082; x_wconf 88' lang='lat' dir='ltr'>orationibus</span> <span class='ocrx_word' id='word_1_417' title='bbox 1506 4029 1678 4083; x_wconf 76' lang='lat' dir='ltr'>tantae</span> <span class='ocrx_word' id='word_1_418' title='bbox 1705 4027 1876 4082; x_wconf 89' lang='lat' dir='ltr'>hosti-</span> 
     </span>
    </p>
   </div>
   <div class='ocr_carea' id='block_1_59' title="bbox 217 4114 1876 4186">
    <p class='ocr_par' dir='ltr' id='par_1_59' title="bbox 217 4114 1876 4186">
     <span class='ocr_line' id='line_1_59' title="bbox 217 4114 1876 4186; baseline 0 -16"><span class='ocrx_word' id='word_1_419' title='bbox 217 4115 379 4172; x_wconf 88' lang='lat' dir='ltr'>litati</span> <span class='ocrx_word' id='word_1_420' title='bbox 402 4115 733 4170; x_wconf 88' lang='lat' dir='ltr'>resisterent.</span> <span class='ocrx_word' id='word_1_421' title='bbox 784 4136 814 4165; x_wconf 84' lang='lat'><strong>»</strong></span> <span class='ocrx_word' id='word_1_422' title='bbox 865 4117 931 4170; x_wconf 88' lang='lat' dir='ltr'>Et</span> <span class='ocrx_word' id='word_1_423' title='bbox 977 4117 1146 4171; x_wconf 89' lang='lat' dir='ltr'>item:</span> <span class='ocrx_word' id='word_1_424' title='bbox 1181 4137 1208 4164; x_wconf 83' lang='lat'>«</span> <span class='ocrx_word' id='word_1_425' title='bbox 1242 4114 1383 4180; x_wconf 88' lang='lat' dir='ltr'>Ideo,</span> <span class='ocrx_word' id='word_1_426' title='bbox 1432 4116 1632 4185; x_wconf 88' lang='lat' dir='ltr'>inquit,</span> <span class='ocrx_word' id='word_1_427' title='bbox 1689 4116 1876 4186; x_wconf 89' lang='lat' dir='ltr'>provi-</span> 
     </span>
    </p>
   </div>
   <div class='ocr_carea' id='block_1_60' title="bbox 215 4203 1877 4276">
    <p class='ocr_par' dir='ltr' id='par_1_60' title="bbox 215 4203 1877 4276">
     <span class='ocr_line' id='line_1_60' title="bbox 215 4203 1877 4276; baseline -0.002 -14"><span class='ocrx_word' id='word_1_428' title='bbox 215 4203 466 4262; x_wconf 85' lang='lat' dir='ltr'>dendum</span> <span class='ocrx_word' id='word_1_429' title='bbox 491 4203 647 4259; x_wconf 88' lang='lat' dir='ltr'>nobis</span> <span class='ocrx_word' id='word_1_430' title='bbox 693 4205 1043 4260; x_wconf 86' lang='lat' dir='ltr'>monasteriis</span> <span class='ocrx_word' id='word_1_431' title='bbox 1099 4204 1435 4260; x_wconf 87' lang='lat' dir='ltr'>ancillarum</span> <span class='ocrx_word' id='word_1_432' title='bbox 1463 4204 1579 4272; x_wconf 90' lang='lat' dir='ltr'>Dei,</span> <span class='ocrx_word' id='word_1_433' title='bbox 1609 4212 1877 4276; x_wconf 89' lang='lat' dir='ltr'>quatenus</span> 
     </span>
    </p>
   </div>
   <div class='ocr_carea' id='block_1_61' title="bbox 215 4292 1881 4365">
    <p class='ocr_par' dir='ltr' id='par_1_61' title="bbox 215 4292 1881 4365">
     <span class='ocr_line' id='line_1_61' title="bbox 215 4292 1881 4365; baseline -0.001 -15"><span class='ocrx_word' id='word_1_434' title='bbox 215 4296 305 4351; x_wconf 86' lang='lat' dir='ltr'>eis</span> <span class='ocrx_word' id='word_1_435' title='bbox 336 4292 684 4349; x_wconf 86' lang='lat' dir='ltr'>abundanter</span> <span class='ocrx_word' id='word_1_436' title='bbox 722 4293 967 4349; x_wconf 90' lang='lat' dir='ltr'>subsidia</span> <span class='ocrx_word' id='word_1_437' title='bbox 1010 4294 1419 4349; x_wconf 88' lang='lat' dir='ltr'>ministremus:</span> <span class='ocrx_word' id='word_1_438' title='bbox 1471 4309 1540 4348; x_wconf 88' lang='lat' dir='ltr'>ne</span> <span class='ocrx_word' id='word_1_439' title='bbox 1588 4309 1696 4365; x_wconf 91' lang='lat' dir='ltr'>qua</span> <span class='ocrx_word' id='word_1_440' title='bbox 1740 4294 1881 4364; x_wconf 88' lang='lat' dir='ltr'>forte</span> 
     </span>
    </p>
   </div>
   <div class='ocr_carea' id='block_1_62' title="bbox 162 4381 1881 4455">
    <p class='ocr_par' dir='ltr' id='par_1_62' title="bbox 162 4381 1881 4455">
     <span class='ocr_line' id='line_1_62' title="bbox 162 4381 1881 4455; baseline -0.002 -16"><span class='ocrx_word' id='word_1_441' title='bbox 162 4440 182 4449; x_wconf 79' lang='grc'><em>,</em></span> <span class='ocrx_word' id='word_1_442' title='bbox 214 4383 464 4455; x_wconf 85' lang='lat' dir='ltr'>penuria</span> <span class='ocrx_word' id='word_1_443' title='bbox 490 4385 757 4454; x_wconf 53' lang='lat' dir='ltr'>gravata,</span> <span class='ocrx_word' id='word_1_444' title='bbox 802 4399 837 4438; x_wconf 93' lang='lat' dir='ltr'>a</span> <span class='ocrx_word' id='word_1_445' title='bbox 864 4397 961 4439; x_wconf 87' lang='lat' dir='ltr'>suo</span> <span class='ocrx_word' id='word_1_446' title='bbox 1002 4383 1281 4454; x_wconf 88' lang='lat' dir='ltr'>proposito</span> <span class='ocrx_word' id='word_1_447' title='bbox 1332 4382 1413 4437; x_wconf 88' lang='lat' dir='ltr'>vel</span> <span class='ocrx_word' id='word_1_448' title='bbox 1469 4381 1881 4453; x_wconf 89' lang='lat' dir='ltr'>aliquantulum</span> 
     </span>
    </p>
   </div>
   <div class='ocr_carea' id='block_1_63' title="bbox 218 4470 1881 4527">
    <p class='ocr_par' dir='ltr' id='par_1_63' title="bbox 218 4470 1881 4527">
     <span class='ocr_line' id='line_1_63' title="bbox 218 4470 1881 4527; baseline 0 -1"><span class='ocrx_word' id='word_1_449' title='bbox 218 4470 603 4527; x_wconf 85' lang='lat' dir='ltr'>succumbant.</span> <span class='ocrx_word' id='word_1_450' title='bbox 668 4493 689 4521; x_wconf 75' lang='grc' dir='ltr'>ι</span> <span class='ocrx_word' id='word_1_451' title='bbox 746 4472 887 4527; x_wconf 89' lang='lat' dir='ltr'>Nam</span> <span class='ocrx_word' id='word_1_452' title='bbox 938 4471 1271 4527; x_wconf 88' lang='lat' dir='ltr'>monasteria</span> <span class='ocrx_word' id='word_1_453' title='bbox 1316 4471 1707 4527; x_wconf 88' lang='lat' dir='ltr'>monachorum</span> <span class='ocrx_word' id='word_1_454' title='bbox 1736 4470 1881 4526; x_wconf 87' lang='lat' dir='ltr'>idem</span> 
     </span>
    </p>
   </div>
   <div class='ocr_carea' id='block_1_64' title="bbox 1981 1891 3629 1961">
    <p class='ocr_par' dir='ltr' id='par_1_64' title="bbox 1981 1891 3629 1961">
     <span class='ocr_line' id='line_1_64' title="bbox 1981 1891 3629 1961; baseline 0.001 -16"><span class='ocrx_word' id='word_1_455' title='bbox 1981 1891 2227 1961; x_wconf 89' lang='lat' dir='ltr'>logorum</span> <span class='ocrx_word' id='word_1_456' title='bbox 2295 1892 2435 1947; x_wconf 88' lang='lat' dir='ltr'>libro</span> <span class='ocrx_word' id='word_1_457' title='bbox 2499 1893 2768 1949; x_wconf 82' lang='lat' dir='ltr'>secundo:</span> <span class='ocrx_word' id='word_1_458' title='bbox 2843 1913 2866 1943; x_wconf 76' lang='grc' dir='ltr'>ι</span> <span class='ocrx_word' id='word_1_459' title='bbox 2935 1895 3161 1949; x_wconf 86' lang='lat' dir='ltr'>Tantam</span> <span class='ocrx_word' id='word_1_460' title='bbox 3220 1892 3481 1949; x_wconf 67' lang='lat' dir='ltr'>Ecclesiae</span> <span class='ocrx_word' id='word_1_461' title='bbox 3516 1907 3629 1947; x_wconf 63' lang='lat' dir='ltr'>suae</span> 
     </span>
    </p>
   </div>
   <div class='ocr_carea' id='block_1_65' title="bbox 1976 1979 3629 2055">
    <p class='ocr_par' dir='ltr' id='par_1_65' title="bbox 1976 1979 3629 2055">
     <span class='ocr_line' id='line_1_65' title="bbox 1976 1979 3629 2055; baseline -0.001 -18"><span class='ocrx_word' id='word_1_462' title='bbox 1976 1979 2222 2037; x_wconf 80' lang='lat' dir='ltr'>Christus</span> <span class='ocrx_word' id='word_1_463' title='bbox 2252 1980 2482 2051; x_wconf 84' lang='lat' dir='ltr'>largitus</span> <span class='ocrx_word' id='word_1_464' title='bbox 2524 1989 2603 2037; x_wconf 88' lang='lat' dir='ltr'>est</span> <span class='ocrx_word' id='word_1_465' title='bbox 2641 1983 2920 2050; x_wconf 90' lang='lat' dir='ltr'>virtutem,</span> <span class='ocrx_word' id='word_1_466' title='bbox 2963 1990 3024 2038; x_wconf 92' lang='lat' dir='ltr'>ut</span> <span class='ocrx_word' id='word_1_467' title='bbox 3076 1984 3243 2039; x_wconf 91' lang='lat' dir='ltr'>etiam</span> <span class='ocrx_word' id='word_1_468' title='bbox 3295 1982 3394 2055; x_wconf 88' lang='lat' dir='ltr'>qui</span> <span class='ocrx_word' id='word_1_469' title='bbox 3434 1982 3498 2037; x_wconf 87' lang='lat' dir='ltr'>in</span> <span class='ocrx_word' id='word_1_470' title='bbox 3526 1979 3629 2036; x_wconf 91' lang='lat' dir='ltr'>hac</span> 
     </span>
    </p>
   </div>
   <div class='ocr_carea' id='block_1_66' title="bbox 1972 2068 3625 2143">
    <p class='ocr_par' dir='ltr' id='par_1_66' title="bbox 1972 2068 3625 2143">
     <span class='ocr_line' id='line_1_66' title="bbox 1972 2068 3625 2143; baseline 0.001 -20"><span class='ocrx_word' id='word_1_471' title='bbox 1972 2084 2137 2123; x_wconf 85' lang='lat' dir='ltr'>carne</span> <span class='ocrx_word' id='word_1_472' title='bbox 2162 2068 2341 2124; x_wconf 90' lang='lat' dir='ltr'>adhuc</span> <span class='ocrx_word' id='word_1_473' title='bbox 2367 2070 2580 2136; x_wconf 89' lang='lat' dir='ltr'>vivunt,</span> <span class='ocrx_word' id='word_1_474' title='bbox 2598 2073 2731 2143; x_wconf 90' lang='lat' dir='ltr'>jam</span> <span class='ocrx_word' id='word_1_475' title='bbox 2762 2087 2927 2127; x_wconf 89' lang='lat' dir='ltr'>carne</span> <span class='ocrx_word' id='word_1_476' title='bbox 2970 2072 3172 2128; x_wconf 88' lang='lat' dir='ltr'>solutos</span> <span class='ocrx_word' id='word_1_477' title='bbox 3227 2070 3501 2127; x_wconf 87' lang='lat' dir='ltr'>absolvere</span> <span class='ocrx_word' id='word_1_478' title='bbox 3523 2085 3625 2125; x_wconf 89' lang='lat' dir='ltr'>va-</span> 
     </span>
    </p>
   </div>
   <div class='ocr_carea' id='block_1_67' title="bbox 1975 2158 3630 2230">
    <p class='ocr_par' dir='ltr' id='par_1_67' title="bbox 1975 2158 3630 2230">
     <span class='ocr_line' id='line_1_67' title="bbox 1975 2158 3630 2230; baseline 0 -17"><span class='ocrx_word' id='word_1_479' title='bbox 1975 2158 2139 2226; x_wconf 90' lang='lat' dir='ltr'>leant,</span> <span class='ocrx_word' id='word_1_480' title='bbox 2173 2173 2305 2230; x_wconf 89' lang='lat' dir='ltr'>quos</span> <span class='ocrx_word' id='word_1_481' title='bbox 2334 2159 2480 2214; x_wconf 91' lang='lat' dir='ltr'>vivos</span> <span class='ocrx_word' id='word_1_482' title='bbox 2529 2160 2853 2227; x_wconf 89' lang='lat' dir='ltr'>ligaverant.</span> <span class='ocrx_word' id='word_1_483' title='bbox 2887 2162 3109 2217; x_wconf 86' lang='lat' dir='ltr'>Dicente</span> <span class='ocrx_word' id='word_1_484' title='bbox 3158 2160 3387 2217; x_wconf 90' lang='lat' dir='ltr'>Domino</span> <span class='ocrx_word' id='word_1_485' title='bbox 3432 2158 3503 2214; x_wconf 89' lang='lat' dir='ltr'>ad</span> <span class='ocrx_word' id='word_1_486' title='bbox 3530 2158 3630 2214; x_wconf 88' lang='lat' dir='ltr'>Pe-</span> 
     </span>
    </p>
   </div>
   <div class='ocr_carea' id='block_1_68' title="bbox 1973 2246 3625 2321">
    <p class='ocr_par' dir='ltr' id='par_1_68' title="bbox 1973 2246 3625 2321">
     <span class='ocr_line' id='line_1_68' title="bbox 1973 2246 3625 2321; baseline 0.001 -20"><span class='ocrx_word' id='word_1_487' title='bbox 1973 2254 2156 2302; x_wconf 88' lang='lat' dir='ltr'>trum:</span> <span class='ocrx_word' id='word_1_488' title='bbox 2191 2246 2556 2319; x_wconf 84' lang='lat' dir='ltr'>Quodcunque</span> <span class='ocrx_word' id='word_1_489' title='bbox 2582 2249 2807 2304; x_wconf 88' lang='lat' dir='ltr'>solveris</span> <span class='ocrx_word' id='word_1_490' title='bbox 2846 2265 3011 2321; x_wconf 89' lang='lat' dir='ltr'>super</span> <span class='ocrx_word' id='word_1_491' title='bbox 3059 2258 3283 2317; x_wconf 88' lang='lat' dir='ltr'>terram,</span> <span class='ocrx_word' id='word_1_492' title='bbox 3316 2249 3423 2305; x_wconf 90' lang='lat' dir='ltr'>erit</span> <span class='ocrx_word' id='word_1_493' title='bbox 3476 2247 3625 2304; x_wconf 90' lang='lat' dir='ltr'>sola-</span> 
     </span>
    </p>
   </div>
   <div class='ocr_carea' id='block_1_69' title="bbox 1974 2336 3625 2410">
    <p class='ocr_par' dir='ltr' id='par_1_69' title="bbox 1974 2336 3625 2410">
     <span class='ocr_line' id='line_1_69' title="bbox 1974 2336 3625 2410; baseline 0.001 -20"><span class='ocrx_word' id='word_1_494' title='bbox 1974 2344 2089 2391; x_wconf 90' lang='lat' dir='ltr'>tum</span> <span class='ocrx_word' id='word_1_495' title='bbox 2116 2341 2168 2391; x_wconf 90' lang='lat' dir='ltr'>et</span> <span class='ocrx_word' id='word_1_496' title='bbox 2200 2337 2257 2390; x_wconf 88' lang='lat' dir='ltr'>in</span> <span class='ocrx_word' id='word_1_497' title='bbox 2282 2337 2438 2392; x_wconf 75' lang='lat' dir='ltr'>caelis</span> <span class='ocrx_word' id='word_1_498' title='bbox 2469 2336 2677 2409; x_wconf 84' lang='lat' dir='ltr'>(Matth.</span> <span class='ocrx_word' id='word_1_499' title='bbox 2712 2338 2851 2410; x_wconf 79' lang='lat' dir='ltr'>xvx).</span> <span class='ocrx_word' id='word_1_500' title='bbox 2882 2358 2911 2391; x_wconf 74' lang='grc' dir='ltr'><strong><em>η</em></strong></span> <span class='ocrx_word' id='word_1_501' title='bbox 2943 2343 3088 2396; x_wconf 85' lang='lat' dir='ltr'>Nam</span> <span class='ocrx_word' id='word_1_502' title='bbox 3132 2341 3357 2395; x_wconf 88' lang='lat' dir='ltr'>sanctus</span> <span class='ocrx_word' id='word_1_503' title='bbox 3386 2336 3625 2393; x_wconf 89' lang='lat' dir='ltr'>Benedi-</span> 
     </span>
    </p>
   </div>
   <div class='ocr_carea' id='block_1_70' title="bbox 1972 2414 3628 2500">
    <p class='ocr_par' dir='ltr' id='par_1_70' title="bbox 1972 2414 3628 2500">
     <span class='ocr_line' id='line_1_70' title="bbox 1972 2414 3628 2500; baseline 0.002 -21"><span class='ocrx_word' id='word_1_504' title='bbox 1972 2428 2087 2480; x_wconf 89' lang='lat' dir='ltr'>ctus</span> <span class='ocrx_word' id='word_1_505' title='bbox 2116 2424 2251 2480; x_wconf 89' lang='lat' dir='ltr'>duas</span> <span class='ocrx_word' id='word_1_506' title='bbox 2278 2426 2743 2493; x_wconf 87' lang='lat' dir='ltr'>sanctlmonlales,</span> <span class='ocrx_word' id='word_1_507' title='bbox 2775 2436 2827 2483; x_wconf 90' lang='lat' dir='ltr'>et</span> <span class='ocrx_word' id='word_1_508' title='bbox 2882 2444 3058 2483; x_wconf 90' lang='lat' dir='ltr'>unum</span> <span class='ocrx_word' id='word_1_509' title='bbox 3102 2444 3173 2484; x_wconf 82' lang='lat' dir='ltr'>ea:</span> <span class='ocrx_word' id='word_1_510' title='bbox 3210 2414 3497 2500; x_wconf 65' lang='lat' dir='ltr'>fratribus,</span> <span class='ocrx_word' id='word_1_511' title='bbox 3529 2428 3628 2499; x_wconf 84' lang='lat' dir='ltr'>qui</span> 
     </span>
    </p>
   </div>
   <div class='ocr_carea' id='block_1_71' title="bbox 1974 2514 3629 2589">
    <p class='ocr_par' dir='ltr' id='par_1_71' title="bbox 1974 2514 3629 2589">
     <span class='ocr_line' id='line_1_71' title="bbox 1974 2514 3629 2589; baseline 0.001 -20"><span class='ocrx_word' id='word_1_512' title='bbox 1974 2514 2136 2586; x_wconf 89' lang='lat' dir='ltr'>ligati</span> <span class='ocrx_word' id='word_1_513' title='bbox 2157 2515 2424 2581; x_wconf 89' lang='lat' dir='ltr'>obierant,</span> <span class='ocrx_word' id='word_1_514' title='bbox 2467 2520 2591 2586; x_wconf 91' lang='lat' dir='ltr'>post</span> <span class='ocrx_word' id='word_1_515' title='bbox 2635 2523 2864 2573; x_wconf 88' lang='lat' dir='ltr'>mortem</span> <span class='ocrx_word' id='word_1_516' title='bbox 2909 2518 3156 2573; x_wconf 85' lang='lat' dir='ltr'>absolvit.</span> <span class='ocrx_word' id='word_1_517' title='bbox 3205 2516 3457 2589; x_wconf 85' lang='lat' dir='ltr'>Idemque</span> <span class='ocrx_word' id='word_1_518' title='bbox 3480 2532 3629 2589; x_wconf 87' lang='lat' dir='ltr'>papa</span> 
     </span>
    </p>
   </div>
   <div class='ocr_carea' id='block_1_72' title="bbox 1975 2603 3624 2679">
    <p class='ocr_par' dir='ltr' id='par_1_72' title="bbox 1975 2603 3624 2679">
     <span class='ocr_line' id='line_1_72' title="bbox 1975 2603 3624 2679; baseline 0.001 -21"><span class='ocrx_word' id='word_1_519' title='bbox 1975 2603 2269 2674; x_wconf 86' lang='lat' dir='ltr'>Gregorius</span> <span class='ocrx_word' id='word_1_520' title='bbox 2299 2604 2570 2659; x_wconf 87' lang='lat' dir='ltr'>medicum</span> <span class='ocrx_word' id='word_1_521' title='bbox 2596 2607 2827 2675; x_wconf 81' lang='lat' dir='ltr'>fratrem</span> <span class='ocrx_word' id='word_1_522' title='bbox 2856 2607 2915 2661; x_wconf 89' lang='lat' dir='ltr'>in</span> <span class='ocrx_word' id='word_1_523' title='bbox 2939 2608 3055 2679; x_wconf 91' lang='lat' dir='ltr'>ipso</span> <span class='ocrx_word' id='word_1_524' title='bbox 3073 2607 3227 2662; x_wconf 72' lang='lat' dir='ltr'>exitu</span> <span class='ocrx_word' id='word_1_525' title='bbox 3255 2607 3381 2662; x_wconf 59' lang='lat' dir='ltr'>vita</span> <span class='ocrx_word' id='word_1_526' title='bbox 3411 2606 3624 2676; x_wconf 88' lang='lat' dir='ltr'>ligavit,</span> 
     </span>
    </p>
   </div>
   <div class='ocr_carea' id='block_1_73' title="bbox 1974 2691 3625 2765">
    <p class='ocr_par' dir='ltr' id='par_1_73' title="bbox 1974 2691 3625 2765">
     <span class='ocr_line' id='line_1_73' title="bbox 1974 2691 3625 2765; baseline -0.001 -19"><span class='ocrx_word' id='word_1_527' title='bbox 1974 2707 2074 2746; x_wconf 89' lang='lat' dir='ltr'>nec</span> <span class='ocrx_word' id='word_1_528' title='bbox 2103 2706 2227 2746; x_wconf 90' lang='lat' dir='ltr'>eum</span> <span class='ocrx_word' id='word_1_529' title='bbox 2255 2691 2530 2746; x_wconf 89' lang='lat' dir='ltr'>consolari</span> <span class='ocrx_word' id='word_1_530' title='bbox 2557 2694 2619 2746; x_wconf 89' lang='lat' dir='ltr'>in</span> <span class='ocrx_word' id='word_1_531' title='bbox 2645 2692 2773 2763; x_wconf 83' lang='lat' dir='ltr'>ﬁne,</span> <span class='ocrx_word' id='word_1_532' title='bbox 2805 2708 2905 2749; x_wconf 92' lang='lat' dir='ltr'>nec</span> <span class='ocrx_word' id='word_1_533' title='bbox 2927 2710 3029 2765; x_wconf 92' lang='lat' dir='ltr'>pro</span> <span class='ocrx_word' id='word_1_534' title='bbox 3066 2710 3127 2749; x_wconf 92' lang='lat' dir='ltr'>eo</span> <span class='ocrx_word' id='word_1_535' title='bbox 3174 2709 3333 2749; x_wconf 89' lang='lat' dir='ltr'>orare</span> <span class='ocrx_word' id='word_1_536' title='bbox 3352 2692 3625 2764; x_wconf 88' lang='lat' dir='ltr'>permisit,</span> 
     </span>
    </p>
   </div>
   <div class='ocr_carea' id='block_1_74' title="bbox 1973 2767 3628 2853">
    <p class='ocr_par' dir='ltr' id='par_1_74' title="bbox 1973 2767 3628 2853">
     <span class='ocr_line' id='line_1_74' title="bbox 1973 2767 3628 2853; baseline 0.001 -19"><span class='ocrx_word' id='word_1_537' title='bbox 1973 2781 2065 2836; x_wconf 85' lang='lat' dir='ltr'>sed</span> <span class='ocrx_word' id='word_1_538' title='bbox 2090 2795 2191 2834; x_wconf 88' lang='lat' dir='ltr'>nec</span> <span class='ocrx_word' id='word_1_539' title='bbox 2216 2795 2343 2834; x_wconf 89' lang='lat' dir='ltr'>eum</span> <span class='ocrx_word' id='word_1_540' title='bbox 2372 2781 2431 2834; x_wconf 88' lang='lat' dir='ltr'>in</span> <span class='ocrx_word' id='word_1_541' title='bbox 2460 2783 2760 2836; x_wconf 64' lang='lat' dir='ltr'>casmeterio</span> <span class='ocrx_word' id='word_1_542' title='bbox 2788 2767 3023 2837; x_wconf 83' lang='lat' dir='ltr'>ecclesiae</span> <span class='ocrx_word' id='word_1_543' title='bbox 3048 2781 3271 2853; x_wconf 88' lang='lat' dir='ltr'>sepeliri</span> <span class='ocrx_word' id='word_1_544' title='bbox 3285 2781 3445 2846; x_wconf 87' lang='lat' dir='ltr'>sivit;</span> <span class='ocrx_word' id='word_1_545' title='bbox 3469 2796 3628 2852; x_wconf 88' lang='lat' dir='ltr'>quem</span> 
     </span>
    </p>
   </div>
   <div class='ocr_carea' id='block_1_75' title="bbox 1976 2867 3630 2940">
    <p class='ocr_par' dir='ltr' id='par_1_75' title="bbox 1976 2867 3630 2940">
     <span class='ocr_line' id='line_1_75' title="bbox 1976 2867 3630 2940; baseline 0.001 -18"><span class='ocrx_word' id='word_1_546' title='bbox 1976 2872 2161 2922; x_wconf 88' lang='lat' dir='ltr'>tamen</span> <span class='ocrx_word' id='word_1_547' title='bbox 2191 2867 2350 2935; x_wconf 86' lang='lat' dir='ltr'>longe</span> <span class='ocrx_word' id='word_1_548' title='bbox 2371 2876 2489 2939; x_wconf 88' lang='lat' dir='ltr'>post</span> <span class='ocrx_word' id='word_1_549' title='bbox 2508 2876 2737 2924; x_wconf 88' lang='lat' dir='ltr'>mortem</span> <span class='ocrx_word' id='word_1_550' title='bbox 2762 2884 2862 2940; x_wconf 90' lang='lat' dir='ltr'>pro</span> <span class='ocrx_word' id='word_1_551' title='bbox 2888 2868 3270 2926; x_wconf 87' lang='lat' dir='ltr'>misericordia</span> <span class='ocrx_word' id='word_1_552' title='bbox 3297 2869 3545 2935; x_wconf 91' lang='lat' dir='ltr'>absolvit,</span> <span class='ocrx_word' id='word_1_553' title='bbox 3576 2871 3630 2924; x_wconf 89' lang='lat' dir='ltr'>et</span> 
     </span>
    </p>
   </div>
   <div class='ocr_carea' id='block_1_76' title="bbox 1972 2956 3627 3027">
    <p class='ocr_par' dir='ltr' id='par_1_76' title="bbox 1972 2956 3627 3027">
     <span class='ocr_line' id='line_1_76' title="bbox 1972 2956 3627 3027; baseline -0.001 -15"><span class='ocrx_word' id='word_1_554' title='bbox 1972 2972 2074 3027; x_wconf 89' lang='lat' dir='ltr'>pro</span> <span class='ocrx_word' id='word_1_555' title='bbox 2102 2972 2163 3011; x_wconf 91' lang='lat' dir='ltr'>eo</span> <span class='ocrx_word' id='word_1_556' title='bbox 2192 2971 2351 3011; x_wconf 89' lang='lat' dir='ltr'>orare</span> <span class='ocrx_word' id='word_1_557' title='bbox 2376 2956 2638 3011; x_wconf 89' lang='lat' dir='ltr'>instituit.</span> <span class='ocrx_word' id='word_1_558' title='bbox 2680 2959 3056 3014; x_wconf 87' lang='lat' dir='ltr'>Verumtamen</span> <span class='ocrx_word' id='word_1_559' title='bbox 3096 2957 3254 3015; x_wconf 85' lang='lat' dir='ltr'>valde</span> <span class='ocrx_word' id='word_1_560' title='bbox 3293 2956 3627 3015; x_wconf 85' lang='lat' dir='ltr'>horrendum</span> 
     </span>
    </p>
   </div>
   <div class='ocr_carea' id='block_1_77' title="bbox 1978 3045 3627 3120">
    <p class='ocr_par' dir='ltr' id='par_1_77' title="bbox 1978 3045 3627 3120">
     <span class='ocr_line' id='line_1_77' title="bbox 1978 3045 3627 3120; baseline 0.001 -20"><span class='ocrx_word' id='word_1_561' title='bbox 1978 3047 2075 3111; x_wconf 89' lang='lat' dir='ltr'>est,</span> <span class='ocrx_word' id='word_1_562' title='bbox 2111 3052 2170 3100; x_wconf 91' lang='lat' dir='ltr'>ut</span> <span class='ocrx_word' id='word_1_563' title='bbox 2199 3045 2382 3100; x_wconf 89' lang='lat' dir='ltr'>beatus</span> <span class='ocrx_word' id='word_1_564' title='bbox 2408 3060 2555 3117; x_wconf 89' lang='lat' dir='ltr'>papa</span> <span class='ocrx_word' id='word_1_565' title='bbox 2581 3047 2795 3113; x_wconf 91' lang='lat' dir='ltr'>scribit,</span> <span class='ocrx_word' id='word_1_566' title='bbox 2825 3063 2949 3102; x_wconf 90' lang='lat' dir='ltr'>cum</span> <span class='ocrx_word' id='word_1_567' title='bbox 2977 3049 3100 3120; x_wconf 89' lang='lat' dir='ltr'>quis</span> <span class='ocrx_word' id='word_1_568' title='bbox 3131 3047 3567 3117; x_wconf 86' lang='lat' dir='ltr'>irreconciliatus</span> <span class='ocrx_word' id='word_1_569' title='bbox 3591 3062 3627 3101; x_wconf 90' lang='lat' dir='ltr'>a</span> 
     </span>
    </p>
   </div>
   <div class='ocr_carea' id='block_1_78' title="bbox 1978 3133 3630 3210">
    <p class='ocr_par' dir='ltr' id='par_1_78' title="bbox 1978 3133 3630 3210">
     <span class='ocr_line' id='line_1_78' title="bbox 1978 3133 3630 3210; baseline 0.002 -23"><span class='ocrx_word' id='word_1_570' title='bbox 1978 3133 2174 3190; x_wconf 72' lang='lat' dir='ltr'>sazculo</span> <span class='ocrx_word' id='word_1_571' title='bbox 2198 3135 2331 3189; x_wconf 74' lang='lat' dir='ltr'>exit.</span> <span class='ocrx_word' id='word_1_572' title='bbox 2364 3135 2641 3191; x_wconf 69' lang='lat' dir='ltr'>Praeterea</span> <span class='ocrx_word' id='word_1_573' title='bbox 2668 3136 2720 3191; x_wconf 89' lang='lat' dir='ltr'>si</span> <span class='ocrx_word' id='word_1_574' title='bbox 2767 3152 2925 3208; x_wconf 89' lang='lat' dir='ltr'>quem</span> <span class='ocrx_word' id='word_1_575' title='bbox 2969 3137 3248 3210; x_wconf 88' lang='lat' dir='ltr'>cpiscopus</span> <span class='ocrx_word' id='word_1_576' title='bbox 3293 3136 3448 3209; x_wconf 90' lang='lat' dir='ltr'>ligat,</span> <span class='ocrx_word' id='word_1_577' title='bbox 3480 3135 3630 3191; x_wconf 88' lang='lat' dir='ltr'>alius</span> 
     </span>
    </p>
   </div>
   <div class='ocr_carea' id='block_1_79' title="bbox 1978 3222 3625 3300">
    <p class='ocr_par' dir='ltr' id='par_1_79' title="bbox 1978 3222 3625 3300">
     <span class='ocr_line' id='line_1_79' title="bbox 1978 3222 3625 3300; baseline 0.001 -23"><span class='ocrx_word' id='word_1_578' title='bbox 1978 3222 2251 3277; x_wconf 86' lang='lat' dir='ltr'>absolvere</span> <span class='ocrx_word' id='word_1_579' title='bbox 2276 3238 2332 3277; x_wconf 90' lang='lat' dir='ltr'>se</span> <span class='ocrx_word' id='word_1_580' title='bbox 2350 3231 2531 3294; x_wconf 78' lang='lat' dir='ltr'>putat,</span> <span class='ocrx_word' id='word_1_581' title='bbox 2564 3232 2614 3279; x_wconf 90' lang='lat' dir='ltr'>et</span> <span class='ocrx_word' id='word_1_582' title='bbox 2646 3226 2758 3296; x_wconf 91' lang='lat' dir='ltr'>ipse</span> <span class='ocrx_word' id='word_1_583' title='bbox 2785 3225 3055 3298; x_wconf 87' lang='lat' dir='ltr'>decipitur</span> <span class='ocrx_word' id='word_1_584' title='bbox 3095 3226 3193 3300; x_wconf 88' lang='lat' dir='ltr'>qui</span> <span class='ocrx_word' id='word_1_585' title='bbox 3218 3241 3347 3282; x_wconf 89' lang='lat' dir='ltr'>eum</span> <span class='ocrx_word' id='word_1_586' title='bbox 3373 3224 3625 3297; x_wconf 82' lang='lat' dir='ltr'>suscipit,</span> 
     </span>
    </p>
   </div>
   <div class='ocr_carea' id='block_1_80' title="bbox 1976 3311 3627 3387">
    <p class='ocr_par' dir='ltr' id='par_1_80' title="bbox 1976 3311 3627 3387">
     <span class='ocr_line' id='line_1_80' title="bbox 1976 3311 3627 3387; baseline 0.002 -21"><span class='ocrx_word' id='word_1_587' title='bbox 1976 3318 2028 3366; x_wconf 89' lang='lat' dir='ltr'>et</span> <span class='ocrx_word' id='word_1_588' title='bbox 2056 3311 2152 3383; x_wconf 91' lang='lat' dir='ltr'>qui</span> <span class='ocrx_word' id='word_1_589' title='bbox 2177 3311 2478 3383; x_wconf 90' lang='lat' dir='ltr'>suscipitur</span> <span class='ocrx_word' id='word_1_590' title='bbox 2501 3315 2667 3383; x_wconf 89' lang='lat' dir='ltr'>perit,</span> <span class='ocrx_word' id='word_1_591' title='bbox 2697 3321 2750 3369; x_wconf 92' lang='lat' dir='ltr'>et</span> <span class='ocrx_word' id='word_1_592' title='bbox 2776 3313 2877 3369; x_wconf 87' lang='lat' dir='ltr'>hac</span> <span class='ocrx_word' id='word_1_593' title='bbox 2904 3316 3184 3373; x_wconf 90' lang='lat' dir='ltr'>occasione</span> <span class='ocrx_word' id='word_1_594' title='bbox 3208 3314 3368 3387; x_wconf 75' lang='lat' dir='ltr'>falsae</span> <span class='ocrx_word' id='word_1_595' title='bbox 3405 3314 3627 3387; x_wconf 88' lang='lat' dir='ltr'>pietatis</span> 
     </span>
    </p>
   </div>
   <div class='ocr_carea' id='block_1_81' title="bbox 1977 3400 3629 3471">
    <p class='ocr_par' dir='ltr' id='par_1_81' title="bbox 1977 3400 3629 3471">
     <span class='ocr_line' id='line_1_81' title="bbox 1977 3400 3629 3471; baseline 0.001 -15"><span class='ocrx_word' id='word_1_596' title='bbox 1977 3400 2213 3456; x_wconf 89' lang='lat' dir='ltr'>concilia</span> <span class='ocrx_word' id='word_1_597' title='bbox 2240 3404 2473 3456; x_wconf 87' lang='lat' dir='ltr'>Patrum</span> <span class='ocrx_word' id='word_1_598' title='bbox 2504 3400 2878 3470; x_wconf 87' lang='lat' dir='ltr'>destruantur,</span> <span class='ocrx_word' id='word_1_599' title='bbox 2910 3408 2964 3459; x_wconf 92' lang='lat' dir='ltr'>et</span> <span class='ocrx_word' id='word_1_600' title='bbox 2990 3404 3132 3460; x_wconf 88' lang='lat' dir='ltr'>Deus</span> <span class='ocrx_word' id='word_1_601' title='bbox 3155 3404 3542 3471; x_wconf 87' lang='lat' dir='ltr'>contemnitur,</span> <span class='ocrx_word' id='word_1_602' title='bbox 3571 3404 3629 3457; x_wconf 87' lang='lat' dir='ltr'>et</span> 
     </span>
    </p>
   </div>
   <div class='ocr_carea' id='block_1_82' title="bbox 1974 3488 3630 3566">
    <p class='ocr_par' dir='ltr' id='par_1_82' title="bbox 1974 3488 3630 3566">
     <span class='ocr_line' id='line_1_82' title="bbox 1974 3488 3630 3566; baseline 0.003 -23"><span class='ocrx_word' id='word_1_603' title='bbox 1974 3505 2090 3560; x_wconf 80' lang='lat' dir='ltr'>paa:</span> <span class='ocrx_word' id='word_1_604' title='bbox 2116 3488 2181 3544; x_wconf 87' lang='lat' dir='ltr'>de</span> <span class='ocrx_word' id='word_1_605' title='bbox 2202 3489 2444 3546; x_wconf 87' lang='lat' dir='ltr'>Ecclesia</span> <span class='ocrx_word' id='word_1_606' title='bbox 2471 3491 2788 3562; x_wconf 68' lang='lat' dir='ltr'>expellitur.</span> <span class='ocrx_word' id='word_1_607' title='bbox 2819 3491 3103 3564; x_wconf 86' lang='lat' dir='ltr'>Siquidem</span> <span class='ocrx_word' id='word_1_608' title='bbox 3150 3493 3249 3550; x_wconf 89' lang='lat' dir='ltr'>ille</span> <span class='ocrx_word' id='word_1_609' title='bbox 3295 3493 3392 3566; x_wconf 88' lang='lat' dir='ltr'>qui</span> <span class='ocrx_word' id='word_1_610' title='bbox 3417 3505 3630 3549; x_wconf 77' lang='lat' dir='ltr'>excom-</span> 
     </span>
    </p>
   </div>
   <div class='ocr_carea' id='block_1_83' title="bbox 1977 3579 3630 3654">
    <p class='ocr_par' dir='ltr' id='par_1_83' title="bbox 1977 3579 3630 3654">
     <span class='ocr_line' id='line_1_83' title="bbox 1977 3579 3630 3654; baseline 0.002 -21"><span class='ocrx_word' id='word_1_611' title='bbox 1977 3579 2325 3634; x_wconf 89' lang='lat' dir='ltr'>municatnm</span> <span class='ocrx_word' id='word_1_612' title='bbox 2350 3581 2598 3652; x_wconf 87' lang='lat' dir='ltr'>suscipit,</span> <span class='ocrx_word' id='word_1_613' title='bbox 2632 3580 2833 3638; x_wconf 89' lang='lat' dir='ltr'>ideirco</span> <span class='ocrx_word' id='word_1_614' title='bbox 2861 3581 3029 3637; x_wconf 90' lang='lat' dir='ltr'>simul</span> <span class='ocrx_word' id='word_1_615' title='bbox 3062 3597 3187 3637; x_wconf 88' lang='lat' dir='ltr'>cum</span> <span class='ocrx_word' id='word_1_616' title='bbox 3213 3597 3275 3639; x_wconf 90' lang='lat' dir='ltr'>eo</span> <span class='ocrx_word' id='word_1_617' title='bbox 3297 3585 3464 3654; x_wconf 87' lang='lat' dir='ltr'>perit,</span> <span class='ocrx_word' id='word_1_618' title='bbox 3494 3580 3630 3654; x_wconf 88' lang='lat' dir='ltr'>quia</span> 
     </span>
    </p>
   </div>
   <div class='ocr_carea' id='block_1_84' title="bbox 1978 3668 3630 3739">
    <p class='ocr_par' dir='ltr' id='par_1_84' title="bbox 1978 3668 3630 3739">
     <span class='ocr_line' id='line_1_84' title="bbox 1978 3668 3630 3739; baseline 0.003 -17"><span class='ocrx_word' id='word_1_619' title='bbox 1978 3668 2220 3724; x_wconf 87' lang='lat' dir='ltr'>similem</span> <span class='ocrx_word' id='word_1_620' title='bbox 2266 3670 2496 3724; x_wconf 89' lang='lat' dir='ltr'>sortitur</span> <span class='ocrx_word' id='word_1_621' title='bbox 2549 3671 3131 3727; x_wconf 67' lang='lat' dir='ltr'>excommunicationi:</span> <span class='ocrx_word' id='word_1_622' title='bbox 3180 3670 3517 3728; x_wconf 88' lang='lat' dir='ltr'>vindictam:</span> <span class='ocrx_word' id='word_1_623' title='bbox 3555 3677 3630 3739; x_wconf 89' lang='lat' dir='ltr'>et,</span> 
     </span>
    </p>
   </div>
   <div class='ocr_carea' id='block_1_85' title="bbox 1980 3756 3631 3832">
    <p class='ocr_par' dir='ltr' id='par_1_85' title="bbox 1980 3756 3631 3832">
     <span class='ocr_line' id='line_1_85' title="bbox 1980 3756 3631 3832; baseline 0.002 -21"><span class='ocrx_word' id='word_1_624' title='bbox 1980 3764 2040 3812; x_wconf 90' lang='lat' dir='ltr'>ut</span> <span class='ocrx_word' id='word_1_625' title='bbox 2071 3756 2255 3812; x_wconf 90' lang='lat' dir='ltr'>beatus</span> <span class='ocrx_word' id='word_1_626' title='bbox 2281 3758 2474 3813; x_wconf 88' lang='lat' dir='ltr'>Petrus</span> <span class='ocrx_word' id='word_1_627' title='bbox 2507 3759 2567 3813; x_wconf 90' lang='lat' dir='ltr'>in</span> <span class='ocrx_word' id='word_1_628' title='bbox 2595 3760 2870 3831; x_wconf 88' lang='lat' dir='ltr'>scriptura</span> <span class='ocrx_word' id='word_1_629' title='bbox 2901 3761 3047 3816; x_wconf 88' lang='lat' dir='ltr'>beati</span> <span class='ocrx_word' id='word_1_630' title='bbox 3064 3759 3352 3817; x_wconf 85' lang='lat' dir='ltr'>Clementis</span> <span class='ocrx_word' id='word_1_631' title='bbox 3370 3761 3472 3828; x_wconf 90' lang='lat' dir='ltr'>ait,</span> <span class='ocrx_word' id='word_1_632' title='bbox 3505 3760 3631 3832; x_wconf 87' lang='lat' dir='ltr'>qui-</span> 
     </span>
    </p>
   </div>
   <div class='ocr_carea' id='block_1_86' title="bbox 1979 3848 3636 3922">
    <p class='ocr_par' dir='ltr' id='par_1_86' title="bbox 1979 3848 3636 3922">
     <span class='ocr_line' id='line_1_86' title="bbox 1979 3848 3636 3922; baseline 0.001 -21"><span class='ocrx_word' id='word_1_633' title='bbox 1979 3861 2191 3918; x_wconf 88' lang='lat' dir='ltr'>cunque</span> <span class='ocrx_word' id='word_1_634' title='bbox 2218 3849 2681 3903; x_wconf 72' lang='lat' dir='ltr'>excommunicato</span> <span class='ocrx_word' id='word_1_635' title='bbox 2708 3849 2994 3916; x_wconf 87' lang='lat' dir='ltr'>consentit,</span> <span class='ocrx_word' id='word_1_636' title='bbox 3028 3848 3112 3904; x_wconf 90' lang='lat' dir='ltr'>vel</span> <span class='ocrx_word' id='word_1_637' title='bbox 3132 3850 3195 3904; x_wconf 87' lang='lat' dir='ltr'>in</span> <span class='ocrx_word' id='word_1_638' title='bbox 3223 3849 3488 3922; x_wconf 89' lang='lat' dir='ltr'>colloquio</span> <span class='ocrx_word' id='word_1_639' title='bbox 3502 3864 3636 3920; x_wconf 92' lang='lat' dir='ltr'>par-</span> 
     </span>
    </p>
   </div>
   <div class='ocr_carea' id='block_1_87' title="bbox 1982 3936 3636 4009">
    <p class='ocr_par' dir='ltr' id='par_1_87' title="bbox 1982 3936 3636 4009">
     <span class='ocr_line' id='line_1_87' title="bbox 1982 3936 3636 4009; baseline 0.001 -19"><span class='ocrx_word' id='word_1_640' title='bbox 1982 3936 2429 4006; x_wconf 89' lang='lat' dir='ltr'>ticipatur,unus</span> <span class='ocrx_word' id='word_1_641' title='bbox 2456 3943 2508 3991; x_wconf 89' lang='lat' dir='ltr'>et</span> <span class='ocrx_word' id='word_1_642' title='bbox 2537 3937 2650 4008; x_wconf 89' lang='lat' dir='ltr'>ipse</span> <span class='ocrx_word' id='word_1_643' title='bbox 2696 3940 2779 3992; x_wconf 90' lang='lat' dir='ltr'>est</span> <span class='ocrx_word' id='word_1_644' title='bbox 2816 3936 2882 3992; x_wconf 90' lang='lat' dir='ltr'>de</span> <span class='ocrx_word' id='word_1_645' title='bbox 2924 3936 3041 3992; x_wconf 90' lang='lat' dir='ltr'>illis</span> <span class='ocrx_word' id='word_1_646' title='bbox 3087 3938 3185 4009; x_wconf 90' lang='lat' dir='ltr'>qui</span> <span class='ocrx_word' id='word_1_647' title='bbox 3210 3938 3509 3994; x_wconf 84' lang='lat' dir='ltr'>Ecclesium</span> <span class='ocrx_word' id='word_1_648' title='bbox 3535 3936 3636 3992; x_wconf 89' lang='lat' dir='ltr'>Dei</span> 
     </span>
    </p>
   </div>
   <div class='ocr_carea' id='block_1_88' title="bbox 1982 4023 2289 4080">
    <p class='ocr_par' dir='ltr' id='par_1_88' title="bbox 1982 4023 2289 4080">
     <span class='ocr_line' id='line_1_88' title="bbox 1982 4023 2289 4080; baseline -0.007 0"><span class='ocrx_word' id='word_1_649' title='bbox 1982 4023 2289 4080; x_wconf 83' lang='lat' dir='ltr'>destruunt.</span> 
     </span>
    </p>
   </div>
   <div class='ocr_carea' id='block_1_89' title="bbox 2054 4111 3637 4188">
    <p class='ocr_par' dir='ltr' id='par_1_89' title="bbox 2054 4111 3637 4188">
     <span class='ocr_line' id='line_1_89' title="bbox 2054 4111 3637 4188; baseline 0.001 -21"><span class='ocrx_word' id='word_1_650' title='bbox 2054 4111 2320 4184; x_wconf 88' lang='lat' dir='ltr'>Cumque</span> <span class='ocrx_word' id='word_1_651' title='bbox 2345 4112 2407 4168; x_wconf 92' lang='lat' dir='ltr'>in</span> <span class='ocrx_word' id='word_1_652' title='bbox 2438 4112 2681 4169; x_wconf 90' lang='lat' dir='ltr'>concilio</span> <span class='ocrx_word' id='word_1_653' title='bbox 2712 4130 2748 4170; x_wconf 91' lang='lat' dir='ltr'>a</span> <span class='ocrx_word' id='word_1_654' title='bbox 2773 4114 3129 4187; x_wconf 87' lang='lat' dir='ltr'>quibusdam</span> <span class='ocrx_word' id='word_1_655' title='bbox 3177 4114 3637 4188; x_wconf 82' lang='lat' dir='ltr'>interrogaretur</span> 
     </span>
    </p>
   </div>
   <div class='ocr_carea' id='block_1_90' title="bbox 1985 4202 3643 4275">
    <p class='ocr_par' dir='ltr' id='par_1_90' title="bbox 1985 4202 3643 4275">
     <span class='ocr_line' id='line_1_90' title="bbox 1985 4202 3643 4275; baseline 0.001 -18"><span class='ocrx_word' id='word_1_656' title='bbox 1985 4205 2185 4257; x_wconf 89' lang='lat' dir='ltr'>utrum</span> <span class='ocrx_word' id='word_1_657' title='bbox 2216 4202 2579 4257; x_wconf 88' lang='lat' dir='ltr'>observanda</span> <span class='ocrx_word' id='word_1_658' title='bbox 2627 4207 2716 4259; x_wconf 89' lang='lat' dir='ltr'>est</span> <span class='ocrx_word' id='word_1_659' title='bbox 2770 4203 3294 4268; x_wconf 80' lang='lat' dir='ltr'>excommunicatio</span> <span class='ocrx_word' id='word_1_660' title='bbox 3352 4203 3424 4273; x_wconf 91' lang='lat' dir='ltr'>ei,</span> <span class='ocrx_word' id='word_1_661' title='bbox 3458 4217 3643 4275; x_wconf 63' lang='lat' dir='ltr'>quem,</span> 
     </span>
    </p>
   </div>
   <div class='ocr_carea' id='block_1_91' title="bbox 1986 4290 3635 4366">
    <p class='ocr_par' dir='ltr' id='par_1_91' title="bbox 1986 4290 3635 4366">
     <span class='ocr_line' id='line_1_91' title="bbox 1986 4290 3635 4366; baseline -0.001 -19"><span class='ocrx_word' id='word_1_662' title='bbox 1986 4290 2462 4363; x_wconf 39' lang='lat' dir='ltr'>aliquandoiforte</span> <span class='ocrx_word' id='word_1_663' title='bbox 2478 4291 2695 4363; x_wconf 88' lang='lat' dir='ltr'>injuste</span> <span class='ocrx_word' id='word_1_664' title='bbox 2709 4296 2768 4349; x_wconf 88' lang='lat' dir='ltr'>et</span> <span class='ocrx_word' id='word_1_665' title='bbox 2779 4292 3002 4366; x_wconf 87' lang='lat' dir='ltr'>absque</span> <span class='ocrx_word' id='word_1_666' title='bbox 3013 4292 3187 4366; x_wconf 90' lang='lat' dir='ltr'>culpa</span> <span class='ocrx_word' id='word_1_667' title='bbox 3196 4291 3457 4366; x_wconf 84' lang='lat' dir='ltr'>pontifex</span> <span class='ocrx_word' id='word_1_668' title='bbox 3468 4290 3635 4364; x_wconf 86' lang='lat' dir='ltr'>ligat,</span> 
     </span>
    </p>
   </div>
   <div class='ocr_carea' id='block_1_92' title="bbox 1987 4378 3637 4448">
    <p class='ocr_par' dir='ltr' id='par_1_92' title="bbox 1987 4378 3637 4448">
     <span class='ocr_line' id='line_1_92' title="bbox 1987 4378 3637 4448; baseline 0.001 -13"><span class='ocrx_word' id='word_1_669' title='bbox 1987 4378 2292 4435; x_wconf 90' lang='lat' dir='ltr'>Odolricus</span> <span class='ocrx_word' id='word_1_670' title='bbox 2321 4383 2492 4436; x_wconf 86' lang='lat' dir='ltr'>Pater</span> <span class='ocrx_word' id='word_1_671' title='bbox 2523 4380 2609 4436; x_wconf 91' lang='lat' dir='ltr'>sic</span> <span class='ocrx_word' id='word_1_672' title='bbox 2637 4381 2755 4438; x_wconf 87' lang='lat' dir='ltr'>ait:</span> <span class='ocrx_word' id='word_1_673' title='bbox 2790 4404 2819 4433; x_wconf 77' lang='grc' dir='ltr'>κ</span> <span class='ocrx_word' id='word_1_674' title='bbox 2880 4382 3387 4448; x_wconf 85' lang='lat' dir='ltr'>Quemadmodum</span> <span class='ocrx_word' id='word_1_675' title='bbox 3427 4380 3637 4437; x_wconf 84' lang='lat' dir='ltr'>beatus</span> 
     </span>
    </p>
   </div>
   <div class='ocr_carea' id='block_1_93' title="bbox 1989 4467 3639 4543">
    <p class='ocr_par' dir='ltr' id='par_1_93' title="bbox 1989 4467 3639 4543">
     <span class='ocr_line' id='line_1_93' title="bbox 1989 4467 3639 4543; baseline 0 -18"><span class='ocrx_word' id='word_1_676' title='bbox 1989 4468 2304 4542; x_wconf 85' lang='lat' dir='ltr'>Gregorius</span> <span class='ocrx_word' id='word_1_677' title='bbox 2325 4472 2652 4542; x_wconf 87' lang='lat' dir='ltr'>attestatur,</span> <span class='ocrx_word' id='word_1_678' title='bbox 2668 4470 2840 4542; x_wconf 89' lang='lat' dir='ltr'>cujus</span> <span class='ocrx_word' id='word_1_679' title='bbox 2852 4471 3168 4528; x_wconf 85' lang='lat' dir='ltr'>auctoritas</span> <span class='ocrx_word' id='word_1_680' title='bbox 3180 4469 3423 4527; x_wconf 88' lang='lat' dir='ltr'>minime</span> <span class='ocrx_word' id='word_1_681' title='bbox 3439 4467 3639 4543; x_wconf 80' lang='lat' dir='ltr'>sperni</span> 
     </span>
    </p>
   </div>
   <div class='ocr_carea' id='block_1_94' title="bbox 224 4557 3638 4637">
    <p class='ocr_par' dir='ltr' id='par_1_94' title="bbox 224 4557 3638 4637">
     <span class='ocr_line' id='line_1_94' title="bbox 224 4557 3638 4637; baseline -0.001 -21"><span class='ocrx_word' id='word_1_682' title='bbox 224 4561 523 4629; x_wconf 86' lang='lat' dir='ltr'>Gregorius</span> <span class='ocrx_word' id='word_1_683' title='bbox 545 4576 648 4632; x_wconf 91' lang='lat' dir='ltr'>per</span> <span class='ocrx_word' id='word_1_684' title='bbox 676 4561 993 4616; x_wconf 88' lang='lat' dir='ltr'>universum</span> <span class='ocrx_word' id='word_1_685' title='bbox 1007 4559 1273 4615; x_wconf 88' lang='lat' dir='ltr'>mundum</span> <span class='ocrx_word' id='word_1_686' title='bbox 1304 4560 1479 4616; x_wconf 87' lang='lat' dir='ltr'>libera</span> <span class='ocrx_word' id='word_1_687' title='bbox 1495 4568 1546 4616; x_wconf 89' lang='lat' dir='ltr'>et</span> <span class='ocrx_word' id='word_1_688' title='bbox 1568 4562 1748 4632; x_wconf 88' lang='lat' dir='ltr'>quieta</span> <span class='ocrx_word' id='word_1_689' title='bbox 1769 4576 1882 4616; x_wconf 89' lang='lat' dir='ltr'>esse</span> <span class='ocrx_word' id='word_1_690' title='bbox 1913 4572 1959 4637; x_wconf 72' lang='grc' dir='ltr'>ι)</span> <span class='ocrx_word' id='word_1_691' title='bbox 1990 4561 2199 4630; x_wconf 89' lang='lat' dir='ltr'>potest,</span> <span class='ocrx_word' id='word_1_692' title='bbox 2235 4557 2284 4614; x_wconf 90' lang='lat' dir='ltr'>si</span> <span class='ocrx_word' id='word_1_693' title='bbox 2316 4560 2517 4631; x_wconf 89' lang='lat' dir='ltr'>pastor</span> <span class='ocrx_word' id='word_1_694' title='bbox 2537 4557 2681 4632; x_wconf 89' lang='lat' dir='ltr'>ligat</span> <span class='ocrx_word' id='word_1_695' title='bbox 2701 4558 2957 4633; x_wconf 89' lang='lat' dir='ltr'>aliquem</span> <span class='ocrx_word' id='word_1_696' title='bbox 2979 4561 3251 4632; x_wconf 88' lang='lat' dir='ltr'>autjuste</span> <span class='ocrx_word' id='word_1_697' title='bbox 3270 4562 3371 4616; x_wconf 89' lang='lat' dir='ltr'>aut</span> <span class='ocrx_word' id='word_1_698' title='bbox 3393 4558 3638 4631; x_wconf 86' lang='lat' dir='ltr'>injuste,</span> 
     </span>
    </p>
   </div>
   <div class='ocr_carea' id='block_1_95' title="bbox 222 4650 1885 4723">
    <p class='ocr_par' dir='ltr' id='par_1_95' title="bbox 222 4650 1885 4723">
     <span class='ocr_line' id='line_1_95' title="bbox 222 4650 1885 4723; baseline -0.001 -17"><span class='ocrx_word' id='word_1_699' title='bbox 222 4650 462 4716; x_wconf 88' lang='lat' dir='ltr'>volebat,</span> <span class='ocrx_word' id='word_1_700' title='bbox 491 4654 553 4704; x_wconf 91' lang='lat' dir='ltr'>ut</span> <span class='ocrx_word' id='word_1_701' title='bbox 589 4652 639 4705; x_wconf 89' lang='lat' dir='ltr'>si</span> <span class='ocrx_word' id='word_1_702' title='bbox 667 4667 828 4723; x_wconf 91' lang='lat' dir='ltr'>quem</span> <span class='ocrx_word' id='word_1_703' title='bbox 877 4651 1250 4722; x_wconf 87' lang='lat' dir='ltr'>episcoporum</span> <span class='ocrx_word' id='word_1_704' title='bbox 1306 4651 1651 4720; x_wconf 88' lang='lat' dir='ltr'>comperisset</span> <span class='ocrx_word' id='word_1_705' title='bbox 1695 4650 1885 4721; x_wconf 90' lang='lat' dir='ltr'>aliqua</span> 
     </span>
    </p>
   </div>
   <div class='ocr_carea' id='block_1_96' title="bbox 224 4739 1885 4810">
    <p class='ocr_par' dir='ltr' id='par_1_96' title="bbox 224 4739 1885 4810">
     <span class='ocr_line' id='line_1_96' title="bbox 224 4739 1885 4810; baseline -0.002 -15"><span class='ocrx_word' id='word_1_706' title='bbox 224 4741 451 4795; x_wconf 86' lang='lat' dir='ltr'>ratione</span> <span class='ocrx_word' id='word_1_707' title='bbox 478 4756 543 4795; x_wconf 92' lang='lat' dir='ltr'>ea</span> <span class='ocrx_word' id='word_1_708' title='bbox 571 4741 1044 4797; x_wconf 71' lang='lat' dir='ltr'>cxcommunicare</span> <span class='ocrx_word' id='word_1_709' title='bbox 1066 4739 1150 4794; x_wconf 91' lang='lat' dir='ltr'>vel</span> <span class='ocrx_word' id='word_1_710' title='bbox 1180 4739 1504 4810; x_wconf 89' lang='lat' dir='ltr'>inquietare,</span> <span class='ocrx_word' id='word_1_711' title='bbox 1537 4741 1778 4807; x_wconf 88' lang='lat' dir='ltr'>graviter</span> <span class='ocrx_word' id='word_1_712' title='bbox 1825 4740 1885 4792; x_wconf 89' lang='lat' dir='ltr'>in</span> 
     </span>
    </p>
   </div>
   <div class='ocr_carea' id='block_1_97' title="bbox 230 4815 1887 4902">
    <p class='ocr_par' dir='ltr' id='par_1_97' title="bbox 230 4815 1887 4902">
     <span class='ocr_line' id='line_1_97' title="bbox 230 4815 1887 4902; baseline -0.002 -16"><span class='ocrx_word' id='word_1_713' title='bbox 230 4845 323 4886; x_wconf 89' lang='lat' dir='ltr'>eos</span> <span class='ocrx_word' id='word_1_714' title='bbox 350 4828 676 4895; x_wconf 88' lang='lat' dir='ltr'>vindicaret,</span> <span class='ocrx_word' id='word_1_715' title='bbox 710 4828 851 4902; x_wconf 91' lang='lat' dir='ltr'>quod</span> <span class='ocrx_word' id='word_1_716' title='bbox 896 4830 955 4883; x_wconf 90' lang='lat' dir='ltr'>in</span> <span class='ocrx_word' id='word_1_717' title='bbox 985 4828 1228 4900; x_wconf 85' lang='lat' dir='ltr'>epistolis</span> <span class='ocrx_word' id='word_1_718' title='bbox 1273 4828 1389 4882; x_wconf 91' lang='lat' dir='ltr'>suis</span> <span class='ocrx_word' id='word_1_719' title='bbox 1436 4815 1609 4898; x_wconf 82' lang='lat' dir='ltr'>facile</span> <span class='ocrx_word' id='word_1_720' title='bbox 1648 4828 1887 4899; x_wconf 88' lang='lat' dir='ltr'>perspici</span> 
     </span>
    </p>
   </div>
   <div class='ocr_carea' id='block_1_98' title="bbox 222 4916 1881 4991">
    <p class='ocr_par' dir='ltr' id='par_1_98' title="bbox 222 4916 1881 4991">
     <span class='ocr_line' id='line_1_98' title="bbox 222 4916 1881 4991; baseline -0.001 -18"><span class='ocrx_word' id='word_1_721' title='bbox 222 4919 453 4991; x_wconf 87' lang='lat' dir='ltr'>poterit.</span> <span class='ocrx_word' id='word_1_722' title='bbox 482 4920 586 4973; x_wconf 78' lang='lat' dir='ltr'>Nos</span> <span class='ocrx_word' id='word_1_723' title='bbox 615 4935 821 4990; x_wconf 88' lang='lat' dir='ltr'>quoque</span> <span class='ocrx_word' id='word_1_724' title='bbox 850 4918 1181 4973; x_wconf 82' lang='lat' dir='ltr'>monasteria</span> <span class='ocrx_word' id='word_1_725' title='bbox 1210 4932 1490 4972; x_wconf 88' lang='lat' dir='ltr'>servorum</span> <span class='ocrx_word' id='word_1_726' title='bbox 1516 4917 1613 4971; x_wconf 90' lang='lat' dir='ltr'>Dei</span> <span class='ocrx_word' id='word_1_727' title='bbox 1641 4916 1881 4987; x_wconf 86' lang='lat' dir='ltr'>defensa,</span> 
     </span>
    </p>
   </div>
   <div class='ocr_carea' id='block_1_99' title="bbox 225 5005 1887 5079">
    <p class='ocr_par' dir='ltr' id='par_1_99' title="bbox 225 5005 1887 5079">
     <span class='ocr_line' id='line_1_99' title="bbox 225 5005 1887 5079; baseline -0.002 -16"><span class='ocrx_word' id='word_1_728' title='bbox 225 5008 416 5079; x_wconf 84' lang='lat' dir='ltr'>quieta</span> <span class='ocrx_word' id='word_1_729' title='bbox 446 5015 497 5061; x_wconf 88' lang='lat' dir='ltr'>et</span> <span class='ocrx_word' id='word_1_730' title='bbox 523 5011 651 5062; x_wconf 89' lang='lat' dir='ltr'>tuta</span> <span class='ocrx_word' id='word_1_731' title='bbox 673 5023 783 5063; x_wconf 90' lang='lat' dir='ltr'>esse</span> <span class='ocrx_word' id='word_1_732' title='bbox 827 5007 1219 5072; x_wconf 89' lang='lat' dir='ltr'>desideramus,</span> <span class='ocrx_word' id='word_1_733' title='bbox 1271 5006 1414 5060; x_wconf 88' lang='lat' dir='ltr'>tanti</span> <span class='ocrx_word' id='word_1_734' title='bbox 1446 5006 1625 5060; x_wconf 86' lang='lat' dir='ltr'>Patris</span> <span class='ocrx_word' id='word_1_735' title='bbox 1655 5005 1887 5074; x_wconf 86' lang='lat' dir='ltr'>vestigia</span> 
     </span>
    </p>
   </div>
   <div class='ocr_carea' id='block_1_100' title="bbox 228 5094 1888 5169">
    <p class='ocr_par' dir='ltr' id='par_1_100' title="bbox 228 5094 1888 5169">
     <span class='ocr_line' id='line_1_100' title="bbox 228 5094 1888 5169; baseline -0.001 -17"><span class='ocrx_word' id='word_1_736' title='bbox 228 5094 524 5169; x_wconf 86' lang='lat' dir='ltr'>sequendo.</span> <span class='ocrx_word' id='word_1_737' title='bbox 560 5095 939 5152; x_wconf 86' lang='lat' dir='ltr'>Verumtamen</span> <span class='ocrx_word' id='word_1_738' title='bbox 967 5097 1017 5151; x_wconf 87' lang='lat' dir='ltr'>si</span> <span class='ocrx_word' id='word_1_739' title='bbox 1043 5094 1205 5165; x_wconf 87' lang='lat' dir='ltr'>culpa</span> <span class='ocrx_word' id='word_1_740' title='bbox 1258 5094 1527 5166; x_wconf 75' lang='lat' dir='ltr'>superbiae</span> <span class='ocrx_word' id='word_1_741' title='bbox 1580 5094 1661 5149; x_wconf 89' lang='lat' dir='ltr'>vel</span> <span class='ocrx_word' id='word_1_742' title='bbox 1708 5094 1888 5150; x_wconf 86' lang='lat' dir='ltr'>inobe-</span> 
     </span>
    </p>
   </div>
   <div class='ocr_carea' id='block_1_101' title="bbox 229 5184 1883 5255">
    <p class='ocr_par' dir='ltr' id='par_1_101' title="bbox 229 5184 1883 5255">
     <span class='ocr_line' id='line_1_101' title="bbox 229 5184 1883 5255; baseline -0.002 -15"><span class='ocrx_word' id='word_1_743' title='bbox 229 5184 467 5241; x_wconf 71' lang='lat' dir='ltr'>dientiee</span> <span class='ocrx_word' id='word_1_744' title='bbox 495 5186 555 5239; x_wconf 91' lang='lat' dir='ltr'>in</span> <span class='ocrx_word' id='word_1_745' title='bbox 584 5185 868 5241; x_wconf 90' lang='lat' dir='ltr'>abbatibus</span> <span class='ocrx_word' id='word_1_746' title='bbox 898 5187 1119 5240; x_wconf 89' lang='lat' dir='ltr'>inventa</span> <span class='ocrx_word' id='word_1_747' title='bbox 1134 5185 1329 5255; x_wconf 87' lang='lat' dir='ltr'>fuerit,</span> <span class='ocrx_word' id='word_1_748' title='bbox 1360 5199 1482 5239; x_wconf 90' lang='lat' dir='ltr'>eam</span> <span class='ocrx_word' id='word_1_749' title='bbox 1511 5184 1769 5240; x_wconf 88' lang='lat' dir='ltr'>canonice</span> <span class='ocrx_word' id='word_1_750' title='bbox 1800 5185 1883 5238; x_wconf 86' lang='lat' dir='ltr'>in-</span> 
     </span>
    </p>
   </div>
   <div class='ocr_carea' id='block_1_102' title="bbox 230 5272 1886 5346">
    <p class='ocr_par' dir='ltr' id='par_1_102' title="bbox 230 5272 1886 5346">
     <span class='ocr_line' id='line_1_102' title="bbox 230 5272 1886 5346; baseline -0.002 -16"><span class='ocrx_word' id='word_1_751' title='bbox 230 5273 391 5346; x_wconf 86' lang='lat' dir='ltr'>sequi</span> <span class='ocrx_word' id='word_1_752' title='bbox 418 5278 643 5346; x_wconf 90' lang='lat' dir='ltr'>oportet,</span> <span class='ocrx_word' id='word_1_753' title='bbox 685 5275 793 5331; x_wconf 87' lang='lat' dir='ltr'>Hoc</span> <span class='ocrx_word' id='word_1_754' title='bbox 841 5274 963 5329; x_wconf 76' lang='lat' dir='ltr'>dixi</span> <span class='ocrx_word' id='word_1_755' title='bbox 1013 5277 1233 5346; x_wconf 88' lang='lat' dir='ltr'>propter</span> <span class='ocrx_word' id='word_1_756' title='bbox 1261 5272 1507 5328; x_wconf 89' lang='lat' dir='ltr'>abbatem</span> <span class='ocrx_word' id='word_1_757' title='bbox 1560 5273 1886 5328; x_wconf 90' lang='lat' dir='ltr'>monasterii</span> 
     </span>
    </p>
   </div>
   <div class='ocr_carea' id='block_1_103' title="bbox 237 5363 1886 5436">
    <p class='ocr_par' dir='ltr' id='par_1_103' title="bbox 237 5363 1886 5436">
     <span class='ocr_line' id='line_1_103' title="bbox 237 5363 1886 5436; baseline -0.002 -15"><span class='ocrx_word' id='word_1_758' title='bbox 237 5363 560 5429; x_wconf 86' lang='lat' dir='ltr'>Usercensis,</span> <span class='ocrx_word' id='word_1_759' title='bbox 609 5380 768 5436; x_wconf 90' lang='lat' dir='ltr'>quem</span> <span class='ocrx_word' id='word_1_760' title='bbox 815 5363 1004 5419; x_wconf 89' lang='lat' dir='ltr'>dicunt</span> <span class='ocrx_word' id='word_1_761' title='bbox 1051 5364 1151 5417; x_wconf 86' lang='lat' dir='ltr'>hoc</span> <span class='ocrx_word' id='word_1_762' title='bbox 1198 5378 1343 5417; x_wconf 90' lang='lat' dir='ltr'>anno</span> <span class='ocrx_word' id='word_1_763' title='bbox 1398 5363 1654 5417; x_wconf 86' lang='lat' dir='ltr'>instituta</span> <span class='ocrx_word' id='word_1_764' title='bbox 1707 5363 1886 5418; x_wconf 88' lang='lat' dir='ltr'>sancti</span> 
     </span>
    </p>
   </div>
   <div class='ocr_carea' id='block_1_104' title="bbox 233 5451 1887 5525">
    <p class='ocr_par' dir='ltr' id='par_1_104' title="bbox 233 5451 1887 5525">
     <span class='ocr_line' id='line_1_104' title="bbox 233 5451 1887 5525; baseline -0.001 -17"><span class='ocrx_word' id='word_1_765' title='bbox 233 5452 463 5508; x_wconf 86' lang='lat' dir='ltr'>concilii</span> <span class='ocrx_word' id='word_1_766' title='bbox 489 5455 888 5525; x_wconf 88' lang='lat' dir='ltr'>contempsisse.</span> <span class='ocrx_word' id='word_1_767' title='bbox 912 5451 1146 5521; x_wconf 85' lang='lat' dir='ltr'>Quidam</span> <span class='ocrx_word' id='word_1_768' title='bbox 1173 5453 1322 5506; x_wconf 90' lang='lat' dir='ltr'>enim</span> <span class='ocrx_word' id='word_1_769' title='bbox 1340 5458 1706 5507; x_wconf 86' lang='lat' dir='ltr'>narraverunt</span> <span class='ocrx_word' id='word_1_770' title='bbox 1732 5451 1887 5507; x_wconf 90' lang='lat' dir='ltr'>nobis</span> 
     </span>
    </p>
   </div>
   <div class='ocr_carea' id='block_1_105' title="bbox 235 5540 1890 5627">
    <p class='ocr_par' dir='ltr' id='par_1_105' title="bbox 235 5540 1890 5616">
     <span class='ocr_line' id='line_1_105' title="bbox 235 5540 1890 5616; baseline -0.002 -17"><span class='ocrx_word' id='word_1_771' title='bbox 235 5542 373 5616; x_wconf 85' lang='lat' dir='ltr'>quia</span> <span class='ocrx_word' id='word_1_772' title='bbox 400 5544 931 5600; x_wconf 73' lang='lat' dir='ltr'>excommunicatum</span> <span class='ocrx_word' id='word_1_773' title='bbox 984 5540 1350 5599; x_wconf 87' lang='lat' dir='ltr'>vicecomitem</span> <span class='ocrx_word' id='word_1_774' title='bbox 1384 5540 1761 5598; x_wconf 80' lang='lat' dir='ltr'>Albuciensem</span> <span class='ocrx_word' id='word_1_775' title='bbox 1798 5542 1890 5597; x_wconf 87' lang='lat' dir='ltr'>in-</span> 
     </span>
    </p>
   </div>
   <div class='ocr_carea' id='block_1_106' title="bbox 236 5626 1892 5709">
    <p class='ocr_par' dir='ltr' id='par_1_106' title="bbox 236 5626 1892 5709">
     <span class='ocr_line' id='line_1_106' title="bbox 236 5626 1892 5709; baseline 0.002 -22"><span class='ocrx_word' id='word_1_776' title='bbox 236 5632 521 5706; x_wconf 75' lang='lat' dir='ltr'>terfectum</span> <span class='ocrx_word' id='word_1_777' title='bbox 549 5626 615 5694; x_wconf 76' lang='lat' dir='ltr'>in</span> <span class='ocrx_word' id='word_1_778' title='bbox 635 5632 824 5709; x_wconf 69' lang='lat' dir='ltr'>praeda</span> <span class='ocrx_word' id='word_1_779' title='bbox 844 5634 956 5708; x_wconf 86' lang='lat' dir='ltr'>ipse</span> <span class='ocrx_word' id='word_1_780' title='bbox 974 5629 1122 5709; x_wconf 83' lang='lat' dir='ltr'>apud</span> <span class='ocrx_word' id='word_1_781' title='bbox 1134 5626 1300 5693; x_wconf 70' lang='lat' dir='ltr'>suam</span> <span class='ocrx_word' id='word_1_782' title='bbox 1334 5631 1730 5691; x_wconf 73' lang='lat' dir='ltr'>monasterium</span> <span class='ocrx_word' id='word_1_783' title='bbox 1746 5645 1892 5707; x_wconf 79' lang='lat' dir='ltr'>sepe-</span> 
     </span>
    </p>
   </div>
   <div class='ocr_carea' id='block_1_107' title="bbox 1994 4646 3644 4722">
    <p class='ocr_par' dir='ltr' id='par_1_107' title="bbox 1994 4646 3644 4722">
     <span class='ocr_line' id='line_1_107' title="bbox 1994 4646 3644 4722; baseline 0.001 -20"><span class='ocrx_word' id='word_1_784' title='bbox 1994 4652 2096 4702; x_wconf 88' lang='lat' dir='ltr'>aut</span> <span class='ocrx_word' id='word_1_785' title='bbox 2124 4646 2196 4703; x_wconf 93' lang='lat' dir='ltr'>ob</span> <span class='ocrx_word' id='word_1_786' title='bbox 2218 4646 2453 4719; x_wconf 88' lang='lat' dir='ltr'>culpam</span> <span class='ocrx_word' id='word_1_787' title='bbox 2476 4652 2578 4703; x_wconf 89' lang='lat' dir='ltr'>aut</span> <span class='ocrx_word' id='word_1_788' title='bbox 2598 4648 3396 4722; x_wconf 87' lang='lat' dir='ltr'>sineculpa,observandaest</span> <span class='ocrx_word' id='word_1_789' title='bbox 3414 4663 3644 4705; x_wconf 84' lang='lat' dir='ltr'>excom-</span> 
     </span>
    </p>
   </div>
   <div class='ocr_carea' id='block_1_108' title="bbox 1994 4735 3641 4813">
    <p class='ocr_par' dir='ltr' id='par_1_108' title="bbox 1994 4735 3641 4813">
     <span class='ocr_line' id='line_1_108' title="bbox 1994 4735 3641 4813; baseline 0.001 -23"><span class='ocrx_word' id='word_1_790' title='bbox 1994 4735 2332 4803; x_wconf 86' lang='lat' dir='ltr'>municatio,</span> <span class='ocrx_word' id='word_1_791' title='bbox 2362 4752 2433 4791; x_wconf 89' lang='lat' dir='ltr'>ne</span> <span class='ocrx_word' id='word_1_792' title='bbox 2466 4737 2516 4791; x_wconf 93' lang='lat' dir='ltr'>is</span> <span class='ocrx_word' id='word_1_793' title='bbox 2548 4738 2647 4809; x_wconf 93' lang='lat' dir='ltr'>qui</span> <span class='ocrx_word' id='word_1_794' title='bbox 2677 4737 2896 4809; x_wconf 84' lang='lat' dir='ltr'>injuste</span> <span class='ocrx_word' id='word_1_795' title='bbox 2926 4739 3170 4796; x_wconf 85' lang='lat' dir='ltr'>forsitan</span> <span class='ocrx_word' id='word_1_796' title='bbox 3197 4738 3434 4813; x_wconf 87' lang='lat' dir='ltr'>ligatur,</span> <span class='ocrx_word' id='word_1_797' title='bbox 3448 4737 3641 4810; x_wconf 87' lang='lat' dir='ltr'>ipsam</span> 
     </span>
    </p>
   </div>
   <div class='ocr_carea' id='block_1_109' title="bbox 1994 4825 3643 4902">
    <p class='ocr_par' dir='ltr' id='par_1_109' title="bbox 1994 4825 3643 4902">
     <span class='ocr_line' id='line_1_109' title="bbox 1994 4825 3643 4902; baseline 0 -22"><span class='ocrx_word' id='word_1_798' title='bbox 1994 4825 2655 4882; x_wconf 87' lang='lat' dir='ltr'>excommunicationem</span> <span class='ocrx_word' id='word_1_799' title='bbox 2687 4844 2757 4883; x_wconf 79' lang='lat' dir='ltr'>ex</span> <span class='ocrx_word' id='word_1_800' title='bbox 2785 4827 2900 4885; x_wconf 88' lang='lat' dir='ltr'>alia</span> <span class='ocrx_word' id='word_1_801' title='bbox 2929 4828 3427 4902; x_wconf 87' lang='lat' dir='ltr'>culpamereatur.</span> <span class='ocrx_word' id='word_1_802' title='bbox 3442 4826 3643 4897; x_wconf 86' lang='lat' dir='ltr'>Neque</span> 
     </span>
    </p>
   </div>
   <div class='ocr_carea' id='block_1_110' title="bbox 1994 4908 3646 4990">
    <p class='ocr_par' dir='ltr' id='par_1_110' title="bbox 1994 4908 3646 4990">
     <span class='ocr_line' id='line_1_110' title="bbox 1994 4908 3646 4990; baseline -0.001 -20"><span class='ocrx_word' id='word_1_803' title='bbox 1994 4914 2117 4970; x_wconf 91' lang='lat' dir='ltr'>ovis</span> <span class='ocrx_word' id='word_1_804' title='bbox 2151 4908 2440 4986; x_wconf 81' lang='lat' dir='ltr'>pastorem</span> <span class='ocrx_word' id='word_1_805' title='bbox 2474 4932 2649 4971; x_wconf 91' lang='lat' dir='ltr'>suum</span> <span class='ocrx_word' id='word_1_806' title='bbox 2672 4922 2888 4974; x_wconf 87' lang='lat' dir='ltr'>temere</span> <span class='ocrx_word' id='word_1_807' title='bbox 2908 4917 3395 4990; x_wconf 86' lang='lat' dir='ltr'>reprehendat,ne</span> <span class='ocrx_word' id='word_1_808' title='bbox 3423 4932 3493 4972; x_wconf 84' lang='lat' dir='ltr'>ex</span> <span class='ocrx_word' id='word_1_809' title='bbox 3514 4914 3646 4987; x_wconf 88' lang='lat' dir='ltr'>ipsa</span> 
     </span>
    </p>
   </div>
   <div class='ocr_carea' id='block_1_111' title="bbox 1994 5004 3645 5079">
    <p class='ocr_par' dir='ltr' id='par_1_111' title="bbox 1994 5004 3645 5079">
     <span class='ocr_line' id='line_1_111' title="bbox 1994 5004 3645 5079; baseline 0 -21"><span class='ocrx_word' id='word_1_810' title='bbox 1994 5004 2232 5059; x_wconf 79' lang='lat' dir='ltr'>tumidae</span> <span class='ocrx_word' id='word_1_811' title='bbox 2263 5004 2731 5075; x_wconf 87' lang='lat' dir='ltr'>reprehensionis</span> <span class='ocrx_word' id='word_1_812' title='bbox 2751 5006 3029 5079; x_wconf 89' lang='lat' dir='ltr'>superbia</span> <span class='ocrx_word' id='word_1_813' title='bbox 3048 5005 3221 5079; x_wconf 90' lang='lat' dir='ltr'>culpa</span> <span class='ocrx_word' id='word_1_814' title='bbox 3232 5021 3360 5078; x_wconf 65' lang='lat' dir='ltr'>qum</span> <span class='ocrx_word' id='word_1_815' title='bbox 3381 5020 3499 5061; x_wconf 88' lang='lat' dir='ltr'>non</span> <span class='ocrx_word' id='word_1_816' title='bbox 3519 5005 3645 5059; x_wconf 89' lang='lat' dir='ltr'>erat</span> 
     </span>
    </p>
   </div>
   <div class='ocr_carea' id='block_1_112' title="bbox 1996 5090 3642 5169">
    <p class='ocr_par' dir='ltr' id='par_1_112' title="bbox 1996 5090 3642 5169">
     <span class='ocr_line' id='line_1_112' title="bbox 1996 5090 3642 5169; baseline 0.001 -22"><span class='ocrx_word' id='word_1_817' title='bbox 1996 5094 2120 5149; x_wconf 86' lang='lat' dir='ltr'>ﬁat.</span> <span class='ocrx_word' id='word_1_818' title='bbox 2154 5090 2303 5148; x_wconf 91' lang='lat' dir='ltr'>Dicit</span> <span class='ocrx_word' id='word_1_819' title='bbox 2334 5098 2528 5149; x_wconf 90' lang='lat' dir='ltr'>autem</span> <span class='ocrx_word' id='word_1_820' title='bbox 2560 5094 2632 5149; x_wconf 95' lang='lat' dir='ltr'>de</span> <span class='ocrx_word' id='word_1_821' title='bbox 2662 5094 2953 5169; x_wconf 90' lang='lat' dir='ltr'>episcopis</span> <span class='ocrx_word' id='word_1_822' title='bbox 2987 5095 3126 5168; x_wconf 88' lang='lat' dir='ltr'>quia</span> <span class='ocrx_word' id='word_1_823' title='bbox 3165 5093 3279 5166; x_wconf 91' lang='lat' dir='ltr'>ipsi</span> <span class='ocrx_word' id='word_1_824' title='bbox 3310 5110 3373 5150; x_wconf 86' lang='lat' dir='ltr'>se</span> <span class='ocrx_word' id='word_1_825' title='bbox 3402 5093 3513 5149; x_wconf 87' lang='lat' dir='ltr'>hac</span> <span class='ocrx_word' id='word_1_826' title='bbox 3541 5108 3642 5164; x_wconf 90' lang='lat' dir='ltr'>po-</span> 
     </span>
    </p>
   </div>
   <div class='ocr_carea' id='block_1_113' title="bbox 1990 5180 3646 5256">
    <p class='ocr_par' dir='ltr' id='par_1_113' title="bbox 1990 5180 3646 5256">
     <span class='ocr_line' id='line_1_113' title="bbox 1990 5180 3646 5256; baseline 0.001 -20"><span class='ocrx_word' id='word_1_827' title='bbox 1990 5185 2200 5236; x_wconf 87' lang='lat' dir='ltr'>testate</span> <span class='ocrx_word' id='word_1_828' title='bbox 2226 5180 2454 5253; x_wconf 89' lang='lat' dir='ltr'>privant</span> <span class='ocrx_word' id='word_1_829' title='bbox 2483 5182 2584 5254; x_wconf 90' lang='lat' dir='ltr'>qui</span> <span class='ocrx_word' id='word_1_830' title='bbox 2618 5182 2705 5239; x_wconf 88' lang='lat' dir='ltr'>vel</span> <span class='ocrx_word' id='word_1_831' title='bbox 2754 5184 2886 5239; x_wconf 92' lang='lat' dir='ltr'>odio</span> <span class='ocrx_word' id='word_1_832' title='bbox 2943 5184 3033 5239; x_wconf 90' lang='lat' dir='ltr'>vel</span> <span class='ocrx_word' id='word_1_833' title='bbox 3064 5183 3271 5256; x_wconf 85' lang='lat' dir='ltr'>gratia,</span> <span class='ocrx_word' id='word_1_834' title='bbox 3305 5185 3364 5238; x_wconf 89' lang='lat' dir='ltr'>et</span> <span class='ocrx_word' id='word_1_835' title='bbox 3413 5198 3526 5238; x_wconf 88' lang='lat' dir='ltr'>non</span> <span class='ocrx_word' id='word_1_836' title='bbox 3557 5196 3646 5237; x_wconf 55' lang='lat' dir='ltr'>se.</span> 
     </span>
    </p>
   </div>
   <div class='ocr_carea' id='block_1_114' title="bbox 1991 5270 3479 5347">
    <p class='ocr_par' dir='ltr' id='par_1_114' title="bbox 1991 5270 3479 5347">
     <span class='ocr_line' id='line_1_114' title="bbox 1991 5270 3479 5347; baseline -0.003 -20"><span class='ocrx_word' id='word_1_837' title='bbox 1991 5271 2251 5327; x_wconf 88' lang='lat' dir='ltr'>cundum</span> <span class='ocrx_word' id='word_1_838' title='bbox 2282 5271 2556 5327; x_wconf 90' lang='lat' dir='ltr'>meritum</span> <span class='ocrx_word' id='word_1_839' title='bbox 2586 5287 2799 5340; x_wconf 67' lang='lat' dir='ltr'>causae,</span> <span class='ocrx_word' id='word_1_840' title='bbox 2826 5272 3012 5347; x_wconf 84' lang='lat' dir='ltr'>ligant</span> <span class='ocrx_word' id='word_1_841' title='bbox 3040 5272 3129 5328; x_wconf 89' lang='lat' dir='ltr'>vel</span> <span class='ocrx_word' id='word_1_842' title='bbox 3159 5270 3414 5329; x_wconf 89' lang='lat' dir='ltr'>solvunt.</span> <span class='ocrx_word' id='word_1_843' title='bbox 3450 5292 3479 5323; x_wconf 86' lang='lat'><strong>»</strong></span> 
     </span>
    </p>
   </div>
   <div class='ocr_carea' id='block_1_115' title="bbox 2065 5358 3649 5434">
    <p class='ocr_par' dir='ltr' id='par_1_115' title="bbox 2065 5358 3649 5434">
     <span class='ocr_line' id='line_1_115' title="bbox 2065 5358 3649 5434; baseline 0.002 -21"><span class='ocrx_word' id='word_1_844' title='bbox 2065 5359 2149 5414; x_wconf 86' lang='lat' dir='ltr'>Ad</span> <span class='ocrx_word' id='word_1_845' title='bbox 2177 5358 2296 5415; x_wconf 71' lang='lat' dir='ltr'>haec</span> <span class='ocrx_word' id='word_1_846' title='bbox 2327 5360 2589 5432; x_wconf 83' lang='lat' dir='ltr'>pontifex</span> <span class='ocrx_word' id='word_1_847' title='bbox 2618 5361 2852 5432; x_wconf 88' lang='lat' dir='ltr'>adjecit,</span> <span class='ocrx_word' id='word_1_848' title='bbox 2904 5362 3143 5418; x_wconf 90' lang='lat' dir='ltr'>dicens:</span> <span class='ocrx_word' id='word_1_849' title='bbox 3205 5361 3500 5434; x_wconf 81' lang='lat' dir='ltr'>Presbyter</span> <span class='ocrx_word' id='word_1_850' title='bbox 3551 5360 3649 5432; x_wconf 90' lang='lat' dir='ltr'>qui</span> 
     </span>
    </p>
   </div>
   <div class='ocr_carea' id='block_1_116' title="bbox 1995 5448 3650 5523">
    <p class='ocr_par' dir='ltr' id='par_1_116' title="bbox 1995 5448 3650 5523">
     <span class='ocr_line' id='line_1_116' title="bbox 1995 5448 3650 5523; baseline 0 -19"><span class='ocrx_word' id='word_1_851' title='bbox 1995 5449 2525 5504; x_wconf 67' lang='lat' dir='ltr'>excommunicatum</span> <span class='ocrx_word' id='word_1_852' title='bbox 2579 5451 2815 5507; x_wconf 88' lang='lat' dir='ltr'>scienter</span> <span class='ocrx_word' id='word_1_853' title='bbox 2868 5452 3112 5523; x_wconf 80' lang='lat' dir='ltr'>suscipit,</span> <span class='ocrx_word' id='word_1_854' title='bbox 3173 5450 3293 5507; x_wconf 88' lang='lat' dir='ltr'>ideo</span> <span class='ocrx_word' id='word_1_855' title='bbox 3341 5451 3409 5507; x_wconf 92' lang='lat' dir='ltr'>ab</span> <span class='ocrx_word' id='word_1_856' title='bbox 3456 5448 3650 5506; x_wconf 77' lang='lat' dir='ltr'>ordine</span> 
     </span>
    </p>
   </div>
   <div class='ocr_carea' id='block_1_117' title="bbox 1996 5538 3649 5617">
    <p class='ocr_par' dir='ltr' id='par_1_117' title="bbox 1996 5538 3649 5617">
     <span class='ocr_line' id='line_1_117' title="bbox 1996 5538 3649 5617; baseline 0.001 -22"><span class='ocrx_word' id='word_1_857' title='bbox 1996 5538 2445 5612; x_wconf 83' lang='lat' dir='ltr'>deponitur,quia</span> <span class='ocrx_word' id='word_1_858' title='bbox 2473 5540 2821 5613; x_wconf 85' lang='lat' dir='ltr'>semetipsum</span> <span class='ocrx_word' id='word_1_859' title='bbox 2850 5543 3286 5601; x_wconf 78' lang='lat' dir='ltr'>exeommanicat</span> <span class='ocrx_word' id='word_1_860' title='bbox 3301 5541 3400 5617; x_wconf 88' lang='lat' dir='ltr'>qui</span> <span class='ocrx_word' id='word_1_861' title='bbox 3427 5552 3649 5598; x_wconf 43' lang='lat' dir='ltr'>manu</span> 
     </span>
    </p>
   </div>
   <div class='ocr_carea' id='block_1_118' title="bbox 1997 5628 2590 5689">
    <p class='ocr_par' dir='ltr' id='par_1_118' title="bbox 1997 5628 2590 5689">
     <span class='ocr_line' id='line_1_118' title="bbox 1997 5628 2590 5689; baseline -0.002 0"><span class='ocrx_word' id='word_1_862' title='bbox 1997 5628 2278 5689; x_wconf 78' lang='lat' dir='ltr'>maniculo</span> <span class='ocrx_word' id='word_1_863' title='bbox 2305 5628 2590 5688; x_wconf 81' lang='lat' dir='ltr'>consentit.</span> 
     </span>
    </p>
   </div>
  </div>
