4094 6158
500 292 664 370 i399

1444 299 1853 367 JORDANUS
1898 253 2474 366 LEMOWCENSISC
2514 302 2963 369 EPISCOPUS.

3720 309 3854 377 H00

502 459 533 490 «
566 453 681 512 que
722 437 1034 507 terrarum,
1082 434 1413 508 adjutorem
1473 451 1567 492 me
1617 438 1671 491 et
1720 433 2146 492 consolatorem
2175 433 2234 504 Α
2259 436 2530 492 Attamen
2553 438 2691 510 quia
2718 455 2954 496 necesse
2986 438 3233 513 principi
3263 439 3373 497 fuit
3397 442 3465 497 ut
3493 440 3719 500 Romam
3745 463 3849 505 cum

503 549 534 580 α
563 527 763 601 potius
815 540 945 583 esse
991 541 1170 597 quam
1217 524 1728 581 contradictorem.
1777 524 1946 580 Absit
1994 524 2151 580 enim

501 639 532 668 «
561 615 823 674 schisma
850 632 886 671 a
915 629 1006 670 me
1035 617 1094 670 et
1123 631 1158 669 a
1181 613 1541 687 coepiscopis
1572 614 1741 670 meis.
1763 615 1963 686 Itaque
1991 613 2154 670 illam

502 730 530 757 ‹‹
560 702 967 779 penitentiam
1011 706 1068 760 et
1098 702 1552 772 absolutionem,
1584 720 1762 777 quam
1792 706 1894 760 tuo
1921 720 2154 760 excom-

501 816 532 845 α
564 792 866 850 municato
891 791 1233 866 ignoranter
1259 792 1619 862 dederam,et
1638 792 1736 849 ille
1757 791 2158 849 fraudulenter

505 904 535 935 «ι
564 881 811 956 accepit,
842 884 1086 938 irratam
1117 881 1266 938 facio
1312 886 1365 938 et
1396 898 1646 950 cassam,
1681 885 1746 937 ut
1776 883 1846 938 de
1878 881 1978 937 illa
2006 881 2152 937 nihil

500 995 532 1023 κ
566 970 726 1028 aliud
757 975 954 1046 speret
983 987 1164 1044 quam
1198 970 1668 1028 maledictionem
1701 972 1893 1044 quoad
1924 970 2153 1027 satisfa-

504 1084 534 1114 «
565 1062 727 1118 ctum
757 1064 824 1117 tu
844 1062 1008 1133 juste
1037 1059 1327 1117 absolvas.
1360 1082 1389 1113 »

574 1150 863 1208 Dicebant
889 1166 1026 1223 ergo
1051 1150 1311 1223 episcopi
1336 1151 1409 1206 ad
1442 1150 1748 1207 invicem:«
1782 1150 2021 1207 Frustra
2035 1149 2157 1206 haec

506 1239 748 1316 querela
792 1241 1075 1297 adversus
1125 1244 1301 1314 caput
1354 1246 1619 1296 nostrum
1669 1240 1882 1297 mutire
1933 1241 2152 1296 audet:

504 1329 865 1406 apostolicus
909 1328 1065 1386 enim
1096 1330 1319 1402 absque
1350 1328 1523 1402 culpa
1567 1332 1675 1397 est,
1707 1333 1765 1385 et
1813 1328 2008 1401 potius
2049 1345 2157 1385 nos

503 1419 829 1494 culpabiles
856 1435 1086 1487 sumus,
1120 1418 1232 1475 nisi
1263 1418 1475 1475 litteris
1504 1418 1723 1475 nostris
1754 1418 1805 1475 ei
1832 1422 2039 1474 notum
2069 1418 2155 1473 fa-

505 1510 755 1579 ciamus,
782 1509 856 1565 de
886 1507 1105 1581 quibus
1143 1507 1422 1565 nolumus
1471 1512 1538 1564 ut
1586 1508 1981 1564 absolvantur.
2010 1508 2155 1564 Cum

505 1614 642 1673 ergo
672 1596 823 1655 tales
852 1597 1186 1670 deceperint
1213 1596 1623 1670 apostolicum,
1657 1602 1724 1653 ut
1756 1597 2157 1655 fraudulenter

507 1686 888 1746 absolvantur
933 1686 1008 1743 ab
1060 1702 1150 1758 eo,
1200 1686 1369 1742 irrita
1418 1692 1508 1743 est
1554 1687 1639 1743 eis
1687 1686 1790 1743 illa
1836 1687 2149 1757 absolutio,

2261 523 2593 598 legionibus
2630 526 2970 601 Galligenis,
2994 530 3236 601 jubeute
3272 530 3515 599 Nerone,
3547 543 3850 606 properaret,

2263 620 2675 685 praemonente,
2710 621 2775 673 ut
2801 618 3114 690 credimus,
3143 619 3312 674 beato
3357 619 3633 688 Martiale,
3663 622 3852 681 beatum

2266 703 2499 759 Petrum
2514 705 2846 778 apostolum
2879 707 3022 762 adiit
3043 714 3102 764 et
3123 724 3229 781 pro
3255 708 3504 781 virginis
3516 710 3854 771 interfectione

2264 793 2337 847 ab
2366 810 2433 849 eo
2467 811 2529 849 se
2559 795 2779 852 absolvi
2810 796 3144 868 postulavit.
3179 794 3287 853 Illa
3324 798 3580 870 profecto
3625 801 3854 875 principis

2266 881 2554 938 absolutio
2581 901 2616 939 a
2637 885 2809 941 beato
2843 885 3028 952 Petro,
3056 886 3425 942 conﬁrmatio
3475 886 3626 943 illius
3653 889 3747 945 fuit
3782 893 3855 949 ab-

2264 970 2575 1029 solutionis
2605 978 2663 1029 et
2692 974 3065 1047 penitentia,
3098 962 3277 1046 quam
3308 975 3361 1031 ei
3390 975 3596 1032 beatus
3624 977 3853 1037 Martialis

2265 1060 2572 1117 indixerat.
2597 1062 2764 1119 Certe
2785 1063 2995 1121 beatus
3025 1064 3229 1120 Petrus
3274 1064 3323 1120 si
3367 1064 3543 1121 sciret
3582 1064 3731 1123 illum
3756 1086 3855 1127 esse

2265 1167 2300 1205 a
2326 1150 2497 1206 beato
2529 1151 2792 1208 Martiale
2824 1152 3431 1210 excommunicatione
3460 1154 3856 1231 obligatum,po-

2263 1239 2384 1295 tius
2415 1255 2550 1296 eum
2581 1241 2888 1298 damnaret
2915 1259 3092 1314 quam
3122 1241 3467 1299 absolveret.
3493 1244 3584 1300 Sic
3609 1247 3854 1317 apostolici

2265 1328 2514 1385 Romani
2543 1331 2950 1403 episcoporum
2989 1331 3255 1388 omnium
3308 1331 3654 1389 sententiam
3695 1338 3856 1392 conﬁr-

2264 1434 2446 1485 mare,
2477 1435 2592 1476 non
2639 1419 2955 1477 dissolvere
3001 1421 3235 1489 debent,
3270 1422 3417 1494 quia
3462 1422 3612 1477 sicut
3645 1426 3858 1482 membra

2260 1511 2441 1580 caput
2470 1525 2646 1565 suum
2674 1510 2864 1582 sequi,
2895 1510 2977 1566 ita
3023 1514 3199 1583 caput
3246 1511 3519 1567 membra
3548 1528 3650 1568 sua
3674 1529 3859 1572 ncesse

2261 1600 2353 1653 est
2375 1614 2492 1651 non
2521 1597 2875 1655 contristari.
2908 1599 3173 1655 Referam
3203 1615 3338 1655 vero
3372 1600 3450 1656 ad
3482 1600 3859 1659 aediﬁcationem

2262 1686 2419 1759 quod
2451 1687 2675 1742 dudum
2708 1689 2782 1743 de
2825 1687 2925 1743 illo
2969 1688 3153 1744 milite
3202 1689 3457 1762 contigit
3492 1689 3734 1747 Vascone
3765 1693 3856 1764 qui,

503 1777 754 1851 ideoque
784 1792 889 1833 nec
918 1775 990 1833 ab
1020 1792 1088 1833 eo
1119 1792 1224 1832 nec
1252 1793 1287 1831 a
1316 1776 1484 1832 nobis
1513 1777 1978 1833 conﬁrmanda.»
2009 1776 2151 1841 Qui-
2180 1805 2230 1873 Β
2255 1775 2501 1848 jubente
2540 1777 2688 1832 duce
2731 1776 3064 1833 Vasconum
3112 1777 3345 1845 Sancio,
3405 1778 3682 1835 seniorem
3725 1797 3857 1837 suum

505 1867 642 1922 dam
674 1869 871 1921 autem
900 1864 962 1921 in
991 1863 1236 1921 concilio
1267 1864 1412 1920 dixit
1446 1882 1459 1921 :
1490 1888 1515 1915 ‹‹
1548 1865 1680 1920 Vidi
1708 1883 1894 1938 nuper
1930 1866 2001 1921 de
2032 1865 2152 1938 epi-

506 1971 685 2028 scopo
710 1953 1163 2027 Engolismensi,
1199 1953 1299 2026 qui
1349 1971 1605 2026 presens
1654 1958 1763 2019 est,
1797 1955 1951 2027 quod
2001 1954 2151 2012 dico.

507 2044 759 2110 Quidam
790 2058 860 2100 ex
890 2042 1015 2099 suis
1044 2041 1968 2115 parochianisexcommunicatus
1982 2046 2154 2115 abeo,

508 2134 651 2190 dum
684 2131 1021 2190 satisfacere
1052 2131 1383 2200 nollet,non
1414 2135 1641 2203 poterat
1664 2132 1974 2205 impetrare
1994 2134 2068 2189 ab
2089 2150 2156 2190 eo

506 2219 1050 2296 penitentiam.Qui
1081 2220 1207 2276 sine
1237 2219 1739 2293 licentiaepiscopi
1758 2222 1846 2276 sui
1872 2239 2033 2295 pape
2045 2222 2157 2278 Ro-

508 2326 686 2367 mano
724 2309 1023 2382 subripuit
1069 2309 1419 2380 penitentia;
1468 2308 1675 2381 legem,
1709 2313 1766 2365 et
1816 2308 2040 2367 litteras
2090 2327 2159 2367 ex

508 2397 744 2456 nomine
774 2398 906 2470 ejus
933 2397 1206 2470 episcopo
1237 2395 1445 2452 detulit
1475 2396 1530 2451 in
1565 2397 1740 2453 Cena
1767 2397 2160 2472 Domini,qui-

506 2487 619 2545 bus
647 2486 988 2559 episcopum
1039 2484 1282 2557 rogabat
1331 2484 1685 2556 apostolicus
1734 2491 2025 2557 quatenus
2072 2488 2157 2544 illi

504 2573 930 2649 penitentiam,
963 2589 1142 2647 quam
1174 2573 1535 2646 imposuerat
1563 2574 1902 2631 affirmaret.
1929 2577 2158 2649 Episco-

503 2681 619 2738 pus
646 2680 804 2731 vero,
829 2661 1165 2735 intelligens
1195 2661 1481 2731 fraudem,
1502 2662 1581 2718 ait
1609 2662 1833 2718 homini
1869 2681 1882 2719 :
1919 2686 1947 2715 «
1976 2668 2159 2724 Versa

505 2775 535 2805 «
565 2751 877 2825 vice,quod
908 2767 1015 2825 ego
1042 2748 1341 2823 postulare
1370 2751 1686 2807 debueram
1718 2753 1789 2808 ab
1814 2753 2153 2825 apostolico,

509 2865 532 2893 ι
568 2840 926 2915 apostolicus
954 2839 1276 2913 postulata
1318 2855 1431 2895 me.
1466 2840 1590 2895 Non
1632 2841 1863 2897 credere
1914 2860 2153 2914 possum

510 2953 533 2982 α
566 2931 680 2988 hoc
722 2930 1070 2987 mandatum
1117 2928 1192 2985 ab
1237 2944 1305 2984 eo
1352 2933 1638 2997 exortum,
1690 2930 1799 2987 hoc
1846 2931 1955 2987 tibi
2008 2932 2153 2987 nihil

506 3043 535 3074 «
568 3020 713 3079 utile
741 3022 913 3089 est,et
942 3019 1124 3075 donec
1153 3021 1254 3073 aut
1283 3034 1317 3072 a
1349 3034 1441 3073 me
1468 3018 1551 3074 vel
1588 3019 1660 3074 ab
1692 3019 1872 3091 hujus
1902 3022 2157 3078 scdisar—

506 3134 535 3162 «
569 3109 932 3179 chidiacono,
975 3124 1070 3165 me
1119 3105 1384 3179 jubente,
1434 3108 1686 3180 accipias
1729 3109 2150 3182 penitentiam,

2264 1863 2591 1932 decollavit,
2626 1865 2845 1921 invitus
2871 1870 3089 1934 tamen,
3122 1871 3179 1923 et
3202 1883 3403 1923 errore
3431 1868 3597 1923 ducis
3641 1870 3858 1941 perterri-

2264 1957 2362 2008 tus
2392 1953 2451 2009 id
2503 1955 2639 2028 egit,
2670 1954 3086 2010 interminante
3134 1955 3284 2010 irato
3333 1956 3510 2023 duce,
3543 1961 3596 2013 et
3642 1957 3856 2014 dicente:

2265 2066 2295 2092 «
2329 2043 2453 2098 Nisi
2482 2044 2661 2098 istum
2694 2043 2994 2111 occideris,
3023 2043 3282 2099 occidam
3307 2047 3391 2100 te.
3418 2067 3448 2095 n
3484 2044 3604 2102 Uno
3627 2063 3745 2120 ergo
3771 2048 3858 2102 ictu

2266 2132 2556 2188 seniorem
2589 2133 2892 2205 proprium
2926 2131 3249 2200 decollavit,
3264 2137 3322 2188 et
3353 2135 3694 2207 gravissimo
3709 2134 3860 2191 dolore

2265 2220 2543 2293 repletus,
2594 2222 2664 2276 ad
2713 2222 3053 2294 episcopum
3114 2238 3290 2277 suum
3342 2223 3690 2295 penitentia
3727 2240 3863 2280 causa

2266 2311 2607 2366 recucurrit.
2641 2310 2745 2366 Cui
2794 2309 2891 2366 ille
2936 2326 3282 2384 compassus
3330 2311 3527 2367 dixit:
3562 2336 3589 2362 «
3619 2312 3860 2369 Debueras

2267 2423 2296 2449 ‹‹
2329 2416 2433 2471 pro
2464 2399 2691 2455 seniore
2717 2404 2820 2454 tuo
2851 2402 3094 2455 mortem
3127 2398 3459 2473 suscipere,
3491 2404 3779 2474 antequam
3803 2400 3864 2457 illi

2266 2512 2294 2539 ‹‹
2331 2506 2544 2544 manus
2574 2487 2771 2561 aliquo
2804 2488 2978 2544 modo
3024 2487 3292 2557 inferres,
3326 2493 3391 2545 et
3421 2496 3641 2564 martyr
3678 2492 3765 2547 Dei
3788 2509 3865 2563 pro

2269 2600 2298 2628 ‹‹
2328 2577 2431 2632 tali
2463 2577 2576 2632 fide
2607 2577 2795 2644 fieres,
2825 2578 2926 2633 sed
2952 2576 3396 2650 gravissimum
3449 2584 3669 2635 reatum
3713 2580 3864 2653 egisti,

2268 2690 2294 2717 ‹‹
2327 2672 2383 2722 et
2413 2666 2582 2722 nobis
2608 2666 2960 2722 inauditum.
2993 2665 3197 2722 Nescio
3238 2667 3348 2722 tibi
3406 2669 3709 2725 consilium
3752 2670 3865 2725 ferre

2266 2779 2294 2805 ‹‹
2329 2754 2701 2828 penitentie,
2756 2755 2859 2810 sed
2929 2754 3071 2810 vade
3122 2757 3526 2827 quantocitius
3584 2759 3649 2813 ad
3695 2774 3861 2830 papam

2265 2867 2293 2893 «
2328 2844 2682 2899 Romanum.
2715 2843 2775 2899 Si
2805 2843 2911 2900 tibi
2942 2842 3040 2900 ille
3087 2844 3499 2916 penitentiam
3546 2847 3796 2912 concedit,
3820 2851 3864 2901 et

2268 2955 2289 2983 ι
2326 2949 2432 3005 ego
2462 2933 2709 3005 gaudeo,
2739 2937 2797 2989 et
2825 2933 3183 3001 conﬁrmo;si
3214 2937 3272 2990 te
3301 2932 3406 2991 ille
3437 2936 3717 3008 abjecerit,
3745 2950 3861 2990 nun-

2266 3043 2295 3073 «
2325 3038 2504 3093 quam
2539 3038 2645 3077 nec
2676 3039 2709 3078 a
2739 3038 2832 3077 me
2862 3038 2967 3078 nec
2997 3022 3070 3078 ab
3103 3021 3297 3095 aliquo
3336 3023 3602 3081 invenies
3629 3024 3862 3097 peniten-

2265 3110 2491 3165 «tiam.
2545 3132 2574 3160 »
2626 3111 2789 3176 Quod
2853 3109 2949 3166 ille
3015 3111 3281 3167 concitus
3326 3112 3613 3186 implevit,
3657 3118 3709 3169 et
3756 3129 3859 3168 cum

504 3223 534 3252 ι(
565 3214 847 3273 permane
894 3178 953 3254 in
1003 3178 1623 3253 excommunication‘e.
1674 3178 1748 3253 Et
1798 3199 1968 3269 ejecit
2015 3178 2149 3257 eum
2181 3178 2227 3247 Cn
2264 3200 2516 3257 testibus
2547 3199 2756 3255 detulit
2784 3216 2985 3256 secum
3012 3199 3238 3257 litteras
3267 3178 3531 3275 episcbpi
3561 3178 3859 3259 sui.Etcum

502 3311 532 3341 α
564 3290 723 3346 foras
751 3288 824 3345 de
852 3285 1118 3344 ecclesia.
1152 3307 1181 3338 »

570 3380 641 3435 Et
670 3377 944 3434 dixerunt
990 3374 1245 3448 episcopi
1278 3393 1293 3432 :
1328 3397 1357 3425 ‹‹
1391 3375 1509 3431 Hoc
1554 3376 1625 3431 ab
1676 3375 1824 3448 ipsis
1876 3378 2149 3451 apostoli-

498 3467 584 3525 cis
615 3464 897 3522 Romanis
926 3468 986 3521 et
1014 3464 1238 3520 ceteris
1268 3464 1536 3520 Patribus
1568 3468 1806 3522 cautum
1860 3472 2150 3537 tenemus,

500 3560 569 3613 ut
597 3552 953 3627 parochiano
986 3568 1093 3608 suo
1123 3552 1435 3625 episcopus
1465 3552 1514 3608 si
1547 3553 1945 3625 penitentiam
1965 3557 2152 3630 impo-

501 3644 613 3711 nit,
645 3657 900 3713 eumque
929 3656 1093 3713 papae
1126 3638 1343 3713 dirigit,
1376 3644 1441 3696 ut
1460 3642 1686 3713 judicet
1715 3648 1912 3701 utrum
1963 3647 2042 3702 sit
2078 3664 2152 3703 an

506 3748 623 3789 non
664 3726 1007 3803 penitentia
1056 3727 1235 3801 digna
1282 3747 1386 3803 pro
1431 3731 1531 3785 tali
1581 3736 1765 3803 reatu,
1797 3739 1988 3806 potest
2023 3752 2153 3792 eam

509 3819 858 3878 confirmare
885 3818 1204 3875 auctoritas
1245 3834 1428 3892 papae,
1462 3824 1564 3876 aut
1613 3820 1883 3895 levigare,
1917 3827 2017 3879 aut
2056 3842 2153 3880 su-

511 3907 1191 3984 peradjicereJndicium
1222 3907 1378 3965 enim
1403 3908 1585 3965 totius
1607 3909 1873 3967 Ecclesie
1906 3914 2157 3970 maxime

511 3999 572 4056 in
603 3996 922 4073 apostolica
952 3997 1215 4054 Romana
1236 3998 1373 4055 sede
1405 4004 1651 4054 constat.
1676 4000 1819 4056 Item
1855 4001 1903 4058 si
1933 4003 2157 4075 episco-

510 4104 623 4162 pus
647 4086 1068 4161 parochianum
1118 4103 1294 4143 suum
1338 4103 1471 4142 cum
1521 4088 1772 4145 testibus
1809 4089 1897 4145 vel
1945 4091 2158 4149 litteris

507 4175 829 4251 apostolico
862 4176 933 4233 ad
978 4175 1383 4248 penitentiam
1432 4176 1829 4247 accipiendam
1862 4179 2153 4249 direxerit,

506 4271 575 4325 ut
603 4264 903 4322 multoties
929 4281 1033 4337 pro
1062 4263 1429 4339 gravissimis
1460 4265 1583 4320 ﬁeri
1614 4266 1761 4322 solet
1793 4268 2076 4336 reatibus,
2096 4270 2155 4326 in

507 4354 724 4427 quibus
752 4353 1012 4429 episcopi
1044 4355 1116 4409 ad
1149 4353 1390 4427 dignam
1432 4354 1704 4410 haesitant
1750 4356 2155 4428 penitentiam

503 4442 945 4517 imponendam,
978 4442 1073 4498 hic
1102 4442 1237 4499 talis
1265 4442 1507 4500 licenter
1556 4461 1591 4499 a
1639 4461 1789 4517 papa
1832 4447 2153 4503 remedium

2260 3288 2616 3362 apostolicus
2648 3289 2906 3345 secunda
2947 3287 3209 3361 paschali
3240 3289 3389 3346 feria
3439 3292 3596 3364 apud
3634 3293 3859 3348 Sanctum

2261 3378 2496 3434 Petrum
2537 3394 2704 3434 sacra
2754 3393 2936 3450 agens
2984 3382 3116 3450 post
3162 3379 3535 3451 evangelium
3583 3379 3857 3446 resedisset,

2260 3468 2436 3539 cepit
2464 3466 2561 3522 ille
2591 3483 2727 3522 reus
2759 3470 2893 3522 ante
2923 3483 3058 3522 eum
3087 3466 3145 3521 in
3178 3473 3502 3540 conspectu
3524 3469 3692 3526 totius
3716 3467 3861 3524 Eccle-

2263 3556 2360 3612 siae
2409 3555 2756 3628 gravissime
2800 3553 3037 3627 plorans
3084 3559 3142 3611 et
3197 3556 3510 3628 suspirans
3572 3557 3855 3622 exclamare,

2262 3646 2463 3701 dicens
2497 3663 2512 3701 :
2546 3668 2573 3695 «
2605 3644 3012 3700 Penitentiam
3041 3644 3189 3711 volo,
3206 3645 3484 3715 domine;
3518 3646 3856 3719 penitentiam

2265 3757 2293 3785 ‹‹
2326 3734 2475 3800 volo,
2509 3733 2763 3789 domine.
2802 3755 2829 3783 »
2859 3734 2931 3789 Et
2960 3732 3339 3806 apostolicus,
3385 3735 3487 3807 qui
3519 3736 3707 3791 dextra
3730 3734 3855 3789 lava-

2265 3842 2377 3899 que
2411 3823 2463 3879 ei
2494 3822 2849 3879 assistebant
2873 3822 2954 3878 ait
2978 3841 2992 3879 :
3017 3846 3046 3873 «
3075 3822 3375 3895 Requirite
3405 3839 3513 3897 pro
3542 3841 3653 3897 qua
3677 3822 3852 3895 culpa»

2265 3914 2367 3972 Ille
2414 3911 2733 3984 inquisitus
2781 3911 2929 3966 nihil
2979 3910 3139 3968 aliud
3184 3912 3462 3969 dicebat:
3515 3937 3542 3964 «
3580 3912 3852 3969 Creatorem

2268 4026 2298 4055 «
2330 4018 2526 4072 meum
2577 4001 2811 4067 otl'endi,
2848 3999 3180 4057 Creatorem
3228 4016 3433 4057 meum
3477 4002 3699 4057 offendi.
3730 4024 3755 4048 ιι
3774 3998 3852 4054 Cui

2266 4091 2619 4167 apostolicus
2653 4107 2666 4145 :
2699 4112 2725 4140 «
2758 4090 2892 4156 Cur,
2940 4090 3150 4162 inquit,
3202 4089 3545 4163 episcopum
3574 4096 3727 4146 tuum
3767 4102 3851 4142 non

2268 4206 2295 4233 ‹‹
2325 4178 2776 4254 exspectabas?»
2793 4179 2862 4234 Et
2891 4178 3014 4234 ille:
3050 4203 3076 4228 ‹‹
3113 4178 3435 4252 Episcopus
3460 4197 3624 4236 meus
3640 4174 3851 4235 memisit

2265 4294 2290 4323 τι
2327 4272 2398 4327 ad
2429 4275 2504 4326 te.
2542 4291 2570 4319 ››
2601 4270 2765 4323 Tunc
2795 4272 2973 4324 testes
3012 4268 3330 4341 apostolico
3353 4263 3849 4343 suggesseruntcul-

2264 4377 2400 4434 pam
2431 4359 2600 4430 eique
2651 4356 2876 4412 litteras
2907 4355 3162 4429 episcopi
3212 4358 3599 4430 protulerunt.
3632 4357 3716 4414 Sic
3753 4368 3853 4425 apo.

2264 4449 2507 4506 stolicus
2537 4447 2810 4519 episcopo
2838 4446 2936 4519 qui
2968 4462 3003 4502 a
3030 4447 3249 4502 dextris
3279 4448 3412 4518 ejus
3460 4448 3645 4503 stabat
3670 4446 3851 4501 locutus

503 4548 745 4621 sumere
779 4535 999 4621 potest.
1019 4531 1166 4588 Nam
1216 4532 1546 4621 inconsulto
1596 4533 1869 4606 episcopo
1918 4552 2046 4603 suo,
2080 4537 2151 4592 ab
2181 4556 2225 4621 ο
2257 4544 2366 4605 est,
2420 4536 2660 4601 dicens;
2710 4557 2738 4584 «
2788 4533 3106 4608 Recognita
3150 4536 3560 4592 auctoritatem
3621 4532 3847 4621 divinam,

502 4619 822 4695 apostolico
854 4620 1254 4693 penitentiam
1285 4624 1343 4677 et
1372 4620 1799 4679 absolutionem
1833 4624 2153 4681 neminiac-

500 4711 695 4784 cipere
722 4708 877 4769 licet.
908 4709 1081 4777 Sane,
1115 4713 1181 4765 ut
1221 4709 1468 4782 exempli
1516 4727 1694 4766 causa
1746 4710 1967 4785 aliquid
1999 4714 2151 4770 dica-

500 4799 832 4868 tur,beatus
863 4796 1147 4855 Martialis
1176 4798 1499 4870 Aquitaniae
1531 4799 1833 4871 apostolus
1854 4800 2149 4875 Stephano

499 4888 622 4962 regi
654 4887 998 4954 Galliarum,
1030 4887 1131 4959 qui
1158 4887 1268 4943 sub
1299 4887 1523 4944 Nerone
1553 4887 1801 4944 Galliam
1851 4907 2037 4962 usque
2075 4892 2147 4947 ad

499 4982 732 5035 montes
764 4977 1068 5050 Pyreneos
1103 4977 1339 5049 regendi
1372 4976 1624 5033 habebat
1652 4983 2017 5049 potestatem,
2044 4997 2148 5053 pro

495 5066 740 5140 virginis
766 5065 1009 5123 Valeriae
1052 5064 1454 5122 interfectione
1502 5067 1841 5139 ceterisque
1889 5070 2149 5126 reatibus

490 5154 619 5226 jam
650 5155 1053 5227 penitentiam
1083 5152 1389 5223 indixerat,
1407 5156 1531 5226 jam
1567 5154 1722 5212 fonte
1753 5157 2144 5229 baptismatis,

496 5258 614 5315 quo
642 5247 854 5301 cuncta
882 5244 1153 5302 delentur
1182 5244 1464 5306 admissa.
1489 5244 1684 5317 ipsum
1717 5246 2142 5318 puriﬁcavcrat.

2261 4649 2289 4677 ‹‹
2323 4624 2480 4698 quali
2514 4621 2858 4697 penitentia
2887 4622 2982 4678 hic
3012 4626 3279 4680 mortuus
3319 4624 3506 4696 possit
3547 4620 3803 4678 γὶνίῆοιιιί,
3828 4640 3849 4665 ν

2257 4714 2329 4773 Et
2355 4714 2666 4787 episcopus
2693 4712 2776 4767 ait
2807 4730 2821 4768 :
2856 4735 2884 4763 «
2925 4710 3208 4768 Dominus
3250 4712 3395 4768 dicit
3440 4712 3500 4767 in
3546 4707 3846 4783 Evangelia:

2260 4827 2289 4856 «
2318 4804 2504 4860 Omnis
2552 4803 2653 4874 qui
2698 4801 2987 4873 reliquerit
3015 4801 3251 4869 demam,
3281 4803 3367 4858 vel
3388 4803 3606 4873 fratres,
3641 4799 3716 4854 vel
3739 4809 3847 4852 sort»

2263 4914 2294 4945 α
2322 4909 2426 4960 res,
2457 4900 2552 4946 aut
2576 4898 2811 4964 patrem,
2845 4897 2944 4945 aut
2984 4898 3232 4957 matrem,
3263 4898 3358 4946 aut
3402 4905 3642 4955 mrem,
3680 4893 3763 4941 aut
3795 4884 3844 4954 ﬁ-

2258 5005 2285 5032 ‹‹
2315 4983 2434 5048 tios,
2466 4990 2561 5037 aut
2608 4995 2788 5050 agros,
2832 4985 3055 5051 propter
3093 4995 3293 5035 nomen
3333 4996 3533 5047 meum,
3581 4975 3842 5047 centuplim

2257 5092 2286 5122 α
2319 5072 2550 5143 accipiet
2580 5069 2800 5142 (Matth.
2837 5069 3048 5140 x1x)....
3084 5089 3113 5118 »

2680 5158 2897 5212 Cetera
2923 5156 3345 5214 desiderantur.

1761 5514 2647 5554 «ιι-’ψ
