4094 6158
258 379 3702 417 ω

1662 548 1816 587 ANNO
1855 547 2061 588 DOMINI
2103 547 2250 586 MLIII
2259 572 2273 584 .

983 709 1453 866 GUIDO

1555 708 1760 859 DE
1870 701 2964 861 CASTELLIONE

1454 953 1820 1011 REMENSIS
1859 947 2492 1007 ARCHIEPISCOPUS.

887 1259 1206 1359 NOTITIA
1275 1255 1698 1356 “moniti
1764 1254 1841 1352 IN
1897 1251 2316 1352 «unum»:
2383 1192 2482 1347 0E
2527 1251 3090 1362 usuum

1493 1462 1660 1532 (Gau.
1705 1461 1932 1529 Christ.,
1967 1464 2108 1518 tom.
2145 1458 2214 1514 Ix
2247 1449 2312 1530 p.
2344 1456 2461 1530 65.)

1766 1631 2178 1649 —

334 1767 500 1821 Auno
532 1765 688 1830 1033,
721 1780 921 1819 mense
949 1763 1128 1828 Julio,
1179 1761 1732 1835 archiepiscopalem
1785 1761 1917 1816 iniit
1945 1761 2000 1827 Α

265 1855 610 1928 dignitatem
642 1855 826 1910 Guido
867 1855 938 1910 de
968 1853 1334 1918 (Jastellione,
1382 1855 1551 1924 cujus
1582 1851 1912 1925 prosapiam

267 1949 539 2001 accurate
587 1948 930 2017 prosecutus
979 1947 1068 1998 est
1102 1944 1365 1998 Andreas
1417 1945 1812 2007 Quercetanus
1859 1941 1914 1995 in

268 2035 460 2109 gentis
507 2033 901 2089 Castellionea:
932 2033 1304 2106 genealogica
1334 2032 1605 2088 Historia.
1636 2033 1739 2087 llic
1770 2033 1917 2087 duos

271 2125 482 2182 fratres
513 2123 738 2189 habuit,
767 2123 1104 2180 Gervasium
1139 2123 1210 2176 de
1243 2121 1918 2188 Castellione,Remensis

268 2213 540 2272 Ecclesiae
570 2213 691 2269 vice
722 2211 1024 2267 dominum
1057 2209 1455 2283 (dignitasilla
1475 2215 1615 2266 tunc
1639 2211 1919 2282 temporis

268 2318 452 2376 penes
483 2301 662 2357 laicos
692 2301 921 2372 erat),et
949 2299 1236 2356 Miletium
1271 2301 1340 2356 de
1371 2300 1923 2356 Castellione.Scho-

269 2392 340 2448 la:
375 2389 647 2447 Remensi
677 2391 924 2445 traditus
957 2407 989 2444 a
1040 2389 1307 2460 pueritia,
1341 2406 1444 2461 per
1486 2388 1708 2461 aliquot
1736 2406 1920 2444 annos

269 2482 332 2537 in
363 2480 482 2536 vita
510 2479 827 2536 canonicali
862 2484 918 2534 et
946 2478 1158 2534 ritibus
1198 2477 1607 2534 ecclesiasticis
1633 2478 1836 2535 sedulo
1860 2495 1922 2533 se

275 2570 553 2627 exercuit.
585 2570 749 2623 Anno
779 2567 1150 2640 episcopatus
1200 2567 1291 2622 sui
1325 2569 1602 2634 secundo,
1636 2567 1815 2623 altare
1860 2569 1918 2623 S.

272 2656 554 2730 Stephani
577 2656 734 2713 dedit
762 2655 1118 2712 monialibus
1147 2655 1339 2711 Sancti
1381 2656 1530 2710 Petri
1579 2657 1921 2723 Remensis;

275 2764 432 2805 anno
462 2763 596 2802 vero
628 2746 766 2800 1040
790 2745 969 2801 altare
1008 2745 1358 2800 Crusciniaci
1400 2746 1703 2801 monachis
1737 2746 1926 2800 Remi-

277 2835 618 2910 gianis.Hoc
649 2834 848 2890 eodem
883 2851 1035 2890 anno
1066 2851 1201 2889 cum
1229 2833 1301 2889 lis
1341 2838 1536 2889 exorta
1581 2839 1734 2889 esset
1780 2834 1931 2889 inter

277 2924 600 2983 Ecclesiam
624 2924 969 2980 Remensem
991 2929 1049 2980 et
1079 2923 1456 2991 Richardum,
1491 2925 1548 2979 S.
1581 2922 1773 2979 Vitoni
1807 2924 1925 2978 Vir-

279 3015 568 3072 dunensis
600 3013 998 3085 abbatem,pro
1031 3017 1268 3068 moneta
1295 3013 1926 3085 Mosomagensi,quam

279 3103 502 3161 Ebalus
523 3101 998 3174 archiepiscopus
1031 3105 1275 3156 monetae
1308 3099 1580 3157 Remensi
1620 3103 1930 3173 conjunxe-
1959 3131 2008 3198 B

280 3194 672 3264 rat,adeptam
695 3192 858 3261 prius
882 3191 1313 3263 possessionem
1337 3190 1549 3245 iterum
1575 3191 1822 3247 asseruit
1845 3209 1931 3247 ec-

277 3283 467 3340 clesiae
501 3297 622 3336 suae
651 3280 862 3335 fmdere
893 3279 1036 3334 inito
1064 3296 1198 3334 cum
1240 3278 1468 3345 abbate,
1505 3280 1619 3346 cui,
1654 3284 1718 3334 ut
1767 3280 1930 3334 dam-

281 3383 427 3430 num
459 3374 866 3442 compe’nsaret
913 3367 1251 3438 parochiam
1287 3367 1357 3421 de
1397 3367 1582 3423 vineis
1614 3368 1934 3424 liberaliter

280 3458 591 3518 concessit.
624 3461 791 3514 Anno
835 3459 974 3513 1043
1031 3457 1197 3512 dedit
1246 3457 1602 3512 monasterio
1650 3457 1936 3513 Mosoma—

279 3550 447 3624 gensi
478 3547 781 3605 ecclesiam
812 3545 1171 3602 Germericii.
1203 3547 1369 3600 Anno
1418 3547 1556 3599 1047
1587 3546 1937 3619 subscripsit

279 3639 495 3713 placito
517 3636 672 3710 regis
695 3636 923 3691 Henrici
938 3652 1040 3708 pro
1074 3633 1406 3690 coenobioS.
1442 3634 1701 3689 Medardi
1733 3639 1933 3691 adver-

281 3747 388 3787 sus
416 3728 740 3784 Robertum
797 3725 1287 3780 Codiciacensem.
1345 3725 1510 3778 Anno
1563 3725 1702 3779 1048
1753 3725 1939 3780 adfuit

285 3817 531 3875 concilio
563 3813 1004 3872 Silvanectensi.
1029 3815 1195 3868 Anno
1245 3812 1386 3866 40.59
1424 3812 1672 3868 Leonem
1697 3814 1766 3868 IX
1793 3832 1936 3886 pon-

285 3909 507 3964 tiﬁcem
538 3901 1311 3969 maximum,comitantibus
1332 3901 1677 3967 Trevirensi,
1707 3903 1938 3975 Lugdu-

288 3996 459 4054 nensi
491 4011 557 4051 ac
582 3991 953 4050 Vesuntiensi
978 3989 1452 4062 archiepiscopis,
1485 4005 1699 4062 magna
1726 4008 1944 4063 pompa

289 4085 518 4158 excepit
540 4084 600 4139 in
632 4083 776 4139 urbe
818 4098 926 4136 sua
975 4078 1440 4151 metropolitana,
1492 4078 1590 4132 ubi
1639 4080 1940 4136 sanctissi-

289 4193 426 4232 mus
459 4171 1015 4247 pontifex,dedicata
1041 4186 1096 4225 v1
1127 4169 1274 4224 Non.
1331 4168 1564 4223 Octobr.
1601 4168 1944 4240 Remigiana

291 4264 558 4330 basilica,
591 4263 796 4319 eodem
826 4260 884 4314 in
939 4259 1157 4331 templo
1189 4257 1468 4330 postridie
1521 4258 1785 4328 ejusdem
1828 4257 1943 4313 diei

292 4353 608 4410 concilium
641 4349 952 4407 celebravit
998 4347 1205 4420 viginti
1237 4347 1643 4419 episcoporum
1686 4351 1742 4400 et
1773 4347 1945 4418 quin-

293 4441 577 4516 quaginta
588 4438 994 4504 abbatum,ubi
1017 4437 1412 4493 controversia
1429 4435 1580 4491 inter
1597 4436 1938 4491 Remensem

2103 1783 2130 1811 ‹‹
2164 1761 2268 1856 Die
2301 1760 2506 1856 quinto
2541 1761 2746 1822 Nonas
2778 1769 3071 1839 Octobris,
3098 1775 3378 1850 inquiunt
3425 1785 3531 1856 illi,
3580 1807 3717 1847 con-

2029 1851 2249 1923 gregati
2286 1853 2427 1905 sunt
2458 1849 2518 1906 in
2551 1863 2880 1914 memorata
2904 1860 3156 1920 basilica
3183 1849 3444 1944 episcopi
3469 1849 3714 1936 numero

2028 1941 2257 2013 viginti,
2284 1957 2419 1995 cum
2444 1943 2844 2016 quadraginta
2872 1949 3215 2020 abbatibus,
3251 1963 3309 2012 et
3359 1941 3492 2017 aliis
3525 1967 3711 2023 eccle-

2030 2030 2249 2085 siastici
2284 2029 2512 2085 ordinis
2572 2049 2751 2104 quam
2788 2035 3086 2106 plurimis.
3123 2041 3230 2097 Ubi
3286 2048 3486 2104 statim
3536 2058 3707 2112 vetus

2031 2119 2266 2192 querela
2282 2119 2439 2174 inter
2461 2120 2766 2178 Remensis
2789 2130 2844 2179 et
2860 2126 3704 2207 Trevirensisarchiepiscopo-

2031 2226 2162 2263 rum
2196 2207 2441 2264 clericos
2473 2213 2561 2265 est
2592 2217 2886 2276 renovata,
2929 2213 3047 2270 illis
3102 2223 3507 2281 astruentibus
3561 2228 3702 2299 quia

2032 2299 2341 2354 Remensis
2354 2298 2577 2370 primas
2599 2302 2830 2356 essetin
2850 2303 3316 2379 Gallia,ideoque
3334 2309 3420 2365 illi
3447 2298 3698 2386 disposi-

2031 2387 2113 2442 tio
2145 2392 2505 2458 competeret
2537 2389 2853 2461 synodica;
2889 2408 2918 2446 e
2949 2399 3154 2449 contra
3201 2413 3337 2453 vero
3379 2399 3465 2455 illi
3504 2403 3696 2459 archi-

2034 2477 2646 2549 episcopoTrevirensi
2668 2481 2936 2536 eamdem
2961 2481 3309 2556 dignitatem
3330 2491 3700 2547 conabantur

2035 2566 2344 2633 ascribere,
2365 2569 2734 2640 primamque
2756 2572 2954 2624 sedem
2977 2576 3110 2642 post
3133 2574 3409 2632 Romana
3428 2579 3695 2635 Ecclesiae

2035 2655 2346 2727 praesulem
2381 2657 2438 2710 in
2495 2657 2839 2712 celebrando
2898 2659 3146 2716 concilio
3201 2665 3520 2735 acquirere,
3582 2671 3691 2723 etc.

2035 2745 2172 2798 Post
2192 2744 2313 2798 haec
2336 2747 2727 2801 consederunt
2753 2763 2958 2803 omnes
2981 2749 3183 2804 ordine
3229 2769 3346 2823 quo
3386 2755 3693 2812 Remensis

2037 2832 2415 2902 archiprazsul
2441 2833 2762 2904 disposuit;
2779 2834 3057 2892 dominus
3071 2840 3308 2910 quidem
3327 2858 3478 2915 papa
3497 2845 3555 2899 in
3580 2861 3694 2900 me-

2037 2921 2132 2975 dio
2165 2921 2518 2985 chori,vcrso
2538 2921 2699 2977 vultu
2748 2923 2818 2977 ad
2865 2927 3207 2996 sepulcrum
3231 2931 3545 3006 B.Remigii
3585 2935 3692 2990 Re-

2038 3008 2258 3064 mensis
2289 3009 2349 3065 in
2381 3010 2619 3066 dextra:
2645 3012 3018 3070 Treverensis
3051 3017 3107 3070 in
3141 3022 3303 3089 parte
3323 3023 3534 3077 resedit
3556 3023 3696 3078 sini-

2040 3098 2324 3154 stra.Post
2373 3099 2719 3156 Remensem
2770 3101 2982 3159 deinde
3032 3108 3373 3165 resederunt
3412 3110 3692 3167 Beroldus

2040 3187 2396 3254 Suessionis,
2431 3189 2621 3263 Drogo
2661 3189 3031 3260 Morinensis,
3057 3195 3402 3254 Frollandus
3430 3199 3692 3257 Silvane-
3787 3230 3798 3236 ν

2039 3277 2276 3343 ctensis,
2310 3277 2596 3333 Adelbero
2626 3279 2940 3349 Metensis;
2975 3284 3048 3338 ad
3082 3285 3466 3343 meridianam
3497 3293 3692 3345 autem

2039 3366 2274 3438 plagam
2318 3366 2667 3422 Haimardus
2725 3368 3199 3444 archiepiscOpus
3259 3377 3693 3449 Lugdunensis,

2042 3457 2205 3528 Hugo
2224 3455 2920 3528 Lingonensis,J0ffridus
2937 3459 3424 3532 Constantionsis,
3460 3467 3552 3522 Ivo
3584 3467 3691 3522 Sa-

2041 3543 2280 3617 giensis,
2355 3545 2637 3600 Hebertus
2703 3545 3040 3616 Lisoiensis,
3101 3551 3265 3624 Hugo
3337 3553 3692 3625 Bajocensis,

2043 3633 2208 3703 Hugo
2264 3633 2663 3702 Abrincensis,
2718 3634 3117 3695 Theodericus
3161 3641 3588 3711 Virdunensis;
3623 3644 3695 3700 ad

2045 3723 2560 3793 septentrionalem
2592 3741 2723 3779 vero
2757 3724 2990 3798 plagam
3025 3729 3188 3801 Hugo
3220 3731 3698 3806 archiepiscopus

2045 3811 2519 3880 Vesuntinensis,
2553 3817 2717 3884 Hugo
2764 3813 3157 3888 Nivernensis,
3193 3819 3480 3875 Eusebius
3513 3822 3698 3877 Ando-

2047 3900 3336 3978 gavensis,PudicusNannetensis,episcopus
3353 3909 3694 3981 Anglorum,

2050 3995 2107 4044 et
2133 3989 2392 4045 Joannes
2421 3990 2778 4046 Portuensis.
2811 3991 2949 4046 Post
2996 4009 3247 4064 quorum
3289 4000 3451 4069 terga
3479 3998 3540 4052 in
3572 4015 3697 4053 mo-

2051 4080 2193 4133 dum
2212 4096 2435 4134 coronm
2455 4078 2726 4134 similiter
2738 4081 3078 4137 resederunt
3095 4083 3455 4141 abbateshoc
3472 4086 3695 4155 ordine,

2052 4167 2275 4223 scilicet
2305 4168 2486 4223 abbas
2505 4168 2817 4241 S.Remigii
2858 4169 3216 4239 Herimarus,
3255 4175 3416 4247 Hugo
3465 4173 3698 4235 Clunia-

2053 4257 2232 4324 censi,
2291 4257 2614 4330 Sigel‘ridus
2663 4258 3015 4326 Gorziensis,
3079 4261 3250 4317 Fulco
3309 4262 3697 4336 Corbeiensis,

2053 4346 2364 4402 Rotbertus
2423 4346 2836 4413 Prumeiensis,
2901 4349 3217 4406 Rainoldus
3276 4352 3334 4406 S.
3413 4351 3697 4422 Medardi,

2053 4435 2347 4490 Girvinius
2371 4436 2428 4490 S.
2456 4435 2730 4503 Richarii,
2770 4437 3070 4494 Gotf'ridus
3113 4439 3554 4511 Vezeliacensis,
3595 4445 3699 4498 Ar-

290 4503 350 4589 ἑι
379 4503 778 4588 Trevirensem
801 4503 999 4582 exorta
1016 4527 1086 4582 de
1109 4525 1382 4597 primatia
1403 4522 1558 4580 sedis
1579 4529 1634 4580 et
1656 4543 1938 4598 praeroga-
1969 4503 2012 4571 (ἶ
2053 4523 2265 4581 noldus
2313 4524 2714 4590 Pultariensis,
2749 4526 3030 4583 Rodolfus
3061 4528 3467 4600 Mosomensis,
3502 4503 3702 4605 Cylar-

292 4622 413 4677 tiva
440 4618 723 4677 sessionis
750 4619 1029 4690 praesente
1074 4616 1262 4670 Leone
1309 4613 1526 4687 agitata
1577 4619 1684 4681 est,
1720 4632 1824 4670 nec
1865 4616 1946 4670 di-

292 4711 524 4783 rempta
547 4727 561 4778 ;
583 4725 701 4780 qua
725 4706 795 4762 de
827 4722 1023 4771 causa,
1055 4707 1118 4758 ut
1166 4701 1467 4758 tolleretur
1497 4703 1688 4758 omnis
1713 4708 1946 4760 conten-

291 4799 478 4858 tionis
508 4791 1360 4866 occasio,sediliapraelatorum.
1383 4792 1441 4846 in
1457 4792 1698 4847 modum
1722 4809 1944 4850 coronae

293 4887 584 4962 disposita
617 4890 777 4942 sunt.

369 4978 518 5046 Quid
546 4993 681 5032 vero
709 4974 768 5029 in
797 4991 866 5030 ea
910 4972 1130 5044 synodo
1187 4973 1475 5026 statutum
1528 4970 1702 5026 fuerit
1740 4971 1948 5027 docent

293 5083 552 5127 canones
583 5063 792 5122 sanciti
823 5063 893 5118 de
922 5061 1254 5117 Simoniaca
1276 5059 1481 5115 haeresi
1504 5077 1568 5115 ac
1589 5061 1945 5132 quibusdam

295 5157 432 5216 aliis
460 5156 618 5211 vitiis
642 5153 862 5226 quibus
883 5151 1079 5207 infecti
1104 5149 1449 5222 plures,tam
1483 5148 1740 5222 episcopi
1768 5167 1944 5222 quam

293 5246 562 5312 comites,
595 5242 967 5300 anathemate
1009 5239 1259 5312 perculsi
1311 5243 1467 5293 sunt.
1503 5238 1610 5294 Sed
1658 5255 1787 5293 cum
1823 5245 1950 5296 acta

290 5337 526 5408 integra
556 5330 783 5390 concilii
805 5348 872 5386 ex
906 5329 1212 5386 Remensis
1242 5327 1506 5382 Ecclesiae
1530 5327 1948 5396 tabulario,-nec

294 5443 415 5482 non
438 5423 746 5480 historiam
767 5419 1086 5494 longiorem
1114 5416 1377 5473 retulerit
1399 5416 1681 5471 Baronius
1704 5417 1775 5471 ad
1795 5419 1948 5474 hunc

292 5515 574 5573 eumdem
605 5527 848 5578 annum,
883 5508 1102 5565 sufﬁcit
1151 5506 1339 5562 obiter
1383 5511 1622 5578 tangere
1671 5523 1740 5561 ex
1791 5508 1948 5564 Sam-

294 5603 648 5668 marthanis,
684 5619 810 5674 quae
843 5600 916 5656 ad
947 5598 1272 5656 Guidonem
1303 5595 1544 5668 propius
1574 5600 1858 5668 spectant.

2052 4615 2162 4669 dus
2193 4614 2656 4683 Catalaunensis,
2693 4614 2828 4672 Milo
2860 4616 3545 4692 Dervensis,Norgaudus
3560 4621 3702 4677 Alti-

2049 4703 2398 4768 villarensis,
2434 4701 2704 4758 Albertus
2750 4705 2808 4761 S.
2868 4705 3226 4776 Theoderici,
3281 4709 3612 4781 Stephanus
3639 4710 3697 4765 S.

2053 4793 2293 4859 Urbani,
2343 4793 2597 4849 ericus
2637 4794 2694 4849 S.
2739 4795 3051 4866 Augustini
3097 4779 3568 4867 Cantuariensis,
3602 4799 3700 4854 Al-

2053 4882 2252 4938 winus
2281 4886 2336 4937 S.
2400 4882 2690 4938 Benedicti
2733 4883 2803 4939 de
2859 4888 3014 4940 terra
3072 4886 3414 4959 Anglorum.
3477 4888 3701 4954 Quibus

2054 4973 2136 5027 ita
2210 4972 2637 5043 resedentibus,
2710 4989 2778 5027 ex
2857 4980 3140 5047 prmeepto
3217 4994 3377 5048 papae
3449 4978 3703 5034 surrexit

2056 5062 2282 5128 Petrus,
2325 5065 2538 5116 sancta:
2598 5063 2871 5118 Romamn
2921 5063 3192 5119 Ecclesiae
3248 5066 3552 5134 diaconus,
3604 5085 3703 5123 ex-

2056 5152 2248 5224 pedito
2297 5167 2565 5207 sermone
2609 5169 2941 5224 proponens
2998 5155 3069 5208 de
3127 5155 3344 5225 quibus
3387 5156 3447 5210 in
3497 5157 3703 5212 eadem

2057 5241 2277 5312 synodo
2307 5256 2499 5293 sermo
2529 5244 2682 5293 esset
2737 5240 3061 5308 habendus,
3096 5242 3166 5296 de
3207 5242 3407 5298 multis
3437 5243 3705 5300 videlicet

2057 5329 2433 5399 illicitis,qua3
2464 5333 2667 5383 contra
2713 5345 3002 5384 canonum
3052 5331 3324 5388 instituta
3363 5333 3423 5388 in
3465 5332 3702 5389 Gallicis

2060 5418 2275 5473 ﬁnibus
2300 5419 2737 5483 exercebantur,
2773 5418 2828 5473 id
2862 5423 2949 5474 est
2999 5421 3068 5476 de
3100 5421 3434 5478 Simoniaca
3472 5423 3698 5489 haeresi,

2026 5581 2029 5584 _
2058 5509 2126 5564 de
2159 5506 2500 5562 ministeriis
2530 5506 3023 5576 ecclesiasticis,et
3051 5509 3334 5568 altaribus
3375 5529 3499 5583 qua
3532 5528 3566 5566 a
3595 5510 3698 5564 lai-

2058 5599 2140 5654 cis
2171 5595 2538 5665 tenebantur,
2573 5597 2642 5652 de
2673 5598 2867 5669 pravis
2918 5600 3440 5656 consuetudinibus
3469 5615 3595 5670 qua
3627 5599 3697 5654 ab
