4060 6174
245 336 400 405 1405

1709 335 2165 399 DIPLOMATA
2178 379 2194 398 .

3499 328 3656 401 1406

1025 675 1825 813 GUIDONIS
1921 674 2869 875 DIPLOMATA

1741 927 2144 942 ἡ

1050 1090 1071 1143 Ι

250 1177 512 1235 Guidonis
555 1177 921 1249 privilegium
960 1129 1137 1233 adilae
1190 1177 1486 1234 abbatissa
1535 1175 1899 1232 Parthenonis

690 1272 703 1281 -
761 1248 832 1303 Β.
858 1250 1014 1305 Petri
1041 1265 1372 1313 concessum.

871 1376 1059 1443 (Anno
1092 1374 1272 1446 1035.)

374 1480 564 1554 [Dom.
598 1480 858 1549 Maawr,
889 1483 1192 1554 Metropolis
1223 1483 1522 1549 Remensis,
1558 1480 1629 1548 II,
1658 1481 1772 1551 85.]

256 1654 265 1661 -
323 1622 387 1678 In
419 1620 657 1678 nomine
688 1621 808 1678 Dei.
840 1624 1044 1678 Amen.

255 1741 275 1751 -
319 1711 440 1784 Ego
468 1710 637 1777 Vido,
679 1711 996 1768 Remorum
1039 1710 1534 1784 archiepiscopus,
1570 1710 1784 1766 futuris
1814 1713 1904 1764 at-

250 1816 367 1872 que
419 1800 826 1871 praesentibus,
888 1803 1101 1857 nostrae
1145 1799 1545 1856 conventionis
1591 1814 1903 1855 commune

248 1893 538 1946 statutum
562 1890 717 1961 quod
735 1890 806 1945 de
822 1890 990 1945 altari
1004 1888 1199 1945 Sancti
1212 1888 1489 1963 Stephani
1511 1889 1755 1945 fecimus
1767 1904 1900 1944 cum

246 1978 446 2034 Sancti
464 1978 615 2033 Petri
638 1978 935 2035 abbatissa
947 1978 1198 2047 Odila,et
1218 1978 1404 2034 sancti
1413 1977 1784 2035 monialibus.
1800 1978 1904 2033 De-

240 2067 446 2125 functo
472 2067 728 2135 Dodone,
762 2069 921 2124 venit
950 2069 1009 2123 in
1042 2072 1244 2124 nostra
1284 2084 1462 2123 manu
1512 2070 1569 2122 et
1618 2070 1903 2139 potestate

249 2155 657 2228 supradictum
690 2156 871 2213 altare
902 2176 915 2225 ;
949 2158 1250 2214 abbatissa
1281 2174 1433 2223 vero,
1467 2156 1667 2212 audita
1718 2159 1904 2211 morte

249 2245 534 2313 Dodonis,
569 2263 747 2318 quam
780 2247 954 2302 citius
986 2246 1192 2318 potuit,
1227 2245 1370 2301 adiit
1399 2245 1765 2318 praesentiam
1801 2261 1902 2300 nov

252 2338 457 2390 atrae...
491 2334 909 2392 familiaritatis
937 2340 994 2391 et
1023 2339 1088 2391 ut
1117 2351 1267 2407 saepe
1299 2334 1519 2390 dictum
1552 2333 1731 2389 altare
1770 2350 1907 2388 san-

1926 1084 1985 1151 Α
2082 1083 2387 1142 Oldaricus
2416 1086 2488 1141 ad
2517 1085 2703 1142 vicem
2732 1086 3017 1144 Harduini
3056 1089 3375 1148 cancellani
3423 1093 3661 1169 scripsit

2008 1176 2066 1229 et
2088 1174 2460 1248 subscripsit.

2010 1378 2214 1435 Charta
2244 1380 2505 1458 Widoriis
2533 1294 2947 1458 archiepislezpi,
2990 1401 3099 1457 qua
3146 1387 3487 1458 Remigianis
3531 1407 3662 1447 con-

2427 1455 2539 1524 fert
2562 1454 2738 1510 altare
2764 1455 2828 1511 de
2859 1454 3238 1514 Crusciniano.

2633 1561 2822 1633 (Anno
2854 1563 3038 1635 1040.)

2190 1663 2279 1737 [1).
2313 1664 2573 1731 ΜΑιιιοτ,
2604 1667 2909 1738 Metropolis
2939 1669 3233 1740 Remensis,
3268 1671 3335 1740 II,
3368 1673 3483 1745 85.]

2082 1798 2146 1853 In
2178 1798 2414 1854 nomine
2445 1802 2659 1855 sancta:
2698 1804 2754 1854 et
2782 1800 3096 1859 individua:
3147 1805 3489 1863 Trinitanis.
3544 1809 3661 1883 Ego

2013 1887 2203 1956 Wido,
2216 1886 2310 1943 Dei
2324 1887 2511 1960 gratia
2524 1888 2837 1944 Remorum
2860 1891 3665 1966 archiepiscopus,notiﬁcare

2011 1977 2181 2048 cupio
2212 1976 2476 2032 Ecclesia;
2508 1980 2740 2047 nostrae,
2772 1982 2892 2035 tam
2919 1982 3307 2053 praesentibus
3347 2002 3526 2057 quam
3573 1988 3664 2043 fu-

2010 2066 2162 2121 turis
2192 2065 2482 2131 ﬁdelibus,
2500 2065 2753 2137 qualiter
2773 2084 2807 2123 a
2828 2068 3065 2125 domino
3084 2071 3293 2127 abbate
3310 2073 3666 2132 Theodorico

2014 2154 2354 2227 ceterisque
2385 2159 2584 2211 oratus
2615 2160 2669 2210 et
2701 2162 2972 2215 exoratus
3011 2159 3192 2216 altare
3239 2162 3311 2218 de
3357 2161 3493 2219 villa
3539 2181 3666 2236 quae

2013 2242 2424 2300 Crusciniacus
2490 2244 2706 2299 dicitur
2770 2263 2873 2318 pro
2943 2246 3152 2303 anima:
3207 2267 3350 2306 mea“:
3410 2254 3667 2313 remedio

2015 2333 2074 2388 S.
2104 2332 2352 2403 Remigii
2393 2334 2735 2389 tradiderim
2787 2335 3069 2403 coenobio,
3122 2338 3194 2392 ad
3247 2338 3348 2395 Dei
3395 2340 3671 2413 gloriam,

255 2427 350 2479 cto
372 2424 537 2480 Petro
568 2424 941 2480 concederem
974 2423 1445 2497 impersonaliter
1491 2425 1530 2490 ¹,
1582 2422 1902 2495 requisivit.
1936 2458 1985 2523 Β
2018 2422 2173 2477 beati
2205 2438 2437 2520 quoque
2470 2422 2658 2477 Patris
2687 2426 2744 2477 et
2775 2424 3161 2482 antecesseris
3192 2428 3377 2483 nostri
3422 2428 3670 2504 Remigii

256 2512 384 2569 Tali
398 2518 596 2569 tenore
608 2513 968 2586 praebuimus
981 2529 1288 2570 assensum
1312 2511 1575 2585 petitioni
1596 2511 1906 2568 abbatissae

255 2599 313 2658 et
343 2602 879 2659 sanctimonialium
912 2608 993 2669 ut,
1028 2603 1289 2675 quandiu
1319 2603 1378 2657 in
1405 2602 1514 2657 hoc
1545 2598 1756 2657 saeculo
1789 2600 1908 2656 vita

255 2691 466 2748 comite
492 2692 799 2760 fuerimus,
830 2692 1114 2748 memoria
1145 2692 1327 2748 nostri
1362 2692 1524 2747 fieret
1554 2706 1908 2762 unaquaque

253 2779 399 2836 hora
426 2780 487 2836 in
520 2781 882 2837 orationibus
913 2799 1137 2837 earum.

326 2870 641 2941 Postquam
659 2887 937 2941 suprema
955 2869 1407 2937 dies,subtracto
1426 2868 1907 2933 1umine,nostros

253 2957 532 3014 clauserit
553 2957 770 3024 oculos,
787 2958 1114 3025 annuatim,
1132 2956 1595 3013 sicutconventio
1612 2956 1910 3022 fuit,anni-

251 3045 579 3101 versarium
606 3050 873 3101 nostrum
897 3045 1266 3102 recoleturab
1292 3044 1517 3113 illis,ita
1536 3049 1602 3099 ut
1624 3044 1683 3099 in
1705 3044 1805 3099 illo
1818 3043 1910 3100 die

254 3150 361 3206 pro
391 3133 600 3189 animae
626 3139 838 3190 nostra:
860 3134 1117 3190 remedio
1144 3133 1466 3191 celebretur
1494 3132 1694 3206 vigilia
1723 3136 1780 3187 et
1809 3133 1907 3188 de-

254 3223 590 3277 functorum
620 3223 718 3278 fiat
748 3222 1200 3291 commendatio,
1236 3222 1564 3279 convocatis
1599 3222 1908 3278 duodecim

251 3310 632 3384 presbyteris,
663 3312 906 3367 totidem
940 3311 1139 3367 missae
1168 3312 1371 3367 eodem
1398 3312 1494 3366 die
1523 3314 1830 3376 sanantur,
1854 3315 1911 3366 et

250 3415 358 3472 pro
388 3400 589 3456 anima
617 3406 818 3457 nostra
849 3401 907 3455 in
940 3400 1244 3455 refectorio
1283 3400 1574 3456 satientur
1622 3416 1910 3471 pauperes

249 3488 515 3561 triginta,
548 3489 623 3545 ob
652 3490 1000 3545 memoriam
1032 3490 1215 3545 nostri
1246 3489 1307 3544 in
1342 3505 1528 3544 unum
1559 3504 1909 3562 congregan-

254 3582 646 3650 gentur,et,ut
657 3578 879 3634 dictum
893 3583 1111 3651 est,pro
1122 3577 1458 3651 supradicto
1471 3578 1639 3634 altari
1654 3578 1712 3632 in
1727 3577 1907 3633 nomi-

249 3683 326 3722 ne
347 3666 562 3723 Christi
584 3666 1085 3740 reﬁciantur,quia
1103 3668 1386 3739 scriptum
1411 3671 1497 3722 est
1520 3666 1699 3735 εραοά
1720 3668 1821 3721 uni
1840 3683 1910 3721 ea:

250 3757 509 3812 minimis
546 3759 683 3813 meis
709 3758 936 3828 fecistis,
965 3756 1111 3812 mihi
1134 3757 1360 3827 fecistis.
1381 3756 1449 3811 Et
1473 3756 1668 3811 uthac
1696 3760 1907 3810 nostra:

254 3844 621 3902 auctoritatis
659 3845 945 3917 scriptum
993 3846 1146 3917 quod
1198 3844 1443 3901 fecimus
1476 3845 1909 3899 inconcussum

247 3936 489 3990 maneat
517 3934 747 3990 cunctis
791 3934 1002 3989 diebus
1033 3937 1234 3989 nostra
1282 3933 1625 3989 auctoritate
1670 3932 1909 3988 omnino

248 4022 727 4078 oorroboramus.
761 4022 1007 4094 Insuper
1031 4026 1090 4078 et
1119 4022 1305 4078 sancti
1339 4021 1489 4077 Petri
1525 4021 1688 4094 regni
1737 4021 1909 4077 66116-

247 4126 387 4166 rum
416 4109 711 4185 clavigeri,
762 4112 857 4167 cui
906 4112 1249 4183 praedictum
1298 4110 1480 4166 altare
1530 4110 1906 4179 contulimus,

245 4198 361 4255 hoc
382 4200 667 4273 scriptum
685 4200 919 4273 nosipsi
934 4200 1317 4267 firmavimus,
1334 4215 1632 4271 manuque
1645 4198 1908 4255 fidelium

246 4292 588 4345 nostrorum
619 4289 878 4346 roborari
912 4288 1181 4345 fecimus.

268 4412 271 4417 η
318 4379 530 4434 Actum
561 4378 1067 4452 Remis,regnante
1089 4394 1223 4451 rege
1254 4378 1501 4434 Henrico
1532 4377 1912 4450 an.vm,epis—

248 4470 495 4540 copatus
526 4467 725 4523 domni
756 4466 1039 4523 Guidonis
1071 4484 1164 4522 an.
1195 4485 1229 4522 ιι
1260 4468 1359 4539 (2).

321 4554 443 4628 Sig.
476 4555 761 4611 Harduini
793 4554 1212 4611 archidiaconi.

319 4644 432 4700 Sic.
468 4644 743 4701 Richardi
776 4643 1194 4700 archidiaconi.

321 4733 443 4807 Sig.
477 4733 787 4790 Conranni.
818 4733 1046 4789 decani.

318 4822 439 4896 Sig.
468 4822 688 4879 Alberti
720 4821 1048 4879 camerarii.

323 4910 446 4984 Sig.
475 4909 748 4966 Alberici.

319 4998 446 5073 Sig.
474 4998 759 5055 Harduini
791 4998 971 5071 hujus
1001 4997 1112 5055 loci
1142 4997 1458 5072 praepositi.

323 5141 398 5214 (i)
434 5140 1229 5214 Impersonalitertenendum
1251 5138 1517 5214 _concedit,
1545 5140 1644 5198 hoc
1670 5149 1748 5197 est
1786 5143 1907 5197 sine

244 5212 483 5287 persenti
509 5212 632 5285 q'uae
660 5229 785 5287 vere
808 5213 1052 5269 tilularis
1075 5212 1340 5281 succedat,
1373 5216 1424 5267 et
1469 5214 1550 5268 sic
1595 5214 1785 5285 forsan
1824 5215 1905 5269 al-

252 5284 378 5341 tare
399 5284 531 5340 cuni
554 5301 717 5341 onere
745 5284 927 5341 datur.

324 5357 399 5428 (2)
426 5358 529 5412 An.
560 5359 597 5410 2
623 5357 782 5427 regni
800 5358 1042 5413 Henriei.
1074 5355 1414 5412 numerando
1460 5373 1495 5411 α
1544 5354 1635 5412 die
1677 5372 1904 5414 corona-

253 5429 424 5484 tiom's
453 5428 714 5484 eiusdem.

321 5444 424 5483 mis
453 5444 482 5482 e
506 5444 714 5484 usaem.

321 5499 398 5571 (3)
426 5444 651 5555 Aftaria
680 5499 1054 5582 monasteriis
1083 5498 1486 5582 p‘rim‘umsub
1517 5498 1736 5582 vicaria
1767 5516 1904 5582 per-

251 5569 532 5626 sonarum
576 5571 993 5627 constitutione
1038 5569 1468 5639 tribuebantur,
1501 5574 1565 5626 ut
1594 5569 1787 5626 Wido'
1809 5569 1905 5627 hic

253 5640 614 5715 Remigianis
645 5643 745 5700 dat
774 5642 1256 5701 Crusciniacum:
1287 5646 1491 5717 postea
1518 5658 1653 5700 vero
1685 5642 1756 5700 ab
1791 5642 1905 5716 epi-

2017 2526 2299 2577 amorem,
2333 2509 2628 2565 evidenter
2657 2511 3035 2568 considerans
3066 2531 3173 2586 par
3202 2532 3329 2572 esse
3358 2518 3541 2589 justis
3572 2535 3670 2591 pe-

2013 2599 2321 2654 titionibus
2373 2599 2763 2670 acquiescere,
2794 2600 3227 2674 Dominumque
3284 2605 3558 2661 honorari
3610 2607 3669 2661 in

2016 2688 2246 2744 sanctiu
2290 2688 2341 2741 si
2368 2688 2721 2743 confessoris
2758 2690 3145 2746 veneratione.
3197 2692 3322 2747 Non
3376 2693 3534 2749 enim
3584 2693 3671 2749 di-

2018 2793 2201 2849 gnum
2224 2775 2484 2846 judicavi
2516 2791 2639 2834 rem
2670 2776 2912 2847 petitam
2943 2778 3283 2851 denegando
3316 2781 3672 2839 Francorum

2017 2863 2280 2935 apostolo
2311 2869 2485 2935 atque
2516 2869 2781 2935 patrono,
2816 2865 3113 2939 refragari,
3148 2869 3317 2939 cujus
3350 2870 3673 2942 patrocinio

2018 2970 2125 3009 nos
2160 2969 2469 3025 speramus
2495 2968 2727 3025 semper
2756 2959 2812 3008 ct
2841 2955 3058 3027 ubique
3088 2959 3333 3030 protegi.
3363 2959 3445 3015 Ne
3476 2963 3673 3017 autem

2016 3042 2350 3098 inconsulta
2380 3042 2440 3096 in
2473 3041 2641 3097 altari
2690 3044 2904 3098 tradito
2954 3050 3192 3116 putetur
3239 3048 3539 3105 temeritas
3571 3050 3674 3123 (3),

2017 3147 2305 3187 consensu
2337 3135 2513 3203 atque
2549 3130 2792 3187 consilio
2823 3132 3052 3189 Beroldi
3082 3135 3522 3193 Suessionensis
3552 3139 3673 3211 epi-

2019 3220 2202 3293 scopi,
2263 3219 2606 3276 clericorum
2660 3220 2836 3277 etiam
2896 3239 2963 3278 ac
3013 3222 3299 3280 laicorum
3339 3229 3675 3284 nostrorum

2016 3309 2320 3375 instinctu,
2351 3309 2691 3381 praedictum
2724 3309 2907 3366 altare
2923 3314 3134 3367 Sancto
3156 3312 3421 3386 Remigio
3459 3315 3677 3371 tradidi

2017 3397 2438 3469 possidendum
2462 3398 2596 3469 jure
2628 3400 2867 3471 perenni
2908 3399 3011 3455 tali
3056 3401 3444 3472 permissione
3474 3402 3677 3460 habita

2017 3492 2103 3553 ut,
2137 3503 2257 3541 una
2284 3503 2535 3559 persona
2554 3487 2847 3556 defuncta,
2874 3505 2909 3544 a
2928 3487 3038 3543 loci
3061 3489 3270 3545 abbate
3291 3495 3675 3562 praesentetur

2017 3576 2219 3644 altera,
2253 3577 2345 3631 cui
2378 3575 2558 3632 altare
2596 3577 2872 3632 reddatur
2918 3578 3143 3650 absque
3191 3579 3348 3635 omni
3400 3580 3669 3652 pecunia,

2016 3663 2268 3736 talisque
2298 3665 2378 3719 sit
2407 3681 2791 3737 personarum
2828 3666 3170 3722 substitutio
3200 3684 3303 3739 per
3331 3668 3561 3724 saecula.
3588 3670 3674 3727 Ita

2015 3757 2213 3809 tamen
2245 3758 2311 3809 ut
2338 3771 2441 3826 pro
2468 3758 2733 3826 respectu
2764 3754 3035 3811 denarios
3057 3756 3560 3823 octodecim,sicut
3590 3776 3673 3816 re-

1940 3824 1983 3891 C
2019 3842 2181 3914 liqua
2210 3842 2435 3909 altaria,
2468 3847 2587 3898 tam
2621 3842 2763 3897 mihi
2804 3860 2982 3915 quam
3029 3846 3469 3903 successoribus
3499 3848 3668 3917 meis,

2018 3930 2204 3987 solvat
2234 3932 2291 3986 in
2325 3932 2546 4004 synodo
2578 3932 2998 4002 annua.Hujus
3028 3934 3468 3990 conventionem
3491 3936 3671 3991 tradi-

2015 4018 2192 4076 tionis
2221 4020 2422 4077 volens
2454 4036 2793 4091 permanere
2814 4020 3211 4077 inviolabilem
3234 4022 3450 4095 scripto
3474 4023 3669 4081 studio

2017 4109 2301 4165 destinavi
2335 4109 2583 4181 posteris
2612 4109 2685 4164 ad
2717 4108 3234 4165 conservationem.
3269 4110 3539 4173 Quinimo
3575 4130 3669 4167 au-

2018 4198 2283 4256 ctoritate
2305 4197 2407 4253 Dei
2436 4197 2856 4269 omnipotentis
2874 4198 3080 4267 Patris,
3097 4203 3153 4254 et
3177 4197 3326 4267 Filii,
3341 4203 3397 4255 et
3418 4198 3669 4272 Spiritus

2017 4286 2226 4353 sancti,
2262 4303 2366 4343 nec
2388 4303 2502 4341 non
2527 4287 2705 4342 beatae
2728 4286 2920 4341 Mariae
2939 4285 3205 4360 virginis,
3226 4287 3409 4343 sancti
3435 4304 3670 4361 quoque

2018 4376 2266 4449 Remigii
2300 4376 2683 4448 omniumque
2713 4378 3050 4431 sanctorum
3074 4375 3533 4449 sutlragantibus
3556 4394 3672 4434 me-

2017 4464 2167 4531 ritis,
2190 4463 2771 4520 excommunicamus
2803 4463 3053 4535 przefataa
3074 4462 3474 4521 conventionis
3490 4464 3668 4521 viola-

2016 4558 2226 4619 torem,
2252 4552 2502 4609 testibus
2532 4552 2625 4607 his
2658 4552 3065 4625 praesentibus.

2086 4642 2338 4698 Widone
2368 4640 2824 4714 archiepiscopo.

2088 4731 2319 4788 Albrico
2348 4731 2679 4804 praeposito.

2087 4819 2468 4878 Constantino
2500 4820 2738 4876 decano.

2088 4910 2330 4967 Beroldo
2358 4909 2653 4982 episcopo.

2087 5000 2430 5056 Guntranno
2463 4996 2902 5071 chorepiscopo.

2016 5142 2209 5215 scopis
2226 5142 2409 5197 libera
2426 5141 2497 5197 ab
2516 5140 2673 5196 omni
2694 5145 3005 5215 personatu
3026 5142 3163 5215 data
3177 5146 3318 5215 sunt
3334 5141 3393 5215 in
3400 5142 3663 5215 gratiam

2016 5212 2460 5287 religiosorum,
2482 5217 2545 5267 ut
2577 5216 2741 5287 patet
2762 5229 2831 5267 ex
2860 5212 3062 5287 charta
3104 5212 3371 5287 Elinandi
3399 5212 3663 5287 IIaudun.

2014 5283 2269 5358 epis'copi
2304 5286 2363 5341 in
2396 5283 2649 5358 Historia
2679 5283 2939 5356 Dionysii
2971 5284 3211 5358 fol.463.
3239 5289 3383 5341 Item
3407 5303 3474 5341 ex
3496 5286 3667 5342 altari

2014 5355 2087 5413 de
2115 5362 2172 5411 S.
2194 5355 2418 5429 Thoma
2444 5355 2899 5429 perAManasse’m
2922 5355 3179 5429 archiep.
3204 5374 3341 5413 ann.
3372 5358 3511 5413 1096
3534 5374 3667 5429 con-

2013 5445 2199 5484 cessa.
2234 5451 2268 5501 a
2295 5425 2508 5501 Altare,
2535 5425 2754 5501 inquit,
2779 5425 2961 5501 _beati
3009 5425 3251 5501 Tha—mm
3291 5433 3347 5485 S.
3401 5428 3665 5501 Remigio

2014 5499 2423 5573 contradidi,et
2446 5502 2512 5553 ut
2532 5496 2751 5552 ibidem
2773 5496 2979 5554 fratres
2993 5503 3106 5573 Deo
3132 5499 3452 5573 militantes
3468 5496 3667 5573 aggre-

2012 5576 2243 5645 gentur,
2284 5570 2508 5642 absque
2533 5583 2782 5640 persona
2811 5570 3129 5628 tenendum
3154 5569 3437 5628 concessi.
3474 5592 3501 5619 ››
