4094 6158
461 259 616 326 ηοτ

529 393 844 464 Richardo,
875 390 1158 458 Odalrico,
1190 394 1299 448 etc.

529 489 740 544 Actum
771 488 862 542 est
892 481 1109 551 Remis,
1137 497 1290 536 anno
1327 477 1643 535 Dominica:
1691 474 2112 533 incarnationis

462 577 622 642 1049,
653 574 858 630 indict.
885 588 1006 640 vm,
1038 573 1318 642 regnante
1359 566 1603 624 Henrico
1649 583 1782 639 rege
1825 583 1962 620 ann.
2008 581 2108 629 xu,

460 665 832 737 episcopatus
861 659 1082 716 domini
1114 657 1383 714 Widonis
1416 673 1516 723 vn,
1547 656 1747 710 Testes
1793 654 2108 721 Gerardus,

459 751 823 817 Erlebaldus,
857 749 1160 816 Henricus,
1193 746 1539 811 Bernaerus,
1568 749 1731 810 Boso,
1767 742 2108 808 Rainaldus,

457 839 1158 896 Varinus.Vauterannus
1184 833 1568 892 cancellarius
1591 832 1827 905 scripsit
1849 837 1875 898 ῒ
1901 835 1958 887 ct
1979 832 2114 886 sub-

458 929 713 1002 scripsit.
747 929 845 1002 (4).

1242 1033 1338 1088 ΙΙΙ.

459 1125 758 1185 Concordia
803 1124 1042 1181 Widonis
1087 1122 1493 1194 archiepiscopi
1529 1120 1800 1194 Remensis
1848 1134 1972 1173 cum
2015 1117 2112 1173 Ri-

731 1197 894 1255 cardo
924 1198 1118 1252 abbate
1145 1194 1201 1249 S.
1225 1191 1434 1250 Vitonis’
1458 1191 1832 1248 Virdunensis.

1092 1301 1264 1372 (Anno
1295 1301 1478 1367 1040.)

456 1419 685 1495 [νΑιῑιιη
719 1406 1558 1495 {achivis‘adininistfaquspde
1587 1407 1641 1487 la
1671 1405 1883 1495 qzlleldc
1903 1408 2106 1495 Rczms,

608 1476 824 1562 p.'206,
855 1501 925 1541 ex
955 1479 1310 1539 chartalario
1341 1481 1399 1536 S.
1428 1478 1655 1534 Vitonis
1686 1476 1957 1546 Virdun.]

526 1615 644 1687 Ego
657 1608 971 1677 Wido,Dei
998 1623 1240 1663 munere
1270 1605 1582 1661 Remorum
1610 1601 2108 1673 archiepiscopus,

455 1705 818 1760 innotescere
846 1697 974 1755 volo
1000 1695 1227 1751 cunctis
1259 1693 1645 1767 praesentibus
1676 1697 1732 1746 et
1762 1689 1973 1746 futuris
2007 1690 2107 1743 Ec-

454 1792 642 1850 clesiae
673 1792 886 1845 nostra:
907 1784 1180 1840 fidelibus
1201 1766 1354 1856 quod
1381 1782 1563 1838 altare
1587 1782 1657 1836 de
1681 1779 1953 1835 Wivariis
1992 1781 2108 1832 tra-
2139 1766 2187 1832 B

454 1879 704 1938 diderim
764 1873 1026 1932 coenobio
1081 1874 1141 1928 B.
1199 1872 1370 1937 Petri,
1422 1871 1728 1942 sanctique
1774 1867 2002 1924 Vitonis
2047 1867 2108 1921 in

455 1961 1127 2029 suburbioVirdunensi,
1148 1962 1206 2017 in
1229 1962 1421 2016 dando
1440 1977 1662 2015 annexa
1679 1956 1978 2014 occasione
2001 1955 2110 2010 hu-

445 2055 713 2133 jusmodi
743 2051 1106 2111 :Richardus
1127 2051 1307 2106 abbas
1333 2055 1389 2105 et
1412 2050 1618 2104 fratres
1635 2047 1900 2119 ejusdem
1923 2061 2113 2100 caeno-

452 2148 535 2205 bii
567 2143 761 2220 questi
793 2147 933 2198 sunt
977 2141 1132 2212 apud
1193 2155 1286 2194 me
1339 2139 1496 2211 quod
1551 2141 1885 2192 antecessor
1943 2150 2112 2189 meus

453 2235 732 2294 dominus
761 2230 1000 2286 Ebalus
1031 2229 1247 2300 injuste
1269 2226 1575 2283 abstulerit
1597 2230 1894 2281 monetam
1921 2224 2111 2278 Moso-

455 2336 725 2380 mensem
773 2320 844 2374 de
898 2317 1158 2372 coenobio
1208 2315 1566 2387 supradicto,
1621 2331 1797 2386 quam
1847 2311 2111 2384 legaliter

453 2411 737 2468 tenebant
763 2424 833 2462 ex
863 2406 1015 2460 dono
1063 2401 1432 2476 imperatoris
1480 2401 1728 2467 Henrici,
1777 2401 2108 2455 interventu

454 2514 690 2570 quoque
721 2492 1060 2551 Herimanni
1090 2491 1322 2548 comitis
1352 2492 1522 2562 cujus
1567 2489 1881 2546 benﬁcium
1929 2489 2106 2544 exsti-

453 2591 623 2642 terat.
655 2585 814 2640 Hanc
835 2581 988 2639 enim
1013 2599 1130 2637 sua:
1153 2585 1394 2636 monetae
1416 2577 1683 2634 Remensi
1703 2595 1804 2634 con
1807 2579 2102 2649 junxerat.

451 2677 533 2732 De
564 2691 682 2747 qua
711 2690 773 2729 re
801 2672 1018 2744 saepius
1048 2673 1365 2726 conventus
1406 2685 1440 2723 a
1482 2669 1697 2722 domno
1744 2667 1952 2722 abbate
2002 2666 2106 2722 Ri-

453 2765 668 2822 chardo
701 2779 766 2819 ac
800 2761 1076 2818 fratribus
1112 2760 1261 2831 ejus,
1310 2774 1443 2813 cum
1487 2757 1816 2812 renuissem
1865 2756 2105 2811 reddere

452 2871 632 2927 quam
662 2851 1002 2924 repetebant
1031 2851 1344 2915 monetam,
1371 2863 1443 2902 ne
1461 2845 1688 2902 viderer
1708 2844 1978 2900 mutilare
2001 2861 2104 2900 no-

449 2948 582 3000 straa
611 2939 883 2997 utilitatis
912 2937 1308 3002 commodum,
1341 2939 1398 2991 et
1427 2939 1722 2990 monetam
1757 2934 2104 2990 Remensem

448 3029 854 3087 imminuendo
884 3027 1144 3082 viliorem
1177 3025 1386 3090 facere,
1440 3023 1638 3078 habito
1682 3021 1924 3078 consilio
1967 3039 2103 3078 cum

955 253 1321 322 GUIDONIS
1364 251 1463 316 DE
1508 249 2042 316 GASTELLIONE
2090 249 2428 315 REMENS.
2477 250 2845 315 ARCHIEP.
2889 247 3364 316 DIPLOMATA.

3666 253 3798 320 “08

2136 387 2185 455 Α
2218 386 2632 444 canonicorum
2663 389 2971 454 conventu,
2993 390 3224 460 precatu
3259 402 3487 461 quoque
3514 385 3690 447 domui
3709 389 3795 450 lto-

2220 477 2364 532 dulfi
2395 477 2626 533 abbatis
2655 480 3111 548 caaterorumque
3156 476 3424 543 fratrum,
3470 481 3796 539 concesserim

2221 565 2516 638 quoddam
2550 565 2730 621 altare
2763 565 2821 620 in
2852 564 2991 622 villa
3037 582 3161 637 qua:
3206 565 3422 621 dicitur
3464 569 3798 626 Germereium

2219 654 2464 710 abbatis:
2495 658 2708 710 sanctae
2743 655 2936 710 Maria:
2969 654 3378 721 Mosomensis,
3411 656 3480 710 ob
3534 657 3801 715 remedium

2219 744 2430 799 animae
2463 759 2625 810 meae,
2659 759 2726 798 eo
2758 759 2889 799 vero
2929 747 3144 811 tenore,
3204 747 3290 814 ut,
3350 744 3605 799 defuncta
3652 746 3799 817 ipsius

2221 831 2420 888 altaris
2450 837 2799 905 praesentata
2830 833 3051 904 absque
3080 831 3274 904 aliquo
3307 848 3538 888 munere
3575 835 3798 892 canonice

2219 922 2582 978 restituatur.
2614 923 2683 976 Et
2713 927 2780 977 ut
2809 921 2917 977 hoc
2948 923 3182 976 ﬁrmum
3211 926 3270 976 et
3302 921 3504 978 stabile
3542 923 3597 976 in
3641 939 3799 996 perpe-

2217 1015 2387 1066 tuum
2420 1016 2672 1076 maneat,
2706 1009 3044 1066 violatorem
3077 1015 3131 1065 et
3160 1010 3528 1065 infractorem
3567 1009 3717 1082 huius
3739 1012 3801 1068 rei

2211 1100 2409 1172 jaculo
2434 1099 2826 1156 anathematis
2856 1099 3240 1172 percutimus,
3270 1103 3330 1156 et
3370 1099 3585 1156 vinculo
3618 1111 3802 1156 acum-

2220 1189 2634 1244 municationis
2667 1187 3001 1262 alligamus.

2292 1283 2321 1343 Τ
2357 1277 2580 1351 Signun
2607 1278 2878 1333 Widonis
2911 1278 3226 1333 Remorum
3259 1276 3543 1350 praesulis.

2289 1367 2536 1439 Signum
2579 1367 2799 1422 Odonis
2847 1365 3263 1423 archidiaconi.
3299 1367 3360 1422 S.
3394 1365 3597 1422 Albrici
3633 1383 3804 1440 praepo-

2219 1456 2338 1512 siti.
2373 1457 2431 1511 S.
2465 1457 2687 1511 Warini
2716 1454 3132 1511 archidiaconi.
3169 1455 3227 1511 S.
3269 1453 3585 1511 Constantii
3628 1457 3804 1512 decani.

2217 1547 2272 1600 S.
2307 1544 2581 1600 Richardi
2610 1545 2888 1600 cantoris.
2923 1545 2978 1600 S.
3027 1543 3256 1601 Richeri
3307 1544 3635 1617 presbyteri.
3661 1544 3710 1600 S.
3733 1545 3804 1600 Al-

2217 1633 2385 1689 berti.
2422 1635 2480 1688 S.
2515 1633 2768 1705 Rotgeri.
2803 1634 2863 1689 S.
2897 1633 3159 1690 Gerardi.
3185 1637 3242 1688 S.
3276 1631 3591 1690 Erlebardi.
3631 1637 3679 1688 S.
3720 1634 3803 1689 Bu-

2217 1723 2407 1795 gonis.
2443 1724 2501 1778 S.
2538 1722 2799 1778 Widrici.
2833 1724 2891 1778 S.
2942 1722 3180 1778 Odonis.
3213 1723 3273 1777 S.
3328 1722 3625 1795 Sigeberti.
3650 1723 3697 1778 S.
3725 1722 3806 1778 lie-

2219 1811 2494 1867 rimanni.
2528 1813 2586 1867 S.
2621 1811 2881 1867 Leuvini.
2913 1812 2969 1867 S.
3002 1811 3287 1884 Hugonis.
3351 1812 3412 1868 S.
3471 1812 3722 1868 Mamaea.
3759 1811 3804 1867 S.

2221 1899 2506 1956 Roderici.
2543 1901 2599 1955 S.
2635 1899 2916 1956 Rotberti.

2291 1992 2500 2045 Actum
2532 1988 2696 2045 Remi
2727 2006 2880 2045 anno
2913 1988 3340 2046 incarnationis
3371 1989 3668 2045 Dominicsa
3689 1990 3812 2058 10H,

2219 2078 2419 2134 indict.
2452 2096 2528 2146 v1,
2560 2083 2840 2151 regnante
2871 2077 3116 2134 Henrico
3147 2095 3284 2152 rege
3317 2079 3656 2134 Francorum
3696 2095 3811 2134 anno

2216 2185 2355 2233 xvn,
2387 2167 2724 2240 epicopatus
2754 2184 2888 2222 vero
2919 2167 3119 2222 domni
3152 2167 3425 2223 Widonis
3455 2166 3812 2241 archiepiscopi

2218 2274 2370 2313 anno
2400 2274 2478 2312 χι.
2509 2256 2816 2312 Odalricus
2847 2255 3233 2332 cancellarius
3267 2257 3529 2329 scripsit.

3014 2399 3084 2455 V.

2219 2489 2387 2546 Guido
2415 2489 2849 2560 archiepiscopus
2884 2477 3156 2544 ltcnwnsis
3184 2491 3476 2560 conﬁrmat
3505 2489 3688 2544 donum
3728 2487 3809 2542 Μαι

2285 2562 2463 2616 nassis
2492 2562 2699 2631 nepotis
2725 2562 2817 2615 sui
2841 2562 3126 2616 Herimaro
3167 2561 3363 2616 abbati
3407 2560 3589 2615 Sancti
3626 2561 3813 2630 Remigii

2281 2633 2349 2687 de
2376 2633 2701 2704 quibusdam
2729 2633 2916 2692 terris.
2948 2633 3007 2686 in
3035 2632 3274 2702 conﬁnio
3305 2633 3477 2687 castri
3501 2635 3636 2687 beati
3667 2633 3812 2704 Remi-

2283 2706 2365 2774 gii
2388 2703 2531 2770 ritis,
2561 2706 2829 2776 praesenti
2855 2705 3064 2770 charta,
3097 2721 3131 2758 a
3174 2705 3460 2760 nobilibus
3713 2703 3810 2757 sst-

2283 2777 2477 2848 cripta.

2837 2891 3030 2962 (Anno
3064 2891 3248 2961 1053.)
3526 2965 3532 2970 _

2446 3005 2536 3080 [D.
2573 3006 2830 3078 MARLOT,
2862 3007 3134 3079 Metropol.
3166 3007 3344 3075 Rem,
3379 3007 3449 3076 II,
3485 3006 3621 3082 110.]

446 3119 672 3176 deﬁcis
705 3116 977 3206 ﬁdelibus
1009 3113 1257 3206 mimicis
1289 3113 1505 3206 “03.”?
1536 3111 2100 3206 “grammatici”?
2132 3134 2179 3198 Β
2283 3151 2344 3204 In
2370 3149 2608 3204 nomine
2638 3152 2851 3204 sanctae
2883 3153 2940 3203 et
2968 3148 3282 3205 individua:
3314 3149 3628 3206 Trinitatis.
3656 3148 3738 3204 Est
3761 3145 3807 3201 in

447 3212 692 3265 moneta
739 3203 1147 3274 Mosomensis,
1196 3206 1254 3257 et
1303 3201 1404 3274 qui
1452 3200 1606 3256 Deus
1653 3199 1976 3256 honoratur
2040 3201 2100 3256 in

445 3296 720 3364 servitiis,
757 3310 1016 3367 personae
1047 3292 1119 3346 ab
1149 3289 1233 3346 eis
1263 3293 1620 3362 prasentatm
1667 3288 1848 3344 altare
1894 3306 2100 3360 supra-

445 3384 670 3443 dictum
697 3383 933 3452 tradidi,
967 3382 1102 3437 dato
1134 3385 1330 3434 tenore
1379 3378 1626 3448 hujusce
1675 3377 1978 3450 privilegii,
2014 3382 2099 3445 ut,

446 3493 701 3549 persona
725 3473 1018 3536 defuncta,
1054 3469 1218 3525 alteri
1265 3485 1525 3541 personae
1573 3468 1645 3522 ad
1699 3485 1848 3539 opus
1893 3484 2101 3523 mona-

444 3565 695 3622 chorum
726 3561 906 3617 altare
949 3558 1225 3614 reddatur
1254 3558 1476 3628 absque
1506 3555 1665 3611 omni
1712 3556 1980 3628 pecunia,
2015 3561 2102 3612 ta-

445 3653 640 3725 lisque
671 3651 750 3708 sit
778 3663 1161 3722 personarum
1207 3644 1500 3701 successio
1549 3662 1652 3716 per
1699 3641 1930 3699 sacula.
1983 3645 2103 3701 Hoc

447 3741 752 3796 decretum
783 3735 1146 3794 auctoritatis
1161 3738 1368 3791 nostra
1385 3733 1655 3806 praecepti
1674 3734 2104 3806 conscriptione

447 3829 790 3886 studuimus
821 3826 1185 3891 conﬁrmare,
1233 3840 1306 3878 ne
1355 3823 1488 3894 quis
1533 3823 1741 3878 amodo
1786 3827 2104 3894 praesumat

445 3917 701 3984 violare;
733 3916 834 3972 sed
867 3920 925 3970 et
956 3914 1004 3970 si
1037 3914 1168 3986 quis
1198 3912 1522 3979 tentaverit,
1554 3912 1746 3967 videat
1776 3929 1846 3967 ne
1877 3911 1987 3966 sibi
2013 3913 2102 3984 ja-

448 4025 598 4064 nuas
627 4003 757 4062 cmli
788 4003 1086 4070 clauserit,
1134 4002 1288 4074 quod
1329 4001 1605 4073 janitoris
1653 3999 1952 4072 injuriam,
2008 4018 2101 4057 res

447 4096 577 4168 ejus
603 4093 833 4160 aut‘ens,
865 4091 1156 4148 inciderit.

520 4184 735 4240 Datum
766 4198 918 4239 anno
952 4178 1371 4237 incarnationis
1422 4177 1652 4234 Domini
1706 4177 1862 4244 1040,
1896 4177 2098 4232 indict.

447 4288 570 4328 x111.
597 4275 806 4327 Actum
841 4269 1060 4332 Remis,
1094 4274 1372 4342 regnante
1404 4267 1646 4323 llenrico
1682 4283 1814 4339 rege
1841 4284 1994 4322 anno
2017 4283 2104 4322 se-

449 4363 663 4430 cundo,
694 4360 1066 4433 episCOpatus
1098 4358 1300 4414 domui
1331 4356 1600 4413 Widonis
1633 4373 1784 4412 anno
1816 4374 1910 4411 vn.
1937 4355 2104 4411 Odal-

448 4449 604 4504 ricus
635 4447 1019 4505 cancellarius
1049 4446 1286 4520 scripsit
1314 4451 1371 4502 et
1397 4445 1766 4518 subscripsit.

1240 4570 1331 4625 IV.

453 4660 700 4719 Widonis
729 4662 1124 4732 archiepiscopi
1157 4660 1427 4714 Remensis
1454 4659 1646 4713 charta
1676 4657 1741 4732 de
1776 4658 1944 4713 altari
1975 4657 2101 4713 Ger-

795 4735 990 4789 mereii
1014 4731 1114 4804 pro
1144 4732 1389 4788 caenobio
1416 4731 1753 4786 Mosomensi.

1079 4824 1269 4888 (Anno
1301 4819 1484 4889 101.3.)

513 4913 779 4983 [ΜΑΒιιιι.
814 4914 896 4967 De
924 4927 982 4966 rc
1011 4909 1236 4979 diptom.
1271 4907 1339 4972 ll,
1371 4908 1499 4972 603,
1532 4924 1600 4962 ex
1632 4907 2038 4980 autographo.]

524 5023 553 5083 1‘
589 5019 652 5074 In
683 5016 919 5074 nomine
953 5016 1160 5083 Patris,
1192 5019 1250 5070 et
1298 5013 1448 5075 Filii,
1488 5019 1545 5070 et
1588 5013 1842 5084 Spiritus
1892 5013 2100 5069 sancti.

450 5105 663 5162 Notum
696 5107 772 5163 sit
801 5106 1076 5162 omnibus
1105 5110 1226 5160 tam
1263 5103 1650 5176 prmsentibus
1698 5119 1877 5174 quam
1925 5102 2104 5158 etiam

454 5193 671 5250 futuris
700 5194 990 5261 fidelibus,
1027 5193 1182 5265 quod
1217 5209 1322 5265 ego
1351 5191 1524 5247 Wido
1557 5193 1872 5248 Remorum
1914 5191 2104 5246 archi-

453 5282 784 5356 episcopus,
816 5283 1040 5338 favente
1070 5283 1268 5338 Odone
1311 5280 1742 5349 archidiacono,
1775 5279 2106 5352 pariterque

2209 3237 2460 3293 confinio
2488 3237 2663 3294 castri
2693 3237 2879 3293 sancti
2906 3237 3150 3311 Remigii
3181 3243 3344 3295 terra
3375 3239 3634 3311 adjacens
3655 3234 3809 3293 vicini-

2210 3327 2313 3382 tati
2345 3330 2630 3382 terrarum
2655 3327 3048 3398 adjacentium
3069 3326 3129 3382 in
3148 3325 3288 3382 villa
3313 3328 3510 3385 sancti
3527 3325 3739 3398 Remigii
3757 3339 3807 3380 ex

2209 3421 2375 3488 parte
2405 3433 2533 3488 quin
2563 3434 2597 3471 a
2625 3416 2884 3471 Viridate
2911 3416 3128 3473 dicitur
3147 3417 3476 3490 (Vritly),de
3494 3415 3807 3490 possessione

2209 3506 2519 3575 cujusdam
2550 3505 2896 3561 vicedomini
2932 3506 3235 3562 Remensis
3265 3507 3372 3578 qui
3405 3506 3687 3563 dicebatur
3715 3503 3809 3560 MI-

2210 3610 2414 3650 nasses
2445 3594 2676 3664 Calvus,
2696 3610 2878 3666 nepos
2897 3594 3166 3651 Widonis
3197 3593 3808 3668 archiepiscopi.Volens

2210 3700 2347 3756 ergo
2373 3683 2650 3739 dominus
2679 3683 2861 3740 abbas
2891 3684 3229 3741 Herimarus
3262 3686 3562 3757 quoddam
3599 3681 3807 3739 mansio-

2210 3771 2330 3828 nile
2377 3772 2457 3828 ibi
2491 3789 2668 3845 prape
2714 3777 3096 3829 memoratam
3125 3773 3324 3829 villam
3373 3779 3807 3836 construere,no-

2211 3863 2371 3917 mine
2400 3861 2780 3926 Tollenviam,
2803 3879 2908 3934 pro
2938 3879 3006 3918 eo
3035 3863 3187 3934 quod
3209 3863 3368 3918 viam
3403 3862 3690 3919 abstulerit
3709 3873 3805 3930 qua

2211 3950 2454 4022 perinde
2474 3949 2784 4005 solitaerat
2795 3951 3087 4022 ﬁeri,quia
3097 3951 3378 4023 contigua
3399 3956 3456 4008 et
3475 3951 3809 4007 immisti-ent

2210 4038 2341 4111 ipsa
2350 4044 2504 4094 terra
2522 4037 2764 4110 reliquis
2777 4039 2950 4094 terris
2965 4040 3157 4096 Sancti
3179 4039 3344 4095 Remi
3352 4039 3534 4113 gii,ne
3548 4033 3807 4108 aliquando

2211 4131 2548 4199 paterentur
2578 4127 2815 4198 aliquod
2849 4127 3193 4183 scandalum
3214 4126 3498 4184 homines
3509 4127 3717 4183 easdem
3734 4137 3806 4177 oo-

2210 4215 2398 4272 lentes
2427 4215 2723 4271 adomino
2769 4232 3104 4288 possessore
3148 4215 3342 4289 ipsius
3392 4223 3574 4283 terrae,
3620 4215 3680 4268 de
3717 4225 3807 4282 qua

2210 4321 2390 4376 supra
2420 4303 2751 4371 retulimus,
2785 4303 2989 4376 petivit
3016 4305 3074 4360 in
3105 4306 3418 4376 presentia
3447 4303 3634 4361 domui
3657 4297 3806 4358 sithi-

2211 4393 2480 4464 praasulis
2505 4392 2774 4448 Widonis
2797 4393 2870 4448 ab
2895 4393 3021 4465 ipso
3035 4394 3302 4449 Manasse
3315 4391 3806 4450 CalvoadsriSancta

2211 4481 2475 4554 Remigio
2507 4497 2634 4536 eam
2667 4498 2773 4553 pro
2804 4481 3062 4538 remedio
3083 4482 3292 4537 animm
3312 4499 3435 4538 suae
3456 4487 3512 4539 et
3527 4479 3806 4537 animarum

2211 4571 2465 4625 ﬁliorum
2499 4587 2765 4625 suorum.
2796 4571 2925 4642 Ipse
2956 4576 3148 4627 autem
3182 4570 3370 4626 noluit
3399 4572 3508 4627 hoc
3533 4570 3701 4625 facere
3719 4562 3805 4619 nisi

2210 4674 2280 4714 ea
2309 4658 2640 4715 conditione
2669 4663 2734 4714 ut
2762 4659 3044 4715 darentur
3071 4659 3181 4715 sibi
3211 4665 3450 4715 centum
3475 4657 3633 4714 solidi
3671 4654 3806 4726 quot-

2211 4748 2382 4803 annis
2413 4747 2538 4802 vita:
2572 4765 2711 4816 sum,
2744 4753 2802 4802 et
2829 4753 2962 4820 post
2993 4752 3238 4804 mortem
3273 4765 3392 4805 suae
3436 4745 3652 4804 heredi.
3673 4739 3806 4798 Heri-

2212 4852 2413 4892 marus
2445 4841 2662 4904 autem,
2695 4837 2940 4892 consilio
2971 4837 3168 4892 habito
3198 4853 3332 4892 cum
3365 4837 3624 4892 Manum
3638 4827 3805 4887 comite

2212 4925 2310 4997 qui
2339 4929 2479 4980 tunc
2511 4940 2751 4997 presens
2779 4925 2998 4993 aderat,
3027 4929 3086 4980 et
3105 4941 3240 4981 cum
3273 4925 3512 4998 reliquis
3536 4920 3724 4979 “satis
3753 4931 3804 4970 ex

2213 5018 2496 5086 praecepto
2525 5014 2792 5086 ejusdem
2823 5013 3289 5086 archiepraasulis
3315 5011 3627 5075 memorati,
3655 5002 3802 5065 noluit

2213 5102 2498 5158 assentire
2530 5108 2595 5158 ut
2625 5103 2790 5158 daret
2820 5103 2878 5159 in
2910 5107 3298 5158 memoratum
3330 5102 3597 5175 pretium,
3626 5093 3802 5154 scilicet

2213 5196 2448 5246 centum
2477 5191 2720 5258 solidos,
2753 5191 2867 5247 nisi
2892 5192 3152 5264 quandiu
3183 5191 3409 5247 viveret.
3443 5188 3682 5260 Denique
3705 5181 3803 5236 hor-

2215 5285 2340 5336 tatu
2373 5280 2641 5337 omnium
2673 5281 2774 5352 qui
2808 5281 3069 5349 aderant,
3114 5281 3232 5337 imo
3285 5295 3449 5352 prece
3503 5281 3558 5334 et
3603 5268 3800 5344 imperio

526 5463 602 5534 (4)
632 5461 696 5517 In
746 5457 938 5531 sigillo
989 5463 1211 5535 prestat
1254 5460 1476 5532 effigies
1507 5459 1928 5534 archiepiscOpi
1960 5459 2152 5516 media
2179 5463 2342 5533 parte
2375 5461 2638 5534 corporis
2670 5476 2803 5517 cum
2835 5460 2946 5518 hac
2978 5459 3352 5535 inscriptione
3380 5477 3393 5516 :
3425 5469 3674 5516 smmum
3706 5445 3797 5502 Wl-

457 5531 625 5594 borus
663 5531 1090 5591 “(mariscam
1131 5531 1443 5588 RmssSrs.
