4060 6174
257 307 414 370 “09

1270 307 1709 372 ANSELMUS.
1743 343 1818 354 —
1851 307 2168 372 ΝΟΤΙΊἹΑ
2214 307 2654 372 HISTORICA.

3504 311 3659 374 MIO

255 442 488 498 avnculi
519 443 612 499 sui
645 459 824 516 supra
843 444 1021 502 taxati
1049 443 1500 516 archiprzssulis,
1525 444 1595 499 ad
1630 442 1903 499 ultimum
1929 446 1985 512 Α
2095 445 2351 526 Signum
2387 444 2603 506 Odonis
2631 441 3056 504 archidiaconi.

256 533 545 588 consentit
576 537 641 588 ut
665 533 906 590 haberet
936 539 1170 590 centum
1197 533 1416 590 solidos
1446 533 1637 604 quoad
1669 533 1903 598 viveret,

253 625 391 695 post
417 626 666 677 mortem
695 637 830 678 vero
862 639 1030 678 suam
1063 627 1122 678 et
1149 626 1365 678 terram
1397 626 1454 678 et
1483 620 1755 677 denarios
1777 637 1908 677 san-

253 715 386 767 ctus
412 709 714 785 Remigius
736 712 870 783 jure
901 712 1096 785 quieto
1149 711 1492 784 possideret.
1537 711 1698 765 Hanc
1730 709 1908 782 igitur

252 801 697 857 conventionem
733 801 788 856 in
803 801 1112 873 praesentia
1138 819 1247 857 sua
1266 799 1476 856 litteris
1494 799 1906 856 commendare

251 890 526 962 praecepit
557 891 810 946 domnus
839 891 1011 946 Wido
1029 888 1492 963 archipresul,et
1511 892 1576 944 ut
1593 906 1697 962 per
1712 904 1906 944 succe-

252 978 452 1034 denti:
491 982 824 1052 temporum
874 979 1168 1035 curricula
1225 979 1568 1035 inconvulsa
1621 982 1903 1045 maneret,

252 1067 770 1142 archiepiSCOpalis
789 1069 1158 1125 auctoritatis
1184 1068 1376 1142 sigillo
1399 1084 1533 1123 cum
1560 1066 1904 1122 clericorum

251 1161 310 1213 et
338 1155 624 1214 laicorum
655 1159 753 1232 qui
789 1158 1103 1214 adfuerunt
1133 1157 1470 1214 testimonio
1491 1155 1904 1212 corroboravit.

331 1246 591 1328 Signum
613 1246 822 1309 damni
854 1247 1120 1310 Widonis
1148 1245 1618 1328 arcbiprwsulis.

2095 535 2354 614 Signum
2383 534 2701 595 Herimari
2725 532 2977 606 abbatis,
3008 542 3118 592 etc.

2085 624 2387 678 Laicorum
2414 639 2547 678 vero
2579 621 2816 694 signum
2843 622 3126 678 Manassae
3156 622 3661 696 comitis.Signum

2014 712 2222 785 Rogeri
2254 711 2504 768 comitis.
2539 711 2784 784 Signum
2818 710 3455 768 RainoldiSuessionici
3488 713 3664 768 comi.

2013 802 2114 858 tis.
2155 803 2399 874 Signum
2430 800 2700 856 Widonis
2732 799 2958 856 militis.

2084 893 2225 947 Acta
2255 895 2345 947 est
2374 891 2495 945 haec
2529 890 2746 956 Remis,
2779 889 2838 944 in
2893 889 3138 946 ecclesia
3185 891 3410 946 Sancta
3447 889 3661 958 Mariae,
3773 883 3775 886 ’

2015 999 2166 1037 anno
2195 979 2614 1036 incarnationis
2645 977 2874 1034 Domini
2899 980 3057 1047 1053,
3074 980 3272 1034 indici.
3291 997 3367 1046 v1,
3387 983 3666 1052 regnante

2015 1071 2260 1127 Henrico
2292 1086 2424 1142 rege
2483 1070 2837 1125 Francorum
2896 1085 3048 1124 anno
3097 1086 3248 1135 xxxv,
3283 1069 3668 1141 archiepisco-

2013 1164 2187 1232 patus
2219 1163 2414 1214 autem
2442 1157 2712 1214 Widonis
2747 1175 2844 1213 an.
2876 1175 2970 1213 xx.
3023 1157 3330 1215 Odalricus
3383 1157 3667 1215 cancella-

2015 1251 2140 1306 rius
2173 1248 2425 1322 scripsit.

781 1401 3126 1434 ω

1185 1541 1988 1631 EPITAPHIUM
2073 1537 2738 1627 GUIDONIS

1383 1721 1470 1791 (D.
1506 1721 1765 1787 MARLOT,
1798 1717 2071 1791 Metropol.
2105 1718 2252 1772 Rem.
2289 1715 2360 1787 ll,
2395 1715 2541 1786 111.)

1202 2007 1434 2068 Fluxus
1464 2007 1652 2067 honor
1680 2006 1908 2079 mundi,
1936 2003 2256 2086 proceres!
2285 2022 2392 2064 cur
2420 2001 2588 2062 debet
2615 1999 2859 2062 amari?

1215 2107 1371 2166 Dum
1402 2115 1620 2178 manet,
1654 2106 1985 2176 excruciat,
2019 2111 2221 2183 etpost
2249 2099 2396 2182 quid
2423 2101 2644 2159 cernite
2667 2100 2803 2179 ﬁat.

1212 2203 1328 2263 Iste
1360 2203 1444 2264 bis
1472 2202 1732 2263 undenos
1759 2203 2018 2281 geminos
2046 2221 2178 2261 cum
2210 2218 2400 2259 mense
2423 2218 2536 2279 per
2561 2217 2767 2270 annos,

1212 2300 1752 2381 Are/uepiscopiam
1780 2298 2037 2379 possedit
2073 2297 2242 2359 Wido
2274 2297 2590 2358 Remorum
2610 2317 2636 2372 ;

1215 2397 1360 2459 Stat
1381 2399 1517 2479 pius
1545 2418 1616 2458 ac
1645 2396 1883 2457 humilis
1912 2398 1974 2456 in
2002 2395 2254 2456 culmine
2282 2394 2630 2454 nobilitatis.

1211 2495 1346 2556 Heu
1376 2495 1648 2556 miseram
1669 2492 1920 2556 sortem!
1947 2495 2102 2574 facit
2119 2493 2276 2553 hunc
2303 2511 2443 2553 caro
2469 2490 2716 2572 putrida
2749 2511 3021 2564 vermcm,

1217 2595 1328 2654 Ast
1357 2595 1619 2655 animam
1645 2594 1814 2655 Jesus
1840 2592 2040 2670 foveat
2071 2593 2136 2652 vi
2172 2591 2423 2650 nominis
2452 2591 2600 2670 ejus.

1216 2692 1270 2753 Τ
1267 2711 1439 2752 errea
1471 2691 1760 2752 Kalendis
1793 2690 2145 2772 linquentem
2177 2689 2442 2749 claustra
2475 2687 2856 2767 Septembris.

1485 3117 1650 3157 CIRCA
1680 3117 1887 3156 ANNUM
1917 3116 2121 3156 DOMINI
2154 3115 2434 3154 MLIV-LVII

1223 3267 2716 3436 ANSELMUS

1371 3530 1758 3587 MONACHUS
1790 3530 1850 3586 S.
1884 3529 2162 3585 REMlGlI
2195 3528 2550 3584 REMENSIS

1375 3808 1718 3896 ΝΟΤΙἸ
1743 3811 1846 3895 IA
1906 3804 2535 3898 HISTORICA

1114 3986 1369 4057 (Histoire
1399 3987 1670 4044 litte‘raire
1696 3986 1764 4042 de
1793 3987 1848 4043 la
1874 3987 2100 4053 France,
2135 3988 2277 4040 tom.
2310 3984 2434 4052 VII,
2470 3999 2601 4058 pag.
2637 3984 2786 4052 lr77.)

320 4249 594 4307 Anselme
615 4268 650 4307 a
670 4250 792 4308 cela
812 4251 882 4308 de
911 4268 1186 4308 commun
1219 4271 1354 4310 avec
1386 4253 1681 4328 plusieurs
1713 4258 1908 4310 autres
1940 4255 1988 4321 B
2018 4254 2156 4309 faite
2187 4269 2256 4308 en
2291 4254 2428 4308 1049
2456 4266 2563 4324 par
2592 4252 2643 4308 le
2676 4269 2822 4326 pape
2845 4253 2993 4309 Leon
3049 4253 3116 4310 IX
3171 4255 3308 4328 (Act.
3353 4257 3395 4310 t.
3427 4253 3576 4323 VIII,
3604 4271 3664 4330 p.

241 4340 552 4407 écrivains,
585 4340 723 4413 qu’il
756 4357 826 4397 ne
857 4358 1006 4396 nous
1037 4346 1124 4398 est
1154 4361 1405 4415 presque
1431 4361 1622 4400 connu
1656 4361 1767 4416 que
1798 4361 1903 4416 par
2009 4342 2134 4408 7’l3,
2171 4360 2227 4397 n.
2263 4342 2336 4409 l).

240 4428 337 4485 les
370 4429 748 4501 productions
777 4430 849 4484 de
879 4447 945 4485 sa
967 4429 1292 4502 plume.S’il
1320 4433 1440 4487 faut
1461 4434 1582 4488 s’en
1604 4437 1904 4505 rapporter

243 4521 284 4573 ὲ
313 4517 609 4574 Trithéme
639 4520 916 4588 (ChrJlir.
951 4524 993 4574 t.
1029 4521 1070 4585 Ι,
1132 4538 1187 4592 p.
1239 4523 1382 4589 202;
1416 4523 1637 4594 Script.,
1669 4539 1719 4578 c.
1751 4523 1900 4587 333),

243 4605 441 4662 c'était
472 4625 550 4662 un
582 4607 818 4664 homme
844 4611 1007 4664 versé
1031 4609 1178 4664 dans
1200 4615 1393 4666 toutes
1423 4616 1608 4666 sortes
1630 4613 1701 4667 de
1722 4610 1902 4666 belles

243 4696 722 4772 connaissunces,
755 4696 1246 4769 principalement
1306 4698 1453 4754 dans
1496 4698 1903 4772 l’intelligence

243 4784 351 4840 des
385 4784 608 4842 saintes
639 4771 952 4841 Ecritures.
1009 4791 1082 4842 Ce
1115 4786 1254 4858 qu’il
1286 4805 1323 4860 y
1371 4806 1404 4841 a
1461 4788 1530 4842 de
1586 4771 1905 4852 vrai,rc’est

247 4873 388 4946 qu’il
415 4874 556 4929 était
586 4875 823 4930 homme
853 4875 923 4930 de
955 4875 1158 4930 mérite
1188 4881 1244 4931 et
1274 4876 1414 4948 qu'il
1455 4877 1607 4932 avait
1638 4876 1690 4932 le
1720 4875 1903 4932 talent

245 4963 471 5019 d‘assez
503 4963 636 5019 bien
667 4963 848 5020 écrire
879 4980 1028 5036 pour
1057 4980 1163 5020 son
1193 4964 1389 5021 siecle.

319 5050 365 5106 ll
393 5051 550 5107 avait
577 5068 712 5108 aveo
741 5051 823 5107 lui
859 5056 893 5108 ὰ
918 5053 1280 5109 Saint-Remi
1333 5055 1404 5110 de
1437 5054 1656 5123 Reims,
1689 5054 1832 5110 dont
1861 5053 1900 5108 i1

246 5141 390 5197 était
421 5141 636 5209 moine,
665 5140 964 5214 plusieurs
994 5141 1304 5210 confreres,
1339 5159 1484 5216 gens
1526 5143 1596 5200 de
1627 5143 1817 5199 savoir
1846 5147 1903 5199 et

247 5229 318 5285 de
347 5234 534 5298 ventu,
569 5231 714 5287 dont
744 5229 1165 5303 quelques—uns
1197 5231 1392 5287 furent
1421 5231 1608 5289 élevés
1637 5249 1750 5287 aux
1779 5247 1903 5304 pre-

245 5319 461 5375 mieres
490 5319 744 5392 dignités
773 5320 851 5375 dn
881 5318 1083 5375 clottre
1114 5319 1596 5394 (MAB.An.1,p.63
1627 5339 1684 5376 n.
1708 5323 1820 5392 88).
1856 5320 1900 5376 ll

245 5407 337 5463 fut
364 5408 692 5481 cependant
715 5407 865 5465 celui
896 5407 1282 5483 qu’Hérimar,
1315 5409 1442 5467 leur
1489 5411 1656 5477 abbé,
1691 5409 1903 5466 choisit

245 5513 354 5570 par
383 5497 738 5571 preference,
771 5513 921 5570 pour
948 5497 1092 5554 faire
1123 5496 1180 5554 la
1208 5497 1452 5556 relation
1478 5499 1548 5554 de
1579 5515 1643 5555 ce
1674 5498 1775 5571 qui
1799 5498 1902 5554 s’é-

243 5586 354 5653 tait
381 5589 552 5666 passé
579 5592 615 5648 ὰ
648 5586 1006 5646 Saint-Rsmi
1037 5590 1070 5645 ὰ
1118 5586 1174 5646 la
1223 5587 1490 5647 dédicace
1538 5589 1609 5647 de
1657 5586 1896 5664 l’église,

2082 4430 2357 4486 Anselme
2388 4448 2455 4485 en
2494 4435 2669 4504 ayant
2698 4433 2785 4486 été
2816 4430 3030 4486 témoin
3064 4431 3339 4499 oculaire,
3373 4437 3432 4488 et
3461 4437 3664 4505 posse-

2011 4521 2153 4574 dant
2182 4520 2264 4575 les
2295 4519 2544 4592 qualités
2563 4520 2738 4592 qu'on
2770 4519 2928 4575 vient
2957 4520 3027 4575 de
3055 4521 3197 4586 voir,
3227 4521 3366 4577 était
3387 4539 3596 4594 propre
3632 4526 3666 4578 ὸ.

2013 4610 2236 4664 réussir
2267 4610 2414 4664 dans
2463 4625 2524 4664 ce
2557 4609 2811 4664 desscin.
2849 4608 2891 4663 Il
2940 4626 3010 4664 ne
3067 4609 3345 4665 l’exécuta
3391 4610 3665 4667 toutefois

2012 4698 2185 4769 qu’au
2218 4697 2359 4752 bout
2389 4697 2458 4753 de
2491 4695 2773 4768 quelques
2805 4699 3041 4764 années,
3074 4703 3131 4754 et
3156 4703 3285 4754 tout
3315 4716 3387 4755 au
3417 4699 3552 4772 plus
3581 4703 3667 4757 tOt

2012 4804 2082 4842 en
2120 4786 2519 4857 1056,lorsque
2543 4786 2782 4842 Gervais
2813 4787 2954 4841 etait
2975 4787 3108 4859 deja
3139 4788 3359 4844 devenu
3391 4788 3665 4860 d’évéque

2012 4875 2089 4930 du
2125 4876 2290 4930 Mans
2319 4874 2676 4946 archeveque
2706 4875 2777 4930 de
2809 4875 3025 4944 Reims,
3051 4893 3114 4931 ce
3162 4877 3262 4947 qui
3294 4877 3486 4932 arriva
3515 4875 3664 4934 l’an-

2011 4965 2118 5018 nee
2148 4964 2512 5036 précédente.
2531 4963 2794 5035 Quoique
2815 4981 2918 5019 son
2936 4963 3082 5020 écrit
3103 4968 3265 5036 porte
3289 4964 3666 5037 simplement

2012 5051 2064 5107 le
2095 5053 2228 5108 titre
2285 5051 2593 5107 d’Histoire
2651 5053 2722 5108 de
2781 5052 2838 5108 la
2889 5053 3160 5108 dédicace
3211 5055 3282 5108 de
3332 5053 3552 5126 l'église
3592 5055 3664 5111 de

2013 5141 2374 5198 Saint-Remi
2405 5142 2476 5196 de
2521 5141 2738 5207 Reims,
2771 5140 3042 5198 Anselme
3083 5141 3177 5197 n’a
3229 5159 3334 5215 pas
3365 5141 3540 5199 laissé
3569 5143 3664 5217 d’y

2011 5231 2153 5287 faire
2203 5235 2417 5298 entrer,
2454 5245 2590 5286 avec
2623 5247 2701 5285 un
2736 5229 2911 5286 détail
2944 5230 3102 5286 aussi
3146 5231 3415 5304 agréahle
3446 5233 3664 5304 qu’ins—

2011 5321 2231 5386 tructif,
2265 5319 2560 5392 plusieurs
2600 5319 2858 5376 celebres
2903 5321 3275 5377 événements
3328 5321 3430 5394 qui
3463 5324 3660 5394 prece-

2013 5409 2214 5465 derent
2244 5415 2302 5464 et
2331 5409 2614 5464 suivirent
2643 5412 2790 5464 cette
2819 5409 3166 5466 cérémonie.

2082 5499 2166 5554 On
2200 5503 2340 5570 peut
2369 5497 2699 5570 distinguer
2753 5498 2886 5570 cinq
2918 5515 2991 5556 ou
3038 5499 3128 5555 six
3178 5500 3396 5572 parties
3427 5500 3577 5556 dans
3606 5499 3660 5556 le

2013 5604 2183 5662 corps
2213 5587 2285 5645 de
2314 5603 2380 5645 sa
2410 5585 2674 5656 relation,
2707 5586 2808 5660 qui
2857 5591 2990 5646 sont
3034 5603 3286 5665 presque
3331 5590 3524 5649 toutes
3553 5605 3659 5652 an-
