4094 6158
219 300 379 368 ma
947 301 1151 367 ms'r.
1195 298 1452 367 nemo.
1501 300 1899 366 scccssca
1943 309 2007 369 s.
2060 304 2391 368 numen.
2426 338 2501 352 -
2534 304 2935 375 morarum.
3516 318 3673 383 4414

222 438 569 507 Germanos,
594 438 695 512 qui
718 437 799 495 ibi
823 439 1154 511 frequentes
1178 438 1514 505 adfuerunt,
1540 437 1624 493 sic
1652 438 1722 493 de
1749 436 1881 496 aliis
1909 442 1966 507 Α
1996 440 2133 496 inde
2163 438 2733 512 Constantinopolim
2769 441 3144 516 perrexit.....
3171 445 3462 509 Reversus
3478 457 3678 512 autem

222 525 461 601 populis
494 525 927 599 loquiturlibro
951 544 1013 595 Il,
1039 526 1409 598 cap.4,Vita3
1434 526 1622 582 sancti
1648 526 1878 583 Leonis:
1993 529 2261 603 Sagium,
2322 527 2633 612 ecclesiam
2697 534 2824 587 tam
2887 548 3173 603 magnam
3248 540 3424 612 cmpit
3500 543 3680 600 edifi-

224 640 258 667 (ο
291 616 595 685 Invitatur,
625 640 653 667 »
687 617 801 672 Leo
834 633 1004 690 papa,
1039 638 1064 665 ‹‹
1092 617 1163 670 ab
1196 615 1498 671 Herimaro
1545 616 1754 671 abbate
1783 633 1883 671 ve—
1993 635 2145 684 care,
2185 641 2206 667 ο
2244 621 2351 672 etc.
2388 616 2513 671 Non
2532 607 2744 675 'tamen
2788 618 3098 678 malitiose
3151 607 3462 686 ecclesiam
3511 650 3685 691 suam

224 704 469 763 nerandi
492 706 743 762 coenobii
766 704 951 761 sancti
970 705 1290 761 Remorum
1314 704 1633 777 pontiﬁcis,
1658 704 1729 759 ad
1752 721 1887 760 con-
1996 706 2340 762 incenderat
2370 706 2483 773 Ivo,
2526 710 2590 795 ut
2621 724 2691 762 ex
2723 727 2864 783 cap.
2902 709 2971 763 13
3001 712 3272 781 ejusdem
3302 716 3437 776 libri
3486 728 3647 793 patet
3672 744 3687 795 ;

222 794 571 851 secrandam
602 794 911 851 ecclesiam
942 793 1000 848 in
1032 792 1161 865 ejus
1194 792 1415 851 honore
1445 797 1883 865 constructam;
1997 797 2097 852 sed
2131 812 2266 851 cum
2299 811 2368 850 ea
2400 810 2434 847 a
2474 794 2777 855 seditiosis
2813 807 3112 872 occupata
3160 805 3393 874 fuisset,
3440 792 3691 870 incensae

226 881 330 939 ubi
359 900 474 939 non
506 887 595 939 est
625 883 785 939 dictu
817 882 981 938 facile
1012 886 1233 955 quanta
1253 882 1572 938 multitudo
1604 899 1639 937 a
1669 882 1888 941 finibus
1999 888 2137 940 sunt
2164 883 2366 939 vicinae
2389 882 2629 951 domus,
2664 891 2725 941 et
2757 890 2952 943 ﬂante
2980 896 3152 947 vento
3181 894 3518 956 incendium
3549 902 3693 960 adeo

227 975 418 1038 terrae,
452 970 869 1044 Hispanorum,
904 970 1338 1039 Britannorum,
1367 972 1745 1040 Francorum,
1777 974 1890 1028 An-
1999 974 2239 1039 exarsit,
2271 976 2338 1027 ut
2368 969 2616 1028 ecclesia
2650 991 2906 1049 quoque
2938 977 3118 1037 simul
3141 1000 3273 1039 cum
3300 984 3418 1043 illis
3438 997 3699 1049 cremata

228 1059 487 1135 glorum,
510 1059 811 1116 advenerit
831 1061 959 1131 ejus
980 1059 1228 1117 invisere
1256 1060 1633 1133 praesentiam
1680 1061 1742 1116 In
1774 1080 1892 1134 qua

230 1149 548 1224 praesentia
573 1148 763 1205 adfuit
797 1149 971 1206 etiam
1001 1166 1115 1206 non
1150 1149 1414 1206 modicus
1445 1154 1630 1207 coetus
1661 1152 1893 1224 pontiﬁ-

231 1254 395 1296 cum.
417 1261 445 1290 »

307 1376 363 1428 2.
395 1372 554 1429 Hanc
583 1372 1015 1429 solemnitatem
1065 1374 1201 1429 data
1232 1390 1407 1445 opera
1437 1373 1750 1445 descripsit
1778 1375 1891 1430 An-

234 1461 484 1529 selmus,
504 1463 829 1518 monachus
847 1462 1108 1532 ejusdem
1128 1462 1373 1518 ccenobii
1398 1463 1593 1519 Sancti
1619 1464 1891 1536 Remigii,

225 1552 410 1623 jussu
443 1551 727 1608 Herimari
761 1551 1079 1618 abbatis,in
1103 1549 1298 1606 libello
1325 1551 1611 1624 singulari
1638 1569 1705 1607 ea
1736 1553 1805 1608 de
1836 1570 1896 1608 re

234 1638 395 1695 edito
418 1640 527 1695 sub
554 1638 725 1695 titulo
748 1639 1037 1695 ltincrarii
1062 1656 1223 1711 papae
1246 1640 1538 1708 Leonis,in
1560 1657 1677 1712 quo
1699 1641 1898 1697 omnia

235 1745 369 1801 qua:
392 1744 646 1802 praesens
665 1729 890 1784 viderat
910 1734 966 1784 et
990 1728 1254 1784 audierat
1275 1729 1620 1802 singillatim
1639 1732 1893 1803 exponit.

2000 1071 2195 1127 fuerit.
2236 1068 2510 1125 Meminit
2540 1072 2824 1141 ejusdem
2860 1074 3253 1138 dedicationis
3284 1087 3342 1139 et
3370 1087 3599 1144 concilii
3628 1108 3699 1147 ea

2002 1159 2312 1216 occasione
2343 1157 2527 1213 habiti
2562 1159 2893 1221 Ordericus
2928 1166 3159 1237 Vitalis,
3194 1170 3345 1229 libro
3374 1191 3408 1229 ν
3430 1176 3696 1237 Historia:

2002 1247 2438 1314 ecclesiasticm,
2488 1248 2591 1303 ubi
2628 1251 2912 1309 observat
2943 1258 3321 1332 presbyteros
3350 1281 3420 1321 ex
3448 1281 3514 1323 eo
3544 1271 3698 1325 tem-

2003 1355 2141 1412 pore
2153 1336 2665 1394 consuetudinem
2679 1344 3162 1403 armadeferendi
3177 1352 3399 1410 sensim
3413 1355 3699 1429 abjecisse

2007 1611 2371 1708 presbyteris
2404 1628 2574 1667 arma
2632 1614 2783 1708 ferre
2812 1624 2870 1708 et
2902 1624 3194 1697 conjuges
3234 1628 3449 1689 habere
3504 1638 3702 1708 prohi-

2007 1701 2154 1757 buit.
2181 1699 2407 1756 Exinde
2441 1707 2817 1763 consuetudo
2842 1707 3085 1768 lethalis
3108 1716 3394 1787 paulatim
3418 1699 3702 1783 exinaniri

236 1790 432 1888 Rujus
449 1817 704 1872 auctoris
723 1816 989 1872 meminit
1006 1790 1528 1874 Trithemiuslibro
1552 1823 1631 1875 De
1653 1790 1896 1891 scripto.
1924 1816 1971 1880 Β
2007 1790 2195 1891 “F’Rit-
2218 1791 2402 1891 Ann?
2424 1790 2674 1891 (Iniciam
2701 1796 2847 1853 ferre
2889 1801 3223 1873 ΡΓθεδΥίθΓί
3238 1807 3364 1876 iam
3400 1816 3701 1882 ενειαηιθιι

238 1905 408 1961 ribus
433 1905 1048 1977 ecclesiasticis,quem
1082 1906 1142 1960 in
1166 1906 1488 1979 Scripturis
1508 1907 1723 1964 divinis
1745 1924 1901 1964 exer-

242 1993 661 2050 citatissimum
693 1994 895 2060 fuisse,
919 1998 975 2049 et
998 1993 1106 2049 alia
1134 1994 1417 2066 Opuscula
1442 1999 1647 2067 praeter
1667 1997 1902 2053 Itinera-

242 2082 403 2137 rium
426 2082 698 2151 edidisse,
725 2082 946 2139 scribit.
967 2085 1040 2137 De
1060 2082 1359 2139 itinerario
1380 2088 1575 2139 autem
1599 2085 1683 2139 sic
1706 2086 1897 2141 habet:

249 2193 281 2222 ‹‹
315 2170 625 2242 Congessit
644 2171 701 2226 in
725 2188 909 2226 unum
930 2170 1203 2227 volumen
1226 2177 1390 2244 gesta
1410 2173 1619 2229 Leonis
1650 2192 1808 2247 papa:
1832 2175 1903 2230 IX

247 2276 357 2333 per
377 2258 628 2315 Galliam
651 2260 708 2316 in
740 2260 1001 2317 conciliis
1022 2265 1079 2316 et
1103 2262 1486 2317 conventibus
1517 2263 1689 2329 facta,
1713 2269 1778 2317 ut
1807 2282 1905 2318 no-

245 2348 502 2405 tificaret
526 2353 747 2421 quanta
774 2349 1119 2406 auctoritate
1150 2350 1350 2406 Remis
1380 2350 1467 2405 vel
1500 2351 1557 2405 in
1592 2350 1721 2407 aliis
1750 2353 1905 2407 urbi-

247 2438 366 2494 bus
397 2439 689 2511 synodum
721 2438 1118 2504 celebraverit,
1142 2444 1366 2511 quanta
1386 2438 1676 2494 industria
1696 2445 1752 2496 et
1772 2442 1906 2496 sub-

245 2526 465 2583 tilitate
513 2527 928 2583 examinaverit
956 2544 1165 2583 causas
1214 2526 1659 2597 ecclesiasticas,
1720 2546 1905 2602 quave

244 2615 616 2672 districtione
670 2622 975 2688 peccantes
1024 2615 1357 2683 correxerit,
1409 2618 1820 2690 quomodoque
1852 2619 1904 2673 ei

241 2704 437 2760 virtus
463 2703 662 2760 divina
690 2709 999 2777 cOOperata
1021 2704 1119 2770 sit,
1147 2728 1175 2754 »
1198 2709 1309 2761 etc.
1339 2705 1469 2760 Haec
1492 2709 1798 2762 mutuatus
1820 2712 1908 2762 est

241 2792 613 2849 Trithemius
634 2809 702 2849 ex
723 2793 1042 2866 Sigeberto,
1070 2793 1170 2867 qui
1201 2794 1405 2850 eadem
1436 2795 1698 2851 omnimo
1727 2796 1905 2850 verba

239 2881 424 2938 habet
445 2882 503 2937 in
528 2880 677 2937 libro
692 2881 770 2937 De
785 2881 1172 2954 scriptoribus
1186 2881 1905 2954 ecclesiasticis.Ejusdcm

243 2987 506 3043 quoque,
531 2975 664 3043 post
684 2971 826 3026 alios
848 2976 1115 3027 auctores
1139 2970 1426 3044 vulgatos,
1461 2972 1729 3027 meminit
1760 2972 1907 3027 Mar-

242 3059 575 3128 lotus,tom.
601 3060 652 3115 Il
674 3060 939 3116 Historiae
964 3059 1450 3126 Remensis,inter
1470 3060 1620 3117 viros
1643 3060 1906 3116 illustres

243 3146 351 3220 qui
401 3147 603 3203 Remis
633 3148 743 3203 sub
775 3148 1048 3205 Gervasio
1075 3147 1514 3221 archiepiscopo
1543 3148 1899 3205 claruerunt.
1935 3177 1979 3247 Ο

243 3237 428 3292 Porro
458 3234 519 3291 id
548 3236 898 3308 opusculum
923 3238 1049 3308 jam
1082 3253 1184 3309 per
1222 3240 1418 3309 partes
1447 3238 1628 3293 ferme
1657 3238 1901 3306 editum,

242 3324 368 3392 hic,
399 3328 459 3380 et
513 3323 754 3397 quidem
812 3325 1106 3398 integrum
1137 3342 1206 3381 ex
1262 3325 1651 3383 Remensibus
1692 3343 1907 3382 manu-

244 3412 490 3485 scriptis
519 3413 688 3470 edere
716 3414 908 3469 visum
960 3419 1066 3481 est,
1103 3430 1174 3470 ne
1217 3418 1390 3469 tantae
1422 3414 1795 3485 celebritatis,
1851 3420 1909 3472 et

244 3502 501 3559 fortasse
531 3500 799 3558 omnium
825 3502 1066 3574 majoris
1087 3520 1215 3575 quas
1248 3502 1307 3557 in
1330 3502 1710 3559 ecclesiarum
1746 3504 1907 3559 dedi-

246 3590 585 3647 cationibus
625 3608 887 3663 unquam
938 3593 1088 3647 facta
1130 3593 1322 3661 fuerit,
1357 3592 1672 3664 descriptio
1712 3592 1772 3648 in
1812 3593 1907 3649 his

243 3679 409 3736 Actis
443 3678 895 3736 desideraretur.

318 3814 373 3870 3.
410 3813 624 3869 Praeter
650 3812 994 3871 Anselmum
1024 3813 1120 3870 alii
1155 3830 1387 3886 quoque
1417 3814 1736 3887 scriptores
1758 3816 1909 3872 basio

242 3902 372 3960 licaa
416 3901 773 3976 Remigianaa
806 3903 1233 3959 dedicationem
1260 3907 1317 3959 et
1340 3903 1656 3960 concilium
1687 3905 1907 3961 ibidem

243 3991 521 4048 habitum
550 3991 789 4064 scriptis
819 3991 942 4048 suis
966 3990 1359 4049 celebrarunt.
1384 3990 1722 4049 Willelmus
1745 3994 1912 4050 Gem-

245 4079 592 4137 meticensis
636 4080 785 4135 libro
837 4097 914 4136 vn
946 4080 1211 4137 Historiae
1244 4081 1713 4137 Normannorum
1762 4081 1908 4139 inte-

244 4185 423 4243 grum
456 4172 633 4241 caput
652 4169 720 4225 15
738 4185 806 4224 ea
824 4169 895 4225 de
927 4186 988 4225 re
1006 4168 1203 4236 habet,
1227 4169 1328 4225 ubi
1353 4170 1622 4242 quazdam
1645 4170 1717 4226 de
1740 4171 1910 4227 Ivone

245 4257 517 4332 Sagiensi
548 4258 822 4331 episcopo
844 4264 1063 4327 narrat,
1088 4276 1214 4332 quin
1246 4257 1304 4314 in
1336 4259 1598 4316 Anselmi
1628 4260 1909 4331 opusculo

248 4346 438 4405 relata
468 4363 586 4403 non
619 4351 779 4413 sunt,
812 4363 939 4419 quae
970 4346 1100 4404 ideo
1148 4347 1244 4403 hic
1273 4347 1463 4404 visum
1496 4352 1585 4405 est
1614 4348 1907 4420 proferre:

252 4459 283 4487 «
317 4436 385 4492 In
413 4435 515 4491 illo
546 4439 809 4508 tempore
840 4440 1078 4492 sanctus
1110 4436 1221 4492 Leo
1239 4454 1392 4510 papa
1413 4437 1628 4494 Gallias
1654 4438 1908 4510 expetiit,

2011 1887 2259 1979 desiere,
2285 1887 2387 1979 sed
2420 1903 2454 1979 a
2480 1888 2795 1959 pellicibus
2817 1895 3013 1951 adhuc
3045 1899 3696 1979 noluntabstinere,nec

2012 1976 2313 2049 pudicitiae
2374 1976 2678 2035 inhznrere.
2716 2004 2744 2030 ››
2804 1982 3022 2039 Mirum
3084 1994 3283 2045 autem
3324 1997 3413 2047 est
3442 1976 3589 2051 nihil
3620 1999 3694 2053 de

2012 2065 2371 2138 presbyteris
2398 2068 2833 2127 concubinariis
2856 2070 3060 2127 haberi
3087 2074 3242 2131 inter
3271 2095 3525 2137 canones
3555 2101 3691 2140 con-

2014 2154 2129 2209 cilii
2164 2171 2313 2226 quos
2343 2156 2660 2213 Anselmus
2693 2160 2911 2227 retulit,
2948 2162 3064 2216 nisi
3100 2164 3250 2220 forte
3279 2167 3351 2222 de
3375 2166 3449 2223 iis
3476 2170 3689 2226 intelli-

2015 2248 2187 2316 gatur
2226 2260 2414 2298 canon
2473 2247 2753 2303 adversus
2807 2248 3177 2307 incestuosas
3237 2256 3686 2326 conjunctiones

2015 2330 2299 2403 prolatus.
2350 2332 2589 2390 Certum
2623 2340 2711 2391 est
2742 2339 2942 2392 tamen
2974 2354 3040 2393 eo
3074 2339 3132 2393 in
3167 2342 3412 2398 concilio
3443 2346 3684 2418 presby-

2014 2424 2274 2475 terorum
2306 2423 2582 2495 conjugis
2612 2425 2941 2495 proscripta
2972 2426 3178 2493 fuisse,
3205 2430 3361 2500 quod
3385 2430 3484 2486 alii
3502 2432 3681 2488 etiam

2016 2513 2282 2565 auctores
2316 2516 2525 2583 praeter
2546 2511 2889 2568 Ordericum
2921 2514 3329 2577 observarunt.
3349 2519 3495 2575 Nam
3516 2522 3685 2576 Albe-

2016 2596 2174 2652 ricus
2202 2598 2262 2653 in
2295 2599 2580 2656 Chronico
2629 2601 2901 2656 observat
2931 2604 3118 2658 sancti
3152 2605 3415 2677 Hugonis
3445 2607 3680 2662 Clunia-

2015 2686 2210 2741 censis
2240 2686 2472 2743 abbatis
2504 2688 2748 2743 consilio
2780 2707 2993 2761 papam
3028 2691 3279 2747 Leonem
3314 2694 3375 2748 in
3434 2693 3679 2749 concilio

2016 2774 2287 2830 Remensi
2332 2778 2806 2849 presbyterorum
2862 2780 3137 2849 conjugia
3184 2781 3575 2852 prohibuisse.
3611 2782 3681 2838 Et

2016 2862 2255 2934 quidem
2276 2863 2617 2935 Raynaldus
2634 2865 2814 2920 abbas
2841 2866 3268 2924 cheliacensis
3290 2870 3348 2924 in
3369 2870 3501 2927 Vita
3520 2871 3679 2944 ejus-

2015 2951 2147 3005 dem
2181 2952 2368 3006 sancti
2401 2953 2661 3025 Hugonis
2707 2954 2915 3009 scribit
2968 2957 3206 3012 beatum
3242 2959 3512 3027 Leonem,
3546 2982 3574 3010 ‹‹
3604 2959 3678 3015 ob

2017 3038 2265 3094 haereses
2288 3039 2756 3096 Simoniacorum
2779 3046 2836 3097 et
2861 3043 3280 3101 Nicolaitarum
3309 3064 3343 3102 a
3366 3047 3571 3104 Galliis
3590 3065 3683 3104 οχ-

2017 3126 2356 3199 stirpandas
2376 3129 2571 3185 Remis
2593 3130 2884 3202 synodum
2910 3132 3303 3191 celebrasse.»
3327 3136 3394 3192 Et
3414 3135 3473 3192 in
3497 3137 3680 3192 altera

2017 3225 2284 3297 ejusdem
2334 3227 2519 3282 sancti
2550 3227 2700 3295 Vita,
2736 3245 2916 3300 quam
2950 3230 3319 3289 Hildebertus
3368 3236 3679 3308 episcopus

2015 3313 2683 3371 CenomanensisPontio
2698 3316 3281 3376 abbatiCluniacensi
3296 3323 3678 3395 nuncupavit,

2016 3403 2264 3458 refertur
2294 3404 2542 3460 Leonem
2576 3421 2799 3460 nonum
2830 3406 3030 3462 Remis
3060 3410 3329 3481 synodum
3357 3410 3680 3468 celebrasse

2013 3492 2344 3561 generalem,
2394 3510 2478 3559 ac,
2512 3509 2578 3549 eo
2625 3494 2891 3564 jubente,
2926 3495 3009 3551 ibi
3043 3496 3348 3570 Hugonem
3401 3498 3679 3556 habuisse

2020 3600 2049 3630 ‹‹
2080 3585 2346 3636 sanctam
2377 3585 2437 3637 et
2465 3580 2697 3654 plenam
2729 3583 2929 3655 gratiae
2962 3585 3311 3655 orationem,
3344 3605 3473 3660 quae
3503 3593 3560 3645 et
3587 3588 3677 3645 Si-

2016 3667 2269 3724 moniaci
2302 3686 2332 3725 e
2364 3668 2517 3726 male
2548 3671 2901 3743 comparatis
2943 3674 3171 3747 expulsi
3204 3681 3345 3732 sunt
3373 3676 3677 3751 dignitati-

2017 3757 2150 3825 bus,
2185 3762 2242 3813 et
2259 3759 2329 3815 de
2347 3759 2601 3815 sacrario
2620 3759 2852 3816 Domini
2876 3762 3257 3821 fornicatores
3279 3765 3512 3822 inhibiti
3535 3771 3678 3823 sunt

2017 3847 2369 3903 sacerdotes.
2390 3869 2417 3897 »
2443 3852 2522 3903 De
2551 3848 2662 3905 hac
2689 3852 2885 3904 autem
2910 3849 3174 3923 Hugonis
3196 3854 3459 3910 oratione
3481 3855 3541 3910 in
3566 3855 3677 3911 Re-

2018 3935 2209 3991 mensi
2235 3936 2479 3992 concilio
2502 3936 2705 3992 habita
2719 3935 3042 4008 loquuntur
3065 3940 3241 3995 etiam
3262 3940 3360 3995 alii
3380 3942 3508 4012 ejus
3531 3942 3675 3998 Vitta

2018 4032 2354 4105 scriptores,
2381 4034 2481 4089 sed
2504 4033 2654 4090 nihil
2689 4034 3015 4108 quidquam
3048 4052 3116 4091 ex
3142 4053 3209 4092 ea
3240 4042 3526 4110 superest.
3559 4041 3676 4093 Cae-

2016 4126 2208 4177 terum
2239 4127 2373 4178 ante
2403 4122 2512 4178 hos
2542 4126 2812 4179 auctores
2842 4123 3214 4180 Hermannus
3236 4128 3579 4182 Contractus
3611 4124 3674 4183 in

2017 4209 2307 4267 Chronico
2338 4228 2443 4267 suo
2463 4212 2591 4283 jam
2623 4214 2924 4268 notaverat
2974 4233 3002 4263 «
3025 4230 3238 4285 papam
3289 4215 3539 4271 Leonem
3568 4232 3674 4271 au-

2018 4299 2270 4355 tumnali
2300 4303 2562 4372 tempore
2619 4300 2910 4373 synodum
2945 4318 3223 4376 magnam
3283 4303 3482 4359 Remis
3538 4318 3674 4361 cum

2018 4387 2341 4444 Galliarum
2371 4388 2662 4461 episc0pis
2693 4386 2994 4446 habuisse.
3026 4412 3056 4440 ››
3488 4382 3501 4389 ’

251 4524 1913 4599 ecclesiamSanctiRemigiiRemensisepiscopiconsecra-
1941 4552 1988 4617 D
2091 4523 2142 4577 4.
2177 4521 2287 4579 Sed
2307 4520 2600 4617 illu‘strius
2617 4526 2709 4617 est
2733 4522 3126 4617 fragmentum
3152 4522 3286 4579 libri
3312 4523 3673 4617 fundationis

247 4612 355 4680 vit,
387 4614 637 4687 ejusque
686 4630 899 4685 corpus
929 4613 989 4669 in
1030 4612 1336 4670 ecclesiam
1370 4632 1557 4687 nuper
1587 4615 1911 4671 dedicatam

248 4702 578 4760 transtulit.
602 4703 767 4757 Tunc
790 4702 987 4757 Remis
1008 4701 1163 4757 idem
1187 4719 1338 4774 papa
1358 4703 1579 4775 grande
1601 4704 1911 4760 concilium

247 4791 467 4859 tenuit,
502 4796 562 4848 et
589 4791 819 4847 desides
852 4790 1155 4863 episcopos
1185 4790 1269 4847 vel
1299 4793 1539 4848 abbates
1566 4794 1776 4849 acriter
1822 4812 1909 4850 re-

248 4879 670 4953 darguit,inter
691 4897 861 4951 quos,
878 4885 941 4935 ut
964 4880 1182 4947 dicunt,
1200 4880 1909 4953 proptercombustionem

248 4968 510 5026 ecclesiae
537 4968 693 5023 Ivoni
726 4967 907 5023 dixit:
943 4968 1084 5036 Quid
1111 4970 1310 5040 fecisti,
1339 4970 1545 5041 perﬁde
1568 4973 1596 5024 ?
1642 4987 1749 5043 qua
1795 4972 1911 5041 lege

247 5059 515 5115 damnari
542 5056 718 5125 debes,
752 5059 851 5129 qui
897 5066 1130 5113 matrem
1162 5061 1313 5113 tuam
1344 5075 1586 5115 cremare
1613 5076 1778 5115 ausus
1808 5078 1863 5116 es
1882 5066 1909 5116 .9

248 5146 549 5219 Eloquens
574 5146 667 5201 Ivo
689 5145 885 5219 palam
902 5146 1207 5203 confessus
1228 5151 1316 5203 est
1341 5163 1403 5202 se
1426 5148 1663 5219 quidem
1688 5148 1911 5205 malum

249 5235 489 5306 fecisse,
521 5234 623 5290 sed
657 5235 728 5290 ad
750 5234 859 5290 hoc
900 5235 1093 5291 scelus
1124 5235 1416 5307 agendum
1448 5253 1510 5292 se
1534 5237 1787 5308 graviter
1816 5254 1909 5294 co-

250 5328 456 5382 actum
488 5322 693 5390 fuisse,
718 5339 791 5378 ne
812 5322 1104 5379 deteriora
1126 5322 1332 5379 ﬁerent
1352 5341 1385 5380 a
1408 5323 1713 5381 scelerosis
1736 5342 1913 5399 super

248 5412 414 5472 ﬁlios
442 5410 732 5468 Ecclesia.
766 5410 985 5468 Deinde
1027 5410 1427 5483 paznitentiam
1460 5414 1783 5470 secundum
1817 5431 1907 5471 sa-

248 5502 421 5577 gacis
451 5517 614 5575 papa:
637 5501 878 5573 jussum
901 5500 1143 5574 accepit,
1168 5517 1232 5556 ac
1248 5500 1318 5557 de
1339 5500 1697 5558 restituenda
1717 5504 1909 5560 Sancti

248 5589 520 5671 Gervasii
543 5588 788 5655 ecclesia
802 5605 1037 5673 operam
1060 5586 1345 5649 adhibuit.
1372 5588 1555 5667 Igitur
1566 5591 1838 5669 Apuliam
1853 5599 1910 5654 et

2024 4610 2365 4667 monasterii
2397 4610 2793 4668 Ramesiensis
2815 4610 2874 4666 in
2896 4611 3139 4685 Angelia
3161 4629 3339 4684 quam
3366 4618 3485 4670 uta
3502 4615 3673 4672 nobis

2022 4699 2505 4773 praetermittatur
2528 4717 2543 4768 ;
2573 4716 2640 4754 ex
2670 4715 2737 4754 eo
2760 4700 2975 4772 quippe
2996 4700 3281 4757 discimus
3303 4719 3514 4774 papam
3538 4704 3674 4761 Leo-

2020 4807 2152 4845 nem
2187 4806 2301 4844 non
2333 4788 2523 4843 solum
2553 4788 2775 4856 Galliae,
2804 4788 2905 4844 sed
2924 4790 3102 4845 etiam
3127 4790 3374 4845 aliarum
3407 4791 3671 4864 gentium

2018 4881 2322 4951 episcopos
2354 4877 2426 4932 ad
2457 4877 2771 4933 concilium
2804 4878 3089 4934 Remense
3112 4894 3479 4935 convocasse.
3509 4880 3671 4937 Unde

2019 4985 2133 5024 non
2166 4967 2383 5022 mirum
2415 4970 2505 5022 est
2533 4966 2581 5022 si
2614 4966 2834 5038 passim
2859 4966 3153 5022 avetustis
3175 4966 3512 5023 auctoribus
3541 4985 3668 5024 con-

2016 5058 2207 5113 cilium
2229 5056 2485 5127 generale
2507 5060 2897 5127 nuncupetur.
2923 5055 3337 5128 Fragmentum
3369 5055 3527 5112 istud
3553 5059 3673 5114 edi-

2019 5146 2107 5200 dit
2137 5143 2529 5216 Spelmannus
2551 5148 2708 5199 tomo
2731 5144 2753 5200 Ι
2775 5144 3165 5200 Conciliorum
3185 5143 3666 5217 Anglicanorum,

2019 5235 2091 5289 ad
2124 5250 2345 5289 annum
2380 5233 2537 5301 1049,
2567 5232 2666 5288 ubi
2696 5232 2780 5288 sic
2811 5232 3095 5288 habetur:
3134 5254 3162 5282 «
3195 5234 3340 5289 Acta
3371 5239 3511 5291 sunt
3548 5236 3670 5293 haec

2018 5328 2330 5397 postquam
2356 5321 2729 5394 supradictus
2759 5322 2940 5378 abbas
2966 5322 3361 5379 Ramesiensis
3380 5323 3668 5383 Alfwinus

2019 5410 2371 5486 repatriavit,
2389 5414 2681 5467 revertens
2699 5411 2768 5466 de
2791 5427 3003 5483 magno
3021 5411 3268 5469 concilio
3289 5413 3443 5486 quod
3471 5414 3667 5471 Remis

2019 5520 2053 5558 a
2086 5503 2272 5558 Leone
2304 5517 2472 5575 papa,
2507 5516 2659 5555 anno
2689 5499 2860 5556 Verbi
2892 5500 3178 5558 incarnati
3220 5503 3377 5571 1049,
3410 5501 3666 5560 celebra-

2019 5596 2146 5653 tum
2179 5595 2286 5663 est,
2340 5605 2455 5669 quo
2488 5588 2656 5649 missi
2705 5588 2936 5653 fuerant
2990 5589 3412 5653 honorabiliter
3440 5606 3475 5653 θ.
3529 5604 3665 5673 rege
