4094 6158
496 286 648 346 Ηιῦ

1355 278 1697 344 ANSELMI
1743 240 2101 343 MONACHI
2148 280 2213 339 s.
2260 278 2570 342 REMIGII
2616 279 3032 345 REMENSIS.

3690 290 3806 354 Mlti

493 418 783 473 Edwardo
841 417 1044 472 Duduc
1098 414 1407 487 episcopus
1465 415 1841 487 (Wellensis),
1901 419 1957 469 et
2014 413 2140 486 ipse
2168 413 2225 481 Α
2256 412 2436 469 fuisse
2472 437 2499 463 »
2531 418 2798 485 testatur,
2835 415 2935 489 qui
2966 415 3018 471 ei
3048 415 3379 475 interfuerat
3397 417 3808 496 Odalricus,pre-

489 507 780 563 Alfwinus
797 504 1098 569 Ramesie,
1118 508 1174 559 et
1189 504 1330 558 Wll‘i
1344 504 1468 561 icus
1490 506 1558 560 de
1575 506 1785 560 Sancto
1808 503 2134 577 Augustino

488 597 749 663 abbates,
782 596 1010 650 decreta
1055 593 1511 651 Christianitatis
1542 611 1668 667 quae
1698 593 1778 649 ibi
1834 611 1870 649 a
1915 592 2135 649 sanctis

486 686 754 741 Patribus
809 683 1216 739 statuebantur
1273 682 1529 738 relaturi.
1580 684 1694 739 Nec
1726 682 1956 739 silentio
1986 699 2133 754 prea-

483 772 830 830 tereundum
853 773 1007 843 quod
1032 777 1391 829 memoratus
1417 773 1599 828 abbas
1620 771 1913 829 Alfwinus
1935 772 1995 826 in
2020 786 2136 825 me-

484 864 707 918 morato
739 861 981 917 concilio
1014 861 1288 918 Remensi
1318 865 1543 917 tantam
1576 862 1636 917 in
1669 860 1857 917 oculis
1911 858 2135 915 domini

483 968 647 1024 papa;
669 951 882 1006 Leonis
903 951 1155 1023 gratiam
1178 951 1421 1023 invenit,
1446 956 1531 1017 ut,
1556 952 1627 1006 ad
1649 967 1851 1024 preces
1873 949 2059 1022 ipsius
2082 954 2138 1005 et

482 1040 848 1107 instantiam,
903 1041 1319 1097 Ramesensem
1380 1039 1690 1096 ecclesiam
1742 1038 1967 1094 liberali
2000 1056 2135 1111 pro-

479 1128 750 1187 tectionis
772 1128 1104 1202 apostolicae
1128 1130 1279 1185 dono
1302 1128 1749 1202 privilegiatam,
1773 1132 1829 1183 et
1842 1130 1982 1198 jura
2001 1129 2131 1198 ejus

480 1223 537 1274 et
552 1218 974 1292 possessiones,
991 1223 1111 1274 tam
1140 1218 1374 1274 habitas
1397 1222 1535 1273 tunc
1554 1234 1731 1290 quam
1752 1218 1811 1271 in
1834 1221 2134 1289 posterum

472 1309 649 1380 justas
671 1307 1078 1381 acquisitionis
1095 1307 1266 1363 titulo
1289 1307 1609 1372 habendas,
1636 1304 1983 1362 auctoritate
2005 1322 2137 1361 sua-

479 1416 611 1454 rum
635 1397 987 1464 litterarum,
1008 1399 1211 1451 contra
1228 1394 1682 1468 malignantium
1701 1394 2134 1450 infestationem

479 1487 892 1544 communiret.
923 1508 950 1536 »
978 1487 1060 1541 Ex
1088 1485 1197 1540 hoc
1226 1490 1422 1540 autem
1474 1485 1799 1557 fragmento
1849 1483 2134 1540 discimus

479 1593 695 1633 nomen
716 1574 945 1633 Duduci
968 1592 1071 1631 seu
1099 1573 1450 1642 Duduconis,
1473 1574 1573 1646 qui
1594 1572 1840 1629 concilio
1858 1572 2133 1629 Remensi

480 1683 614 1722 cum
662 1665 894 1721 duobus
943 1663 1254 1719 abbatibus
1285 1661 1487 1735 Anglis
1519 1662 1785 1717 mittente
1844 1663 2133 1718 Edwardo

480 1771 613 1829 rege
638 1753 844 1810 adfuit.
879 1753 981 1809 Hic
1005 1753 1245 1808 Duduco
1276 1751 1430 1807 inter
1457 1750 1786 1807 Wellenses
1839 1752 2132 1809 antistites

477 1843 741 1900 decimus
772 1847 1017 1915 quartus
1050 1845 1413 1906 numeratur,
1438 1857 1614 1912 quam
1648 1841 1845 1896 sedem
1870 1839 2127 1913 amplius

473 1933 677 2008 viginti
724 1936 949 2004 septem
1008 1929 1177 1986 annis
1208 1930 1414 1985 tenuit.
1476 1930 1650 1986 Porro
1680 1929 1788 1984 etsi
1847 1930 2130 2003 Rogerius

476 2023 840 2079 Hovedemus
898 2020 956 2075 in
991 2024 1154 2092 parte
1201 2019 1379 2091 priori
1440 2018 1755 2074 Annalium
1815 2019 2025 2075 referat
2056 2021 2128 2076 ab

476 2112 765 2169 Edwardo
789 2109 1110 2183 Anglorum
1142 2125 1275 2182 rege
1300 2108 1541 2164 abbates
1564 2109 1711 2163 duos
1734 2109 1805 2163 ad
1840 2110 2127 2182 synodum

476 2203 824 2259 Remensem
853 2199 1065 2253 missos
1092 2198 1292 2264 fuisse,
1324 2195 1469 2252 nihil
1503 2201 1699 2252 tamen
1726 2197 1903 2253 habet
1924 2198 1994 2253 de
2016 2197 2130 2271 epi-

475 2304 652 2363 scopo
691 2305 826 2344 cum
859 2288 931 2342 iis
964 2286 1183 2355 misso;
1218 2287 1487 2342 observat
1542 2291 1739 2342 autem
1789 2287 2127 2358 praefectum

478 2380 672 2435 Romae
703 2377 968 2447 aliosque
998 2374 1168 2430 Urbis
1201 2375 1487 2447 primores
1520 2376 1772 2431 Leonem
1803 2376 1864 2430 in
1896 2375 2005 2431 hoc
2027 2376 2126 2432 iti-

477 2484 613 2524 nere
643 2465 950 2523 comitatos
982 2464 1181 2518 fuisse.
1232 2464 1361 2519 Hac
1400 2468 1541 2519 sunt
1567 2466 1695 2535 ejus
1724 2464 1921 2520 verba.
1957 2488 1984 2515 ‹‹
2020 2466 2126 2520 Eo-

476 2558 610 2614 dem
644 2573 818 2621 anno,
846 2577 874 2605 »
896 2554 1174 2627 inquit,id
1205 2558 1294 2610 est
1325 2554 1482 2623 1049,
1513 2576 1541 2603 ‹‹
1577 2555 1688 2609 Leo
1716 2572 1885 2627 papa,
1920 2560 2125 2628 rogatu

474 2645 697 2703 eximiae
727 2644 1028 2717 religionis
1081 2643 1310 2700 abbatis
1367 2642 1675 2715 Herimari,
1709 2644 1769 2699 in
1819 2644 2125 2701 Franciam

470 2734 648 2805 venit,
676 2734 901 2790 habens
922 2732 983 2788 in
1016 2732 1295 2789 comitatu
1326 2750 1431 2788 suo
1465 2734 1800 2805 praefectum
1828 2736 1885 2788 et
1905 2732 2126 2807 dignio-

473 2842 566 2882 res
614 2839 880 2897 quosque
938 2822 1230 2878 Romuleae
1271 2822 1470 2891 urbis;
1518 2826 1575 2878 et
1625 2822 1813 2879 sancti
1873 2822 2122 2897 Remigii

473 2915 830 2971 Francorum
861 2910 1108 2984 apostoli
1142 2911 1567 2967 monasterium
1607 2911 1803 2967 Remis
1834 2912 2122 2968 constitu-

471 3007 599 3060 tum
631 3000 886 3059 maximo
917 3017 1051 3056 cum
1082 3000 1300 3056 honore
1321 3000 1636 3069 dedicavit;
1667 3004 1723 3056 et
1743 3000 2119 3073 postmodum

470 3092 532 3148 in
558 3092 688 3165 ipsa
717 3091 862 3147 urbe
892 3106 1167 3163 magnam
1201 3089 1489 3162 synodum
1522 3089 2117 3163 archiepiscoporum,

2243 502 2471 575 positus
2502 503 2756 560 ecclesia:
2789 505 3114 573 Remensis,
3149 506 3204 561 in
3231 524 3337 562 suo
3359 511 3810 584 testamento,un

2244 607 2425 662 penes
2446 609 2553 647 nos
2574 610 2642 648 ex
2654 592 2849 649 codice
2866 594 3167 651 Remensis
3180 594 3425 652 ecclesiae
3442 613 3544 652 ms.
3562 597 3813 672 habemus,

2312 681 2370 735 5.
2403 679 2516 735 Alii
2547 680 2799 753 denique
2849 687 3118 739 auctores
3160 684 3566 742 dedicationem
3614 687 3813 746 ecclesiae

2247 768 2447 824 Sancti
2480 769 2727 843 Remigii
2771 770 2997 843 passim
3048 772 3280 845 scriptis
3328 773 3451 829 suis
3498 774 3812 850 celebrarunt,

2246 874 2397 930 quos
2429 858 2728 931 sigillatim
2776 877 3076 917 recensere
3123 862 3300 918 nimis
3347 867 3496 919 esset
3545 881 3811 937 operosum.

2243 949 2315 1002 At
2330 948 2423 1002 hic
2439 948 2769 1005 ommittere
2786 949 3051 1007 nonlicet
3063 968 3129 1007 ea
3144 951 3443 1008 occasione
3465 953 3653 1009 festum
3669 958 3811 1013 sancti

2247 1037 2518 1110 Remigii,
2543 1039 2696 1110 quod
2720 1039 2849 1110 jam
2872 1044 3041 1096 antea
3060 1039 3338 1097 Kalendis
3359 1040 3601 1098 Octobris
3618 1042 3811 1101 celebra-

2243 1125 2437 1195 batur,
2485 1125 2808 1184 solemnius
2865 1128 3071 1185 exinde
3088 1129 3374 1197 .evasisse,
3430 1146 3495 1186 ex
3546 1133 3809 1206 prescripto

2243 1215 2398 1271 beati
2432 1216 2669 1285 Leonis;
2694 1234 2811 1289 qua
2836 1218 2894 1272 in
2921 1236 2981 1274 re
3006 1219 3422 1276 sanctissimus
3450 1221 3675 1292 pontifex
3696 1224 3809 1278 anti-

2243 1321 2423 1377 quam
2450 1305 2703 1362 ecclesiae
2727 1307 3013 1363 Francicze
3036 1308 3095 1362 in
3117 1325 3295 1364 suum
3319 1307 3624 1381 apostolum
3640 1309 3811 1385 religio-

2243 1412 2399 1463 nem,
2433 1412 2559 1466 qua:
2590 1396 2858 1453 fortassis
2891 1397 2964 1452 ob
2992 1397 3278 1453 bellorum
3312 1397 3586 1453 tumultus
3606 1400 3810 1456 nonnihil

2242 1483 2558 1541 imminuta
2585 1485 2795 1555 fuerat,
2838 1486 2896 1542 in
2950 1485 3265 1559 pristinum
3294 1487 3543 1560 vigorem
3571 1489 3809 1556 revocavit,

2244 1574 2382 1629 data
2412 1590 2481 1630 ea
2508 1574 2578 1630 de
2607 1591 2669 1630 re
2698 1574 2865 1631 bulla
2889 1592 3068 1648 quam
3089 1574 3406 1632 Anselmus
3436 1581 3618 1632 noster
3638 1576 3688 1632 in
3711 1594 3812 1650 opu-

2242 1661 2391 1718 sculi
2424 1662 2515 1719 sui
2548 1664 2661 1719 ﬁne
2682 1662 2950 1721 inseruit.
2973 1664 3188 1721 Verum
3211 1682 3347 1720 cum
3371 1665 3427 1720 in
3448 1664 3705 1739 plerisque
3722 1665 3813 1723 Gal-

2243 1751 2455 1808 liarum
2473 1752 2614 1809 locis
2634 1753 2846 1810 iterum
2867 1754 3151 1827 tepuisset
3169 1770 3311 1827 erga
3334 1754 3727 1810 sanctissimum
3742 1772 3815 1811 an-

2240 1841 2487 1898 tistitem
2522 1842 2643 1899 haec
2691 1842 2883 1916 prisca
2931 1843 3244 1910 veneratio,
3291 1860 3493 1900 rursus
3521 1843 3729 1901 excitata
3749 1850 3813 1900 est

2241 1933 2472 1988 decreto
2491 1933 2862 1989 comitiorum
2880 1932 3240 2006 generalium
3263 1932 3402 1988 cleri
3426 1932 3812 2005 Gallicani,quod

2240 2026 2452 2094 agente
2483 2021 2752 2095 piissimo
2808 2022 3068 2078 antistite
3099 2021 3284 2079 Felice
3312 2020 3573 2079 Vialardo
3610 2020 3814 2078 Catalau-

2239 2111 2511 2167 nensium
2544 2110 2837 2184 episcopo,
2866 2110 3172 2168 Remensis
3204 2110 3511 2183 Provinciae
3540 2110 3716 2184 legato,
3747 2112 3815 2168 die

2238 2200 2308 2254 17
2331 2201 2553 2256 mensis
2583 2199 2793 2269 Martii,
2823 2217 2975 2256 anno
2998 2201 3154 2266 1657,
3177 2201 3407 2255 editum
3429 2203 3701 2272 est.Atque
3717 2201 3815 2257 inde

2237 2289 2388 2345 datae
2417 2292 2576 2360 sunt,
2610 2289 2846 2345 nomine
2876 2289 3013 2345 cleri
3036 2288 3547 2361 Gallicani,1itterae
3569 2288 3631 2343 ad
3646 2290 3820 2344 univer-

2238 2394 2333 2434 sos
2365 2377 2691 2451 episcopos,
2724 2378 2942 2451 quibus
2971 2378 3364 2435 innotesceret
3393 2382 3655 2434 statutum
3682 2376 3818 2433 fuisse

2236 2470 2302 2521 ut
2331 2465 2390 2522 in
2422 2466 2692 2523 universo
2716 2466 3039 2523 Galliarum
3070 2484 3246 2541 regno
3268 2467 3428 2524 beati
3455 2466 3677 2540 Remigii
3697 2466 3817 2522 festi-

2234 2555 2383 2611 vitas
2414 2558 2524 2611 sub
2556 2555 2773 2629 duplici
2802 2555 2917 2611 ritu
2953 2555 3193 2612 celebris
3225 2555 3558 2613 haberetur.
3580 2555 3680 2611 Has
3703 2555 3816 2610 litte-

2236 2661 2351 2714 ras,
2376 2644 2554 2701 simul
2577 2662 2709 2701 cum
2734 2644 3035 2718 privilegio
3053 2644 3250 2701 altaris
3270 2644 3610 2719 Remigiani,
3629 2644 3818 2701 inferius

2234 2733 2493 2807 integras
2525 2733 2953 2790 exhibebimus.

2301 2824 2355 2878 6.
2390 2826 2672 2879 Caeterum
2704 2840 2818 2879 non
2852 2824 3025 2880 modo
3047 2823 3198 2880 beati
3230 2823 3482 2897 Remigii
3513 2822 3818 2881 testivitasex

2233 2911 2439 2967 Leonis
2472 2912 2702 2968 decreto
2736 2912 2870 2968 inde
2900 2911 3178 2969 solemnis
3222 2914 3358 2983 fuit,
3394 2931 3583 2970 verum
3610 2913 3754 2969 etiam
3777 2912 3819 2965 et

2228 2998 2425 3072 ipsum
2460 3001 2673 3057 festum
2707 3000 3098 3057 Dedicationis
3137 3001 3363 3059 scilicet
3396 3000 3816 3059 anniversarium.

2229 3089 2391 3153 Quod
2428 3094 2635 3163 prmter
2663 3089 3072 3164 Martyrologia
3103 3090 3557 3161 Remensia,alia
3580 3091 3729 3147 etiam
3746 3105 3817 3151 ex-

471 3181 901 3255 episcoporum,
954 3180 1254 3248 abbatum,
1290 3196 1389 3235 sex
1437 3179 1645 3235 diebus
1696 3178 2028 3248 celebravit,
2060 3181 2119 3236 in
2152 3169 2195 3238 C
2232 3181 2397 3233 terna
2457 3182 2937 3235 commemorant.
2997 3179 3114 3235 Hoc
3168 3180 3474 3235 Ferrarius
3501 3180 3556 3234 in
3600 3175 3816 3250 Catalogo

471 3288 590 3344 qua
617 3271 839 3344 synodo
889 3269 999 3324 fuit
1026 3268 1336 3324 Aldwinus
1365 3267 1819 3342 Ramesigensis,
1850 3272 1906 3324 et
1935 3269 2118 3327 abbas

469 3359 811 3418 monasterii
866 3357 1059 3414 Sancti
1114 3357 1451 3431 Augustini,
1514 3375 1548 3414 a
1605 3374 1737 3430 rege
1791 3359 2116 3432 Anglorum

467 3451 757 3507 Edwardo
787 3447 886 3504 illo
908 3447 1148 3504 missus.
1173 3447 1288 3502 Hac
1315 3447 1373 3502 in
1397 3447 1615 3520 synodo
1638 3471 1665 3498 «
1699 3446 1955 3504 divinam
1984 3447 2115 3505 reli-

466 3539 700 3614 gionem
755 3537 1004 3594 nimium
1064 3537 1410 3609 tepefactam
1469 3537 1728 3594 studiose
1787 3542 2114 3611 reparatam

2228 3266 2483 3341 generali
2498 3268 2761 3324 omnium
2778 3271 3114 3325 sanctorum
3128 3269 3199 3324 ad
3213 3268 3376 3325 diem
3389 3269 3681 3325 secundam
3693 3266 3816 3321 Octo-

2226 3358 2349 3415 bris
2375 3357 2641 3428 inseruit,
2674 3357 2826 3413 sicut
2868 3361 2925 3412 et
2970 3358 3231 3414 Andreas
3262 3358 3575 3414 Saussaius
3604 3357 3656 3413 in
3696 3352 3814 3410 Mar-

2225 3446 2508 3521 tyrologio
2531 3447 2847 3514 Gallicana,
2871 3446 3036 3520 Hugo
3059 3447 3300 3503 Menard
3311 3466 3380 3505 us
3405 3448 3463 3504 in
3485 3445 3813 3513 Benedictino,

2226 3537 2541 3595 Bucelinus
2573 3537 2632 3593 in
2664 3535 3012 3610 Menologio,
3046 3541 3154 3605 etc,

1850 3756 2493 3847 PROLOGUS

1194 3951 1267 4009 ΙΝ
1308 3950 1790 4010 DEDICATIONE
1830 3952 2189 4011 ECCLESLE
2226 3951 2434 4010 BEATI
2474 3949 2759 4009 REMIGII
2798 3948 3155 4007 REMENSIS

538 4165 589 4222 1,
624 4161 861 4219 Dilectis
884 4161 944 4216 in
975 4158 1205 4216 Christo
1236 4158 1517 4215 fratribus
1549 4158 1659 4238 sub
1690 4157 1841 4215 beati
1870 4158 2117 4234 Remigii

465 4252 649 4311 tutela
686 4252 806 4308 Deo
846 4249 1261 4320 militantibus,
1296 4248 1711 4320 subsequentis
1740 4253 1942 4305 auctor
1970 4266 2116 4321 opu-

468 4343 613 4400 sculi
632 4357 907 4414 magnam
924 4337 1440 4408 incircumscriptae
1454 4336 1782 4393 dulcedinis
1796 4337 2121 4393 multitudi.

467 4447 623 4499 nem,
649 4446 826 4503 quam
850 4427 1194 4483 timentibus
1216 4442 1278 4481 se
1301 4424 1635 4498 repromisit
1656 4426 1983 4482 Deus.Cum
2006 4426 2122 4483 vita

466 4524 670 4579 nostra
689 4535 867 4591 super
895 4523 1110 4572 terram
1131 4514 1376 4570 tentatio
1402 4513 1501 4584 sit,
1524 4514 1664 4586 quia
1692 4516 1997 4571 vetustatis
2028 4516 2122 4572 de-

2228 4176 2343 4232 que
2373 4156 2623 4215 exordia.
2654 4155 2905 4212 Additur
2934 4155 3111 4212 etiam
3144 4157 3207 4211 ut
3236 4153 3385 4227 quia
3411 4171 3480 4211 ex
3506 4153 3669 4226 hujus
3690 4145 3815 4204 dedi-

2229 4246 2474 4304 cationis
2496 4244 2800 4303 occasione
2820 4261 2854 4300 a
2876 4243 3163 4301 ministris
3185 4242 3407 4299 diaboli
3431 4240 3606 4298 multa
3622 4236 3817 4295 excitata

2228 4341 2369 4393 sunt
2398 4333 2693 4402 scandala,
2722 4337 2782 4390 et
2810 4338 3013 4406 postea
3040 4351 3107 4389 ex
3140 4333 3363 4405 synodo
3390 4332 3463 4388 ab
3494 4328 3676 4387 eodem
3702 4337 3817 4399 papa

2229 4425 2448 4482 ibidem
2481 4423 2790 4490 celebrata,
2816 4422 3005 4479 multa
3035 4424 3426 4495 provenerunt
3455 4417 3628 4476 utilia.
3646 4411 3815 4483 Deinde

2228 4515 2287 4569 in
2321 4515 2434 4569 ﬁne
2463 4513 2643 4585 hujus
2674 4510 2945 4585 opusculi
2977 4511 3336 4583 subjungam
3371 4527 3497 4584 quas
3526 4523 3618 4581 per
3639 4500 3813 4579 pretio-

464 4606 742 4680 primitur
785 4606 1062 4680 pondere,
1096 4605 1165 4659 ad
1201 4602 1476 4659 novitatis
1524 4603 1807 4676 gaudium
1839 4605 2122 4677 suspendi
2156 4596 2200 4660 D
2231 4621 2363 4660 sum
2396 4604 2755 4658 Francorum
2786 4605 3097 4673 patronum
3123 4599 3480 4673 Remigium,
3506 4599 3601 4653 aut
3616 4592 3819 4680 visuaut

466 4699 749 4755 debemus
774 4697 833 4752 in
857 4694 1159 4750 charitatis
1189 4692 1555 4759 celsitudine,
1580 4709 1759 4764 quam
1780 4692 1934 4748 Deus
1957 4710 2116 4749 com-

465 4785 764 4844 mendavit
792 4786 852 4841 in
876 4783 1067 4851 nobis,
1102 4784 1162 4837 in
1186 4781 1471 4852 unigeniti
1496 4780 1620 4836 Filii
1641 4781 1733 4836 sui
1759 4780 2113 4838 humilitate.

464 4877 828 4949 Quapropter
858 4892 924 4931 ex
956 4871 1200 4944 imperio
1224 4871 1447 4926 domini
1471 4870 1699 4926 abbatis
1724 4869 2010 4925 Herimari
2033 4887 2117 4926 se-

465 4965 608 5022 riem
641 4962 1024 5021 dedicationis
1053 4961 1234 5033 hujus
1265 4958 1625 5015 sanctissimi
1650 4958 1837 5014 Patris
1857 4957 2113 5015 ecclesiae

465 5053 698 5111 silentio
731 5071 846 5109 non
879 5051 1070 5126 patiar
1088 5047 1552 5107 oblitterari.Sed
1576 5047 1856 5120 quoniam
1879 5065 1912 5103 a
1930 5048 2112 5103 beatae

465 5142 885 5199 recordationis
914 5156 1067 5214 papa
1095 5155 1249 5196 nono
1287 5139 1496 5205 Leone,
1525 5138 1641 5193 Deo
1670 5140 1926 5202 auctore,
1958 5137 2114 5193 facta

465 5234 574 5300 est,
600 5247 667 5287 eo
695 5231 883 5304 magis
905 5230 1143 5303 dignam
1166 5227 1376 5283 litteris
1398 5226 1628 5282 tradam
1651 5242 1754 5298 pro
1773 5223 2009 5281 modulo
2030 5225 2114 5281 in-

464 5318 677 5393 genioli
709 5320 843 5376 mei.
876 5319 1041 5376 Unde
1062 5318 1122 5373 in
1152 5315 1362 5391 primis
1394 5313 1597 5389 paucis
1629 5312 1944 5386 praelibabo
1973 5332 2114 5386 quo-

462 5425 598 5465 rum
626 5409 919 5466 industria
948 5410 1284 5464 constructa
1303 5404 1481 5461 fuerit
1509 5403 1766 5460 anterior
1785 5402 2113 5473 ecclesia,et

463 5512 534 5554 ex
562 5498 734 5571 cujus
759 5513 937 5553 causa
956 5496 1085 5567 jam
1116 5511 1232 5569 prae
1261 5496 1549 5552 vetustate
1579 5492 1813 5549 ruinam
1837 5491 2111 5549 minitan-

462 5585 687 5659 tis,haec
701 5602 828 5665 qua:
846 5581 1143 5651 nunc,Deo
1158 5580 2113 5659 propitiante,subsistit,sumpsit-

2229 4692 2434 4748 auditu
2467 4690 2644 4747 didici
2675 4694 2809 4762 post
2837 4690 3023 4763 ipsam
3057 4688 3487 4744 dedicationem
3516 4685 3652 4741 facta
3674 4678 3815 4735 mira-

2227 4781 2377 4837 cula.
2429 4781 2544 4836 Vos
2588 4783 2805 4844 autem,
2841 4780 3068 4845 fratres,
3103 4793 3251 4850 quos
3282 4777 3523 4833 sincera:
3549 4764 3817 4829 devotionis

2226 4871 2414 4925 fervor
2445 4867 2803 4924 unanimiter
2823 4868 2884 4922 in
2907 4868 3078 4923 domo
3098 4866 3366 4923 habitare
3392 4862 3529 4921 facit
3553 4860 3812 4917 divina.....

2224 4957 2333 5013 hoc
2363 4955 2951 5029 quantulumcunque
2971 4954 3315 5027 obsequium
3346 4952 3597 5009 fraterna
3613 4939 3813 5016 excipite

2223 5045 2645 5113 benevolentia,
2664 5060 2769 5100 nec
2790 5043 2850 5099 in
2868 5044 2953 5100 eis
2974 5047 3204 5099 tantum
3226 5041 3455 5098 venusti
3475 5036 3707 5107 cultique
3724 5045 3811 5086 ser-

2221 5134 2414 5190 monis
2444 5133 2693 5206 gratiam
2725 5131 3194 5190 considerabitis.
3224 5130 3385 5187 Unde
3407 5145 3521 5185 non
3540 5142 3635 5182 vos
3656 5119 3810 5197 pigett

2221 5221 2331 5278 hoc
2362 5221 2675 5294 aliquando
2704 5221 2918 5296 legere,
2949 5220 3087 5292 quia
3113 5219 3246 5277 licet
3270 5234 3447 5276 aurea
3490 5220 3546 5272 et
3584 5210 3809 5284 argentei

2219 5328 2361 5368 vasa
2379 5311 2441 5367 in
2469 5311 2641 5367 domo
2662 5310 2763 5368 Dei
2785 5309 2960 5367 vestri
2980 5309 3244 5366 habeatis
3264 5306 3534 5383 plurima,
3554 5320 3620 5361 ex
3636 5297 3807 5375 quibus

2221 5400 2474 5456 hauritis
2522 5398 2933 5473 grandiloquia
2977 5403 3035 5455 et
3079 5397 3356 5455 dulciﬂua
3390 5392 3574 5471 sancti
3600 5385 3805 5481 εΡίξίἚξ

2220 5489 2448 5565 pocula,
2502 5468 2698 5546 tamen
2754 5468 3053 5547 interdum
3105 5488 3244 5558 haec,
3295 5468 3559 5566 quamvis
3586 5480 3650 5539 de
3676 5468 3806 5534 ﬁctili

2218 5595 2374 5654 vase,
2406 5595 2508 5638 vos
2540 5596 2796 5639 recreare
2824 5578 3036 5655 poterit
3065 5595 3237 5656 aqua.
