4094 6158
231 273 378 342 1417

1230 269 1438 330 HIST.
1486 266 1750 331 DEDIC.
1795 263 2201 327 ECCLESUE
2244 265 2309 328 S.
2360 266 2691 330 REMIGII.

3511 274 3669 341 1418

1271 665 1809 794 INCIPIT
1907 662 2613 791 NABRATIO

292 1017 345 1070 2.
378 1012 630 1070 Basilica
660 1012 842 1086 igitur
864 1009 1103 1085 gloriosi
1133 1008 1486 1067 confessoris
1518 1003 1738 1062 Christi
1780 1005 1892 1062 Re-
1918 1005 1975 1074 Α
2004 1005 2241 1062 natibus
2274 1002 2449 1077 quasi
2485 1006 2831 1064 naturaliter
2859 1008 3228 1067 inhaererent.
3292 1010 3456 1069 Unde
3512 1012 3666 1072 sicut

225 1103 387 1177 migii
410 1120 654 1175 corpore
676 1101 979 1173 insignita,
996 1117 1124 1172 quae
1151 1115 1335 1171 usque
1358 1098 1427 1152 ad
1453 1097 1580 1151 hac
1604 1095 1892 1151 moderna

225 1191 561 1268 perduravit
582 1188 1250 1263 tempora,Remensium
1277 1186 1579 1260 quondam
1594 1183 1886 1258 archiepi-

226 1297 536 1355 scoporum
576 1280 769 1336 studio
790 1277 1084 1345 inchoata,
1114 1280 1169 1332 et
1200 1274 1554 1333 venerabilis
1585 1274 1886 1330 memoriae

136 1422 147 1428 -
224 1371 541 1429 Hincmaro
600 1385 800 1424 eorum
848 1382 1182 1423 successore
1239 1367 1677 1428 consummata,
1730 1381 1884 1420 anno

226 1456 513 1515 incarnati
546 1454 718 1511 Verbi
758 1454 1242 1526 octingentesimo
1274 1451 1771 1526 quinquagesimo
1799 1467 1884 1507 se-

225 1547 415 1604 cundo
448 1547 522 1601 ab
552 1542 678 1616 ipso
711 1548 799 1599 est
828 1542 1113 1599 dedicata.
1148 1543 1280 1608 Quae
1314 1541 1555 1614 quidem
1590 1557 1704 1595 non
1739 1540 1883 1596 adeo

222 1635 448 1709 operosi
475 1632 703 1689 aedificii
722 1631 971 1688 solidata
993 1636 1080 1686 est
1096 1647 1151 1685 m
1163 1627 1885 1705 unitione,quoniam,bar-

224 1728 374 1781 baraa
405 1724 693 1789 nationes,
728 1739 835 1794 per
882 1720 939 1775 id
994 1720 1276 1792 temporis
1334 1719 1485 1774 hanc
1534 1718 1882 1773 infestantes

224 1810 599 1886 provinciam,
634 1809 920 1882 frequenti
945 1808 1279 1862 incursione
1302 1806 1579 1879 praefatos
1601 1804 1881 1877 praesules

223 1902 296 1957 ab
324 1898 665 1971 hujusmodi
695 1897 1127 1971 prmpediebant
1150 1896 1475 1952 intentione
1500 1913 1513 1963 ;
1544 1896 1701 1950 unde
1724 1895 1881 1950 intra

223 1994 454 2046 centum
488 1987 919 2061 quinquaginta
949 1988 1006 2041 et
1036 1986 1181 2040 duos
1234 2001 1421 2039 annos
1474 1989 1641 2039 tanta
1672 1988 1763 2039 est
1792 1986 1879 2037 at-

224 2078 359 2135 trita
386 2079 692 2143 vetustate,
722 2079 787 2131 ut
807 2074 933 2146 jam
960 2074 1032 2128 ad
1059 2088 1261 2128 casum
1286 2072 1695 2145 pr0pinquans
1719 2088 1881 2143 repa-

225 2168 509 2224 rationem
530 2166 622 2222 sui
644 2164 944 2220 videretur
963 2162 1385 2235 exigere.Anno
1399 2178 1536 2217 vero
1561 2159 1878 2216 Dominicae

226 2254 642 2313 incarnationis
673 2252 991 2309 millesimo
1016 2251 1245 2324 quinto,
1282 2256 1415 2323 post
1447 2250 1876 2323 reparationem

228 2349 419 2401 autem
446 2341 780 2398 monasticae
811 2340 1111 2414 religionis
1142 2356 1244 2413 per
1273 2339 1581 2437 Rugonem
1620 2338 1877 2440 pseudo-
1905 2373 1955 2440 Β

227 2433 565 2506 episcodum
600 2430 740 2486 inibi
771 2430 986 2487 factam
1044 2428 1408 2501 sexagesimo
1462 2428 1745 2491 secundo,
1800 2426 1875 2482 ab

227 2521 466 2579 Arnulfo
505 2517 916 2591 archipraesule
946 2516 1135 2573 eidem
1163 2515 1287 2572 loco
1321 2516 1629 2572 ordinatus
1661 2520 1751 2571 est
1780 2514 1877 2570 Ai-

232 2610 437 2667 rardus
466 2609 669 2679 abbas,
699 2610 836 2680 post
875 2604 1257 2661 Hincmarum
1292 2604 1395 2676 (1,)
1427 2604 1733 2676 praecipuae
1774 2603 1880 2658 bo-

230 2697 427 2754 nitatis
471 2696 663 2751 virum
723 2700 781 2749 et
828 2693 888 2749 in
919 2691 1225 2748 cmnobiali
1286 2697 1619 2757 strenuum,
1675 2690 1882 2746 ordine

229 2790 448 2844 sextus.
482 2784 588 2848 Qui
621 2781 903 2839 Airardus
933 2796 1067 2836 cum
1096 2780 1290 2853 sagaci
1320 2779 1653 2836 intenderet
1680 2778 1879 2835 animo

229 2875 426 2949 plures
476 2870 767 2929 Dominici
824 2869 1020 2944 gregis
1078 2874 1343 2940 pastores
1401 2885 1514 2924 sua
1569 2872 1738 2924 etate
1776 2882 1882 2938 per

230 2962 447 3020 Gallias
502 2960 809 3025 enituisse,
873 2958 974 3031 qui
1044 2956 1318 3013 ecclesias
1397 2974 1536 3014 suas
1595 2973 1663 3013 ex
1715 2960 1881 3011 vetu-

229 3057 378 3109 state
430 3050 489 3105 in
552 3047 834 3122 potiorem
867 3050 1088 3103 statum
1137 3046 1488 3101 studuerant
1541 3046 1879 3104 reformare,

228 3137 569 3198 deliberavit
588 3141 643 3193 et
668 3137 791 3209 ipse
812 3152 1051 3207 operam
1075 3133 1353 3190 adhibere
1373 3134 1432 3189 in
1466 3135 1595 3206 ejus
1614 3151 1740 3206 qua:
1768 3132 1880 3194 sibi

229 3228 548 3285 commissa
584 3231 707 3282 erat
763 3223 1153 3281 renovatione.
1188 3222 1552 3296 Quapropter
1608 3222 1749 3278 viris
1781 3219 1881 3292 qui

229 3316 631 3374 architectura:
663 3312 832 3387 periti
856 3314 1195 3368 ferebantur
1225 3310 1444 3377 ascitis,
1470 3310 1655 3367 futuri
1682 3307 1881 3380 templi

230 3406 510 3464 fabricam
542 3423 610 3462 ex
640 3403 886 3477 quadris
917 3401 1213 3474 lapidibus
1243 3401 1463 3473 erigere
1495 3401 1670 3474 cmpit
1696 3418 1730 3456 a
1758 3400 1886 3453 fun-

231 3491 739 3560 damentis,multo
753 3491 991 3564 quidem
1007 3488 1394 3562 operosiorem
1421 3487 1538 3544 illis
1550 3505 1725 3562 quam
1745 3504 1887 3560 pra:-

232 3588 501 3641 notatum
533 3586 622 3639 est
650 3580 707 3636 in
735 3578 957 3637 Gallico
997 3594 1173 3650 regno
1200 3581 1502 3633 renovatae
1533 3582 1591 3632 et
1621 3575 1887 3634 ambitio-

230 3672 723 3744 siorem,ideo‘que
739 3669 851 3725 sibi
866 3667 976 3724 sibi
992 3672 1048 3723 et
1064 3665 1204 3722 illus
1219 3666 1318 3721 aevi
1335 3665 1677 3722 hominibus
1692 3667 1888 3721 incon-

1996 1093 2128 1149 aliis
2163 1092 2487 1148 contractis
2520 1110 2646 1149 mos
2666 1100 2774 1164 est,
2794 1114 2910 1153 non
2940 1097 3141 1154 valens
3168 1115 3297 1156 sese
3319 1117 3421 1173 per
3444 1104 3662 1160 terram

1996 1182 2274 1239 scabellis
2292 1181 2368 1236 ad
2392 1182 2845 1241 mendicandum
2862 1187 3112 1259 trahere,
3126 1187 3392 1244 vehiculo
3405 1191 3660 1263 quodam

1995 1287 2099 1344 per
2124 1277 2335 1328 sancta
2367 1268 2493 1325 loca
2525 1276 2644 1327 tam
2678 1275 2938 1344 petenda:
2979 1275 3176 1349 stipis,
3210 1294 3388 1348 quam
3422 1296 3661 1354 recupe-

1996 1361 2190 1415 raeda?
2220 1358 2435 1414 salutis
2457 1360 2665 1431 gratia,
2690 1380 2723 1415 a
2755 1381 2860 1418 suo
2881 1364 3440 1425 circumducedatur
3458 1368 3656 1427 fratre.

1994 1449 2119 1513 Qua
2148 1449 2221 1504 de
2255 1465 2317 1503 re
2350 1447 2571 1504 factum
2602 1455 2692 1507 est
2724 1457 2788 1507 ut
2814 1453 2989 1509 etiam
3013 1453 3087 1510 ad
3120 1471 3271 1530 saepe
3293 1459 3660 1515 memorandi

1992 1537 2345 1611 protectoris
2369 1538 2556 1593 nostri
2591 1539 2837 1613 Remigii
2863 1541 3169 1603 basilicam
3191 1543 3659 1617 deduceretur,et

1993 1628 2052 1682 in
2075 1625 2223 1681 hora
2241 1643 2361 1698 qua
2373 1641 2541 1682 sacra
2555 1627 2870 1686 missarum
2885 1629 3173 1688 solemnia
3190 1632 3653 1706 celebrabantur,

1992 1720 2128 1771 ante
2161 1718 2436 1770 sanctum
2469 1715 2651 1772 altare
2685 1718 2757 1773 ab
2787 1719 2989 1775 eodem
3026 1737 3307 1793 germano
3328 1739 3435 1779 suo
3456 1724 3658 1797 depor-

1992 1808 2237 1886 taretur.
2270 1804 2534 1877 Cumque
2558 1806 2685 1877 jam
2709 1824 2742 1863 a
2763 1808 3050 1867 ministris
3074 1809 3219 1866 illud
3245 1810 3654 1886 incorruptum

1991 1884 2394 1966 perciperetur
2422 1893 2686 1965 epulum,
2721 1897 2791 1951 ab
2825 1896 2924 1953 illo
2959 1898 3410 1973 miserationum
3444 1884 3650 1971 indefi-

1991 1981 2166 2037 cienti
2210 1982 2367 2037 fonte
2428 1981 2637 2040 salutis
2698 1987 2990 2042 emanavit
3046 1987 3291 2045 donum.
3323 1989 3584 2046 Calcanei
3617 2008 3652 2053 a

1989 2069 2438 2143 posterioribus,
2473 2073 2691 2143 quibus
2723 2074 2962 2147 impacti
3019 2081 3206 2145 erant,
3234 2077 3294 2133 in
3350 2084 3649 2145 momento

1989 2163 2295 2230 cmperuut
2327 2159 2517 2228 avelli,
2550 2160 2753 2234 eisque
2782 2165 2856 2219 ad
2886 2180 3215 2237 congruum
3250 2166 3447 2223 divino
3497 2172 3646 2229 nutu

1987 2247 2376 2303 redeuntibus
2408 2249 2696 2318 ordinem,
2731 2251 2803 2307 ad
2863 2252 3151 2310 indicium
3185 2254 3451 2311 miraculi
3509 2257 3647 2315 inde

1987 2336 2344 2391 efﬂuxerunt
2365 2337 2723 2411 sanguinum
2756 2339 2885 2395 rivi.
2919 2343 3056 2408 Quae
3088 2343 3190 2398 Dei
3224 2343 3521 2417 magnalia
3536 2344 3649 2401 fra-

1987 2429 2105 2480 tres
2144 2424 2245 2496 qui
2305 2426 2553 2481 aderant
2605 2426 3067 2497 considerantes,
3128 2429 3315 2504 signis
3367 2431 3642 2504 pulsatis,

1986 2512 2294 2584 operatrici
2328 2513 2622 2586 majestati
2644 2515 2891 2595 devotas
2923 2516 3242 2576 concinunt
3272 2520 3497 2581 laudes.

2058 2603 2110 2656 4.
2142 2603 2437 2658 Accrescit
2488 2604 2777 2659 devotioni
2833 2606 3087 2678 devotio,
3119 2611 3177 2663 et
3218 2608 3639 2681 omnipotentis

1986 2691 2173 2747 virtus
2194 2690 2388 2747 dilecti
2418 2692 2507 2747 sui
2537 2692 2785 2766 Remigii
2817 2694 3028 2750 merita
3052 2695 3346 2768 reciproco
3381 2694 3640 2752 declarat

1988 2777 2292 2834 miraculo.
2321 2780 2636 2851 Postquam
2695 2781 2854 2836 enim
2909 2798 3089 2856 super
3115 2784 3296 2855 pedes
3351 2782 3641 2857 paulatim

1989 2869 2253 2923 ﬁrmatos
2283 2867 2439 2923 idem
2472 2867 2731 2924 constitit
2749 2885 2992 2944 pauper,
3016 2887 3148 2927 ecce
3169 2870 3507 2931 scabellulis
3526 2877 3641 2930 tra-

1990 2956 2136 3011 hens
2160 2972 2288 3011 sese
2311 2959 2646 3012 contractus
2666 2958 3012 3016 adveniebat
3028 2958 3331 3035 alter,qui,
3346 2967 3644 3038 comperta

1991 3044 2277 3100 Dominici
2309 3045 2499 3116 operis
2530 3046 2786 3103 novitate
2816 3065 2994 3122 super
3032 3048 3311 3122 invalido,
3340 3051 3643 3127 ingressus

1992 3138 2079 3189 est
2103 3137 2501 3204 properanter,
2536 3137 2599 3188 ut
2641 3139 2697 3190 et
2720 3135 2844 3208 ipse
2875 3143 3197 3195 mereretur
3224 3141 3444 3214 perfrui
3473 3157 3642 3197 recu-

1994 3225 2200 3303 peratae
2214 3221 2486 3279 sanitatis
2509 3222 2925 3282 emolumento.
2945 3226 3060 3283 Nec
3082 3227 3304 3287 diutius
3321 3246 3488 3285 cassa
3508 3246 3643 3305 spes

1992 3310 2360 3382 prsperantis
2392 3311 2648 3381 exstitit;
2683 3314 2785 3369 sed
2808 3320 3125 3389 antequam
3149 3318 3221 3373 ad
3243 3318 3428 3379 sancti
3451 3335 3645 3394 perve-

1996 3398 2115 3453 niat
2137 3398 2492 3470 sepulcrum,
2518 3406 2716 3473 optata
2738 3403 2899 3459 salus
2922 3406 2993 3461 ad
3004 3406 3111 3462 fuit
3136 3423 3148 3464 :
3175 3407 3332 3464 nervi
3354 3409 3466 3465 sub
3485 3408 3646 3483 geni-

1993 3487 2125 3556 bus,
2160 3489 2261 3560 qui
2313 3489 2672 3561 jamdudum
2732 3494 2965 3549 retracti
3027 3496 3408 3570 diriguerant,
3441 3503 3646 3554 exten-

1994 3577 2233 3646 duntur,
2258 3578 2449 3634 officio
2470 3580 2687 3652 pedum
2711 3581 2813 3637 diu
2834 3582 3065 3640 insueto
3088 3586 3189 3657 qui
3221 3585 3459 3643 acclinis
3482 3587 3650 3642 adve-

1998 3670 2184 3733 nerat,
2218 3683 2280 3722 se
2312 3684 2568 3740 superna
2597 3670 2788 3742 gratia
2817 3672 3079 3745 erigente
3134 3674 3361 3743 nititur,
3403 3680 3463 3747 et
3515 3678 3648 3731 ante

230 3737 673 3819 summabilem.
718 3758 866 3814 Nam
910 3756 1028 3812 ubi
1088 3773 1191 3829 per
1244 3756 1449 3828 viginti
1499 3762 1556 3812 et
1600 3760 1728 3813 octo
1768 3757 1885 3811 fere
1915 3737 1959 3805 C
1998 3770 2196 3810 sacros
2229 3737 2581 3812 illius—artus
2600 3737 2719 3829 vper
2738 3737 3325 3831 cujus'interventum
3348 3737 3465 3829 sibi
3488 3762 3648 3821 salus

233 3867 424 3908 annos
455 3847 750 3923 pastorale
779 3846 1037 3902 ofﬁcium
1070 3845 1523 3911 administravit,
1559 3846 1722 3901 senio
1751 3861 1886 3901 con-

236 3942 427 3996 fectus
462 3942 766 4011 cmptoque
797 3934 955 4008 operi
1002 3935 1192 4010 tinem
1225 3950 1340 3989 non
1383 3933 1714 4005 imponens,
1772 3932 1892 3987 vita

236 4029 511 4087 decessit.

301 4117 367 4174 3.
399 4117 587 4188 Hujus
610 4131 746 4190 ergo
781 4118 1036 4186 tempore
1056 4112 1128 4167 ad
1152 4111 1304 4167 beati
1325 4109 1573 4184 Remigii
1592 4110 1890 4167 tumulum

236 4207 439 4263 divina
468 4207 652 4261 virtus
685 4220 746 4260 se
778 4199 1048 4275 plurimis
1071 4200 1382 4256 declaravit
1398 4199 1720 4268 miraculis,
1747 4216 1890 4271 quo-

236 4312 376 4352 rum
407 4296 522 4350 duo
567 4291 857 4365 quaedam,
891 4305 1018 4362 quae
1074 4304 1179 4361 ego
1210 4305 1354 4362 puer
1408 4289 1706 4362 conspexi,
1755 4287 1893 4343 huic

238 4381 564 4440 narrationi
596 4379 788 4437 insere
810 4395 996 4451 operae
1028 4377 1281 4452 pretium
1312 4377 1470 4433 duxi.
1532 4379 1710 4434 Debet
1737 4376 1892 4434 enim

238 4471 478 4529 dilectio
507 4472 699 4526 vestra
724 4467 956 4524 veniam
989 4466 1147 4536 dare,
1183 4466 1229 4521 si
1262 4471 1469 4539 praeter
1497 4482 1565 4522 ea
1605 4484 1731 4539 qua:
1764 4484 1893 4539 pro-

238 4560 411 4616 misit
438 4557 714 4632 prologue
766 4555 964 4628 aliqua
1019 4555 1389 4622 interseram,
1435 4571 1561 4626 quas
1618 4562 1811 4611 tamen
1845 4556 1893 4611 si

236 4646 447 4705 sciatis
477 4664 590 4704 non
625 4647 702 4703 sit
729 4645 955 4701 inutile.
991 4646 1055 4700 ln
1085 4643 1223 4700 villa
1241 4643 1430 4700 sancti
1457 4644 1715 4718 Dionysii
1748 4662 1899 4701 mar-

1997 3843 2369 3916 proveniebat
2394 3845 2613 3917 gratias
2645 3851 2883 3903 acturus
2915 3848 3259 3923 ingreditur.
3295 3853 3424 3908 Haec
3444 3853 3650 3909 videns

2003 3933 2249 3988 fratrum
2281 3937 2599 3989 conventus
2630 3934 2859 3992 divinas
2880 3935 3210 4010 ingeminat
3227 3938 3449 4009 laudes,
3471 3945 3527 3997 et
3548 3937 3649 4011 qui

2000 4021 2058 4077 in
2090 4020 2278 4076 vicino
2310 4020 2484 4095 positi
2516 4038 2584 4076 ea
2614 4022 2882 4093 audiunt,
2915 4026 2987 4081 ad
3021 4030 3142 4082 tam
3168 4027 3502 4098 jucundum
3525 4042 3653 4098 spe-

2001 4116 2295 4166 ctaculum
2329 4110 2631 4167 conﬂuunt
2652 4111 2894 4170 alacres.
2915 4114 3073 4172 Duos
3095 4115 3298 4186 inopes
3320 4114 3494 4188 paulo
3515 4118 3650 4170 ante

2001 4200 2392 4272 corruptionis
2417 4199 2688 4256 humanae
2723 4201 2962 4259 miseria
2992 4203 3124 4260 licet
3152 4203 3373 4276 dispari
3417 4219 3647 4277 compe-

2003 4288 2176 4356 ditos,
2211 4287 2326 4343 illic
2358 4288 2657 4360 expeditos
2714 4289 3029 4362 aspiciunt,
3090 4291 3344 4365 indeque
3375 4296 3559 4348 Deum
3589 4290 3649 4349 in

2004 4377 2224 4434 sanctis
2250 4376 2375 4434 suis
2401 4377 2726 4434 mirabilem
2749 4378 3148 4445 collaudantes
3166 4381 3237 4436 ad
3258 4397 3367 4437 sua
3387 4379 3503 4436 lati
3525 4379 3652 4435 red-

2005 4471 2163 4522 eunt.
2197 4468 2412 4523 Eorum
2447 4472 2645 4523 autem
2689 4485 2864 4537 unus,
2926 4470 3027 4543 qui
3084 4469 3292 4543 majori
3347 4473 3653 4543 exemptus

2005 4560 2130 4613 erat
2159 4556 2499 4625 infortunio,
2546 4556 2949 4616 intercessoris
2999 4558 3091 4616 sui
3146 4575 3345 4617 amore
3398 4557 3653 4633 aggluti-

2009 4651 2182 4701 natus
2212 4646 2525 4719 praecipuo,
2561 4663 2749 4718 usque
2805 4647 2877 4703 ad
2910 4651 3158 4705 mortem
3191 4648 3251 4704 in
3312 4644 3653 4706 monasterii

236 4736 394 4810 tyris
426 4753 553 4808 quae
583 4734 796 4791 dicitur
829 4733 1019 4789 Curtis
1051 4730 1329 4804 Superior
1374 4734 1743 4803 (Comevreu),
1777 4737 1901 4790 erat
2009 4735 2307 4808 obsequiis
2337 4736 2725 4809 perseveravit
2757 4752 2771 4790 :
2806 4735 2954 4792 alter
2979 4754 3112 4794 vero
3141 4736 3463 4811 pistoribus
3503 4736 3653 4792 sola-

236 4824 490 4898 qnidam
520 4822 825 4879 mendicus
847 4819 1074 4876 occulto
1105 4819 1444 4891 Deijudicio
1466 4826 1638 4875 tanta;
1665 4820 1901 4877 calami-

235 4913 392 4970 tatis
428 4911 744 4968 infortunio
803 4926 1062 4983 pressus,
1095 4913 1161 4963 ut
1205 4908 1382 4980 pedes
1418 4907 1499 4963 illi
1560 4910 1898 4967 ambulandi

234 5001 585 5059 subsidium
616 5000 985 5073 denegarent,
1019 5001 1077 5053 et
1098 4996 1353 5053 caleanei
1379 4998 1508 5070 ejus
1534 5002 1683 5055 retro
1706 4998 1901 5057 inﬂexi

1932 5110 1981 5176 D

322 5189 404 5264 (1)
424 5189 479 5247 Is
500 5193 590 5246 est
601 5188 841 5264 primus
862 5187 1043 5243 abbas
1063 5184 1348 5264 regularis
1369 5202 1522 5264 anno
1542 5186 1647 5264 9511
1664 5187 1901 5264 electus,

2008 4823 2158 4880 tium
2179 4822 2482 4896 aliquanto
2505 4829 2764 4896 tempore
2785 4824 3086 4891 exhibens,
3104 4827 3342 4882 tandem
3363 4824 3652 4893 discessit,

2085 4915 2139 4967 5.
2172 4912 2274 4967 His
2306 4913 2485 4985 igitur
2501 4912 2757 4981 omissis,
2784 4918 2851 4969 ut
2871 4915 2942 4970 ad
2969 4914 3277 4987 propositae
3304 4913 3656 4970 narrationis
3690 4942 3699 4949 κ

2013 4993 2222 5050 seriem
2254 4996 2581 5063 redeamus,
2615 4994 2814 5050 abbati
2848 4995 2923 5068 (2)
2956 4996 3221 5066 Airardo,
3253 5001 3320 5053 ut
3347 4996 3658 5070 praafatum

2089 5181 2464 5251 (2)Airardus
2495 5182 2638 5238 obiit
2661 5200 2814 5240 anno
2858 5184 3012 5253 1031,
3045 5200 3115 5240 ex
3152 5183 3436 5254 Marloto;
3470 5184 3662 5242 Theo-

234 5254 397 5319 cuin
410 5266 585 5319 antea
601 5254 920 5339 Remenses
938 5254 1262 5339 pontifices,
1286 5257 1463 5339 simul
1486 5254 1911 5339 archiepiscopi
2020 5254 2253 5339 dvericus
2270 5256 2397 5339 ejus
2410 5270 2713 5339 successor
2728 5256 2882 5324 104x,
2898 5257 2989 5338 cui
3005 5262 3287 5339 successit
3299 5256 3660 5339 Herimarus.

234 5337 455 5391 essent
483 5339 541 5391 et
572 5332 814 5388 abbates
839 5350 852 5401 ;
888 5325 1043 5403 quod
1066 5333 1260 5403 tamen
1278 5328 1524 5403 aprima
1546 5325 1912 5403 institutione
2022 5327 2243 5403 Horum
2256 5325 2551 5399 epitaphia
2570 5326 2748 5403 etiam
2768 5344 2924 5403 nunc
2938 5327 3283 5403 visunturin
3303 5328 3666 5403 monasterio

235 5405 517 5461 alienum
537 5398 922 5460 erat.Nam'E'
943 5399 1220 5474 iphanius
1241 5398 1421 5455 abbas
1444 5400 1640 5457 Sancti
1664 5402 1913 5481 Remigii
2024 5398 2383 5471 Remigiano,
2413 5414 2540 5470 quae
2570 5398 2784 5479 videsis
2806 5400 2963 5455 edita
2994 5416 3029 5455 a
3073 5400 3152 5456 ud
3174 5400 3487 5459 Marlotum
3506 5405 3665 5458 temo

235 5482 521 5528 temnere
561 5474 771 5528 Egidii
804 5419 1225 5528 archienisconi
1267 5478 1626 5528 memoratur
1647 5491 1681 5528 a
1702 5475 1741 5528 S
1766 5476 1910 5528 Gre-
2025 5474 2047 5528 Ι
2080 5470 2322 5528 Metron.
2356 5469 2678 5528 Rem..l1b.
2713 5487 2796 5528 ιιι.
2832 5487 2959 5528 can.
2995 5416 3080 5528 1E.

231 5482 521 5549 tempore
561 5474 771 5549 Egidii
804 5490 901 5530 arc

235 5542 426 5626 goria
449 5542 667 5605 Turon'.
700 5544 805 5601 lib.
837 5561 873 5600 x
910 5542 1185 5601 Historiae
1206 5543 1408 5612 Frane,
1444 5561 1548 5618 cap
1591 5544 1669 5604 l9.

585 5673 850 5737 ΡΑτιιοῐ..
898 5670 1127 5733 CXLII.

950 5470 1245 5545 {episcopi
1267 5478 1681 5545 memoratura
1702 5475 1741 5532 S
1766 5470 1910 5536 cia-

2025 5474 2047 5529 Ι
2080 5469 2322 5544 Metrop.
2356 5469 2543 5540 Re’m.,
2568 5469 2678 5524 lib.
2713 5487 2796 5539 ιιι,
2832 5487 2959 5545 cap.
2995 5469 3080 5529 111.

3274 5676 3351 5738 45
