4094 6158
542 269 696 329 HIS)

1466 262 1808 325 ANSELMI
1855 260 2207 358 MQNACHI
2256 259 2558 322 REMIGII
2606 259 3022 322 REMENSIS.

3705 264 3820 330 uso

542 407 650 468 est,
685 401 802 456 vita
830 402 1095 469 exempto
1129 397 1410 452 successit
1438 397 1852 465 Theodericus,
1882 415 1915 452 a
1935 396 2180 450 Widonc
2211 395 2266 460 Α
2301 395 2550 448 maxime
2583 398 2794 450 sancta:
2829 393 3121 464 religionis
3142 398 3417 449 amatores
3433 395 3607 451 devota
3625 400 3819 457 eXCOlL'lls‘

543 488 814 544 Remensi
842 477 1276 559 archiepiscopo
1308 485 1524 542 ibidem
1558 487 1881 542 ordinatus.
1915 486 2019 553 Qui
2053 503 2185 541 eum

544 577 797 650 plurima
831 575 1236 632 ecclesiasticae
1269 575 1509 631 utilitati
1531 577 1836 647 profutura
1855 577 2190 631 decerneret

541 663 1571 737 disponere,deliberavitreparationi
1586 664 1839 720 ecclesiae
1862 681 2186 736 suae,quam

541 770 685 809 suus
716 754 1106 824 praedecessor
1152 752 1484 825 inemperat,
1543 771 1784 808 manum
1819 751 2187 825 perfectionis

540 841 861 912 imponere.
893 842 1110 897 Verum
1147 843 1287 914 quia
1318 859 1490 916 grave
1519 843 1698 899 nimis
1727 846 1786 898 et
1841 841 2188 913 inexplebile

539 930 651 986 sibi
675 929 818 985 illud
842 935 966 986 erat
986 932 1326 1004 inemptum,
1360 932 1700 988 deliberatio
1726 947 1956 1004 quoque
1987 947 2115 996 sua,
2137 930 2187 984 si

537 1018 595 1073 id
627 1017 953 1076 intenderet
982 1019 1244 1092 implere,
1277 1020 1582 1076 videbatur
1609 1037 1724 1076 non
1757 1019 2030 1075 habitura
2060 1019 2199 1088 effe-_

539 1111 721 1162 ctum.
758 1109 1035 1173 Quocirca
1064 1126 1266 1166 eorum
1326 1109 1426 1180 qui
1474 1109 1626 1164 inter
1682 1109 1793 1164 sibi
1837 1107 2186 1163 commissos

537 1197 944 1268 prudentiores
992 1198 1378 1265 habebantur,
1414 1202 1471 1254 et
1524 1197 1821 1253 seniorum
1882 1196 2185 1252 Remensis

537 1286 851 1357 provinciae
881 1287 1125 1344 consilio
1159 1305 1322 1354 usus,
1375 1287 1693 1343 difficulter
1747 1301 2059 1358 aggressus
2099 1288 2188 1339 est

539 1373 882 1432 inchoatum
925 1377 1154 1432 diruere
1187 1394 1334 1448 opus
1365 1393 1378 1433 :
1411 1393 1525 1448 quo
1560 1392 1705 1448 pene
1736 1375 1948 1442 diruto,
1976 1379 2033 1429 et
2059 1375 2186 1429 fun-

536 1462 830 1520 damentis
861 1465 1214 1536 quibusdam
1245 1465 1482 1530 relictis,
1518 1482 1644 1536 quae
1701 1464 2034 1519 architectis
2062 1463 2188 1519 visa

539 1555 681 1607 sunt
711 1554 1040 1608 necessaria
1072 1554 1191 1609 fore
1222 1553 1436 1609 futuris
1468 1553 1754 1621 aedificiis,
1786 1552 2042 1608 divinam
2084 1553 2184 1608 do-

537 1654 703 1693 mum
737 1641 908 1712 coapit
938 1641 1158 1697 facilori
1193 1643 1428 1714 quidem
1462 1646 1774 1707 structura,
1811 1642 1911 1698 sed
1944 1659 2059 1696 non
2091 1641 2185 1696 in-

537 1728 866 1786 deeentiore
898 1736 1254 1800 construere,
1297 1737 1363 1786 ut
1411 1737 1712 1803 aspectum
1766 1730 2181 1786 adhibentibus

534 1816 704 1872 facile
735 1822 823 1873 est
851 1823 1234 1886 cernere.Qua
1256 1820 1505 1891 incoepta
1528 1821 1772 1875 feliciter
1800 1838 1952 1875 anno
1975 1819 2181 1891 quinto

535 1921 655 1959 sua:
689 1907 1099 1976 ordinationis,
1134 1911 1358 1966 accensi
1392 1915 1528 1965 sunt
1559 1909 1754 1981 plures
1785 1908 2051 1963 catholici
2079 1908 2181 1962 viri

534 1994 756 2052 fervore
787 1997 993 2052 divinae
1021 1998 1342 2071 religionis,
1377 2005 1436 2054 ut
1469 2017 1570 2071 pro
1595 1998 1912 2053 facinorum
1938 2015 2180 2052 suorum

534 2083 847 2141 abolitione
887 2091 1317 2159 parentumque
1347 2105 1612 2154 suorum,
1648 2104 1895 2158 quorum
1939 2104 2182 2158 corpora

533 2170 612 2226 ibi
644 2173 886 2229 humata
911 2181 1097 2242 erant,
1133 2175 1350 2247 requie,
1378 2193 1480 2248 pro
1514 2193 1682 2246 posse
1704 2176 1775 2229 ad
1804 2176 1859 2229 id
1883 2193 2030 2247 opus
2051 2193 2181 2230 con-

533 2258 1985 2334 dignasubsidiastuderentsuppeditare.Nonnulli
2002 2265 2176 2318 etiam

534 2346 605 2400 de
637 2347 1025 2402 ecclesiastica
1058 2350 1278 2404 familia
1329 2368 1504 2405 suum
1567 2350 1846 2405 auxilium
1909 2357 2179 2423 prompta

535 2433 912 2505 impederunt
943 2437 1358 2506 benevolentia,
1390 2437 1631 2508 suisque
1665 2438 1943 2509 plaustris
1974 2444 2028 2493 et
2077 2441 2176 2495 bo-

533 2522 665 2590 bus,
695 2525 873 2579 tantis
897 2525 1162 2597 inemptis
1185 2527 1572 2599 competentia
1588 2527 1942 2582 advexerunt
1962 2544 2135 2582 onera
2162 2547 2174 2596 ;

533 2610 733 2684 sicque
767 2613 1164 2671 fundamentis
1196 2615 1253 2670 in
1287 2616 1503 2688 quibus
1536 2615 1676 2671 locis
1711 2633 1824 2670 non
1847 2621 2010 2672 erant
2032 2616 2177 2673 loca-

533 2699 631 2772 tis,
665 2705 722 2757 et
773 2703 1064 2758 columnis
1097 2721 1164 2759 ex
1196 2704 1390 2759 diruto
1451 2704 1626 2776 priori
1671 2703 1914 2758 aediﬁcio
1942 2721 2174 2777 compc-

528 2791 716 2845 tenter
745 2791 1064 2863 dispositis,
1100 2810 1269 2848 arcus
1301 2811 1478 2865 super
1507 2811 1603 2847 eas
1646 2792 1952 2865 diligenter
1994 2793 2174 2849 voluti

528 2885 965 2953 consurgere,et
983 2881 1236 2937 basilicae
1253 2881 1631 2937 fabricainter
1651 2899 1862 2937 manus
1881 2881 2173 2940 artificum

526 2969 699 3040 coepit
720 2969 1055 3026 clarescere.
1081 2971 1245 3025 Tunc
1261 2971 1386 3041 jam
1408 2969 1826 3026 vestibulorum
1852 2971 2174 3043 parietibus

524 3059 784 3131 undique
815 3060 1042 3126 erectis,
1076 3063 1132 3114 et
1161 3059 1455 3115 interioris
1487 3060 1686 3131 templi
1711 3060 1959 3132 fastigiis
1990 3061 2172 3118 altius

523 3146 1017 3215 elevatis,vetusta
1035 3147 1280 3204 ecclesia
1298 3130 1685 3204 abHincmaro
1710 3130 2167 3223 archiepiscopo,
2199 3130 2242 3198 C

524 3239 590 3291 ut
619 3235 841 3292 dictum
873 3237 1323 3309 est,‘antiquitus
1351 3237 1734 3305 dedicata,est
1763 3254 1964 3294 eversa
1985 3239 2173 3295 fundi-

524 3328 649 3394 tus;
669 3329 725 3380 et
746 3325 876 3380 vilis
899 3325 1134 3382 interim
1156 3326 1288 3381 tecti
1311 3326 1795 3398 coopertoriolum
1819 3327 2168 3384 fabricatum

525 3431 704 3486 super
735 3413 980 3470 chorum
1021 3414 1291 3483 fratrum,
1327 3415 1426 3470 ubi
1461 3416 1681 3488 absque
1740 3416 2170 3488 iniquietudine

521 3506 826 3558 ventorum
858 3508 915 3558 et
942 3502 1271 3574 pluviarum
1303 3503 1516 3559 divinis
1544 3510 1782 3576 possent
1809 3523 2014 3573 vacare
2043 3505 2167 3562 lau-

525 3590 722 3645 dibus.
755 3595 942 3661 Supra
972 3591 1309 3663 sepulcrum
1339 3608 1472 3648 vero
1503 3593 1652 3648 beati
1688 3594 1935 3668 Remigii
1968 3599 2170 3668 crypta

523 3684 858 3736 constructa
887 3684 995 3745 est,
1029 3679 1166 3735 licet
1186 3698 1381 3752 parva,
1405 3681 1653 3754 ideoque
1674 3685 1793 3739 toto
1815 3685 2038 3756 corpori
2059 3702 2166 3740 suo

522 3767 1114 3841 incongrua,pulchre
1132 3773 1327 3824 tamen
1350 3769 1641 3825 columnis
1663 3775 1718 3825 et
1730 3773 1981 3827 arcubus
2001 3772 2163 3830 fulta.

525 3857 805 3914 Prmfatus
827 3874 1081 3929 namque
1098 3858 1280 3914 abbas
1296 3859 1571 3914 assiduus
1586 3859 1846 3915 hortator
1859 3861 2162 3929 assistens,

520 3947 842 4002 conabatur
862 3964 1234 4019 summopere
1251 3951 1540 4019 quatenus
1563 3948 1714 4003 idem
1740 3966 1886 4020 opus
1907 3950 1976 4004 ad
2002 3967 2163 4005 sum-

519 4053 675 4092 mam
692 4035 1065 4108 perfectionis
1079 4021 1455 4108 consurgeret
1475 4053 1592 4091 sua:
1607 4037 1732 4090 vitae
1756 4041 2166 4110 tempore,ma-

515 4124 1384 4198 ximoquetestuadatdesiderio
1411 4129 1476 4180 ut
1492 4142 1639 4197 papa
1656 4126 1935 4193 Romano,
1953 4127 2000 4182 si
2025 4145 2162 4199 quo-

516 4217 689 4271 modo
721 4214 954 4282 valeret,
987 4213 1047 4269 in
1079 4213 1297 4271 Gallias
1327 4217 1578 4281 evocato,
1636 4214 1781 4270 illud
1833 4219 2160 4272 consecrari

515 4305 729 4360 faceret
759 4303 1075 4377 apostolica
1094 4303 1683 4368 benedictione.Quod
1709 4303 1841 4360 licet
1863 4323 1929 4361 ex
1951 4307 2158 4363 affectu

514 4394 620 4466 piae
651 4393 972 4450 voluntatis
990 4392 1359 4466 processerit,
1392 4393 1587 4448 divina
1611 4397 1802 4448 tamen
1854 4395 2158 4467 dispositio

2298 483 2622 551 devotione,
2646 482 2981 554 quibusque
3016 482 3237 554 magnis
3267 486 3321 537 et
3346 482 3579 538 miminis
3605 487 3818 558 affabilis;

2297 571 2544 644 ideoque
2560 590 2736 644 quam
2761 571 3030 644 plurimis
3051 572 3392 627 Francorum
3414 575 3698 644 proceribus
3714 594 3821 633 ama-

2296 661 2454 729 bilis,
2489 661 2770 716 honorem
2793 659 3056 716 Eeelesiaa
3083 661 3190 716 sibi
3216 661 3434 716 credite
3455 679 3545 734 pro
3568 680 3703 734 posse
3720 666 3823 722 exal-

2295 750 2438 805 tavit
2469 755 2526 805 ct
2555 749 2807 806 exaltare
2828 748 3027 805 voluit.
3061 751 3166 804 Sed
3187 750 3450 822 quoniam
3471 752 3661 807 occasio
3678 756 3826 811 mortis

2296 839 2690 895 interveniens
2721 839 2991 895 effectum
3017 838 3122 912 piae
3145 839 3450 894 voluntatis
3473 839 3690 908 abstulit,
3715 843 3825 914 ejus-

2296 929 2430 983 dem
2462 927 2573 984 loci
2603 927 3003 1007 praepositum,
3034 929 3395 983 Herimarum
3442 929 3660 994 nomine,
3691 931 3828 987 adhuc

2294 1018 2494 1073 vivens
2525 1017 2725 1089 [Marlﬂ
2751 1018 3048 1088 juvenem]
3080 1017 3189 1072 sibi
3241 1033 3603 1072 successorem
3643 1018 3826 1091 delegit;

2295 1106 2492 1178 ipsum
2527 1107 2738 1179 quippe
2771 1107 2929 1178 quod
2961 1106 3245 1162 habuerat
3273 1106 3330 1160 in
3376 1106 3629 1162 desiderio
3653 1109 3830 1163 credidit

2295 1195 2753 1266 adimpleturum
2787 1200 3024 1251 strenue
3050 1194 3148 1266 qui
3181 1194 3294 1250 sibi
3323 1195 3541 1265 adjutor
3567 1200 3614 1250 et
3637 1213 3831 1267 occpera-

2293 1289 2386 1340 tor
2416 1285 2714 1340 exstiterat
2744 1288 2878 1340 ante
2909 1301 3113 1340 omnes
3143 1284 3203 1339 in
3235 1284 3451 1356 praefati
3480 1284 3643 1356 cperis
3667 1301 3832 1340 exsecu-

2293 1374 2472 1445 tione,
2507 1373 2877 1443 maximaquc
2906 1372 3306 1446 suppeditarat
3327 1371 3573 1428 subsidia
3590 1389 3645 1427 ex
3666 1373 3831 1428 redditu

2293 1461 2565 1518 villarum
2598 1480 2714 1518 suae
2748 1461 3196 1518 commissarum
3227 1461 3634 1534 provindentiaa.

2364 1597 2418 1650 6.
2455 1595 2556 1650 Hic
2586 1612 2721 1668 ergo
2752 1595 2877 1651 loco
2909 1595 3164 1650 defuncti
3193 1594 3380 1650 Patris
3409 1594 3726 1667 subrogatus,
3757 1595 3834 1649 fra-

2295 1689 2454 1740 trum
2505 1685 2649 1756 pene
2697 1684 2963 1739 omnium
3007 1683 3273 1740 unanimi
3307 1684 3594 1750 sententia,
3640 1684 3834 1739 ordinato

2212 1766 2257 1830 Β
2288 1773 2594 1828 memorati
2636 1772 3265 1838 \VidonisRemorum
3320 1772 3722 1844 arebiprazsulis,
3755 1790 3835 1828 non

2293 1863 2394 1917 diu
2449 1880 2658 1934 passus
2688 1867 2778 1917 est
2828 1862 3220 1934 interruptum
3255 1862 3500 1934 pendere
3552 1862 3837 1916 memorabile

2292 1955 2543 2022 coeptum
2576 1951 2665 2006 sui
2691 1950 3093 2018 antecesseris,
3129 1951 3229 2005 sed
3266 1950 3453 2022 primo
3483 1950 3684 2021 quidem
3709 1950 3838 2004 dexte-

2292 2057 2412 2094 ram
2437 2039 2688 2095 basilicre
2720 2057 2975 2104 crucem,
3005 2039 3262 2094 maxima
3282 2057 3350 2095 ex
3378 2043 3531 2110 parte
3546 2040 3654 2110 jam
3671 2037 3838 2094 inchoa-

2289 2133 2434 2192 tam,
2465 2133 2520 2183 et
2551 2128 2848 2184 sinistram
2885 2127 3027 2183 nihil
3066 2129 3262 2183 adhuc
3307 2133 3511 2200 praeter
3553 2128 3840 2182 fundamenta

2291 2217 2620 2284 habentem,
2657 2234 2788 2271 cum
2823 2217 3054 2285 cocleis,
3087 2217 3310 2289 quibus
3342 2218 3411 2272 ad
3443 2218 3708 2289 superiora
3738 2221 3841 2272 esset

2288 2323 2589 2375 ascensus,
2618 2305 2751 2360 fecit
2782 2306 3075 2360 aedificari.
3105 2305 3322 2378 Crypta
3365 2312 3548 2360 autem
3579 2322 3684 2376 qua:
3722 2320 3844 2375 super

2287 2394 2438 2448 beati
2460 2394 2705 2466 Remigii
2738 2394 3070 2465 sepulcrum
3103 2398 3444 2449 constructa
3464 2395 3652 2460 fuerat,
3667 2393 3787 2465 quia,
3802 2395 3844 2445 ut

2287 2483 2558 2554 superius
2587 2481 2832 2537 relatum
2859 2486 2965 2550 est,
2991 2499 3103 2554 prae
3125 2483 3414 2554 parvitate
3435 2482 3520 2536 sui
3542 2481 3743 2536 alterius
3759 2496 3846 2550 ope-

2288 2571 2367 2626 ris
2388 2571 2709 2642 ineongrua
2723 2571 3048 2640 videbatur,
3065 2570 3218 2626 dirui
3232 2577 3289 2627 et
3303 2571 3473 2626 aliam
3492 2571 3845 2626 eminentiorem

2286 2659 2418 2715 fecit
2439 2660 2690 2715 restitui.
2720 2659 2939 2715 Deinde
2959 2659 3229 2715 trabibus
3254 2661 3326 2717 de
3349 2659 3498 2715 saltu
3511 2662 3661 2731 juxta
3676 2659 3848 2715 Orbacis

2286 2749 2706 2804 monasterium
2741 2748 2851 2804 sito
2881 2748 3155 2816 advectis,
3183 2749 3422 2820 fastigia
3441 2749 3680 2818 ejusdem
3698 2761 3846 2802 conse-

2284 2843 2548 2909 quuntur
2575 2838 2795 2909 templi,
2821 2838 3021 2909 sicque
3043 2838 3462 2895 decentissima
3483 2839 3555 2910 (3)
3577 2838 3753 2892 domus
3767 2840 3849 2890 tota

2283 2927 2557 2998 apparuit
2586 2926 2646 2980 in
2679 2927 2946 2998 partibus
2978 2927 3124 2982 suis.

2351 3061 2405 3115 7.
2432 3059 2792 3132 Quapropter
2815 3060 2970 3116 idem
2990 3061 3171 3117 abbas
3186 3061 3525 3118 Herimarus
3542 3079 3658 3117 eum
3679 3059 3850 3133 quibus-

2281 3164 2394 3220 que
2417 3149 2781 3221 sapientibus
2801 3149 3108 3206 Remensis
3133 3151 3446 3222 provincia:
3469 3148 3710 3224 prudenti
3730 3145 3850 3219 coepit

2279 3241 2529 3293 tractare
2546 3237 2787 3293 consilio
2800 3243 3091 3310 quatenus
3105 3241 3380 3296 eamdem
3395 3238 3684 3312 apostolica
3695 3235 3849 3292 faciens

2279 3327 2605 3382 consecrari
2640 3326 3060 3394 benedictione,
3102 3333 3168 3382 ut
3223 3328 3447 3384 scilicet
3494 3322 3850 3401 praedecessori:

2279 3414 2370 3470 sui
2393 3416 2596 3472 devoto
2619 3416 2978 3472 satisfaceret
2994 3416 3309 3485 desiderio,
3332 3417 3426 3473 cui
3448 3424 3507 3472 ut
3527 3415 3755 3472 falcultas
3771 3428 3850 3467 non

2278 3504 2509 3560 deesset
2539 3508 2736 3577 optata
2767 3505 3102 3578 peragendi,
3133 3505 3620 3578 opportunitatem
3641 3499 3848 3574 temporis

2277 3591 2490 3647 obtulit
2520 3593 2779 3662 dignatio
2811 3593 3022 3649 divinae
3070 3594 3481 3666 dispositionis
3523 3595 3610 3665 (4).
3643 3592 3848 3646 Defuncto

2277 3681 2568 3753 siquidem
2593 3700 2743 3754 papa
2763 3683 3034 3750 Damaso,
3060 3683 3159 3755 qui
3188 3683 3247 3738 in
3271 3683 3500 3739 civitate
3527 3684 3845 3740 Brixenorum,

2277 3787 2404 3842 quae
2437 3775 2526 3825 est
2555 3770 2612 3826 in
2637 3772 2937 3843 provincia
2959 3772 3208 3839 Histriae,
3236 3773 3429 3828 fuerat
3449 3766 3842 3846 episcopus,etin

2274 3859 2594 3930 apostolica
2625 3861 2760 3915 sede
2795 3861 3248 3929 inthronizatus,
3280 3862 3524 3934 triginta
3551 3854 3842 3916 solummodo

2273 3945 2353 4000 ibi
2385 3947 2601 4003 vixerat
2630 3949 2870 4015 diebus;
2909 3949 3482 4023 Romani,legatione
3511 3950 3577 4005 de
3603 3949 3711 4020 ejus
3734 3943 3844 4000 obitu

2273 4036 2346 4090 ad
2389 4036 2800 4109 imperatorem
2849 4038 3162 4094 Henricum
3223 4041 3466 4104 directa,
3522 4038 3768 4111 petierunt
3805 4033 3846 4083 ut

2271 4123 2537 4181 Ecclesiae
2570 4130 2799 4197 pastore
2831 4127 3074 4182 viduatae
3105 4127 3176 4182 ab
3209 4144 3278 4183 eo
3303 4129 3701 4200 subrogaretur
3724 4119 3846 4176 alius.

2270 4213 2376 4278 Qui
2410 4232 2586 4286 super
2612 4214 2719 4269 hoc
2751 4217 2980 4289 negotio
3031 4215 3449 4289 episcoporum
3473 4220 3538 4272 et
3573 4213 3847 4285 Optimatum

2269 4301 2498 4376 imperii
2523 4304 2611 4359 sui
2639 4321 2907 4375 quaerens
2931 4304 3503 4373 consilium,invenit
3523 4305 3658 4360 inter
3674 4302 3849 4357 caeteros

2269 4390 2550 4446 domuum
2586 4392 2912 4447 Brunonem
2946 4392 3283 4448 Tullcnsem
3319 4392 3619 4466 praesulem
3652 4389 3712 4444 ad
3739 4386 3847 4440 idem

517 4487 625 4541 hoc
657 4485 950 4550 differens,
985 4485 1110 4554 ejus
1142 4482 1463 4538 successori
1490 4483 1882 4555 peragendum
1908 4501 2160 4541 reserva-
2191 4503 2235 4566 Β
2267 4479 2528 4535 officium
2547 4481 2920 4536 subeundum
2935 4481 3386 4548 esseidoneum,
3407 4486 3595 4554 utpote
3610 4477 3695 4551 qui
3713 4471 3850 4530 artatis

509 4573 610 4629 vit.
646 4573 792 4628 Nam
827 4577 1010 4627 morte
1042 4573 1359 4628 immatura
1390 4578 1717 4644 prmventus
1760 4572 1913 4628 diem
1946 4573 2158 4630 clausit

511 4669 859 4729 extremum,
895 4662 1158 4718 maeroris
1210 4661 1445 4716 maximi
1480 4678 1541 4716 se
1572 4661 1950 4734 diligentibus
1981 4663 2152 4720 relin-

511 4770 698 4825 quens
729 4751 1138 4820 infortunium,
1167 4749 1408 4822 expletis
1430 4751 1485 4804 in
1511 4750 1792 4821 regimine
1815 4753 2152 4807 monasterii

509 4843 681 4898 annis
715 4841 987 4896 undecim
1022 4845 1077 4894 et
1107 4839 1411 4896 mensibus
1442 4845 1588 4894 octo.
1610 4840 1713 4904 Qui
1737 4857 1869 4894 cum
1905 4843 2154 4898 deducta

508 4949 542 4986 a
571 4931 799 5002 proavis
830 4929 1072 5002 polleret
1102 4929 1510 5001 generositate,
1543 4945 1773 4984 morum
1795 4930 1970 4986 etiam
2002 4931 2152 5004 vige-

507 5021 607 5075 bat
635 5020 848 5076 eximia
880 5018 1178 5074 nobilitate
1205 5036 1218 5082 ;
1253 5017 1363 5072 sibi
1400 5018 1780 5073 reverentiam
1821 5018 2146 5074 exhibenti-

505 5109 616 5163 bus
635 5126 697 5164 se
713 5108 1006 5180 praecipua
1020 5105 1342 5161 humilians
1359 5105 1626 5174 lenitate;
1651 5106 1920 5164 subditos
1939 5125 2077 5165 suos
2098 5113 2154 5165 et

576 5268 651 5393 S3)
684 5267 842 5324 Hanc
873 5268 1181 5323 ecclesiam
1223 5266 1431 5322 iterum
1492 5266 1652 5322 auxit
1711 5267 1914 5324 Petrus
1945 5269 2147 5337 abbas,

576 5338 784 5393 ilensis
815 5339 985 5393 vulgo
1036 5341 1246 5393 dictus.
1291 5339 1389 5393 aui
1427 5342 1625 5393 nostca
1681 5339 1893 5393 Joanni
1954 5341 2145 5393 Saris-

502 5338 784 5411 Cellensis
815 5339 985 5411 vulgo
1036 5341 1247 5411 dictus,
1291 5339 1389 5410 qui
1427 5342 1625 5411 postea
1681 5339 1893 5394 Joanni
1954 5341 2145 5397 Saris-

501 5409 753 5466 beriensi
786 5409 1129 5464 Carnutensi
1161 5409 1436 5481 episcopo
1465 5410 1743 5465 suffectus
1774 5415 1880 5466 est.
1919 5412 1977 5466 Id
2011 5429 2044 5467 a
2084 5431 2144 5470 se

497 5485 841 5556 susceptum
873 5485 1122 5556 testatur
1152 5480 1212 5536 in
1227 5480 1473 5556 epistola
1503 5481 1574 5536 ad
1608 5482 1816 5556 fratres
1849 5483 1919 5538 de
1951 5485 2142 5541 Monte

496 5555 620 5622 Dei.
643 5552 968 5612 Gardinalis
985 5552 1412 5610 Lenuncurtius
1435 5553 1716 5610 nonnulla
1740 5554 1879 5610 item
1905 5556 2138 5628 adjecit,

2269 4568 2627 4635 maturitate,
2661 4585 3011 4641 morumque
3042 4575 3097 4625 et
3118 4571 3382 4626 scicntia:
3408 4568 3726 4627 claritudine
3743 4561 3850 4616 vide-

2264 4655 2437 4711 batur
2452 4658 2828 4730 conspicuus,
2852 4659 3080 4731 sibique
3103 4659 3418 4732 sanguinis
3440 4657 3697 4715 affinitate
3711 4648 3844 4724 proxi'

2264 4760 2416 4800 mus.
2454 4744 2615 4801 Unde
2646 4747 2976 4817 apostolica:
3010 4747 3316 4819 dignitatis
3343 4749 3396 4804 ei
3429 4745 3731 4817 adjudicata
3748 4738 3848 4794 sunt

2263 4832 2562 4906 insignia,j
2575 4851 2865 4907 ussusque
2888 4837 2959 4891 ab
2981 4838 3243 4909 Augusto
3267 4841 3335 4891 ut
3367 4838 3438 4892 ad
3460 4837 3571 4891 haec
3587 4826 3844 4888 secundum

2260 4921 2684 4980 ecclesiasticas
2715 4925 3046 4982 sanctiones
3077 4925 3462 4998 suscipienda
3491 4925 3726 4980 Romana
3749 4911 3847 4970 invi-

2261 5015 2414 5067 seret
2445 5013 2657 5069 mmnia
2681 5031 2696 5082 ;
2717 5015 2817 5069 sed
2842 5014 2983 5086 quia
2997 5014 3282 5070 solemnia
3299 5014 3671 5070 imminebant
3695 5000 3845 5061 nativi.

2264 5101 2403 5156 tatis
2432 5101 2766 5173 Dominicae,
2801 5103 2922 5160 haec
2939 5121 3071 5160 cum
3101 5103 3460 5176 clero,cujus
3482 5103 3656 5160 fuerat
3679 5097 3843 5169 pastor.

2259 5259 2460 5333 sicque
2507 5262 2759 5318 ecclesia:
2811 5263 2996 5320 moles
3055 5280 3122 5320 ex
3169 5264 3348 5322 variis
3407 5247 3841 5333 additamenti's‘in

2256 5327 2684 5458 amplissimam
2757 5335 3083 5405 basilicam,
3146 5335 3340 5409 qualis
3418 5349 3569 5391 nunc
3644 5327 3842 5384 cernitur

2256 5418 2357 5457 eoa
2387 5421 2489 5458 ιιι.

2253 5418 2489 5458 οοθιυιι.

2323 5476 2401 5548 (4)
2433 5477 2561 5532 Haec
2590 5461 2784 5534 fusius
2807 5479 3140 5536 referuntur
3169 5478 3226 5535 in
3251 5477 3388 5535 Vita
3413 5479 3472 5534 S.
3499 5473 3703 5536 Leonis,
3728 5463 3839 5522 infra

2249 5546 2577 5604 ad'annum
2616 5551 2772 5606 1054.
