4094 6158
506 289 662 351 1423

1376 280 1719 345 ANSELMI
1768 279 2124 344 MONACHI
2167 280 2229 341 S.
2278 280 2582 343 REMIGII
2631 280 3042 344 REMENSIS.

3769 278 3923 344 Mil

503 424 757 480 Francia;
806 421 979 476 urbes
1010 420 1309 491 ingressus
1359 420 1577 488 pateret
1616 416 1787 472 alicui
1822 433 2023 488 papae;
2058 414 2150 472 his
2180 419 2230 488 Α
2339 417 2422 474 to.
2459 416 2716 489 Denique
2768 417 3020 473 dminus
3058 431 3227 488 papa,
3292 431 3325 471 a
3354 412 3731 472 Leucborum
3781 414 3919 470 urbe

504 530 640 569 vero
669 511 908 585 agendis
937 508 1097 581 pacis
1128 511 1185 563 et
1231 505 1679 578 tranquillitatis
1729 521 1988 578 congrua
2017 510 2156 560 sunt

504 605 788 673 tempora,
817 597 978 669 regni
1011 601 1208 652 autem
1253 596 1382 668 ejus
1422 599 1610 651 status
1641 596 1718 650 sit
1751 595 1809 650 in
1855 593 2154 666 perturba-

503 688 657 744 tione
679 703 794 742 non
817 684 1427 757 modica,quibusdam
1445 684 1587 740 viris
1607 683 1944 757 potentibus
1965 679 2152 739 domi-

503 775 760 832 nationis
816 775 946 846 ejus
996 774 1211 847 jugum
1241 772 1720 840 detrectantibus,
1761 776 2065 842 terrasque
2095 773 2153 828 et

501 863 745 920 castella
773 862 1050 936 quaelibet
1091 864 1163 919 ab
1195 862 1382 936 ipsius
1411 862 1629 918 ditione
1660 859 2148 917 abalienantibus.

501 955 867 1026 Quapropter
891 951 1060 1026 regia)
1092 951 1365 1025 dignitati
1416 952 1608 1006 ferunt
1637 947 2150 1022 congruere,utili~

498 1043 604 1099 tati
637 1042 968 1114 reipublicae
1001 1058 1108 1098 sua
1160 1040 1448 1113 sapientia
1477 1039 1781 1096 consulere
1816 1039 1914 1108 (5),
1959 1037 2152 1109 potius

501 1147 679 1203 quam
713 1130 951 1204 synodis
981 1131 1280 1186 intendere
1309 1149 1322 1199 ;
1357 1129 1651 1202 principes
1703 1145 1842 1184 suos
1872 1133 1928 1182 et
1967 1127 2150 1184 totius

500 1220 787 1276 exercitus
815 1220 907 1275 sui
921 1219 1241 1292 potentiam
1257 1234 1621 1275 commovere
1637 1217 1695 1271 in
1715 1214 2150 1294 rebelles,ipsos

498 1309 675 1366 etiam
705 1309 1010 1382 episcopos
1048 1313 1107 1364 et
1163 1308 1423 1373 abbates,
1472 1322 1646 1378 penes
1696 1321 1846 1377 quos
1893 1303 2148 1360 maxima

499 1415 635 1471 pars
665 1397 1011 1454 facultatum
1044 1397 1209 1470 regni
1241 1399 1593 1464 est,censent
1622 1394 1919 1449 immunes
1966 1393 2148 1464 hujus

497 1487 878 1560 expeditionis
925 1503 1053 1543 esse
1083 1503 1198 1542 non
1227 1485 1457 1541 debere.
1491 1488 1638 1540 Ante
1686 1482 1831 1538 alios
1877 1483 2146 1540 abbatem

499 1574 694 1631 Sancti
726 1575 1175 1648 Remigii,quem
1199 1574 1367 1646 quasi
1386 1575 1456 1629 de
1470 1590 1663 1629 rerum
1683 1589 1923 1628 suarum
1953 1572 2146 1628 abun-

500 1664 700 1719 dantia
726 1667 1200 1736 praesumentem,
1232 1680 1335 1735 pro
1379 1679 1534 1716 vanae
1580 1661 1774 1734 gloria:
1821 1675 2037 1728 amore,
2071 1660 2142 1722 ad

499 1753 921 1810 monasterium
954 1769 1128 1810 suum
1150 1752 1605 1808 consecrandum
1638 1749 2148 1806 calumniabsntur
2175 1788 2220 1856 Β

499 1837 771 1895 Romanis
803 1839 966 1895 urbis
998 1840 1329 1911 pontificem
1362 1856 1650 1896 evocasce.
1683 1840 1800 1894 Hac
1827 1838 2004 1910 igitur
2025 1854 2146 1896 ver-

497 1926 687 1999 sipelli
715 1929 1093 2000 persuasione
1116 1946 1214 1985 rex
1235 1927 1614 1994 emollitus,et
1643 1929 1714 1982 ab
1738 1928 1980 1983 honesto
2011 1943 2142 1999 pro-

496 2016 687 2088 posito
715 2017 787 2072 ad
823 2017 1182 2074 seductionis
1232 2019 1398 2074 devia
1446 2018 1649 2085 ﬂexus,
1685 2034 1846 2090 papa:
1896 2031 1999 2090 per
2031 2015 2142 2073 Sil-

494 2110 902 2163 vanectensem
937 2107 1178 2163 mandat
1205 2107 1566 2180 episcopum,
1601 2124 1662 2162 se
1709 2122 1966 2178 suosque
1999 2123 2140 2179 pon-

493 2194 679 2250 tiﬁces
709 2211 845 2250 cum
876 2194 1187 2252 abbatibus
1217 2197 1342 2268 cogi
1377 2196 1448 2252 ad
1479 2195 1978 2268 comprimendam
2012 2212 2141 2266 per-

493 2282 774 2338 vicaciam
831 2283 942 2339 sibi
1000 2283 1422 2352 resistentium,
1480 2285 1726 2357 ideoque
1782 2301 1895 2339 non
1968 2300 2140 2356 posse

495 2385 794 2426 occurrere
825 2372 875 2426 ei
906 2371 962 2425 in
984 2374 1215 2443 praatixo
1236 2373 1483 2428 termino
1500 2373 1570 2428 ad
1591 2373 1983 2446 peragendum
2001 2390 2136 2429 con-

493 2457 886 2515 cilium.Unde
916 2461 1228 2516 adventum
1259 2478 1433 2517 suum
1465 2460 1522 2516 in
1557 2461 1856 2517 Franciam
1888 2461 1944 2516 in
1977 2461 2138 2519 aliud

491 2551 724 2620 tempus
755 2547 1145 2620 ditl‘erat,quo,
1171 2550 1473 2605 absolutus
1499 2549 1838 2622 hujusmodi
1864 2551 2134 2622 negotiis,

489 2650 624 2691 eum
655 2636 850 2692 debito
881 2653 1012 2692 eum
1072 2637 1290 2697 honore
1335 2640 1634 2711 suscipiat.
1683 2640 1768 2695 Ad
1822 2638 1940 2694 haec
1987 2657 2138 2712 papa

491 2725 794 2780 remandat
850 2726 1298 2798 promissionem
1359 2727 1526 2783 beato
1600 2727 1810 2782 factam
1873 2728 2134 2801 Remigio

490 2813 732 2884 nequire
779 2830 842 2870 se
885 2814 1110 2870 irritam
1155 2815 1365 2882 facere,
1419 2815 1518 2872 sed
1569 2816 1638 2870 ad
1673 2815 1975 2872 basilicam
2006 2817 2136 2887 ejus

491 2901 871 2958 dedicandam
925 2904 1125 2975 procul
1174 2905 1352 2960 dubio
1401 2909 1732 2973 venturum,
1785 2905 1883 2960 ubi
1937 2906 1985 2961 si
2030 2907 2133 2978 qui

490 2990 701 3047 divinas
739 2991 1041 3065 religionis
1091 2999 1379 3050 amatores
1423 2994 1814 3060 convenerint,
1863 3011 1997 3050 cum
2047 2996 2132 3053 eis

485 3081 689 3153 synodi
722 3082 1006 3138 rationem
1037 3100 1100 3139 se
1139 3084 1352 3138 fatetur
1381 3083 1932 3155 habiturum.Cujus
1963 3100 2132 3140 man-

2263 505 2786 576 digressus,iterad
2802 505 3145 562 Remensem
3163 504 3389 560 ducens
3411 503 3624 560 urbem
3649 503 3916 573 arripuit,

2263 597 2323 648 et
2353 594 2410 648 in
2443 593 2785 666 opportunis
2804 592 2968 659 locis,
2988 591 3234 665 singulis
3269 592 3616 664 quibusque
3648 593 3918 658 noctibus

2263 681 2568 738 mansione
2597 683 2917 756 accepta,in
2946 681 3142 755 vigilia
3189 680 3528 738 festivitatis
3573 681 3768 740 sancti
3823 680 3919 744 Mle

2263 769 2482 826 chaelis
2511 772 2580 826 ad
2614 771 3048 827 Curmolensem
3079 771 3156 844 (6)
3175 770 3380 831 villam
3407 769 3691 839 venit,cui
3715 770 3916 842 praefa-

2261 862 2358 915 tus
2390 861 2813 926 abbas,ibidem
2849 860 3054 916 obvius
3078 861 3284 928 factus,
3319 875 3692 933 quaecunque
3724 876 3917 915 necese

2262 947 2458 1004 sarius
2487 949 2725 1021 expetiit
2768 965 2914 1004 usus
2963 947 3045 1002 illi
3094 947 3375 1020 omnique
3424 945 3740 1002 comitatui
3792 948 3917 1020 ejus

2261 1036 3091 1110 aftluentersuppeditavit.Die
3109 1051 3241 1092 vero
3263 1036 3535 1110 sequenti
3548 1036 3622 1090 ad
3637 1035 3919 1100 Sanctum

2261 1126 2520 1196 pervenit
2537 1125 2865 1198 Remigium
2885 1124 3339 1200 archiepiscopis
3362 1124 3554 1180 tribus
3574 1125 3918 1198 comitatus,

2258 1213 2582 1270 Trevirensi
2629 1213 2916 1282 videlicet,
2979 1213 3382 1286 Lugdunensi,
3441 1212 3919 1280 Vesontionensi,

2258 1301 2508 1374 aliisque
2537 1304 2675 1358 viris
2704 1302 3171 1368 bonorabilibus,
3204 1303 3360 1358 inter
3389 1319 3537 1374 quos
3587 1308 3716 1358 erat
3751 1302 3923 1368 Joan-

2258 1408 2360 1448 nes
2391 1391 2701 1466 episcOpus
2732 1392 3091 1458 Portuensis,
3140 1397 3198 1448 et
3225 1392 3436 1447 Petrus
3487 1390 3766 1452 Ecclesia:
3818 1393 3923 1448 Ro-

2257 1497 2444 1536 manas
2507 1481 2809 1549 diaconus,
2842 1486 2898 1537 et
2948 1481 3136 1553 ipsius
3193 1479 3361 1536 urbis
3418 1480 3758 1552 praefectus.
3819 1480 3922 1545 Hic

2256 1570 2523 1642 protinus
2548 1569 2930 1642 conglobatur
2960 1569 3017 1623 in
3039 1585 3222 1626 unum
3251 1572 3376 1624 tota
3396 1568 3650 1628 fratrum
3685 1584 3920 1642 congre-

2255 1659 2434 1732 gatio,
2467 1664 2524 1714 et
2556 1676 2688 1715 cum
2713 1657 2797 1714 eis
2825 1660 2990 1729 [al.,e
3019 1657 3268 1727 cunctis]
3290 1657 3922 1728 abhatum,monacho-

2255 1764 2409 1816 rum,
2444 1747 2806 1816 clericorum,
2843 1747 2942 1819 qui
2985 1749 3111 1819 jam
3163 1763 3231 1802 ex
3265 1745 3470 1804 multis
3512 1746 3919 1804 confluxerant

2253 1836 2541 1910 partibus,
2576 1837 2952 1892 innumerosa
2995 1836 3113 1907 [al.,
3168 1834 3508 1908 numerosa]
3561 1836 3792 1890 concio.
3845 1836 3918 1891 Ex

2254 1925 2474 1996 quibus
2504 1926 2779 1980 omnibus
2808 1924 2865 1979 in
2899 1926 3046 1980 atrio
3069 1923 3326 1980 basilica:
3350 1924 3700 1997 disponitur
3722 1926 3915 1981 decen-

2251 2014 2486 2072 tissima
2540 2014 2852 2087 processio,
2887 2014 3176 2087 episcopis
3219 2013 3435 2082 tribus,
3489 2012 3916 2070 Silvanectensi

2251 2101 3511 2176 videlicet,Andegavensi,Nivernensi,longe
3533 2103 3806 2175 digestos
3829 2121 3916 2159 or-

2251 2192 2419 2248 dines
2476 2192 2980 2264 antecedentibus,
3021 2197 3366 2264 textumque
3419 2191 3729 2264 Evangelii
3784 2210 3916 2250 cum

2252 2298 2406 2354 aqua
2433 2281 2737 2338 benedicta
2764 2285 2820 2337 et
2850 2287 3176 2338 aromatum
3233 2281 3412 2337 odore
3451 2281 3810 2340 ferentibus.
3828 2285 3914 2339 Sic

2248 2387 2386 2444 ergo
2417 2371 2682 2444 dispositi
2733 2387 2945 2443 papam
2977 2371 3378 2447 advenientem
3419 2369 3788 2443 suscipiunt,
3822 2373 3910 2428 cui

2249 2460 2552 2517 ecclesiam
2600 2460 2937 2529 introeunti,
2973 2459 3412 2533 responsorium
3452 2461 3747 2517 uelantur
3774 2463 3912 2528 ccli“,

2248 2565 2381 2604 cum
2413 2551 2592 2622 digna
2635 2549 3028 2610 modulatione
3074 2551 3422 2616 concinunt;
3457 2553 3519 2605 et
3577 2550 3730 2606 dum
3785 2556 3910 2606 ante

2247 2639 2427 2694 altare
2483 2639 2705 2695 Sanctae
2752 2639 2950 2694 Crucis
3009 2643 3152 2708 orat,
3213 2638 3371 2695 aliud
3431 2641 3909 2710 responsorium,

2242 2729 2486 2787 Summae
2543 2729 2803 2784 Τνίηίιαιί
2855 2727 3145 2800 videlicet,
3214 2727 3600 2783 concinentes
3675 2728 3902 2790 ﬁniunt.

2244 2817 2555 2890 Progresso
2588 2821 2783 2873 autem
2816 2833 2880 2872 eo
2911 2817 3181 2890 usquead
3213 2816 3398 2873 altare
3418 2818 3614 2872 sancti
3650 2817 3904 2875 Christo-

2243 2905 2496 2978 phori,et
2525 2911 2657 2962 ante
2687 2906 2997 2962 venerandi
3026 2906 3378 2961 Francorum
3411 2907 3676 2979 apostoli
3717 2907 3908 2979 sepul-

2241 3010 2405 3050 crum
2439 2994 2759 3051 orationem
2792 2994 3291 3067 explente,iterum
3316 2995 3622 3066 Hymnum
3644 2997 3713 3053 Te
3735 2997 3904 3054 Deum

2241 3083 2551 3152 laudamus,
2583 3101 2839 3141 consona
2886 3101 3094 3140 vocum
3148 3083 3409 3156 jubilant
3460 3085 3902 3142 vociferatione.

483 3169 604 3226 dati
635 3171 707 3225 ad
739 3187 932 3244 regem
964 3171 1241 3228 relatione
1265 3171 1504 3245 perlata,
1538 3172 1665 3245 ipse
1703 3176 1898 3228 tamen
1931 3172 2040 3229 iter
2072 3173 2129 3231 in
2161 3158 2204 3226 C
2237 3173 2344 3240 Qui
2379 3177 2572 3230 tamen
2600 3173 2659 3228 in
2691 3173 2828 3230 sede
2858 3172 2968 3230 sibi
2989 3174 3256 3230 decenter
3287 3178 3575 3246 apparata
3590 3174 3903 3246 paululum

482 3259 726 3317 rebelles
751 3261 1106 3334 aggreditur,
1141 3265 1339 3318 coacta
1375 3261 1430 3316 in
1475 3279 1659 3316 unum
1713 3261 1933 3333 ingenti
1966 3279 2125 3318 exer-

477 3348 630 3405 citus
660 3350 751 3405 sui
781 3347 1138 3406 militia.Sed
1167 3354 1226 3407 et
1249 3351 1540 3423 episcopis
1556 3355 1612 3406 et
1639 3349 1934 3423 plerisque
1954 3351 2126 3408 abba-

474 3437 634 3493 tibus
667 3443 870 3494 contra
897 3438 1255 3500 voluntatem
1305 3457 1474 3498 suam
1526 3439 1626 3495 illo
1675 3440 1972 3507 euntibus,
2007 3439 2124 3496 illis

473 3527 648 3582 etiam
681 3528 966 3599 perversis
995 3527 1385 3584 Ecclesiarum
1418 3529 1740 3586 rectoribus
1768 3529 1838 3584 ad
1858 3529 1916 3584 id
1947 3545 2125 3602 nego-

471 3615 620 3670 tium
653 3615 806 3671 ultro
839 3633 900 3671 se
930 3617 1352 3688 ingerentibus,
1372 3618 1471 3689 qui
1520 3624 1585 3673 ut
1615 3620 1832 3675 summi
1865 3619 2122 3676 Pastoris

471 3703 753 3758 vicarium
778 3708 943 3760 actus
967 3722 1168 3760 eorum
1192 3707 1522 3764 examinare
1537 3707 1861 3764 venientem
1886 3713 2124 3782 possent.

473 3793 746 3865 effugere,
778 3794 1045 3849 eamdem
1078 3795 1502 3866 expeditionem
1535 3796 1751 3852 exitiali
1774 3797 1983 3853 techna
2010 3798 2122 3855 ela-

470 3881 817 3937 boraverunt
843 3883 1564 3941 struere.Adduciturcum
1589 3886 1744 3941 eiset
1761 3891 2119 3944 memoratus

469 3971 650 4026 abbas
681 3970 873 4027 Sancti
891 3972 1411 4045 Remigii,mmstus
1433 3975 1750 4030 admodum
1773 3980 1830 4030 et
1853 3992 2116 4048 gemens,

467 4059 635 4131 quasi
668 4077 779 4116 non
810 4065 964 4116 esset
992 4061 1227 4117 visurus
1253 4063 1522 4118 effectum
1554 4063 1825 4120 desiderii
1857 4064 1969 4120 sui.
2004 4065 2114 4121 Sed

465 4149 672 4205 divina:
703 4149 1116 4206 consolationis
1137 4151 1265 4222 ejus
1283 4151 1513 4206 maerori
1541 4169 1654 4207 non
1690 4153 1876 4208 defuit
1913 4157 2113 4225 poten-

463 4235 681 4293 tia.Vix
709 4255 864 4294 enim
888 4239 1064 4294 unius
1085 4239 1199 4295 diei
1233 4244 1289 4294 et
1321 4240 1550 4296 dimidii
1584 4240 1789 4297 itinere
1831 4241 2111 4309 confecto,

461 4325 692 4382 indulta
719 4331 808 4383 est
837 4327 886 4383 ei
911 4328 1192 4386 redeundi
1227 4327 1492 4397 licentia;
1518 4330 1616 4401 qui
1651 4347 1916 4386 reversus
1932 4331 2110 4387 celer-

462 4413 607 4470 rime
621 4414 950 4471 Romanum
978 4415 1299 4472 antistitem
1320 4419 1511 4473 adhuc
1533 4417 1699 4474 Tullo
1723 4427 2108 4476 remorantem

2238 3262 2521 3329 residens,
2556 3267 2813 3340 astantes
2865 3261 3177 3317 lmtiﬁcavit
3225 3262 3646 3319 benedictione
3678 3270 3907 3337 aposto-

2234 3348 2344 3405 lica
2379 3368 2392 3406 :
2426 3355 2484 3408 et
2511 3351 2718 3406 exinde
2770 3367 3063 3424 egressus,
3116 3351 3186 3406 ab
3235 3351 3460 3406 eisdem
3516 3351 3902 3423 psallentium

2233 3439 2428 3496 choris
2453 3456 2587 3496 cum
2619 3439 2832 3496 divinis
2883 3438 3158 3496 laudibus
3211 3439 3529 3496 deducitur
3589 3459 3791 3514 usque
3832 3442 3900 3497 ad

2234 3527 2483 3585 civitatis
2515 3529 2591 3602 (7)
2624 3529 2854 3584 muenia.
2890 3529 2995 3586 Cui
3031 3529 3336 3586 Remensis
3382 3528 3583 3585 clerus
3627 3547 3769 3586 cum
3817 3549 3899 3586 ar-

2232 3617 2598 3691 chiepiscopo
2639 3635 2763 3686 suo,
2793 3617 3040 3690 aliisque
3057 3617 3413 3691 quibusdam
3436 3619 3681 3675 obviam
3707 3637 3896 3693 proce-

2231 3706 2375 3763 dens
2401 3707 2710 3780 episcopis,
2741 3707 3044 3779 perspicue
3093 3708 3486 3780 processionis
3547 3728 3894 3766 numerosos

2230 3795 2489 3869 disponit
2519 3797 2750 3852 ordines
2780 3797 2838 3850 in
2864 3797 3012 3851 atrio
3032 3797 3125 3869 (8).
3157 3797 3349 3853 Sancti
3377 3797 3648 3871 Dionysii
3685 3805 3890 3871 marty-

2229 3885 2436 3952 ris,ubi
2460 3886 2530 3940 ad
2563 3885 2708 3941 tanti
2728 3885 3019 3958 pontificis
3040 3886 3476 3958 susceptionem
3493 3890 3888 3960 competentia

2227 3974 2540 4030 concinens
2563 3975 2807 4042 cantica,
2844 3991 3031 4046 usque
3060 3975 3130 4029 ad
3161 3973 3474 4031 ecclesiam
3507 3981 3738 4031 Sancta:
3768 3977 3886 4032 Ma—

2226 4062 2324 4118 rim
2346 4063 2510 4118 illum
2536 4064 2991 4119 comitaturcum
3015 4063 3887 4138 maximasjubilationisgloria.

2226 4151 2348 4207 Illic
2378 4168 2510 4207 vero
2541 4157 2676 4207 ante
2704 4153 2928 4208 Sancta;
2986 4151 3194 4220 crucis,
3227 4157 3288 4208 et
3330 4154 3606 4224 ejusdem
3646 4154 3748 4210 Dei
3791 4155 3890 4209 Ge-

2224 4240 2451 4296 nitricis
2482 4240 2709 4307 altaria,
2743 4240 3034 4313 completa
3061 4241 3342 4308 oratione,
3379 4242 3440 4298 in
3492 4243 3886 4316 archiepisco-

2222 4329 2338 4401 pali
2367 4329 2798 4403 aliquantulum
2848 4330 3065 4386 resedit
3111 4329 3270 4398 sede,
3301 4331 3731 4404 archiprasule
3781 4333 3885 4388 Rev

2222 4419 2410 4475 mensi
2443 4419 2513 4474 ad
2574 4420 2701 4491 ejus
2749 4419 3066 4488 dexteram,
3119 4419 3449 4478 Trevirensi
3501 4425 3706 4477 autem
3742 4421 3881 4477 resi-

460 4503 696 4575 expetit,
728 4520 980 4576 eumque
1002 4523 1106 4577 pro
1139 4505 1294 4577 regis
1342 4507 1655 4574 mandatls,
1682 4509 1808 4579 jam
1841 4508 1941 4563 diu
1973 4525 2107 4564 con-
2140 4530 2186 4595 D
2219 4508 2392 4563 dente
2468 4508 2538 4562 ad
2617 4507 2937 4564 sinistram.
3014 4509 3228 4564 Deinde
3306 4509 3603 4567 ministris
3680 4510 3882 4566 altaris

459 4596 692 4663 ceptum
748 4595 1112 4664 propositum
1154 4611 1268 4651 non
1316 4601 1680 4668 permutasse
1727 4612 2102 4668 cognoscens,

457 4681 928 4752 gratulabundus
981 4683 1051 4738 ad
1103 4684 1523 4739 monasterium
1582 4685 1772 4758 rediit,
1824 4685 2110 4744 instanter

456 4786 780 4842 praeparare
806 4775 1079 4844 satagens
1111 4788 1238 4844 quas
1265 4773 1410 4828 tanti
1447 4773 1634 4829 Patris
1665 4775 2110 4832 conﬂuentium-

455 4875 566 4929 que
599 4859 852 4914 ﬁliorum
885 4865 1098 4916 sanctae
1131 4859 1397 4916 Ecclesia:
1421 4862 1608 4916 forent
1630 4865 1955 4919 necessaria
1977 4883 2108 4922 con-

451 4948 668 5002 ventui.
701 4949 831 5004 Jam
867 4950 1083 5021 quippe
1131 4949 1359 5005 dierum
1411 4966 1589 5022 prope
1619 4956 1743 5006 erat
1793 4955 2100 5023 terminus,

452 5037 549 5106 qui
609 5038 958 5108 supradicta:
1018 5037 1424 5111 dispositionis
1481 5037 1854 5111 completioni
1914 5041 2106 5100 fuerat

449 5125 788 5182 attributus.

817 5289 1146 5364 reipublicae
1166 5306 1298 5364 suis
1333 5289 1623 5364 sapienter
1652 5291 1972 5349 consulere.

629 5355 804 5433 Xicus
826 5355 920 5433 est
943 5361 1113 5433 vulgo
1146 5361 1337 5418 dictus
1373 5355 1714 5433 Courmrloy.

516 5427 596 5508 g7)
629 5427 1074 5508 Tuncquippe'
1091 5431 1512 5488 monasterium
1535 5504 1543 5508 _
1565 5433 1621 5486 S.

446 5498 610 5577 urbis
636 5498 856 5577 moenia
879 5498 1022 5570 erat,
1056 5520 1276 5577 nu_nc_a
1305 5504 1579 5577 trecentis
1627 5498 1859 5560 circiter
1906 5507 2093 5577 annis,

443 5570 688 5633 dilatato
721 5571 883 5630 urbis
914 5575 1194 5647 pomerio,
1221 5575 1277 5630 in
1309 5593 1376 5630 eo
1408 5576 1728 5632 inclusum.

2217 4598 2574 4669 praeparatis,
2600 4597 2934 4668 quibusque
2974 4613 3077 4670 pro
3107 4597 3435 4653 officiorum
3467 4599 3876 4672 congruentia,

2218 4689 2274 4741 et
2287 4685 2412 4757 ipse
2424 4684 2887 4742 sacerdotalibus
2905 4686 3212 4742 redimitus
3226 4687 3878 4760 insignibus,processit

2218 4775 2289 4830 ad
2322 4776 2636 4831 missarum
2659 4775 3009 4830 celebranda
3038 4774 3340 4832 solemnia.
3353 4776 3580 4842 Quibus
3606 4776 3874 4848 expletis,

2216 4870 2271 4920 et
2303 4867 2531 4919 astante
2562 4863 2776 4936 populo
2809 4863 3125 4936 apostolica
3175 4865 3581 4920 benedictione
3620 4865 3873 4929 munito,

2215 4953 2488 5026 praedicto
2547 4953 2864 5009 Remorum
2929 4952 3391 5027 archiepiscopo,
3450 4954 3569 5009 sibi
3633 4955 3874 5026 suisque

2214 5041 2573 5098 necessarios
2605 5046 2878 5114 sumptus
2911 5042 3729 5116 suppeditante,refectionem
3756 5058 3874 5116 per-

2213 5129 2364 5204 cepit
2393 5131 2450 5186 in
2484 5130 2693 5203 majori
2725 5131 2938 5204 palatio
2959 5133 3132 5204 juxta
3159 5131 3466 5189 ecclesiam
3499 5131 3640 5189 site.

2277 5294 2360 5420 ίς8)
2377 5293 2457 5348 Ibi
2477 5292 2659 5348 fuisse
2670 5292 3081 5375 eanonieorum
3096 5293 3472 5376 Remensium
3496 5293 3860 5376 sepulturam

2299 5371 2387 5420 ert
2417 5364 2786 5420 Frodoardus
2834 5365 2934 5420 lib.
2972 5383 3009 5420 ιι
3059 5367 3200 5420 Hist.
3234 5367 3567 5420 Remensns.
3606 5383 3729 5420 can.
3778 5363 3854 5420 to.

2211 5363 2387 5422 refert
2417 5364 2786 5442 Frodoardus
2805 5365 2934 5442 klib.
2972 5383 3019 5442 n_
3059 5367 3200 5442 Hist.
3234 5363 3587 5442 Bernensis;
3606 5383 3729 5437 cap.
3778 5363 3854 5442 ίξ),

1709 5433 1903 5508 emigii
1938 5441 2097 5508 extra
2207 5454 2408 5492 verum
2443 5453 2592 5492 anno
2629 5436 3098 5508 1067.Gervasius
3147 5437 3296 5493 hanc
3336 5433 3853 5508 basilicam,'posi-

2212 5510 2284 5582 tis
2318 5509 2388 5582 in
2413 5525 2493 5582 ea,
2513 5507 2810 5582 canonicis
2853 5508 3222 5582 regularibus
3268 5509 3466 5564 Sancti
3517 5505 3849 5582 Augustini,

2209 5581 2266 5637 in
2301 5579 2598 5636 abbatiam
2630 5579 2829 5650 erexit,
2864 5579 2990 5654 quas
3023 5580 3303 5642 hactenus
3334 5579 3687 5654 perseverat.
