4060 6174
256 345 414 410 “25

1242 344 1442 408 HIST.
1489 343 1745 406 DEDIC.
1795 339 2191 404 ΕΟΟΙιΕΞιΙίΕ
2235 346 2298 408 S.
2349 347 2677 412 REMIGII.

3514 349 3537 411 t
3552 346 3666 413 426

324 480 413 537 11.
448 475 550 535 Die
579 480 776 534 autem
809 475 1214 549 subsequenti,
1241 481 1509 534 metuens
1538 492 1608 532 ne
1632 474 1904 550 praepedi.
1930 473 1984 542 Α
2017 474 2237 534 ferendi
2289 479 2665 554 ecclesiaeque
2695 479 3027 538 dedicandae
3081 478 3442 540 inhiberetur
3473 484 3658 558 copia,

252 573 414 627 retur
445 566 775 640 frequentia
803 565 1334 622 circumﬂuentium
1368 565 1736 638 populorum,
1756 565 1899 620 duo-

252 661 364 716 bus
395 663 597 714 tantus
628 656 942 712 comitatus
973 655 1315 728 capellanis,
1348 657 1487 711 dum
1540 660 1831 712 nocturnae
1868 669 1902 709 a

251 748 531 805 hatribus
560 746 931 819 explerentur
954 745 1182 817 vigiliae,
1217 746 1286 800 ad
1321 749 1591 800 sanctum
1626 743 1901 799 remeavit

250 836 582 909 Remigium
610 850 623 903 ;
648 835 914 906 factoque
935 833 1046 890 sibi
1065 834 1290 899 balneo,
1315 834 1467 890 lotus
1489 837 1577 889 est
1592 838 1649 889 et
1667 838 1896 897 tonsus,

249 930 450 998 utpote
480 923 582 996 qui
609 924 1015 979 imminentem
1046 922 1190 978 tanti
1231 923 1418 978 Patris
1467 921 1898 978 solemnitatem

249 1017 310 1071 in
342 1015 598 1071 crastino
627 1013 1367 1082 celebraturus,transferre
1397 1013 1746 1085 disponebat
1775 1016 1897 1068 tam

247 1103 514 1177 pretiosae
545 1117 788 1175 gemma:
828 1100 1158 1157 venerabile
1205 1101 1442 1174 pignus,
1473 1107 1530 1158 et
1578 1106 1900 1174 praeparata

247 1193 359 1249 sibi
393 1192 648 1265 quadam
680 1191 852 1245 domo
879 1189 1153 1262 contigua
1181 1189 1582 1256 ecclesimjllic
1607 1195 1895 1246 secretum

247 1281 581 1339 remorandi
633 1277 892 1352 expetiit,
939 1279 1079 1351 quia
1129 1279 1427 1335 metuebat
1472 1279 1544 1335 ad
1595 1279 1895 1351 publicum

246 1369 665 1444 procedereAd
699 1366 1034 1440 sepulcrum
1063 1367 1220 1423 enim
1251 1369 1456 1433 sancti,
1479 1368 1647 1440 quasi
1679 1385 1748 1424 ex
1776 1373 1897 1425 toto

245 1460 386 1516 orbe
417 1457 603 1514 excita
632 1460 795 1512 tanta
816 1455 1124 1511 hominum
1137 1457 1892 1524 eonﬂuebatnumerositas,

244 1552 312 1604 ut
340 1544 772 1603 introeuntibus
796 1545 1038 1618 spatiosi
1069 1544 1274 1617 templi
1303 1545 1397 1601 vix
1417 1545 1710 1602 sufﬁceret
1723 1562 1896 1618 capa-

244 1638 414 1693 citas.
453 1633 814 1691 Advolabant
859 1633 1016 1690 enim
1061 1637 1180 1689 tam
1229 1641 1298 1688 e'x
1344 1634 1552 1690 vicinis
1601 1649 1779 1706 quam
1827 1651 1896 1691 ex

243 1721 586 1797 longinquis
615 1721 955 1795 regionibus
987 1722 1304 1795 promiscui
1347 1741 1517 1780 sexus
1564 1724 1895 1780 innumera-

240 1813 413 1910 biles,
449 1811 784 1910 sﬂundebat
813 1827 1022 1910 aspera
1052 1811 1295 1910 Francia
1323 1812 1395 1867 ad
1440 1811 1720 1910 honorem
1768 1812 1892 1886 gio-
1922 1845 1970 1910 Β

242 1901 386 1959 rioai
417 1899 661 1974 apostoli
693 1901 784 1956 sui
825 1899 1074 1957 villanos
1121 1900 1407 1973 opidanos
1451 1904 1508 1956 et
1556 1900 1708 1957 cives
1743 1920 1754 1957 :
1788 1903 1889 1958 sed

241 1995 302 2048 et
329 1984 520 2048 Gallia
549 2005 696 2062 pene
724 2006 793 2045 ex
817 1989 1092 2044 omnibus
1122 1988 1247 2045 suis
1274 1990 1538 2060 partibus
1569 1989 1682 2046 huc
1705 1994 1893 2047 trans-

243 2080 513 2136 mittebat
542 2077 892 2152 populorum
923 2077 1293 2134 millial‘nter
1319 2095 1468 2150 quos
1493 2079 1894 2135 accelerabant

239 2167 675 2240 episcoporum,
707 2166 1010 2234 abbatum,
1058 2167 1501 2234 monachorum,
1547 2167 1890 2224 clericorum

240 2268 524 2331 generosa
553 2254 1102 2328 agmina.lgnobilis
1133 2255 1335 2322 nobili,
1360 2259 1461 2310 aut
1490 2255 1659 2328 inops
1689 2257 1893 2312 cedere

241 2345 538 2401 nesciebat
570 2343 752 2410 diviti,
787 2344 890 2400 sed
937 2360 1141 2400 omnes
1176 2361 1294 2399 una
1323 2343 1715 2417 conglobatim
1747 2360 1890 2400 con-

237 2435 554 2491 currebant
606 2431 926 2488 intentione
980 2434 1204 2500 devota,
1257 2433 1548 2504 bustoque
1594 2431 1889 2488 cmlestem

240 2523 616 2596 margaritam
650 2521 970 2577 continenti
1008 2521 1204 2577 dulcia
1230 2521 1634 2594 imprimentes
1669 2520 1886 2587 oscula,

237 2611 602 2668 oblationum
635 2626 878 2666 suarum
909 2610 1158 2684 quisque
1197 2627 1300 2683 pro
1350 2627 1522 2683 posse
1573 2611 1893 2666 offerebant

235 2701 498 2756 donaria.
530 2699 638 2763 Qui
670 2715 804 2755 vero
834 2699 1299 2772 constipatorum
1345 2698 1621 2754 violentia
1670 2697 1888 2768 repulsi

235 2790 513 2863 proprius
565 2788 840 2844 accedere
889 2805 1007 2843 non
1055 2787 1345 2852 valebant,
1393 2786 1546 2841 heu!
1599 2789 1888 2857 quantum

235 2880 539 2950 gementes
569 2891 631 2934 se
659 2873 930 2929 desiderii
967 2874 1057 2929 sui
1097 2874 1304 2928 effectu
1334 2873 1568 2944 privari,
1602 2873 1672 2927 de
1721 2871 1892 2944 longe

237 2961 513 3037 projeetis
538 2963 881 3018 muneribus
898 2979 1026 3034 quae
1048 2961 1557 3032 attulerant,quasi
1573 2960 1887 3033 lapidibus,

239 3051 424 3109 sancti
455 3049 794 3124 sepulcrum
825 3050 924 3122 pia
949 3049 1253 3107 devotione
1283 3050 1626 3106 obruebant.
1659 3051 1763 3106 Est
1793 3067 1892 3108 au-

235 3142 356 3196 tem
387 3144 520 3196 ante
552 3140 705 3196 fores
734 3138 922 3212 ipsius
956 3137 1207 3194 basilica:
1237 3141 1533 3211 quoddam
1563 3140 1889 3212 spatiosum

2008 563 2289 638 delegatis
2319 569 2545 626 clericis
2575 571 2720 639 suis,
2747 571 3012 642 ejusdem
3044 569 3154 626 loci
3195 577 3515 629 memorato
3563 574 3660 630 ab-

2008 653 2128 710 bati
2159 657 2583 728 spatiositatem
2616 659 2816 732 templi
2837 660 3108 732 praecepit
3121 659 3352 731 penitus
3366 662 3656 723 evacuari,

2009 744 2412 818 obseratisque
2439 747 2748 820 diligenter
2777 747 3020 814 foribus,
3048 746 3323 802 omnibus
3348 745 3652 804 intercludi

2008 833 2345 889 facultatem
2378 835 2737 903 introeundi;
2774 836 3048 907 praecepit
3077 834 3254 891 etiam
3276 852 3344 891 ex
3366 851 3475 890 sua
3497 841 3658 907 parte

2007 921 2116 978 hoc
2146 923 2378 994 populis
2419 924 2776 991 annuntiari,
2809 929 2875 978 ut
2923 924 2995 978 ad
3046 924 3251 979 horam
3301 924 3654 994 accederent,

2007 1014 2064 1065 et
2089 1011 2312 1083 absque
2350 1011 2467 1068 ulla
2494 1013 2586 1068 sui
2621 1013 2874 1084 impetus
2913 1012 3319 1084 inquietudine
3367 1011 3659 1070 solemnes

2006 1097 2165 1154 illius
2192 1101 2378 1157 noctis
2404 1100 2699 1169 excubias,
2733 1117 2866 1157 cum
2901 1101 3080 1173 digna
3124 1102 3447 1169 devotione,
3482 1120 3515 1158 a
3541 1103 3657 1158 Deo

2007 1188 2396 1246 militantibus
2427 1190 2706 1246 celebrari
2739 1190 3030 1257 sinerent;
3053 1207 3115 1246 se
3146 1189 3346 1262 procul
3369 1191 3546 1246 dubio
3564 1191 3658 1248 die

2005 1278 2390 1350 subsequenti
2423 1294 2625 1334 eorum
2657 1278 2962 1335 desideriis
2992 1279 3282 1352 promittit
3321 1279 3654 1336 satisfactu-

2005 1372 2223 1435 rum,et
2251 1367 2594 1424 thesaurum
2617 1367 3267 1440 desiderabilem,quem
3290 1370 3650 1440 quaarebant,

2004 1454 2239 1512 illorum
2269 1456 2682 1528 conspectibus
2713 1457 3147 1528 expositurum;
3173 1456 3222 1512 si
3241 1474 3374 1514 vero
3407 1459 3651 1514 manda-

2003 1545 2080 1601 tis
2123 1546 2514 1602 detracterent
2557 1561 2836 1611 annuere,
2867 1545 3082 1602 infecto
3131 1547 3362 1619 negotio
3416 1551 3652 1619 prepter

2003 1635 2159 1707 quod
2191 1635 2541 1701 advenisset,
2575 1651 2944 1690 recessurum
2998 1636 3116 1690 fore
3165 1634 3326 1700 Quod
3359 1651 3493 1690 cum
3519 1639 3650 1690 tan-

2003 1724 2134 1780 dem
2170 1724 2425 1780 maxima
2453 1723 2796 1779 difficultate
2818 1724 3024 1779 fuisset
3043 1723 3652 1796 obtentum,pleraque

2003 1817 2198 1869 tamen
2230 1813 2626 1869 numerositas
2656 1812 3005 1885 populorum
3031 1828 3164 1867 cum
3196 1810 3448 1883 cepiosis
3475 1811 3652 1868 lumi-

2003 1903 2243 1958 naribus
2283 1901 2498 1958 deforis
2549 1902 2865 1970 excubans,
2900 1901 3167 1972 ejusdem
3217 1899 3652 1972 pollicitationis

2002 1991 2434 2064 praestolaretur
2483 1991 2753 2048 effectum
2813 2006 3111 2046 cereorum
3162 1989 3425 2044 ubertate
3481 1987 3652 2060 quasi

2002 2079 2312 2153 multiplici
2345 2079 2603 2136 siderum
2638 2078 2949 2152 splendore
2976 2076 3225 2133 interius
3255 2076 3538 2142 irradiata
3567 2093 3653 2132 ec-

2001 2169 2329 2236 elesia,Deo
2361 2168 2739 2225 servientium
2770 2167 2929 2223 chori
2963 2167 3024 2221 in
3055 2165 3300 2222 canticis
3330 2163 3649 2238 spirituali-

2001 2259 2112 2315 bus
2133 2257 2544 2314 decentissime
2576 2257 2735 2313 illius
2767 2255 2952 2312 noctis
2982 2258 3299 2327 exegerunt
3329 2253 3537 2325 spatia.

2074 2350 2158 2403 12.
2193 2347 2360 2402 Mane
2407 2351 2602 2402 autem
2652 2347 2820 2412 facto,
2855 2348 3163 2416 susceptus
3211 2347 3300 2398 est
3352 2359 3386 2397 a
3430 2342 3646 2397 domno

2001 2453 2152 2508 papa
2199 2435 2354 2490 intra
2405 2433 2708 2490 ecclesiam
2761 2437 3000 2488 sanctus
3052 2435 3272 2503 martyr
3323 2428 3646 2497 Cornelius,

1999 2540 2175 2599 quem
2207 2541 2342 2578 cum
2355 2522 2486 2578 aliis
2503 2527 2838 2578 sanctorum
2860 2521 3201 2594 pignoribus
3223 2519 3645 2590 Compendien-

2000 2630 2095 2670 ses
2141 2611 2332 2668 clerici
2386 2610 2485 2666 illo
2535 2610 2883 2676 detulerant,
2937 2626 3040 2681 pro
3099 2607 3300 2663 multis
3356 2605 3654 2661 violentiis

1999 2717 2148 2771 quas
2175 2699 2421 2757 ecclesia
2452 2715 2560 2755 sua
2597 2699 2928 2771 patiebatur
2957 2714 2992 2751 a
3019 2695 3375 2766 quibusdam
3409 2693 3647 2748 malefa-

2000 2787 2278 2842 ctoribus.
2311 2787 2476 2842 Circa
2524 2786 2727 2840 horam
2777 2785 2989 2840 deinde
3040 2781 3296 2850 tertiam,
3337 2781 3648 2837 redimitus

2001 2875 2154 2930 idem
2187 2873 2541 2946 apostolicus
2572 2871 2776 2928 infulis
2802 2869 3284 2934 sacerdotalibus,
3317 2869 3389 2924 ad
3412 2867 3650 2941 gloriosi

1998 2961 2186 3019 Patris
2219 2961 2465 3034 Remigii
2497 2960 2832 3034 sepulcrum
2863 2958 3126 3032 procedit
3146 2974 3280 3013 cum
3302 2957 3629 3030 thymiama

1999 3050 2162 3108 teriis
2192 3056 2248 3108 et
2272 3050 2568 3118 crucibus,
2602 3049 2837 3105 sociatis
2868 3048 2981 3104 sibi
3021 3046 3476 3119 archiepiscopis
3507 3061 3650 3116 qua-

1999 3145 2152 3207 tuor,
2187 3139 2460 3196 Remensi
2497 3138 2782 3206 videlicet,
2833 3136 3194 3203 Treverensi,
3249 3134 3649 3208 Lugdunensi,

236 3226 477 3294 atrium,
506 3228 566 3283 in
595 3244 712 3300 quo
743 3209 972 3300 quoties
993 3209 1344 3284 densitate—am
1395 3228 1486 3284 sui
1518 3209 1739 3300 perpeti
1771 3247 1886 3286 non
1919 3209 1962 3275 (ἶ
2000 3227 2466 3293 Vesontionensi,
2499 3245 2633 3284 cum
2666 3225 3022 3298 quibusdam
3047 3225 3201 3294 aliis,
3233 3224 3336 3280 sed
3375 3227 3432 3280 et
3461 3222 3649 3296 ipsius

237 3317 824 3390 poterat,frequeatia
853 3320 1150 3373 tantorum
1181 3333 1242 3372 se
1272 3316 1884 3389 explicabatcaetuum,

235 3418 306 3462 eo
337 3405 513 3461 ducta
537 3405 810 3460 aviditate
838 3405 1110 3460 cernendi
1137 3405 1333 3477 ipsum
1376 3405 1528 3460 beati
1561 3405 1713 3460 Petri
1743 3406 1891 3462 vica-

236 3495 394 3550 rium
421 3513 434 3562 ;
460 3497 590 3567 post
602 3494 753 3550 beati
768 3494 925 3550 enim
940 3494 1188 3567 Remigii
1211 3497 1509 3566 captatum
1541 3511 1608 3550 su
1618 3495 1888 3568 tfragium

237 3585 312 3640 ad
360 3582 540 3655 hujus
590 3595 963 3655 summopere
1006 3582 1272 3638 inhiabat
1318 3586 1642 3655 aspectum,
1675 3583 1776 3654 qui
1825 3589 1892 3640 ut

238 3671 618 3744 magnanimo
687 3670 1147 3728 desiderantium
1220 3671 1582 3728 satisfaceret
1632 3672 1886 3741 aﬁ‘ectui,

236 3758 596 3816 eminentius
623 3759 904 3815 solarium
929 3760 1140 3815 domus
1161 3758 1221 3814 in
1235 3775 1353 3830 qua
1374 3760 1780 3816 remorabatur
1799 3778 1892 3833 pe-

237 3851 390 3914 tens,
424 3849 581 3904 unde
611 3853 667 3904 et
695 3851 958 3904 astantes
987 3848 1272 3916 contueri,
1305 3852 1362 3904 et
1391 3850 1462 3904 ab
1493 3850 1716 3905 eisdem
1751 3867 1890 3906 con-

237 3937 408 4009 Spici,
456 3941 515 3992 et
561 3936 809 4008 loquens
857 3936 1043 4008 possit
1088 3935 1303 4004 audiri,
1351 3935 1671 4008 apostolica
1714 3938 1888 3994 bene-

239 4025 497 4080 dictione
545 4037 644 4080 eos
698 4023 1045 4091 laetiﬁcavit;
1095 4025 1306 4096 hisque
1357 4025 1781 4094 recedentibus,
1836 4029 1893 4082 et

239 4112 373 4168 aliis
404 4111 652 4168 subinde
673 4117 848 4184 atque
875 4112 1014 4168 aliis
1032 4111 1176 4167 illud
1208 4112 1517 4184 [al.,aliud]
1549 4114 1763 4169 atrium
1797 4132 1890 4170 ca-

238 4201 508 4257 tervatim
541 4201 922 4274 replentibus,
955 4207 1044 4258 ter
1064 4203 1123 4257 in
1154 4203 1356 4258 eadem
1391 4203 1503 4271 die,
1536 4219 1655 4258 suae
1686 4204 1891 4260 exhor-

238 4289 481 4346 tationis
513 4291 737 4346 monita
765 4290 1108 4363 impertiens
1150 4291 1432 4356 salubria,
1458 4291 1682 4363 liquido
1732 4297 1890 4364 pate-

1995 3317 2108 3374 loci
2138 3318 2708 3388 abbate,domnoque
2739 3315 2980 3387 Hugone
3007 3312 3320 3369 venerabili
3353 3313 3520 3369 Patre
3541 3329 3650 3368 cce-

1998 3406 2157 3462 nobii
2187 3405 2606 3472 Cluniacensis,
2638 3411 2696 3460 et
2727 3403 2884 3459 illius
2915 3402 3140 3459 ordinis
3184 3401 3477 3474 plurimis,
3509 3417 3643 3457 cum

1999 3495 2214 3569 quibus
2253 3495 2457 3550 litania
2488 3496 2659 3560 facta,
2691 3499 2747 3548 et
2777 3509 2954 3565 super
2983 3496 3253 3547 sanctum
3284 3507 3496 3562 corpus
3527 3506 3644 3546 non

1999 3585 2230 3641 modica
2258 3583 2697 3640 thimiamatum
2743 3598 2990 3637 accensa
3042 3579 3382 3652 fragrantia,
3439 3578 3651 3635 cecinit

1997 3673 2435 3746 responsorium
2471 3674 2756 3743 Dirigatur
2785 3672 2956 3726 oratio
2985 3686 3126 3737 mea,
3161 3685 3276 3741 quo
3314 3685 3450 3724 cum
3481 3684 3650 3725 versu

1998 3761 2536 3836 expleto,feretrum
2569 3759 2852 3827 sancti,ut
2874 3758 3212 3831 praeparatis
3244 3757 3654 3813 instrumentis

2000 3856 2263 3924 aptatum
2287 3851 2357 3906 ad
2383 3851 2686 3905 ferendum
2719 3849 3058 3903 redderetur
3088 3845 3304 3913 habile,
3325 3863 3359 3901 a
3389 3862 3495 3902 suo
3527 3844 3656 3901 loco

2000 3940 2306 4014 paululum
2331 3939 2659 4002 removit,et
2691 3933 3074 4007 antiphonam
3102 3933 3389 4004 Confessor
3414 3934 3657 4000 Domini,

1999 4030 2229 4100 Remigi,
2261 4026 2610 4084 decantavit.
2645 4027 2717 4080 At
2750 4022 2849 4079 ubi
2899 4025 3317 4094 competenter,
3349 4025 3522 4092 prout
3568 4037 3660 4074 res

1999 4118 2285 4190 exigebat,
2319 4114 2671 4187 dispositum
2703 4113 2832 4178 fuit,
2868 4112 2992 4184 ipse
3022 4114 3155 4166 ante
3177 4109 3322 4165 alios
3353 4124 3487 4164 cum
3520 4124 3662 4179 prae-

2002 4207 2138 4262 fatis
2171 4203 2622 4275 archiepiscopis
2640 4208 2696 4258 et
2712 4200 3023 4256 abbatibus
3050 4197 3370 4270 suppositis
3393 4196 3657 4252 humeris

2002 4294 2146 4350 illud
2180 4295 2382 4349 devote
2414 4292 2744 4364 lacrymans
2776 4288 3064 4355 extulit,et
3093 4285 3533 4359 responsorium
3553 4285 3656 4342 Iste

238 4379 377 4435 fecit
404 4393 532 4450 quae
559 4379 813 4446 vitanda,
865 4397 1114 4452 quisque
1145 4381 1217 4436 ad
1261 4379 1511 4437 salutem
1560 4382 1892 4438 animarum
2002 4388 2081 4439 est
2126 4383 2190 4438 de
2233 4381 2564 4437 sublimibus
2616 4378 2946 4444 inchoavit;
2975 4377 3146 4447 cujus
3197 4391 3397 4430 vocem
3448 4374 3652 4429 subse-

241 4483 485 4524 suarum
516 4467 628 4524 sibi
669 4469 857 4524 forent
886 4467 1238 4540 expetibilia.
1276 4471 1336 4524 In
1383 4471 1587 4526 eadem
1637 4471 1892 4543 denique
2005 4477 2246 4544 quentes
2291 4469 2450 4526 chori
2503 4467 2902 4540 psallentium,
2943 4469 3180 4521 ovantes
3227 4467 3548 4535 erumpunt
3595 4462 3654 4516 in

239 4558 415 4614 domo
446 4567 612 4613 sacra
642 4557 918 4630 mysteria
963 4557 1077 4613 sibi
1106 4558 1242 4613 fecit
1269 4559 1570 4625 celebrari,
1605 4560 1744 4633 quia
1775 4577 1890 4616 non
1922 4574 1973 4640 D
1994 4559 2366 4634 jubilationis
2407 4558 2754 4630 tripudium,
2803 4571 3035 4628 praeque
3087 4552 3389 4610 alacritate
3437 4549 3653 4640 cordis,

239 4646 492 4702 dabatur
531 4647 761 4718 uspiam
811 4645 976 4702 locus
1025 4650 1390 4718 opportunus
1439 4647 1744 4704 ecclesiam
1802 4650 1891 4705 in-

239 4734 536 4802 troeundi,
570 4749 674 4791 nec
702 4735 812 4807 ipsi
864 4736 1091 4802 fratres,
1126 4752 1241 4808 pl‘tB
1292 4735 1739 4808 importunitate
1772 4737 1890 4810 ple-

130 4865 146 4871 κ
241 4822 428 4890 bium,
458 4822 696 4880 solitum
729 4823 848 4880 illic
880 4840 1127 4898 pensum
1154 4824 1334 4880 divini
1365 4825 1639 4881 valebant
1676 4826 1892 4898 persol-

239 4929 374 4969 vere
421 4910 618 4969 officii.
653 4913 1006 4969 Adveniente
1053 4915 1274 4970 interea
1321 4919 1506 4981 nocte,
1543 4931 1646 4970 nec
1696 4920 1892 4971 tamen

241 5001 664 5059 confluentium
696 5008 1042 5069 rarescente,
1076 5003 1176 5059 sed
1209 5004 1399 5076 magis
1432 5004 1737 5077 magisque
1766 5020 1892 5060 cre-

241 5092 547 5148 brescente
567 5091 1013 5162 copia,domnus
1043 5109 1196 5164 papa
1225 5098 1496 5149 metuens
1528 5109 1598 5148 ne
1629 5093 1688 5149 in
1710 5094 1894 5150 sacris

240 5179 458 5253 vigiliis
486 5179 602 5236 Deo
634 5181 985 5236 famulantes
1015 5181 1454 5253 importunitate
1475 5181 1658 5253 plebis
1683 5199 1896 5255 praepe-

242 5269 509 5326 direntur
537 5269 775 5342 exsequi
835 5269 1040 5324 divinae
1068 5258 1389 5326 servitutis
1429 5270 1732 5336 solemnia,
1767 5276 1893 5327 tum

243 5358 419 5415 etiam
451 5376 522 5415 ne
553 5358 664 5416 sibi
699 5359 937 5432 pretiosi
969 5359 1197 5432 coporis
1243 5359 1431 5417 sancti
1481 5360 1656 5415 istius
1709 5364 1897 5420 trans-

2001 4668 2034 4706 ο
2065 4655 2417 4722 quantorum
2447 4663 2548 4703 ora
2587 4645 2954 4701 manantium
3004 4642 3212 4715 rigavit
3265 4639 3658 4697 redundantia

2003 4740 2244 4794 ﬂetuum
2271 4737 2282 4792 l
2316 4741 2740 4808 quantorumve
2773 4738 2999 4789 mentes
3030 4732 3102 4787 ad
3134 4731 3276 4786 tanti
3332 4729 3519 4785 Patris
3561 4745 3654 4783 ca-

2003 4827 2220 4899 ptanda
2249 4825 2527 4898 suffragia
2552 4828 2688 4879 sunt
2713 4825 3073 4893 compunctm
3108 4821 3164 4874 in
3189 4817 3444 4890 suspiria
3468 4817 3661 4872 beato-

2001 4933 2134 4972 rum
2166 4913 2784 4988 gemituumlTradens
2817 4914 3014 4966 autem
3048 4910 3302 4965 domnus
3333 4923 3484 4979 papa
3500 4921 3661 4961 eum-

2003 5007 2136 5061 dem
2195 5002 2516 5076 pretiosum
2568 5001 2910 5056 thesaurum
2960 5015 3023 5055 se
3073 4997 3225 5054 ultro
3257 4994 3655 5069 ingerentium

2001 5093 2173 5158 votis,
2207 5093 2280 5148 ab
2325 5090 2732 5162 inquietudine
2764 5089 3072 5143 turbarum
3104 5085 3347 5142 secessit
3377 5083 3435 5138 in
3468 5086 3659 5138 orato-

2003 5184 2158 5238 rium
2189 5185 2400 5237 sancta:
2419 5178 2906 5248 Trinitatis,quod
2930 5177 3001 5231 ad
3025 5174 3409 5230 meridianam
3427 5171 3656 5245 plagam

2004 5271 2155 5326 infra
2198 5268 2483 5324 ambitum
2505 5267 2692 5338 ipsius
2705 5264 2956 5320 ecclesiae
2971 5265 3241 5319 decenter
3256 5265 3657 5318 constructum

2003 5363 2147 5428 erat,
2180 5357 2464 5413 Harduini
2496 5356 2573 5426 (9)
2619 5353 2930 5424 cujusdam
2983 5351 3095 5408 loci
3148 5351 3309 5407 illius
3358 5349 3657 5406 cemobitaa

317 5537 392 5612 (9)
424 5539 525 5612 Hic
557 5539 668 5594 sub
700 5539 984 5612 Ludovico
1036 5540 1129 5611 pio
1181 5539 1528 5612 imperatore
1577 5539 1792 5606 floruit,
1826 5541 1899 5596 de
1947 5557 2062 5612 quo
2114 5536 2243 5592 vide
2297 5534 2694 5590 Frodoardum
2739 5530 2899 5586 lib.u
2930 5531 3194 5587 Historiae
3225 5531 3558 5599 Rem.,cap.
3599 5528 3662 5580 19

243 5615 300 5665 et
328 5609 644 5668 Marlotum
677 5613 833 5667 torno
867 5611 910 5682 Ι,
948 5609 1248 5683 Metropol.
1270 5609 1447 5666 ’Rem.
1471 5610 1666 5678 lib.m,
1689 5627 1815 5682 cap.
1847 5615 1900 5665 2.
