4060 6174
255 334 411 402 1429

1250 338 1454 404 HIST.
1500 338 1753 404 DEDlC.
1797 338 2195 404 ECCLESIE
2237 340 2303 404 S.
2352 339 2683 406 ltEMIGIl.

3510 296 3666 410 1430

251 470 528 529 omnibus
557 473 863 547 appareret
891 470 1077 530 oculis
1108 470 1168 529 in
1198 471 1546 530 celebranda
1574 472 1816 548 synodo,
1838 470 1899 528 in
1926 475 1984 543 Α
2011 473 2148 532 inde
2179 480 2568 534 memoratum
2594 474 2901 553 populum,
2932 476 3256 536 secundum
3278 478 3665 539 institutionis

249 578 388 635 qua,
406 561 456 618 si
478 563 613 635 quis
642 578 922 619 erroneus
953 562 1175 636 aliquid
1200 562 1494 630 frivolum,
1513 562 1602 619 vel
1630 562 1905 620 ecclesia-

2016 565 2146 637 ejus
2176 565 2350 621 verba
2379 567 2674 640 publicam
2700 568 2772 623 de
2804 566 3054 640 peccatis
3084 567 3209 624 suis
3240 569 3662 627 confessionem

249 651 406 709 stica
429 651 695 725 religioni
718 653 1027 710 adversum
1054 670 1315 710 asserere
1345 658 1743 725 prasumeret,
1768 670 1907 726 erga
2014 656 2306 726 agentem.
2331 654 2607 724 absolvit;
2640 655 3044 728 explicitisque
3064 656 3278 713 divinis
3300 657 3508 716 ofﬁciis
3530 676 3663 731 apo-

245 741 405 798 hunc
425 741 514 796 vir
531 741 633 797 Dei
656 740 815 798 illius
827 743 1062 799 virtutis
1080 744 1397 815 potentiam
1424 759 1528 815 per
1542 742 1631 798 sui
1646 743 1905 814 corporis

245 829 615 904 prasentiam
637 830 1141 905 exhiberet,quam
1164 833 1357 889 adhuc
1375 832 1436 887 in
1465 832 1685 888 mundo
1705 831 1904 887 vivens

244 936 382 992 erga
403 919 683 975 Arianum
715 920 1055 977 hareticum
1085 914 1371 986 exhibuit,
1394 922 1488 977 cui
1520 922 1577 976 in
1614 924 1901 977 conventu

243 1008 653 1081 episcoporum
676 1009 973 1066 catholica
994 1011 1130 1067 ﬁdei
1155 1010 1347 1066 lucem
1370 1008 1638 1066 nebulosi
1667 1011 1903 1083 dogma-

241 1097 321 1153 tis
340 1097 552 1154 umbra
582 1097 926 1155 obnubilare
955 1098 1239 1166 molienti,
1265 1100 1336 1156 ad
1363 1100 1678 1155 adventum
1700 1115 1900 1168 suum,

242 1184 443 1242 divina
481 1185 694 1242 virtute
735 1187 994 1243 officium
1046 1188 1205 1245 vocis
1254 1189 1525 1256 extorsit;
1577 1189 1674 1244 sed
1723 1185 1900 1260 paulo

240 1278 375 1347 post
402 1291 539 1331 cum
570 1274 781 1331 humili
822 1276 1221 1333 satisfactione
1250 1281 1477 1334 reatum
1510 1294 1687 1333 suum
1720 1293 1898 1350 agno-

239 1367 522 1433 scentem,
536 1365 745 1420 anima
766 1366 1144 1439 corporisque
1165 1367 1439 1422 eumdem
1458 1366 1708 1422 sanitate
1724 1366 1901 1421 dona-

239 1455 392 1519 tum,
415 1453 488 1508 ad
519 1451 673 1511 ﬁlios
698 1454 1031 1527 adoptionis
1061 1454 1383 1511 transtulit.
1405 1456 1538 1521 Qua
1568 1454 1897 1527 perorantis

235 1558 401 1614 papa
434 1542 679 1598 intentio
711 1559 781 1598 ex
809 1560 1063 1616 superno
1088 1543 1371 1599 instinctu
1405 1544 1746 1616 procedens,
1769 1544 1899 1599 effe‘

233 1636 332 1687 ctu
364 1629 526 1686 nullo
572 1632 746 1687 modo
776 1632 985 1701 caruit,
1018 1632 1175 1688 velut
1226 1632 1338 1688 hoc
1367 1631 1719 1705 opusculum
1769 1632 1896 1688 loco

231 1736 341 1777 suo
371 1718 711 1777 declarabit.
736 1721 853 1777 Hac
894 1737 1029 1795 ergo
1061 1722 1131 1778 de
1171 1738 1351 1778 causa
1380 1722 1464 1777 sic
1505 1721 1696 1778 locato
1739 1722 1893 1777 beati

2015 743 2279 800 stololica
2323 745 2728 801 benedictione
2786 745 3160 802 sanctiﬁcans
3201 745 3368 801 illum
3412 747 3658 805 dimisit.

2014 832 2320 889 Pontiﬁces
2352 838 2571 902 autem,
2591 835 3104 907 canobiorumque
3135 839 3405 901 rectores,
3432 841 3488 892 et
3512 841 3662 894 cete-

2011 939 2107 977 ros
2130 922 2279 978 sacri
2306 923 2528 980 ordinis
2550 924 2871 994 ministros,
2897 924 2998 997 qui
3020 924 3100 980 ibi
3122 924 3383 995 aderant,
3408 926 3480 981 ad
3503 942 3663 982 eum-

2011 1010 2144 1066 dem
2175 1011 2371 1068 locum
2402 1012 2658 1069 crastino
2679 1014 2862 1085 jussit
2887 1013 3116 1083 reverti,
3149 1018 3214 1069 ut
3244 1031 3378 1070 cum
3410 1014 3526 1071 illis
3556 1014 3658 1072 ha-

2009 1100 2172 1157 beret
2197 1101 2506 1168 rationem,
2527 1119 2705 1174 quam
2732 1103 3085 1171 condixerat,
3116 1104 3340 1176 synodi.

2462 1200 2686 1256 PRIMA
2724 1200 2882 1256 DIES
2922 1200 3205 1257 SYNODI.

2082 1280 2168 1335 14.
2193 1279 2295 1335 Die
2325 1296 2460 1335 vero
2504 1278 2705 1347 altera,
2742 1297 2868 1352 qua
2908 1284 2997 1335 est
3028 1280 3235 1353 quinto
3265 1281 3462 1339 Nonas
3491 1282 3658 1339 Octo-

2007 1368 2150 1437 bris,
2176 1369 2510 1442 congregati
2538 1374 2677 1424 sunt
2706 1369 2764 1424 in
2790 1373 3114 1425 memorata
3132 1369 3377 1426 basilica
3399 1370 3658 1444 episcopi

2006 1457 2275 1514 videlicet
2319 1475 2564 1514 numero
2610 1457 2838 1530 viginti,
2875 1474 3010 1513 eum
3061 1458 3490 1532 quinquaginta
3538 1460 3656 1517 fere

2006 1547 2411 1614 abbatibus,et
2432 1546 2562 1602 aliis
2584 1546 2961 1603 ecclesiastici
2979 1547 3202 1603 ordinis
3224 1548 3651 1621 complurimis.

2004 1634 2114 1690 Ubi
2145 1637 2343 1692 statim
2374 1640 2540 1693 vetus
2577 1636 2811 1708 querela
2844 1637 2995 1691 inter
3025 1636 3329 1692 Remensis
3360 1641 3417 1692 et
3445 1639 3654 1693 Treve-

2004 1726 2195 1781 reusis
2225 1726 2648 1798 archiepiscOpi
2692 1724 2932 1782 clericos
2960 1729 3050 1781 est
3098 1729 3401 1793 renovata;
3435 1725 3529 1782 his
3560 1743 3654 1783 as-

231 1808 484 1882 Remigii
505 1825 765 1882 corpore,
790 1811 1079 1867 universis
1100 1812 1225 1883 [al.,
1252 1812 1608 1883 numerosis]
1640 1810 1891 1883 agmini-
1922 1848 1970 1913 Β
2001 1814 2338 1870 truentibus
2355 1815 2494 1887 quia
2511 1815 2816 1871 Remensis
2838 1814 3426 1887 primas(13)essetin
3445 1815 3649 1884 Gallia,

228 1898 344 1956 bus
382 1899 815 1973 episcoporum,
843 1900 1147 1968 abbatum,
1181 1900 1627 1968 monachorum,
1651 1898 1889 1956 clerico-

228 2003 389 2058 rum,
414 2004 516 2060 per
544 1987 752 2045 choros
782 1989 1193 2046 decentissime
1222 1988 1546 2062 dispositis,
1570 1990 1888 2045 missarum

228 2075 519 2134 solemnia
549 2077 705 2134 idem
738 2078 1000 2150 pontifex
1045 2095 1116 2134 ex
1159 2077 1546 2135 dedicationis
1577 2077 1892 2134 celebravit

226 2165 569 2235 festivitate;
621 2166 886 2239 lectoque
930 2167 1260 2241 Evangelia,
1282 2167 1578 2240 pulpitum
1609 2182 1887 2223 conscen-

227 2255 379 2312 dens
407 2254 827 2311 exhortationis
857 2273 1188 2313 sermonem
1223 2257 1359 2313 fecit
1396 2257 1469 2312 ad
1502 2257 1887 2312 circumstan-

230 2349 352 2401 tem
382 2343 686 2417 populum,
713 2345 811 2418 qui
842 2345 1136 2417 plurimus
1171 2346 1534 2413 monasterii,
1559 2350 1625 2401 ut
1659 2344 1885 2401 dictum

227 2437 338 2503 est,
364 2433 587 2490 foribus
609 2433 915 2500 obseratis,
939 2451 1044 2506 per
1063 2435 1347 2491 fenestras
1370 2434 1751 2506 irrumpendo
1772 2432 1887 2488 sibi

182 2542 185 2543 '
226 2523 444 2578 fecerat
467 2522 810 2579 aditum.Ad
831 2540 1006 2596 quem
1034 2524 1221 2580 multa
1239 2541 1308 2580 ex
1328 2523 1516 2596 ipsius
1533 2521 1736 2595 templi
1756 2539 1886 2578 san-

227 2611 576 2667 ctificatione
601 2612 978 2669 concionatus
1006 2612 1194 2680 utilia,
1220 2612 1377 2669 diem
1402 2611 1564 2668 illam
1596 2610 1883 2667 celebrem

224 2716 356 2757 esse
384 2700 656 2773 pracepit
684 2718 788 2774 per
809 2701 1119 2759 Remensis
1140 2700 1422 2775 episcopii
1443 2700 1716 2768 confinia,
1741 2708 1882 2755 ana-

225 2787 507 2845 thematis
530 2805 700 2860 pana
713 2790 1008 2845 damnans
1027 2789 1160 2845 illos
1175 2805 1381 2845 omnes
1398 2788 1500 2860 qui
1518 2788 1588 2843 ad
1609 2788 1881 2842 eumdem

224 2876 424 2933 locum
454 2876 635 2947 hujus
654 2876 1046 2932 solemnitatis
1072 2876 1258 2949 gratia
1287 2893 1390 2948 per
1409 2874 1675 2948 singulos
1696 2891 1882 2930 annos

227 2963 683 3031 conﬂuentibus,
712 2963 801 3020 vel
830 2964 966 3020 inde
996 2964 1403 3031 redeuntibus,
1427 2963 1679 3035 alicujus
1702 2963 1884 3034 impe-

228 3052 474 3107 dimenti
507 3051 830 3124 irrogarent
858 3052 1247 3108 incommoda.
1272 3053 1586 3109 Constituit
1609 3053 1786 3108 etiam
1816 3055 1883 3106 ut

226 3141 299 3195 ad
332 3139 512 3196 altare
544 3141 720 3213 quod,
752 3145 813 3196 ut
843 3142 1148 3214 prafatum
1177 3146 1292 3209 est,
1322 3141 1382 3197 in
1412 3132 1881 3212 honore'aposte-

221 3228 419 3287 lorum
440 3211 591 3285 Petri
618 3233 676 3285 et
698 3211 1204 3299 Pauli,Clementis
1224 3234 1281 3287 et
1300 3211 1710 3302 Christophori
1727 3246 1878 3284 mar-
1911 3211 1955 3278 C

223 3323 442 3392 tyrum,
469 3317 824 3391 gloriosique
844 3318 1195 3375 confessoris
1226 3319 1475 3392 Remigii
1505 3334 1878 3375 consecrave-

223 3410 335 3476 rat,
362 3424 477 3463 non
507 3407 819 3464 indiscrete
849 3424 884 3463 a
912 3408 1268 3481 quibusque,
1283 3408 1435 3464 sicut
1455 3408 1759 3473 hactenus,
1792 3423 1881 3462 sa-

220 3500 528 3553 crosancta
574 3497 855 3570 mysteria
884 3500 1214 3570 agerentur,
1242 3499 1343 3554 sed
1377 3498 1701 3554 secundum
1755 3512 1877 3551 mo-

220 3602 348 3641 rem
379 3585 656 3643 Romana
689 3584 980 3654 Ecclesia,
1005 3589 1229 3658 septem
1259 3586 1671 3643 tantummodo
1696 3601 1878 3641 sacer-

218 3674 410 3745 dotes,
434 3673 537 3746 qui
567 3673 626 3729 in
665 3674 767 3729 illa
795 3674 1240 3748 congregatione
1268 3675 1566 3750 digniores
1594 3676 1879 3731 haberen-

217 3766 339 3830 tur,
364 3762 434 3818 ad
465 3762 573 3819 hoc
594 3761 855 3818 ofﬁcium
876 3764 1321 3835 deputarentur,
1345 3765 1453 3820 soli
1484 3765 1756 3822 Remensi
1787 3785 1878 3823 ar-

218 3851 593 3925 chiepiscopo
612 3852 916 3924 ipsiusque
932 3852 1179 3909 ccenobii
1194 3853 1390 3909 abbati
1402 3854 1647 3923 ,ibidem
1665 3856 1879 3914 missas

218 3939 432 4012 agendi
464 3943 753 4013 potestate
805 3939 1034 4008 collata,
1058 3945 1115 3997 et
1143 3942 1237 3996 cui
1286 3941 1442 3997 idem
1486 3942 1668 3999 abbas
1716 3945 1882 4001 daret

216 4028 541 4094 licentiam,
573 4034 727 4085 certe
766 4029 1061 4086 interdum
1093 4029 1339 4085 rationis
1368 4029 1630 4102 exigente
1655 4033 1877 4104 gratia;

220 4134 331 4174 nec
361 4133 475 4173 non
500 4116 653 4173 clero
682 4118 955 4173 Remensi
982 4118 1073 4173 bis
1096 4118 1155 4173 in
1186 4119 1523 4179 anno.feria
1545 4118 1767 4175 scilicet
1796 4139 1880 4178 se-

219 4206 420 4262 cunda
438 4205 734 4279 paschalis
755 4206 906 4271 festi,
933 4210 991 4262 et
1011 4205 1209 4280 vigilia
1228 4206 1603 4273 Ascensionis
1624 4208 1883 4264 Domini-

220 4311 325 4363 ca,
353 4296 587 4366 quando
618 4294 910 4351 solemnes
936 4293 1055 4351 illic
1086 4294 1367 4351 stationes
1407 4312 1476 4351 ex
1522 4297 1767 4368 antiqua
1796 4299 1878 4353 fa-

219 4384 388 4440 ciunt
415 4383 748 4440 traditione.
790 4384 921 4439 Hac
960 4384 1193 4440 decreta
1240 4401 1312 4440 ne
1352 4384 1668 4457 aliquando
1718 4387 1883 4444 irrita

221 4474 433 4528 fierent
456 4473 804 4545 antiquitate
844 4472 1148 4545 temporis,
1179 4472 1393 4529 litteris
1438 4475 1704 4531 mandari
1741 4477 1878 4550 (12),

1999 1901 2246 1975 ideoque
2268 1902 2351 1958 illi
2372 1903 2677 1976 dispositio
2698 1908 3050 1976 competeret
3068 1902 3374 1976 synodica;
3399 1921 3430 1960 e
3451 1909 3653 1961 contra

1995 2008 2130 2048 vero
2164 1992 2247 2047 illi
2274 1992 2709 2066 archiepiscopo
2740 1992 3070 2048 Trevirensi
3101 1993 3367 2048 eamdem
3400 1993 3651 2068 dignita-

1995 2085 2115 2137 tem
2153 2083 2518 2137 conabantur
2556 2082 2868 2147 ascribere,
2891 2081 3260 2154 primamque
3290 2082 3491 2138 sedem
3520 2088 3653 2155 post

1998 2170 2271 2227 Romana
2315 2171 2584 2226 Ecclesia
2606 2170 2916 2244 prasulem
2949 2170 3007 2226 in
3034 2169 3380 2227 celebrando
3405 2172 3649 2228 concilio

1995 2262 2318 2333 acquirere.
2343 2260 2606 2316 Domnus
2627 2264 2824 2316 autem
2844 2277 2995 2332 papa
3020 2276 3133 2315 non
3150 2259 3467 2323 arbitratus
3488 2277 3651 2333 opor-

1992 2352 2206 2405 tunum
2256 2354 2492 2421 tempus
2523 2365 2639 2420 quo
2672 2348 2764 2403 his
2796 2348 3125 2404 rationibus
3167 2348 3389 2420 imponi
3432 2347 3652 2404 valeret

1994 2454 2290 2510 congruas
2320 2438 2478 2504 finis,
2501 2439 2603 2494 sed
2634 2439 2827 2510 potius
2852 2442 3120 2494 metuens
3146 2437 3486 2509 hujusmodi
3510 2454 3646 2494 con-

1991 2529 2336 2584 troversiam
2362 2544 2742 2600 prorumpere
2762 2527 2835 2582 ad
2862 2526 3208 2582 scandalum
3232 2526 3646 2595 contentionis,

1990 2617 2051 2672 in
2084 2617 2328 2672 modum
2358 2633 2582 2672 corona
2622 2615 2831 2672 sedilia
2858 2616 3265 2687 episcoporum
3304 2615 3557 2686 disponi,
3589 2618 3648 2669 et

1989 2706 2051 2760 in
2083 2706 2274 2760 medio
2304 2721 2506 2759 eorum
2533 2721 2652 2758 sua
2685 2704 2842 2758 sedis
2881 2708 3226 2775 suggestum
3260 2702 3531 2774 praecepit
3559 2702 3643 2758 lo-

1990 2793 2131 2863 cari,
2154 2793 2324 2863 cujus
2345 2791 2730 2847 ordinationis
2759 2791 2998 2846 modum
3023 2808 3094 2846 ex
3121 2790 3360 2847 arbitrio
3394 2791 3641 2847 Remen-

1989 2880 2072 2936 sis
2088 2878 2522 2952 archiprasulis
2538 2879 2730 2934 sanxit
2747 2878 3180 2948 administrari;
3197 2879 3297 2952 qui
3310 2879 3640 2936 convocatis

1988 2968 2437 3036 archidiaconis,
2456 2972 2513 3024 et
2533 2968 2866 3039 quibusque
2887 2967 3024 3023 cleri
3046 2968 3137 3024 sui
3160 2969 3638 3041 pracipuis,cum

1987 3074 2191 3114 eorum
2222 3056 2488 3122 consilio,
2520 3056 2579 3111 in
2622 3057 2883 3124 modum,
2908 3060 2971 3112 ut
3000 3058 3224 3113 dictum
3254 3062 3363 3123 est,
3391 3074 3638 3129 corona,

1987 3147 2331 3218 pontiﬁcum
2359 3145 2584 3211 sedilia,
2607 3150 2665 3201 et
2686 3146 2743 3199 in
2769 3145 2958 3202 medio
2982 3147 3031 3219 ej
3043 3164 3110 3202 us
3134 3146 3459 3219 apostolica
3482 3146 3639 3202 sedis
3742 3170 3759 3183 ι

1990 3237 2258 3308 apparari
2292 3235 2426 3291 fecit
2454 3235 2732 3308 insignia.
2758 3235 2858 3290 His
2904 3235 2985 3291 ita
3031 3235 3354 3308 dispositis,
3388 3236 3643 3292 domnus

1987 3342 2138 3397 papa
2167 3322 2627 3380 sacerdotalibus
2654 3324 2823 3394 quasi
2854 3325 2928 3379 ad
2955 3323 3368 3381 celebrandum
3396 3325 3641 3381 missam

1987 3412 2191 3468 infulis
2214 3412 2543 3477 redimitus,
2569 3413 2856 3483 processit
2890 3428 2958 3468 ex
2986 3413 3239 3469 oratorio
3270 3417 3484 3470 saneta
3516 3413 3641 3469 Tri-

1988 3501 2189 3557 nitatis
2217 3518 2352 3556 cum
2383 3517 2554 3557 cruce
2575 3504 2633 3556 et
2654 3501 2947 3574 Evangelii
2972 3500 3140 3568 libro,
3165 3502 3645 3559 antecedentibus

1987 3607 2121 3646 eum
2153 3589 2301 3646 sacri
2341 3590 2564 3646 ordinis
2597 3589 2906 3656 ministris,
2940 3606 3155 3663 sexque
3202 3591 3301 3646 alii
3349 3607 3545 3647 coram
3576 3607 3644 3647 eo

1987 3680 2389 3752 procedentes,
2414 3685 2547 3734 ante
2578 3684 2850 3734 sanctum
2880 3678 3061 3735 altare
3090 3696 3161 3735 ex
3189 3680 3415 3753 integro
3446 3683 3642 3735 canta-

1987 3772 2197 3824 verunt
2216 3767 2599 3840 antiphonam
2621 3767 2841 3823 Exaudi
2870 3785 2968 3823 nos
2989 3769 3248 3837 Domine;
3269 3785 3388 3839 qua
3417 3768 3645 3841 expleta

1987 3875 2124 3914 cum
2171 3857 2402 3929 psalmo
2437 3862 2495 3912 et
2526 3856 2732 3922 Gloria,
2766 3855 3239 3927 archiepiscopus
3283 3857 3643 3913 Trevirensis

1988 3946 2252 4002 litaniam
2284 3946 2419 4001 fecit
2443 3962 2455 4000 :
2479 3962 2662 4016 eaque
2687 3944 2873 4013 ﬁnita,
2896 3948 3247 3999 conventum
3267 3945 3643 4011 diaconus,ut

1988 4037 2059 4091 ad
2084 4036 2267 4090 Deum
2295 4049 2494 4106 preces
2516 4033 2859 4099 effunderet,
2876 4032 3200 4097 admonuit,
3217 4035 3273 4087 et
3291 4031 3375 4086 sic
3392 4032 3641 4102 tempori

1988 4127 2404 4195 congruentem
2436 4122 2651 4176 domno
2681 4119 3000 4191 apostolico
3043 4120 3364 4175 orationem
3390 4119 3639 4188 dicente,

1986 4212 2205 4268 lectum
2254 4215 2343 4267 est
2390 4208 2766 4281 Evangelium
2796 4211 2955 4264 Diait
2983 4210 3198 4265 Simoni
3239 4210 3398 4264 Petro
3443 4210 3595 4264 Iesus
3622 4226 3641 4263 :

1989 4302 2051 4357 Si
2076 4301 2382 4373 peccaverit
2413 4300 2469 4354 in
2504 4308 2553 4354 te
2576 4300 2753 4369 frater
2777 4306 2921 4353 tuus.
2948 4298 3084 4354 Post
3109 4297 3230 4353 hac
3252 4296 3643 4353 consederunt

1989 4388 2431 4454 omnes,ordine
2451 4404 2566 4459 quo
2589 4387 2896 4442 Rcmensis
2926 4385 3302 4458 archiprasul
3325 4384 3642 4457 disposuit,

1990 4480 2241 4534 domnus
2263 4476 2497 4548 quidem
2524 4492 2672 4548 papa
2696 4475 2751 4528 in
2777 4476 2989 4541 medio,
3004 4480 3069 4530 ut
3088 4474 3311 4530 dictum
3333 4478 3440 4541 est,
3456 4472 3640 4540 chori,

220 4579 444 4635 easque
470 4562 688 4636 signari
713 4560 908 4634 sigillo
930 4578 1050 4617 sua
1079 4562 1352 4634 praecepit
1373 4565 1761 4622 auctoritatis.
1789 4571 1890 4623 De-
1918 4575 1965 4639 D
1993 4584 2160 4623 verso
2187 4565 2347 4621 vultu
2379 4565 2451 4619 ad
2484 4563 2819 4637 sepulcrum
2851 4564 3005 4619 beati
3046 4562 3316 4636 Remigii,
3339 4567 3473 4620 ante
3502 4579 3639 4619 ocu-

297 4686 407 4760 (l_2_)
430 4686 590 4760 Hanc
603 4685 830 4760 bullam
852 4684 1035 4741 habes
1056 4685 1227 4760 infra.
1249 4685 1421 4760 Porro
1443 4685 1598 4760 idem
1622 4691 1877 4760 pontifex

224 4756 421 4838 simile
448 4756 820 4838 privilegium
850 4758 1137 4838 concessit
1161 4756 1328 4838 altari
1361 4758 1601 4838 majoris
1623 4756 1879 4838 ecclesia

222 4826 608 4902 Coloniensis,
642 4826 742 4902 ubi
774 4832 997 4902 septeni
1030 4826 1112 4902 illi
1147 4826 1477 4902 presbyteri
1508 4830 1878 4902 appellantur

221 4899 556 4972 cardinales,
588 4899 746 4971 quod
788 4899 903 4955 et‘a
933 4899 1294 4972 Remigianis
1341 4899 1562 4955 nostris
1586 4899 1875 4959 'observa-

222 4975 342 5026 tur.
376 4971 525 5043 Hac
548 4970 744 5027 autem
778 4988 975 5043 rerum
1005 4970 1311 5043 dispositio
1339 4987 1373 5024 a
1404 4972 1675 5043 pontifice
1721 4976 1874 5030 ordi-

224 5049 367 5123 nata
396 5042 684 5114 hodieque
712 5043 772 5098 in
796 5041 1038 5099 basilica
1076 5041 1421 5115 Remigiana
1448 5048 1714 5100 servatur
1745 5046 1875 5103 reli-

268 5129 410 5169 1088.

268 5130 410 5169 lose.

226 5130 266 5187 8
298 5185 412 5257 (I3)
440 5184 787 5257 Remensem
818 5184 1124 5257 ecclesiam
1153 5186 1403 5257 omnium
1440 5188 1597 5257 regni
1624 5189 1875 5245 ecclesia-

229 5255 537 5332 ταιηᾉέαῃειε
554 5273 625 5327 ap
634 5255 808 5332 pellat
819 5256 1150 5332 _(_}erhertus
1157 5298 1168 5310 .
1183 5256 1404 5332 Earum
1434 5255 1667 5332 matrem
1687 5260 1879 5332 appel-

229 5277 353 5310 rum
374 5277 536 5326 caput
554 5277 808 5327 appellat
832 5277 1168 5312 ueroertus.
1196 5277 1404 5311 marum
1434 5277 1667 5313 matrem
1687 5277 1722 5314 a
1766 5277 1877 5332 pel-

229 5326 313 5400 lat
331 5326 578 5400 Garolux
600 5344 718 5383 rex.
744 5328 853 5382 Alii
884 5327 1016 5400 aliis
1039 5328 1230 5382 verbis
1257 5328 1517 5400 insignes
1543 5330 1701 5386 sedis
1722 5277 1877 5387 Beati

232 5398 504 5471 Remigii,
523 5415 731 5474 regum
754 5403 811 5454 et
829 5399 1019 5471 gentis
1039 5402 1251 5474 nostra
1272 5398 1517 5474 apostoli
1542 5403 1874 5474 etpatroni,

231 5469 645 5546 praerogativa}
668 5469 1097 5546 expresserunt.
1124 5469 1432 5546 Remensis
1458 5469 1877 5546 archiepiscopi

230 5540 363 5623 esse
379 5540 559 5623 totius
581 5540 778 5598 Gallia
800 5543 1103 5623 episcopos
1124 5541 1195 5596 ad
1224 5540 1541 5623 ‘coﬂncilium
1563 5540 1880 5623 convocare

233 5613 437 5669 scribit
463 5616 757 5671 Manassae
800 5610 859 5669 in
898 5610 1146 5685 epistola
1170 5613 1242 5669 ad
1275 5612 1621 5686 Gregorium
1650 5616 1751 5673 VII
1777 5634 1877 5691 pa-

1986 4705 2326 4764 pam,quem
2346 4686 2600 4764 diadema
2622 4688 3262 4764 regai,_etc.,po_ssidere
3284 4688 3501 4743 fatetur
3518 4687 3639 4764 Yvo

1983 4758 2373 4818 Carnotensis.
2398 4759 2564 4831 Unde
2604 4776 2672 4813 ex
2719 4759 2778 4831 S.
2805 4758 3117 4829 Bernardo,
3156 4775 3431 4831 coronam
3464 4758 3639 4831 regis

1985 4834 2181 4906 capiti,
2197 4832 2351 4906 quod
2374 4829 2977 4906 singulisfestistunc
2999 4831 3123 4886 ﬁeri
3149 4830 3394 4906 solebat,
3421 4829 3640 4906 ubique

1985 4901 2307 4962 Galliarum
2340 4902 2398 4956 in
2425 4901 2692 4974 ecclesiis,
2717 4901 3171 4974 quibuscunque
3202 4901 3539 4973 imponebat
3570 4917 3639 4956 ex

1986 4976 2141 5033 sedis
2167 4992 2283 5030 sua
2317 4972 2802 5046 privilegio.Dua
2833 4990 3035 5046 cruces
3060 4972 3199 5046 eum
3232 4972 3463 5046 semper
3491 4988 3636 5046 p_ra-

1984 5048 2287 5111 cedebant,
2311 5042 2376 5100 ex
2410 5042 2586 5099 veteri
2622 5044 2927 5100 Remensis
2958 5044 3216 5100 ecclesia
3245 5042 3635 5098 RitualiCPri-

1985 5123 2210 5175 matum
2233 5116 2505 5173 Remensi
2530 5115 2785 5171 ecclesia
2810 5116 2867 5170 in
2896 5116 3198 5171 universas
3217 5113 3434 5169 Gallias
3455 5131 3488 5170 a
3509 5116 3640 5170 bea-

1983 5195 2041 5246 to
2074 5190 2240 5245 Petro
2297 5186 2576 5244 collatum
2636 5187 2817 5241 fuisse
2861 5186 3065 5242 scribit
3116 5185 3290 5240 Fulco
3340 5185 3638 5242 Hincmari

1986 5276 2501 5331 suocessor,quam
2525 5258 2870 5331 dignitatem
2902 5256 2999 5331 alii
3031 5256 3099 5310 ad
3125 5256 3461 5331 S.__Re_r_nigii
3484 5258 3635 5313 vica-

1987 5327 2617 5402 riatumrapo'stolicuni
2651 5328 2877 5402 malunt
2910 5328 3140 5402 referre.
3174 5327 3355 5383 Hodie
3389 5327 3636 5402 Remen-

1987 5404 2069 5458 sis
2101 5398 2348 5457 antistes
2368 5401 2426 5456 S.
2452 5400 2607 5455 sedis
2629 5398 2957 5471 apostolica
2986 5398 3212 5471 legatus
3239 5403 3412 5454 natus
3433 5401 3495 5471 et
3511 5398 3638 5453 Gal-

1986 5474 2198 5529 liarum
2244 5472 2606 5543 Belgicarum
2641 5470 2886 5543 primas
2945 5470 3337 5542 nuncupatur,
3370 5473 3427 5543 et
3487 5470 3638 5543 inter

1988 5545 2148 5617 regni
2183 5540 2448 5617 proceres
2481 5540 2941 5617 primillfrancia
2989 5540 3162 5599 ducis
3184 5560 3250 5598 ac
3280 5541 3439 5615 paris
3465 5540 3635 5597 titulo

1991 5613 2495 5689 ac'pranogativis"
2513 5613 2745 5685 gaudet.
