4060 6174
355 348 507 414 1131

1225 354 1569 421 ANSELMI
1617 358 1967 422 MONAGHI
2016 360 2080 420 ὃ.
2134 358 2438 421 BEMIGII
2490 356 2908 425 REMENSIS.

3627 352 3782 420 N32

352 485 446 545 los
470 481 666 545 autem
696 485 846 561 ejus‘,
876 486 948 545 ad
980 488 1321 548 orientalem
1352 490 1609 566 plagam,
1632 493 1869 566 (Wido),
1901 494 2010 551 Re-
2040 495 2096 561 Α
2125 491 2323 561 visset,
2349 492 2585 566 publica
2603 490 2968 548 confessione
2992 491 3359 565 patefaceret.
3388 491 3627 549 Primus
3648 508 3777 565 ergo

357 577 580 635 mensis
605 579 665 634 in
686 578 943 647 dextera,
970 580 1385 655 (Eberhardus)
1408 584 1770 640 Trevirensis
1790 600 1924 641 vero
1947 584 2005 640 in

358 672 545 742 parte,
559 667 773 723 resedit
788 668 1046 725 sinistra.
1064 669 1197 726 Post
1214 671 1559 729 Remensem
1579 673 1788 730 deinde
1806 690 2011 730 secun-

360 756 502 811 dum
560 756 940 812 subnotatum
1006 759 1268 815 ordinem
1332 761 1672 818 resederunt
1729 762 2009 820 Beroldus

362 844 825 912 Suessionensis,
872 850 1061 921 Drogo
1108 848 1475 916 Morinensis,
1519 851 1838 907 Rollandus
1884 854 2009 923 [al.,

363 933 727 1003 Frollandus]
761 934 1231 1005 Silvanectensis,
1272 938 1557 995 Adalbero
1598 941 1904 1008 Metensis;
1938 942 2009 996 ad
2044 974 2051 979 -

363 1022 767 1080 meridianam
811 1023 1065 1099 plagam,
1116 1026 1480 1099 Aylenardus
1537 1029 2012 1102 archiepiscopus

334 1114 806 1187 Lugdunensis,
866 1117 1028 1187 Auge
1082 1116 1487 1189 Lingonensis,
1537 1118 1817 1175 Joti'ridus
1865 1120 2012 1175 Con-

366 1202 726 1270 stantiensis,
787 1203 881 1259 Ivo
937 1205 1237 1276 Sugensis,
1298 1207 1613 1263 Herbertus
1674 1209 2012 1277 Lisoiensis,

365 1292 530 1365 Hugo
580 1292 1012 1366 Bajogacensis,
1060 1295 1224 1368 Hugo
1276 1296 1669 1367 Avringensis,
1704 1297 2014 1354 Theoderi-

368 1397 471 1438 cus
500 1380 914 1450 Virdunensis;
946 1384 1017 1438 ad
1046 1385 1561 1456 septentrionalem
1586 1404 1718 1442 vero
1758 1386 2013 1460 plagam,

368 1470 536 1543 Hugo
579 1465 1053 1544 archiepiscopus
1084 1472 1585 1540 Vesontionensis,
1613 1476 1777 1548 Hugo
1818 1477 2016 1531 Niver-

371 1560 593 1626 nensis,
621 1560 908 1616 Eusebius
946 1563 1396 1636 Andegavensis,
1445 1564 1695 1621 Pudicus
1726 1566 1840 1634 (14)
1866 1566 2018 1621 Nan-

374 1647 652 1716 netensis,
710 1649 1021 1722 episcopus
1086 1651 1402 1724 Anglorum
1465 1654 1600 1724 (15),
1655 1658 1711 1710 et
1763 1655 2022 1711 Joannes

376 1736 733 1793 Portuensis.
767 1738 903 1795 Post
940 1754 1188 1811 quorum
1222 1744 1385 1813 terga
1428 1743 1486 1797 in
1519 1744 1759 1798 modum
1813 1743 2023 1799 simili-

376 1829 468 1882 ter
496 1822 720 1882 coronae
762 1828 1105 1884 resederunt
1150 1829 1391 1886 abbates
1440 1830 1548 1886 hoc
1595 1832 1795 1889 ordine
1821 1850 1833 1889 :
1859 1833 2022 1888 dom-

377 1928 491 1973 nus
522 1914 746 1972 scilicet
774 1917 956 1973 abbas
986 1909 1169 1974 sancti
1195 1918 1439 1993 Remigii
1473 1920 1829 1987 Herimarus,
1860 1922 2024 1978 dom-

379 2021 492 2061 nus
550 2004 715 2078 Hugo
781 2005 1203 2078 Cluniacensis,
1274 2009 1599 2081 Sigefridus
1671 2011 2027 2077 Gorziensis,

381 2093 550 2151 Folco
580 2094 933 2161 Corbiensis,
960 2095 1247 2153 Robertus
1289 2097 1668 2167 Prumiensis,
1706 2098 2028 2156 Rainoldus

381 2183 579 2240 Sancti
629 2185 908 2257 Medardi,
942 2186 1215 2242 Girvinus
1256 2188 1451 2244 Sancti
1501 2189 2029 2259 Riebarii,Godfri-

385 2273 497 2329 dus
526 2272 1026 2344 Verzelliacensis,
1048 2275 1338 2331 Arnoldus
1373 2278 1775 2344 Pultariensis,
1820 2279 2033 2336 Rodul-

385 2360 479 2416 fus
504 2358 912 2432 Mos’omensis,
936 2361 1220 2434 Oylardus
1251 2364 1712 2435 Catalaunensis,
1742 2368 1876 2423 Milo
1901 2369 2034 2424 Der-

384 2448 601 2515 veusis,
650 2449 998 2521 Norgaudus
1043 2451 1486 2519 Altvillarensis,
1517 2456 1789 2512 Albertus
1834 2457 2033 2513 Sancti

387 2536 752 2605 Theoderici,
810 2537 1142 2610 Stephanus
1195 2540 1393 2596 Sancti
1453 2542 1691 2611 Urbani,
1750 2544 2034 2601 Wlfricus

388 2623 586 2683 Sancti
613 2624 925 2697 Augustini
957 2624 1412 2696 Cantuariensis,
1441 2628 1709 2686 Alwinus
1740 2631 1852 2703 (16)
1884 2631 2036 2688 San-

389 2713 464 2770 cti
505 2712 800 2769 Benedicti
848 2714 920 2769 de
973 2717 1126 2770 terra
1170 2716 1520 2790 Anglorum;
1581 2720 1791 2776 deinde
1849 2721 2037 2778 caeteri

390 2802 513 2876 qui,
547 2806 614 2858 ut
642 2802 915 2876 superius
960 2803 1209 2861 relatum
1256 2811 1365 2873 est,
1416 2808 1594 2863 simul
1644 2809 1880 2866 fuerunt
1928 2829 2037 2866 nu-

393 2907 556 2948 mero
586 2891 703 2947 fere
741 2886 1187 2965 quinquaginta.
1222 2894 1445 2958 Quibus
1495 2897 1575 2953 ita
1623 2899 2037 2965 residentibus,

393 2979 680 3052 imperato
727 2979 979 3047 silentio,
1011 2973 1081 3037 ex
1120 2990 1401 3056 praecepto
1450 2986 1651 3042 domui
1699 3004 1860 3059 papa:
1910 3005 2039 3044 sur-

395 3068 545 3126 rexit
590 3068 793 3125 Petrus
844 3075 1059 3127 sanctzs
1091 3071 1364 3129 Romanae
1418 3075 1683 3131 Ecclesiae
1737 3077 2040 3133 diaconus.

2117 582 2478 639 Trevirensis
2517 581 2991 654 archiepiscopus
3022 581 3094 637 ad
3126 580 3246 637 base
3274 582 3453 638 verba
3504 583 3784 648 surrexit,

2118 687 2295 744 seque
2327 688 2431 727 nec
2458 671 2679 744 aliquid
2706 671 2940 727 dedisse
2961 670 3048 726 vel
3080 670 3425 744 promisisse
3447 688 3553 745 pro
3575 672 3786 744 adepto

2117 745 2480 833 episcopatu,
2507 778 2697 833 neque
2729 760 2905 817 alicui
2933 776 3131 817 sacros
3158 761 3392 816 ordines
3424 760 3785 831 vendidisse,

2119 851 2439 922 respondit,
2481 850 2701 907 Deinde
2749 850 3163 923 Lugdunensis
3210 853 3267 906 et
3303 849 3788 907 Vesontionensis

2121 940 2535 1012 surgentes,ab
2546 939 2954 1011 hujuscemodi
2968 938 3142 1012 culpa
3157 938 3404 1012 professi
3422 944 3562 995 sunt
3576 956 3639 996 se
3655 956 3789 996 esse

2122 1029 2437 1084 immunes.
2471 1029 2636 1085 Tunc
2683 1029 2960 1101 praefatus
2991 1027 3275 1085 diaconus
3307 1029 3378 1084 ad
3434 1028 3787 1085 Remensem

2125 1117 2634 1202 archiepiscopum
2668 1133 2730 1173 se
2761 1116 3064 1185 convertit,
3088 1121 3146 1173 et
3174 1118 3315 1189 quid
3338 1118 3409 1172 de
3440 1117 3537 1174 his
3557 1135 3626 1173 ex
3655 1119 3787 1191 qui-

2124 1206 2236 1260 bus
2268 1221 2301 1259 a
2331 1204 2554 1260 caeteris
2586 1205 2736 1260 facta
2765 1205 2953 1260 fuerat
2995 1205 3267 1277 purgatio
3308 1204 3559 1261 ediceret
3592 1207 3788 1279 requi-

2127 1294 2281 1349 sivit.
2317 1297 2389 1347 At
2418 1292 2516 1347 ille
2544 1309 2793 1366 surgens
2820 1293 3089 1349 inducias
3115 1294 3262 1367 petit
3281 1310 3468 1366 usque
3499 1294 3559 1349 in
3588 1296 3795 1351 crasti-

2128 1400 2294 1451 num,
2326 1382 2527 1438 dicens
2558 1399 2621 1439 se
2665 1383 2937 1456 privatim
2971 1381 3117 1439 velle
3165 1382 3327 1455 loqui
3375 1384 3447 1439 ad
3497 1384 3790 1439 domuum

2130 1471 2551 1545 apostolicum;
2587 1488 2841 1544 cumque
2871 1471 3018 1527 data;
3060 1470 3329 1540 fuissent,
3364 1472 3553 1527 caueri
3583 1486 3797 1529 omnes

2134 1562 2515 1617 surrexerunt
2565 1559 2625 1616 in
2676 1560 2900 1627 ordine,
2934 1560 3260 1616 secundum
3290 1561 3468 1617 verba
3526 1560 3791 1633 priorum

2134 1654 2455 1723 purgantes
2488 1665 2549 1704 se
2589 1649 2663 1705 ab
2695 1649 3101 1722 hujuscemodi
3152 1648 3507 1722 suspicione,
3542 1655 3799 1723 quatuor

2134 1738 2546 1794 tantummodo
2597 1738 2876 1810 exceptis,
2915 1738 3267 1811 Lingonensi
3316 1738 3560 1807 scilicet,
3593 1738 3797 1795 Νίνον-

2138 1827 2328 1894 neusi,
2355 1826 2809 1893 Constantiensi,
2835 1825 3225 1895 Nanneteusi;
3253 1842 3505 1901 quorum
3528 1843 3709 1884 causa
3727 1844 3799 1884 eo

2133 1917 2228 1973 die
2249 1916 2319 1971 ad
2345 1915 2782 1972 discutiendum
2810 1914 3033 1983 relicta,
3050 1916 3336 1972 diaconus
3356 1916 3649 1975 sermonis
3668 1933 3800 1974 cur-

2136 2023 2269 2063 sum
2301 2006 2372 2061 ad
2403 2006 2643 2061 abbates
2675 2004 2774 2076 qui
2808 2005 3051 2060 aderant
3078 2005 3269 2073 vertit,
3296 2021 3516 2078 eosque
3548 2018 3619 2062 ne
3646 2007 3799 2063 forte

2138 2099 2195 2152 et
2223 2094 2333 2168 ipsi
2359 2094 2416 2149 in
2439 2092 2588 2150 ovile
2610 2091 2982 2150 Dominicum
3004 2092 3261 2161 aliunde,
3288 2110 3402 2149 non
3425 2110 3528 2167 per
3549 2096 3797 2163 ostium,

2138 2182 2499 2248 introissent,
2525 2181 2785 2237 confiteri
2828 2181 3155 2239 admonuit.
3189 2181 3421 2239 Primus
3458 2185 3651 2240 sancti
3685 2185 3803 2240 Re-

2140 2268 2306 2345 migii
2337 2272 2521 2326 abbas
2546 2269 2883 2326 Herimarus
2915 2270 3183 2339 surrexit,
3208 2286 3388 2344 seque
3418 2271 3489 2327 ab
3520 2272 3801 2344 hujusce-

2141 2359 2298 2416 modi
2329 2360 2501 2431 culpa
2530 2374 2789 2431 congrua
2825 2348 3203 2431 responsione
3247 2361 3555 2433 purgavit;
3586 2361 3806 2417 deinde

2142 2451 2396 2519 domnus
2417 2453 2583 2521 Hugo
2602 2447 3004 2505 Cluuiacensis
3022 2448 3377 2505 subsecutus
3401 2449 3555 2506 hanc
3584 2464 3805 2524 purga-

2143 2539 2321 2595 tionis
2350 2554 2468 2594 suae
2501 2536 2786 2593 rationem
2818 2535 3150 2605 subintulit,
3182 2537 3385 2594 dicens
3418 2556 3431 2593 :
3464 2538 3577 2595 Pro
3606 2538 3807 2612 adipi-

2143 2629 2359 2686 scendo
2404 2624 2649 2682 abbatizs
2700 2624 2939 2692 honore,
2966 2619 3082 2681 Deo
3133 2628 3300 2693 teste,
3328 2625 3475 2681 nihil
3523 2626 3683 2693 dedi,
3712 2625 3807 2684 vel

2146 2716 2412 2791 promisi,
2435 2715 2591 2786 quod
2616 2714 2853 2787 quidem
2881 2728 3014 2771 caro
3036 2713 3237 2783 voluit,
3257 2716 3358 2771 sed
3385 2730 3554 2771 mens
3575 2720 3633 2771 et
3656 2717 3811 2772 ratio

2146 2805 2509 2879 repugnavit.
2535 2805 2670 2859 Post
2700 2802 2859 2859 hunc
2887 2819 2949 2859 se
2980 2802 3222 2875 quidam
3244 2819 3498 2877 congrue
3522 2819 3809 2862 excusare

2148 2896 2619 2951 studuerunt.....
2640 2891 2750 2947 Alii
2778 2907 2913 2948 vero
2935 2890 3081 2947 nihil
3103 2893 3546 2966 respondentes,
3570 2897 3807 2949 reatum

2149 3000 2325 3040 suum
2356 2982 2618 3039 occulere
2649 2997 2826 3053 quam
2879 2980 3201 3054 patefacere
3249 2981 3603 3037 maluerunt.
3636 2983 3810 3038 Tunc

2152 3070 2536 3145 Lingonensis
2554 3070 2866 3143 episcopus
2890 3084 3158 3143 surgens,
3173 3086 3351 3142 super
3376 3071 3590 3127 abbate
3608 3070 3812 3127 Pulta-

397 3157 666 3231 expedito
696 3174 962 3215 sermone
1006 3177 1335 3233 proponens
1380 3164 1451 3219 de
1483 3164 1697 3236 quibus
1748 3166 1805 3221 in
1838 3167 2040 3222 eadem
2150 3160 2671 3217 riensidimcesano
2686 3176 2795 3215 suo
2814 3158 3133 3231 plurimum
3155 3164 3244 3216 est
3258 3161 3810 3233 conquestus,un

393 3248 615 3320 synodo
642 3264 833 3305 sermo
864 3253 1019 3305 esset
1064 3250 1390 3307 habendus.
1424 3254 1502 3309 De
1552 3254 1753 3311 multis
1780 3255 2043 3311 videlicet
2073 3236 2116 3302 Ο
2152 3250 2418 3306 videlicet
2447 3250 2505 3305 in
2537 3250 2714 3305 fetore
2745 3247 2985 3303 luxuriae
3015 3248 3233 3316 vivens,
3265 3247 3534 3321 pluribus
3568 3249 3813 3322 ﬂagitiis

393 3336 615 3393 illicitis
645 3352 771 3409 qua)
812 3342 1015 3394 contra
1043 3356 1334 3396 canonum
1381 3342 1650 3399 instituta
1697 3343 1756 3399 in
1809 3344 2043 3401 Gallicis

392 3425 611 3482 finibus
640 3427 1075 3491 exercebantur,
1107 3429 1165 3484 id
1201 3434 1308 3495 est,
1343 3430 1413 3487 de
1444 3431 1776 3489 Simoniaca
1815 3433 2040 3500 haeresi,

393 3514 465 3570 de
522 3513 866 3572 ministeriis
915 3515 1324 3574 ecclesiasticis
1382 3524 1438 3575 et
1492 3519 1776 3577 altaribus
1834 3539 1961 3594 quas
2011 3539 2045 3578 a

390 3600 556 3657 laicis
597 3603 967 3669 tenebantur,
1000 3606 1070 3660 de
1117 3607 1310 3678 pravis
1359 3611 1885 3667 consuetudinibus
1915 3628 2043 3683 quae

392 3690 465 3745 ab
495 3690 580 3746 eis
608 3689 670 3746 in
720 3690 883 3747 atriis
927 3693 1302 3751 ecclesiarum
1354 3698 1807 3770 accipiebantur,
1841 3701 1912 3757 de
1955 3700 2043 3755 in-

364 3777 572 3859 cestis
602 3780 912 3853 conjugiis,
943 3785 999 3837 et
1042 3783 1126 3839 eis
1169 3784 1291 3856 qui,
1325 3785 1618 3858 legitimas
1651 3788 2046 3861 relinquentes

393 3880 625 3934 uxores,
652 3866 996 3927 adulterinis
1027 3872 1241 3930 iterum
1291 3876 1516 3948 nuptiis
1568 3877 2043 3950 implicabantur,

393 3956 464 4012 de
495 3957 799 4014 monachis
844 3963 901 4016 et
948 3960 1173 4018 clericis
1204 3980 1238 4019 a
1268 3970 1468 4022 sancto
1499 3968 1794 4038 proposito
1842 3971 1898 4023 et
1944 3967 2047 4023 ha-

393 4045 520 4101 bitu
553 4047 975 4119 recedentibus,
1000 4050 1139 4107 item
1162 4052 1234 4108 de
1254 4052 1479 4109 clericis
1506 4055 1790 4111 mundiali
1825 4056 2046 4112 militiae

394 4134 802 4205 studentibus,
862 4137 933 4193 de
1006 4139 1229 4211 rapinis
1306 4157 1749 4215 pauperumque
1806 4144 2047 4215 injustis

393 4222 785 4296 captionibus,
808 4226 880 4282 de
908 4227 1263 4285 Sodomitico
1285 4230 1444 4298 vitio,
1469 4237 1526 4287 ct
1559 4232 1910 4304 quibusdam
1938 4234 2050 4288 hae-

395 4311 624 4368 resibus
655 4329 782 4386 quae
810 4313 869 4370 in
899 4314 1121 4374 eisdem
1152 4317 1582 4390 pullulaverant
1608 4322 1893 4392 partibus.
1918 4321 2048 4386 Qui-

394 4400 506 4456 bus
529 4402 864 4474 propositis,
888 4405 1196 4462 admonuit
1217 4423 1419 4464 omnes
1448 4409 1545 4481 qui
1569 4411 1809 4465 aderant
1830 4415 1893 4465 ut
1912 4411 2048 4466 inde

395 4504 595 4545 secum
626 4491 901 4564 prudenti
936 4493 1355 4553 deliberatione
1389 4502 1705 4554 tractarent
1735 4499 2046 4557 consilium

396 4594 524 4651 quae
555 4592 689 4634 cum
722 4586 1050 4671 opportuno
1083 4584 1373 4656 adjutorio
1404 4586 1618 4643 domno
1650 4604 1810 4660 papae
1838 4591 2049 4661 praebe-
2080 4608 2125 4671 Β

395 4671 545 4735 rent,
571 4670 864 4741 quomodo
894 4670 1018 4727 haec
1065 4673 1286 4729 zizania
1325 4674 1533 4730 divinae
1585 4677 1799 4749 segetis
1846 4694 2046 4734 semen

396 4756 743 4814 suti'ocantia
770 4759 1075 4832 exstirpari
1106 4760 1385 4818 valerent.
1413 4763 1547 4819 Post
1576 4763 1698 4819 haec
1728 4765 1801 4821 ad
1831 4766 2049 4838 episco-

394 4856 503 4917 pos
532 4858 807 4902 converso
829 4863 1115 4916 sermone,
1131 4851 1491 4907 commonuit
1518 4851 1650 4908 illos
1672 4853 1781 4912 sub
1805 4855 2046 4910 anathe-

398 4936 553 4989 mate
596 4934 924 5007 apostolica:
956 4938 1321 4995 auctoritatis
1353 4944 1415 4994 ut
1446 4939 1495 4995 si
1527 4939 1661 5012 quis
1713 4958 1914 4997 eorum
1947 4961 2050 5015 per

395 5020 785 5080 simoniacam
809 5023 1076 5081 haeresim
1100 5026 1172 5081 ad
1195 5043 1391 5083 sacros
1411 5028 1647 5085 ordines
1670 5030 2045 5102 pervenisset,

397 5112 486 5166 vel
503 5112 741 5181 praemio
754 5114 1077 5187 quemlibet
1092 5115 1163 5170 ad
1177 5117 1439 5172 eamdem
1454 5117 1509 5171 di
1517 5118 1799 5190 gnitatem
1822 5135 2052 5192 promo-

472 5212 828 5293 (t4)—Mirum
856 5224 950 5293 est
975 5220 1457 5277 Sammarthanos
1488 5221 1644 5279 hunc
1676 5223 1957 5280 Pudicum
1992 5226 2048 5281 in

399 5292 805 5365 episcoporum
855 5292 1312 5365 Nannetensium
1347 5293 1608 5365 catalogo
1657 5296 1945 5361 omisisse,
1979 5298 2050 5352 de

402 5366 517 5438 quo
551 5360 983 5440 tameu‘przeter
1011 5363 1353 5440 Anselmum
1388 5360 1671 5440 nostrum
1689 5367 1787 5422 alii
1820 5360 2050 5440 quoque

401 5430 950 5504 scripseruntIVide
981 5451 1107 5504 quae
1139 5436 1209 5490 de
1237 5434 1334 5491 illo
1365 5452 1433 5491 ex
1465 5436 1745 5494 Chronico
1794 5430 2049 5495 ecclesia;

400 5499 791 5556 Nannetensis
825 5499 1013 5558 rctert'
1041 5505 1241 5561 Petrus
1288 5507 1519 5562 Lebaud
1554 5509 1611 5563 iu
1645 5509 1897 5566 Historia
1928 5511 2048 5566 Bri-

400 5572 908 5655 t‘an.nize,‘cap.‘2‘g,
945 5576 1041 5655 ubi
1067 5593 1215 5655 eum
1258 5578 1537 5655 Gualterii
1571 5581 1825 5655 episcopi
1863 5581 2047 5639 tilium

401 5642 559 5697 dicit.
595 5642 748 5699 Ideni
784 5644 1033 5701 habetur
1065 5647 1234 5715 infra,
1271 5664 1432 5703 num.
1474 5651 1557 5705 16.

2150 3338 2531 3404 inserviebat;
2566 3337 2732 3393 beato
2766 3352 2998 3409 quoque
3048 3341 3240 3405 Petro,
3272 3338 3520 3410 ejusque
3564 3338 3810 3405 vicario,

2153 3429 2425 3485 Romanae
2438 3425 2659 3482 scilicet
2674 3425 2942 3481 Ecclesiae
2959 3424 3238 3498 pontifici,
3255 3427 3426 3498 cujus
3447 3425 3692 3482 abbatia
3710 3425 3813 3481 illa

2152 3521 2296 3582 erat,
2318 3515 2580 3571 debitum
2612 3530 2852 3570 censum
2892 3514 3209 3586 quotannis
3256 3514 3585 3587 persolvere
3613 3516 3813 3572 detre-

2153 3609 2436 3673 ctaverat;
2460 3609 2518 3660 et
2540 3604 2674 3660 inde
2700 3604 3241 3659 excommunicatus
3261 3602 3580 3659 missarum
3612 3620 3814 3659 sacra-

2155 3699 2353 3751 menta
2376 3693 2666 3749 celebrare
2698 3696 3171 3765 praesumpserat,
3195 3691 3814 3749 excommunicationi-

2154 3800 2268 3857 que
2298 3782 2488 3838 adhuc
2519 3781 2831 3852 subjaceus
2860 3781 3048 3836 eidem
3096 3781 3318 3853 synodo
3369 3778 3667 3837 intererat.
3698 3781 3809 3848 Qui

2156 3873 2483 3940 discussus,
2508 3886 2610 3925 nec
2637 3868 2709 3925 ab
2739 3866 2983 3940 objectis
3010 3883 3076 3924 se
3102 3867 3302 3925 valens
3330 3884 3666 3941 expugnare
3693 3870 3803 3924 cri-

2157 3958 2436 4025 minibus,
2462 3960 2532 4014 ab
2556 3956 2792 4014 honoris
2817 3957 2907 4012 sui
2932 3960 3022 4013 est
3042 3955 3326 4030 dignitate
3346 3957 3673 4029 depositus.
3702 3956 3808 4013 Bis

2155 4051 2237 4106 ita
2253 4040 2803 4114 diffinitis,edictum
2822 4050 2912 4103 est
2927 4046 3037 4102 sub
3057 4045 3426 4102 anathemate
3443 4046 3812 4102 auctoritatis

2156 4137 2486 4211 apostolicae
2510 4139 2641 4191 utsi
2666 4135 2800 4208 quis
2824 4134 3209 4191 assidentium
3227 4134 3566 4206 quempiam
3590 4136 3818 4190 univer-

2158 4228 2299 4284 salis
2321 4225 2589 4282 Ecclesiaa
2612 4226 2919 4297 primatem
2953 4224 3161 4297 praeter
3191 4223 3467 4279 Romanae
3491 4223 3654 4279 sedis
3675 4223 3822 4279 anti-

2158 4317 2355 4373 stitem
2387 4332 2516 4371 esse
2549 4318 2853 4377 assereret,
2886 4312 3105 4370 ibidem
3151 4310 3385 4385 publica
3415 4309 3822 4368 satisfactione

2156 4406 2525 4479 patefaceret.
2567 4406 2829 4475 Cumque
2876 4402 2950 4458 ad
3001 4401 3122 4457 haec
3174 4400 3431 4457 universi
3482 4401 3819 4472 reticerent,

2156 4493 2320 4550 lectis
2353 4492 2657 4549 sententiis
2698 4508 2875 4563 super
2901 4491 3012 4547 hac
3043 4506 3106 4546 re
3136 4490 3276 4545 olim
3321 4488 3719 4563 promulgatis
3748 4491 3819 4545 ab

2158 4581 2493 4639 orthodoxis
2522 4581 2819 4647 Patribus,
2842 4579 3200 4636 declaratum
3224 4578 3313 4635 est
3334 4573 3491 4650 quod
3514 4577 3684 4634 solus
3707 4578 3817 4634 Ro-

2158 4688 2342 4727 mana:
2383 4671 2539 4728 sedis
2588 4669 2847 4742 pontifex
2895 4665 3244 4724 universalis
3274 4666 3546 4724 Ecclesiae
3594 4665 3818 4739 primas

2158 4764 2313 4817 esset
2341 4764 2396 4815 et
2424 4758 2950 4832 apostolicus.Post
2969 4757 3089 4813 haec
3110 4756 3363 4812 domnus
3395 4771 3546 4827 papa
3577 4754 3690 4810 sub
3722 4771 3814 4810 ex-

2156 4847 2686 4905 communicatione
2729 4846 3032 4920 prohibuit
3062 4861 3133 4901 ne
3163 4845 3297 4917 quis
3344 4843 3570 4914 absque
3616 4842 3712 4897 sui
3743 4841 3813 4896 li-

2157 4937 2349 4995 centia
2380 4938 2670 4993 recederet
2699 4933 3015 5008 antequam
3041 4933 3213 4990 tertia
3243 4931 3343 4987 lux
3371 4947 3809 4987 consummare-

2156 5034 2254 5084 tur
2286 5028 2344 5083 in
2376 5026 2762 5083 celebratione
2786 5023 3046 5091 concilii;
3081 5022 3281 5095 sicque
3301 5018 3430 5093 jam
3478 5025 3647 5077 nocte
3682 5026 3806 5093 p‘ro~

2157 5117 2477 5191 pinquante
2508 5119 2861 5172 conventum
2892 5112 3135 5168 dimisit.

2229 5224 2339 5295 (15)
2378 5220 2613 5295 Duduco
2664 5218 2888 5295 scilicet
2932 5218 3242 5295 episcopus
3273 5214 3605 5283 Wellensis,
3638 5219 3706 5270 ut
3750 5215 3805 5270 in

2159 5288 2665 5351 observationibus
2696 5291 2924 5351 praeviis
2957 5288 3389 5346 adnotavimus.

2229 5365 2343 5440 (id)
2377 5364 2642 5440 Alwinus
2665 5354 2846 5440 abbas
2867 5360 3262 5440 Ramesiensis
3295 5360 3354 5415 in
3377 5354 3808 5440 agrohliu'ntido-

2160 5428 2525 5506 nensi',cujus
2543 5433 2787 5506 emnobii
2810 5432 3115 5506 ecclesiam
3139 5432 3195 5486 in
3217 5428 3495 5506 bonorém
3516 5428 3583 5485 Β.
3600 5429 3802 5506 Maria,

2159 5502 2959 5578 omnium-SS.Virginumet
2988 5508 3043 5558 8.
3071 5503 3362 5559 Benedicti
3394 5502 3805 5578 consecrarunt

2158 5585 2213 5659 ξ.
2249 5580 2589 5659 Βυειβῑιιῐιὲιβ
2644 5570 3601 5659 avrcbiepiscopusmtlantuarieusis
3648 5576 3707 5626 et
3746 5570 3800 5626 8.

2160 5649 2393 5708 Oswald
2405 5667 2472 5706 us
2506 5643 2905 5714 Eboracensis,
2933 5643 3084 5704 anno
3112 5643 3237 5702 974.
