4094 6158
437 291 590 356 1435

1308 292 1654 360 ANSELMI
1697 291 2052 358 MONACHI
2097 296 2163 360 S.
2211 295 2516 400 REMIGII
2561 295 2979 372 REMENSIS.

3639 302 3758 368 M36

435 443 677 494 causam
707 432 1001 504 peroraret
1030 427 1240 485 innuit.
1275 429 1383 496 Qui
1416 445 1665 503 surgens
1696 429 1778 486 ait
1801 430 2074 487 eumdem
2107 431 2164 498 Α
2194 431 2614 486 nuntiaverunt
2643 446 2776 486 eum
2816 429 3140 487 facinorum
3197 446 3428 487 suorum
3471 436 3760 495 metuentem

436 519 867 592 Lingonensem
889 519 1225 591 episcopum
1252 519 1513 575 conﬁteri
1536 521 1691 591 quod
1715 537 1912 576 sacros
1937 520 2088 576 ordi-

435 624 541 665 nes
565 608 1380 674 vendiderit,etmemoratam
1402 609 1713 681 pecuniam
1741 610 1812 665 ab
1841 609 1937 664 illo
1965 627 2087 682 pre-

438 699 668 770 sbytero
699 698 1026 763 extorserit,
1060 699 1160 754 sed
1195 697 1503 770 suppliciis
1537 699 1755 770 quibus
1785 700 2086 753 asserebat

434 802 567 842 eum
597 785 912 841 excruciari
972 805 1086 843 non
1149 787 1375 854 fecerit;
1412 792 1616 843 caetera
1646 805 1780 844 vero
1813 807 1939 860 qua:
1971 788 2083 843 sibi

430 875 664 930 fuerant
693 876 920 947 objecta
950 874 1104 931 hunc
1130 876 1360 947 penitus
1380 877 1670 948 denegare
1693 876 1964 932 asseruit.
1984 877 2084 932 His

429 962 892 1031 dictis,domnus
926 984 1075 1037 papa
1095 967 1296 1020 videns
1327 967 1529 1020 eadem
1562 967 1653 1021 die
1679 983 1792 1021 non
1824 982 1995 1038 posse
2009 967 2082 1020 ad

429 1051 671 1124 plenum
705 1054 1045 1125 hujusmodi
1103 1056 1398 1126 negotium
1457 1054 1742 1120 ventilari,
1766 1056 1894 1125 jam
1925 1055 2082 1109 enim

429 1157 544 1196 nox
574 1141 850 1208 instabat,
885 1145 1038 1215 quod
1071 1144 1127 1198 in
1159 1143 1483 1198 canonibus
1514 1146 1584 1198 de
1607 1160 1904 1198 sacrorum
1921 1143 2081 1198 ordi-

428 1247 572 1284 num
601 1232 1002 1310 venditoribus
1033 1233 1109 1288 sit
1137 1233 1435 1288 decretum
1459 1233 1643 1303 jussit
1674 1233 2081 1287 tantummodo

429 1319 696 1385 recitari;
735 1320 994 1391 lectaque
1028 1321 1314 1376 sententia
1344 1322 1414 1376 ad
1448 1325 1802 1392 praeceptum
1838 1323 1966 1391 ejus
2011 1338 2080 1376 ex

429 1407 673 1464 concilio
707 1409 1182 1475 Chalcedonensi,
1219 1408 1474 1481 capitulo
1497 1408 1763 1465 videlicet
1795 1411 2076 1478 secundo,

427 1494 623 1552 soluta
652 1502 742 1552 est
764 1499 1042 1569 synodus,
1065 1498 1245 1554 dilato
1279 1515 1464 1570 usque
1495 1499 1551 1552 in
1566 1498 1884 1554 crastinum
1901 1499 2080 1570 hujus

427 1584 674 1641 rationis
697 1585 938 1656 judicio.

855 1676 1120 1732 TERTIA
1160 1677 1317 1732 DIES
1357 1677 1639 1732 SYNODI.

502 1764 587 1819 16.
612 1764 780 1820 Mane
813 1769 1006 1820 autem
1036 1765 1203 1831 facto,
1238 1766 1444 1820 iterum
1480 1767 1551 1820 ad
1583 1767 1854 1821 eumdem
1883 1766 2076 1821 locum

426 1850 684 1922 episcopi
717 1869 1035 1909 convenere
1061 1871 1192 1909 cum
1215 1854 1526 1910 abbatibus
1557 1860 1612 1911 et
1641 1856 1861 1912 caeteris
1892 1855 2076 1911 Eccle-

427 1939 526 1995 sia:
557 1941 973 2006 ordinibus,ad
1010 1960 1157 2014 quos
1181 1943 1397 1999 domno
1422 1962 1572 2017 papa
1603 1945 1945 2016 procedente
1959 1961 2074 1998 non

424 2033 516 2084 est
547 2034 777 2086 cantata
805 2032 1128 2103 antiphona
1159 2034 1378 2089 Exaudi
1405 2051 1500 2090 nos
1530 2033 2076 2100 Dominc,sicutheri

425 2123 483 2174 et
504 2119 954 2183 nudiustertius.
988 2122 1088 2177 sed
1121 2124 1193 2178 ad
1225 2124 1352 2194 ejus
1391 2125 1709 2179 adventum
1758 2123 1949 2179 clerus
1979 2121 2075 2176 de-

426 2206 761 2265 centissime
790 2209 1002 2264 cecinit
1032 2211 1339 2283 hymmum
1379 2215 1534 2275 Veni.
1567 2222 1777 2269 creator
1815 2214 2073 2284 Spiritus.

428 2296 552 2359 Quo
580 2297 872 2368 completo
903 2300 1374 2371 cumantiphona
1405 2303 1475 2356 de
1489 2307 1690 2356 sancto
1716 2300 2079 2374 Remigio,li-

425 2383 587 2439 tania
609 2384 761 2440 facta
792 2393 881 2440 est
911 2403 945 2440 a
972 2386 1413 2445 Vesontionensi
1446 2391 2075 2463 archiepiscopo,post-

427 2488 608 2544 quam
640 2474 711 2529 de
730 2473 948 2545 Spiritu
973 2479 1172 2531 sancto
1186 2476 1498 2533 Collectam
1523 2478 2078 2551 dixitdomnusapo-

423 2560 700 2628 stolicus;
731 2561 931 2634 sicque
961 2563 1177 2620 lectum
1203 2571 1292 2622 est
1323 2567 1702 2639 Evangelium
1726 2569 1833 2638 Ego
1851 2585 1972 2622 sum
1985 2585 2080 2640 pa-

420 2654 536 2706 stor
567 2652 1299 2725 bonus.Cumqueuniversi
1325 2660 1602 2711 consueto
1621 2656 2076 2713 resedissentor-
2113 2669 2126 2682 ‘

425 2737 582 2806 dine,
598 2740 973 2812 supradictus
993 2743 1264 2798 Romanae
1279 2744 1545 2800 Ecclesia}
1561 2745 1841 2801 diaconus
1854 2746 2080 2801 aitcon-

427 2843 680 2899 sequens
711 2845 838 2885 esse
870 2833 934 2885 ut
959 2831 1058 2886 ubi
1092 2831 1366 2888 hesterna
1397 2835 1654 2906 synodus
1688 2835 1873 2890 fuerat
1887 2834 2079 2890 termi-

430 2920 585 2982 nata,
622 2915 700 2972 ibi
735 2917 977 2975 rationis
1009 2937 1128 2975 suae
1159 2922 1392 2977 iteraret
1421 2923 1584 2987 inita,
1618 2941 1652 2977 a
1689 2925 2076 2996 Lingonensis

427 3003 700 3062 videlicet
726 3007 980 3079 episcopi
1011 3010 1333 3075 causa.Qui
1357 3011 2078 3084 rcquisilusetasynodica

427 3094 858 3151 examinatione
886 3113 947 3152 se
979 3098 1334 3154 snbduxtsse
1367 3105 1650 3171 repertus,
1687 3119 1753 3155 ex
1784 3106 1947 3172 parte
1973 3102 2069 3156 Dei

423 3187 480 3238 et
502 3183 654 3239 beati
685 3184 830 3239 Petri
868 3185 1266 3256 apostolorum
1300 3159 1862 3260 principis,ejusqiie
1876 3189 2072 3244 vicarii
2105 3159 2147 3226 C

424 3271 526 3344 qui
559 3290 814 3345 praesens
845 3274 1066 3340 aderat,
1083 3275 1154 3329 ab
1181 3276 1384 3330 eodem
1417 3278 1660 3332 diacono
1685 3280 1853 3333 tertio
1884 3284 2077 3333 estvo-

423 3367 611 3418 catus.
639 3363 845 3418 Directi
873 3368 1012 3418 sunt
1040 3364 1216 3419 etiam
1249 3366 1506 3438 episcopi
1541 3365 1992 3422 Silvanectensis
2020 3371 2078 3423 et

421 3452 860 3524 Andegavensie
890 3452 962 3507 ad
997 3451 1156 3507 illius
1183 3453 1526 3526 hospitium,
1561 3459 1625 3510 ut
1657 3455 1704 3510 si
1741 3456 1884 3510 forte
1941 3473 2075 3511 eum

422 3538 502 3594 ibi
535 3540 874 3612 reperirent,
912 3546 1247 3597 revocarent
1277 3543 1346 3597 ad
1399 3543 1733 3598 concilium.
1769 3544 1875 3608 Qui
1934 3544 2073 3600 dum

424 3629 714 3700 imperata
743 3628 1070 3684 accelerant
1128 3646 1422 3703 peragere,
1457 3631 1643 3704 ipsius
1701 3632 2075 3688 referendarii

426 3715 702 3771 allocutio
735 3717 798 3770 fit
823 3717 894 3771 ad
921 3716 1052 3773 illos
1077 3719 1176 3790 qui
1207 3721 1466 3775 nondum
1492 3738 1552 3776 se
1570 3739 1603 3776 a
1621 3721 1944 3776 simoniaca
1958 3721 2074 3776 hae-

423 3804 537 3861 resi
560 3805 757 3861 debita
786 3813 1172 3878 purgaverant
1203 3811 1594 3881 responsione.
1614 3811 2074 3867 AtNivernensis

422 3894 730 3968 episcopus
762 3912 1146 3968 surgens,pro
1179 3916 1285 3953 suo
1308 3899 1597 3970 episcopio
1630 3899 1950 3971 plurimum
1978 3917 2074 3971 pe-

423 3983 605 4039 cuniae
637 3984 940 4040 confessus
969 3990 1057 4040 est
1085 4005 1119 4042 a
1150 3989 1492 4059 parentibus
1538 3988 1741 4042 datum
1778 3988 1979 4054 fuisse,
2014 3981 2076 4043 se

421 4077 621 4128 tamen
652 4073 998 4147 ignorante;
1032 4092 1216 4147 eoque
1249 4077 1479 4148 adepto,
1499 4076 1780 4131 nonnulla
1810 4076 2076 4132 ecclesia-

423 4163 580 4218 stica:
608 4161 908 4236 religionis
939 4166 1233 4220 contraria
1263 4165 1660 4232 commisisse;
1690 4167 1842 4220 unde
1861 4183 2077 4222 assere-

421 4251 740 4307 batdivina:
765 4251 1003 4308 ultionis
1017 4253 1331 4309 vindictam
1358 4255 1785 4326 pertimescere.
1805 4256 2072 4326 Ideoque,

425 4340 474 4396 si
506 4341 720 4398 domno
751 4359 912 4414 papa:
946 4349 1002 4397 et
1033 4342 1306 4415 praesenti
1329 4345 1635 4399 conventui
1658 4344 1902 4416 dignum
1924 4344 2077 4400 vide-

423 4431 774 4497 retur,idem
806 4431 1063 4486 officium
1098 4432 1239 4488 velle
1270 4431 1562 4489 dimittere
1593 4434 1785 4506 potius
1816 4451 1992 4505 quam
2015 4434 2072 4488 in

2196 520 2813 593 discussionem,fuga
2847 520 3165 593 arripuisse
3196 521 3532 592 praesidium.
3558 523 3693 582 Tunc
3715 545 3764 583 ex

2197 614 2482 682 praecepto
2515 610 2705 682 ipsius
2739 627 2920 682 papae,
2953 609 3112 665 lecta:
3141 615 3274 665 sunt
3307 611 3580 666 sententiae
3629 631 3766 687 super

2197 699 2604 769 hujuscemodi
2619 717 2677 756 re
2690 699 3072 771 promulgata:
3087 700 3159 754 ob
3191 699 3511 756 orthodoxis
3534 702 3766 769 Patribus,

2196 787 2396 860 sicque
2419 787 2676 844 universi
2709 787 2938 843 concilii
2961 787 3767 858 judicio,excommunicationis

2194 882 2285 932 est
2314 893 2484 948 pcena
2509 877 2852 948 damnatus(
2864 877 2972 943 19).
2991 876 3150 940 Quod
3185 877 3426 932 audiens
3453 877 3767 950 archiepisco-

2193 984 2305 1039 pus
2353 966 2834 1022 Vesontionensis
2895 967 3166 1031 surrexit,
3199 970 3255 1020 et
3311 967 3580 1036 quomodo
3629 967 3770 1038 pridie

2193 1055 2465 1110 eumdem
2490 1072 2652 1110 reum
2683 1072 2958 1114 excusare
2990 1055 3202 1122 nitens,
3220 1072 3287 1109 ex
3313 1053 3769 1127 divinavirtuteper

2193 1144 2344 1199 beati
2369 1144 2615 1216 Remigii
2649 1143 2854 1199 merita
2876 1142 3105 1199 silentio
3124 1143 3532 1198 condemnatus
3559 1144 3770 1214 sit,pate-

2193 1231 2329 1288 fecit
2359 1249 2556 1288 coram
2581 1233 2783 1288 eodem
2813 1236 3118 1298 conventu,
3153 1231 3299 1286 satis
3357 1231 3542 1286 devote
3590 1232 3768 1288 veniam

2192 1323 2587 1394 petens,quod
2620 1323 2882 1392 ejusdem
2915 1320 3181 1376 miraculi
3213 1320 3517 1375 novitatem
3537 1335 3594 1373 eo
3627 1337 3770 1392 usque

2193 1409 2553 1483 negligenter
2575 1410 2796 1465 celarit.
2833 1409 2930 1463 llic
2961 1425 3028 1464 ex
3060 1409 3157 1480 pia
3187 1407 3503 1477 devotione,
3526 1411 3577 1462 et
3613 1406 3769 1463 alacri-

2191 1503 2308 1554 tate
2329 1500 2814 1565 cordis,domnus
2849 1515 3000 1570 papa
3031 1498 3088 1552 in
3121 1497 3413 1569 lacrymas
3432 1502 3772 1567 compunctus,

2191 1589 2274 1642 sic
2303 1589 2382 1643 ait
2416 1606 2428 1643 ε
2457 1591 2658 1644 ADHUC
2697 1606 2848 1644 VIVIT
2878 1604 3083 1642 BEATUS
3113 1586 3578 1641 REMIGIUS.Tunc
3603 1601 3775 1658 expre-

2189 1682 2354 1749 cepto
2377 1679 2506 1748 ejus
2537 1694 2740 1733 omnes
2771 1679 3146 1734 surrexerunt
3175 1679 3230 1730 et
3261 1691 3393 1729 cum
3425 1689 3487 1729 eo
3517 1678 3633 1729 ante
3656 1675 3773 1743 ejus-

2189 1766 2322 1820 dem
2352 1766 2541 1822 sancti
2571 1766 2905 1840 sepulcrum
2937 1764 3230 1837 prostrati,
3267 1762 3624 1834 antiphenam
3667 1761 3774 1817 San-

2183 1862 2266 1910 cte
2297 1856 2531 1925 Rcmigi,
2565 1874 2632 1912 ex
2661 1857 2885 1929 integro
2917 1853 3295 1910 devotissime
3319 1851 3646 1907 cecinerunt.
3672 1851 3775 1905 Post

2185 1943 2310 1999 haec
2341 1962 2588 2017 surgens
2608 1941 3071 2000 Constantiensis
3091 1941 3404 2013 episcopus
3426 1938 3693 1994 confessus
3710 1943 3776 1993 est

2185 2048 2248 2086 se
2281 2033 2585 2104 ignorante
2607 2051 2640 2088 a
2669 2033 2923 2105 quodam
2944 2033 3118 2087 fratre
3148 2047 3254 2085 suo
3288 2031 3545 2100 emptum
3568 2027 3663 2082 sibi
3681 2027 3770 2099 epi-

2188 2124 2453 2195 scopium
2487 2124 2686 2179 fuisse.
2722 2123 2884 2188 Quod
2915 2138 3050 2177 cum
3082 2120 3376 2185 rescisset,
3413 2134 3481 2172 ne
3511 2122 3689 2173 contra
3713 2117 3776 2171 fas

2187 2212 2614 2268 ordinationem
2648 2211 2808 2266 illam
2841 2211 3182 2283 susciperet,
3213 2207 3468 2264 voluisse
3507 2206 3774 2278 aufugero:

2189 2302 2291 2356 sed
2320 2303 2392 2356 ab
2413 2302 2614 2357 eodem
2645 2299 2926 2356 violenter
2970 2303 3225 2371 captum,
3263 2294 3569 2369 episcopali
3619 2298 3779 2348 contra

2187 2389 2544 2447 voluntatem
2577 2408 2743 2446 suam
2775 2388 3063 2463 dignitate
3094 2404 3220 2444 esse
3239 2382 3778 2450 donatum.Quodsa-

2188 2484 2487 2536 cramento
2520 2480 2897 2552 comprobare
2919 2479 3271 2549 jussus,nec
3288 2491 3552 2539 renuens,
3567 2472 3639 2528 sic
3659 2470 3780 2541 judi-

2189 2573 2355 2624 catus
2383 2573 2472 2625 est
2501 2568 2831 2624 simoniacis
2852 2567 3090 2623 haeresis
3109 2582 3222 2620 non
3259 2559 3781 2619 incurrissel‘acinus.

2186 2658 2479 2714 Accedens
2509 2657 2760 2729 denique
2789 2654 3216 2720 Namnetensis,
3234 2653 3537 2708 confessus
3562 2655 3638 2706 est
3657 2647 3781 2720 geni-

2186 2751 2372 2803 torem
2405 2763 2578 2802 suum
2610 2745 2948 2818 episcopum
2983 2743 3165 2799 fuisse
3215 2760 3337 2797 suae
3393 2739 3644 2804 civitatis,
3671 2735 3784 2792 etin

2187 2837 2314 2908 ejus
2339 2835 2456 2890 vita
2484 2837 2705 2891 donum
2736 2833 3014 2906 episcopii
3043 2849 3106 2888 se
3129 2831 3476 2904 percepisse,
3495 2831 3786 2895 mortuoque

2186 2925 2267 2980 illi
2300 2926 2682 2997 subrogatum
2711 2941 2812 2996 per
2841 2921 3206 2995 largitionem
3272 2917 3542 2992 pecunia.
3581 2917 3787 2986 Quapro-

2187 3011 2553 3083 pterjudicio
2586 3008 3062 3080 synodi,sublato
3093 3007 3315 3062 annulo
3343 3012 3402 3062 et
3433 3003 3684 3078 pastorali
3711 3018 3786 3072 pe-

2186 3102 2279 3168 do,
2297 3100 2553 3172 privatus
2585 3104 2674 3155 est
2707 3097 3020 3170 pontificali
3046 3089 3778 3160 ministerio,condonatoei,

2187 3189 2710 3244 intervenientibus
2730 3186 3040 3259 episcopis,
3057 3185 3468 3241 tantummodo
3484 3181 3788 3254 presbytera-

2185 3281 2282 3332 tus
2307 3277 2517 3332 ofﬁcio.
2554 3278 2766 3331 Eorum
2807 3276 2986 3348 igitur
3015 3291 3194 3330 causa
3222 3273 3328 3328 tali
3362 3271 3530 3327 modo
3559 3263 3784 3324 determi-

2187 3370 2343 3434 nata,
2367 3365 2730 3422 commonuit
2762 3365 3017 3420 domnus
3047 3381 3200 3436 papa
3228 3360 3680 3430 archiehiscopos
3706 3351 3784 3426 qui

2185 3460 2352 3511 erant
2382 3456 2439 3510 in
2473 3454 2881 3527 praesentia,ut
2910 3452 2957 3508 si
2982 3470 3156 3524 quem
3178 3453 3663 3523 suil‘ragancorum
3679 3459 3786 3499 suo-

2186 3561 2318 3600 rum
2350 3542 2682 3600 simoniaca:
2714 3542 3037 3615 pestisesse
3059 3557 3223 3596 reum
3252 3541 3472 3596 scirent
3489 3548 3787 3597 coram,om-

2186 3633 2362 3688 nibus
2393 3632 2691 3687 notiﬁcare
2723 3647 2835 3686 non
2867 3633 3198 3685 renuerent.
3232 3629 3458 3694 Quibus
3491 3626 3544 3680 id
3592 3620 3785 3678 omnino

2185 3738 2248 3777 se
2275 3723 2424 3778 scire
2454 3720 2900 3792 denegantibus,
2921 3717 3158 3773 habitus
3187 3721 3277 3772 est
3308 3732 3500 3773 sermo
3529 3714 3595 3769 de
3615 3711 3786 3782 episco-

2184 3811 2276 3881 pis
2307 3811 2404 3882 qui
2455 3809 2680 3864 invitati
2713 3808 2785 3863 ad
2817 3807 3086 3862 eamdem
3109 3805 3400 3879 synodum
3419 3802 3602 3859 venire
3631 3797 3785 3854 nolue-

2185 3904 2336 3964 rant,
2373 3915 2474 3954 nec
2509 3897 2746 3969 aliquod
2780 3897 2914 3951 inde
2947 3913 3066 3950 suae
3097 3893 3494 3951 excusationis
3549 3888 3784 3959 scriptum

2182 3987 2284 4044 illo
2326 3986 2800 4043 transmiserant.
2835 3983 3000 4039 Unde
3059 3982 3530 4055 competentibus
3581 3977 3643 4032 ad
3693 3973 3784 4027 hac

2183 4078 2421 4132 Patrum
2455 4073 2710 4130 recitatis
2742 4072 3070 4139 sententiis,
3095 4089 3264 4144 poena
3296 4067 3556 4126 damnati
3576 4067 3695 4120 sunt
3715 4076 3785 4116 ex-

2185 4163 2732 4222 communicationis
2763 4179 2899 4217 cum
2931 4162 3205 4216 omnibus
3233 4159 3354 4215 illis
3384 4155 3682 4230 qui,ipsius
3708 4166 3784 4221 pa-

2184 4272 2270 4327 pae
2297 4253 2676 4311 formidantes
2706 4252 3040 4317 adventum,
3074 4250 3181 4305 hac
3212 4250 3282 4303 de
3305 4265 3366 4303 re
3398 4243 3625 4319 profecti
3653 4241 3785 4334 erant

2185 4344 2242 4398 in
2275 4341 2700 4414 expeditionem
2734 4338 3280 4411 regis.Nominatim
3311 4353 3446 4393 vero
3479 4335 3783 4390 Senonensxs

2185 4432 2683 4503 archiepiscopus,
2699 4427 3062 4483 Belvacensis
3093 4432 3148 4482 et
3177 4422 3582 4481 Ambianensis
3601 4416 3784 4503 episco—

423 4519 552 4590 ejus
584 4519 907 4575 retentione
936 4522 1194 4576 animam
1220 4539 1388 4576 suam
1411 4500 1962 4594 pessuindare.Quae
1976 4524 2074 4578 ubi
2109 4542 2154 4606 Ι)
2188 4539 2336 4594 pus;
2372 4500 2472 4575 sed
2505 4500 2570 4574 et
2594 4518 2774 4573 abbas
2803 4516 2990 4572 sancti
3032 4513 3486 4606 Medardipquia
3513 4511 3708 4578 absque

423 4608 589 4674 dixit,
624 4608 916 4680 pastorale
947 4612 1161 4683 pedum
1193 4616 1329 4666 ante
1359 4613 1532 4683 pedes
1563 4611 1716 4684 ipius
1767 4611 2072 4684 apostolici

425 4696 639 4769 posuit.
675 4696 774 4752 Ille
803 4715 936 4753 vero
967 4699 1112 4753 tanti
1144 4698 1248 4753 viri
1284 4697 1466 4754 ﬂexus
1499 4699 1822 4764 devotione,
1851 4700 2072 4754 favente

424 4787 1146 4860 synodo,eumdem,quod
1175 4787 1399 4858 absque
1425 4805 1713 4844 consensu
1732 4805 1838 4843 suo
1869 4788 2071 4843 eadem

425 4874 674 4945 pecunia
703 4875 840 4930 data
881 4876 1074 4942 fuerit,
1103 4882 1466 4931 sacramento
1510 4879 1888 4948 comprobare
1915 4877 2070 4947 fecit,

425 4962 626 5035 sicque
656 4963 740 5018 illi
773 4982 875 5036 per
905 4964 1061 5020 aliud
1088 4966 1303 5036 pedum
1331 4965 1725 5020 ministerium
1746 4965 2074 5038 episcopale

425 5052 697 5108 reddidit.
715 5052 936 5109 Interea
967 5053 1210 5109 allatum
1241 5057 1330 5109 est
1360 5071 1554 5110 coram
1577 5054 1946 5128 privilegium
1971 5057 2075 5113 Re-

427 5140 648 5196 mensis
679 5142 943 5197 Ecclesia:
976 5145 1046 5200 de
1077 5143 1316 5198 abbatia
1346 5142 1642 5211 Dervensi,
1675 5162 1743 5200 ex
1781 5147 1954 5214 cujus
2003 5145 2077 5202 le-

427 5228 615 5285 ctione
645 5233 1087 5303 comprobatum
1119 5237 1208 5287 est
1237 5248 1364 5286 eam
1414 5233 1703 5303 pertinere
1735 5235 1806 5288 ad
1831 5235 1934 5304 jus
1966 5236 2074 5290 Re-

428 5319 649 5375 mensis
670 5319 1111 5392 archiepiscopi.
1146 5320 1478 5377 Redeuntcs
1507 5321 1759 5394 denique
1787 5322 1889 5394 qui
1909 5323 2076 5381 missi

427 5408 658 5464 fuerant
683 5408 754 5464 ad
795 5411 1182 5464 revocandum
1241 5409 1664 5482 Lingonensem
1711 5412 2076 5485 episcopum,

2180 4589 2370 4666 centia
2403 4611 2722 4664 recesserat
2750 4623 2784 4661 a
2813 4610 3098 4661 conventu
3131 4603 3384 4660 concilii.
3422 4589 3785 4687 Excommu-tlf‘

2181 4704 2348 4755 catus
2377 4702 2467 4753 est
2495 4697 2674 4752 etiam
2705 4695 2894 4751 sancti
2925 4693 3124 4751 Jacobi
3147 4691 3608 4764 archiepiscopus
3635 4679 3786 4737 Galli-

2163 4787 2415 4853 'ciensis,
2441 4785 2580 4857 quia
2608 4789 2810 4841 contra
2841 4784 2928 4840 fas
2960 4783 3071 4838 sibi
3101 4783 3424 4837 vindicaret
3445 4776 3659 4834 culmen
3676 4783 3786 4840 apo-

2183 4877 2374 4934 stolici
2406 4874 2838 4931 nominis.Post
2866 4873 2988 4928 haec
3019 4870 3351 4944 petentibus
3382 4868 3452 4922 iis
3483 4864 3577 4938 qui
3605 4861 3785 4917 sancta

2183 4966 2483 5040 religionis
2503 4969 2794 5019 amatores
2825 4962 2904 5018 ibi
2935 4958 3465 5033 aderant,plurima
3491 4954 3787 5044 sancto-rupi

2185 5031 2422 5112 Patrum
2455 5053 2704 5121 decreta,
2738 5069 2864 5124 qua:
2888 5053 3015 5124 jam
3048 5066 3150 5123 per
3179 5031 3466 5104 incuriam
3506 5058 3602 5115 pro
3633 5031 3787 5092 nihilo

2183 5145 2572 5208 habebantur,
2593 5144 2876 5214 praecepto
2899 5158 3017 5196 sua:
3047 5135 3407 5194 auctoritatis
3425 5125 3788 5222 renovaviti‘et

2186 5233 2373 5289 multa
2392 5249 2518 5304 qna:
2549 5208 2612 5285 in
2640 5208 2937 5285 Gallicana
2964 5227 3218 5285 Ecclesia
3262 5221 3674 5308 exercebantur

2186 5323 2322 5390 cita,
2352 5303 2424 5376 ne
2454 5321 2660 5376 ﬁerent
2691 5318 2960 5389 ulterius,
2983 5318 3085 5374 sab
3115 5315 3483 5373 anathemate
3504 5303 3784 5381 prohibuit,

2187 5409 2475 5468 videlicet.

500 5591 611 5662 (19)
641 5593 716 5646 De
747 5589 874 5660 ejus
905 5590 1244 5662 poenitentia
1277 5594 1332 5645 et
1392 5595 1576 5647 morte
1625 5592 1756 5648 vide
1801 5592 1981 5650 vitam
2012 5594 2071 5650 S.

2187 5591 2325 5648 tonis
2354 5589 2455 5646 lib.
2480 5606 2544 5655 ιι,
2577 5604 2703 5660 cap.
2736 5588 2790 5654 4,
2825 5587 2896 5642 ad
2922 5603 3141 5642 annum
3175 5583 3322 5640 1054.
