4198 6440
677 387 740 448 15
1639 383 1958 444 GEORGII
2002 383 2258 444 CYPRII
2301 383 2410 445 cr.
2456 344 2965 444 unaunam
3863 381 3924 452 16

666 515 935 551 sermones
976 503 1160 550 contra
1203 494 1561 561 blasphemias
1605 493 1752 547 Vecci
1793 496 1847 546 in
1889 492 1944 546 4ο
1979 495 2305 561 manuscrip.
2341 491 2573 544 biblioth.
2614 494 2951 560 imperatoris
2996 491 3231 548 Vienna.
3273 492 3524 564 Epitome
3564 493 3920 551 Gesnerians-

668 585 950 653 Quidquid
987 592 1170 637 autem
1209 583 1475 635 adversus
1509 582 1743 634 Veccum
1781 579 2050 648 Georgius
2088 581 2294 647 scripto
2330 580 2834 641 commendaverat,
2871 595 2979 635 non
3019 582 3219 634 minori
3259 583 3428 636 animi
3465 591 3622 646 testu,
3659 585 3769 636 imo
3805 598 3921 638 ma-

669 673 818 725 scula
885 670 1207 737 eloquentia
1249 668 1585 736 redarguens
1627 667 1742 733 ipse
1776 666 1984 719 Veccus
2023 667 2223 734 passim
2297 668 2550 721 refellere
2619 677 2854 722 conatus
2917 678 3034 733 est,
3098 679 3152 724 et
3195 671 3539 738 potissimum
3584 682 3822 739 quatuor
3856 671 3920 725 ad

665 758 1088 810 Constantinum
1123 756 1314 817 libris,
1344 761 1581 822 quorum
1616 746 1750 806 illud
1784 766 1865 807 est
1896 753 2229 822 principium
2258 772 2270 806 :
2310 757 2323 804 ἀ

2263 772 2270 806 :
2310 756 2503 807 Φοάνω
2537 756 2633 823 μὲν
2665 757 2834 818 τάλας
2854 794 2869 818 ,
2901 759 2994 809 καὶ
3024 751 3133 808 οἷον
3163 758 3540 825 διορισάμενος
3570 756 3794 827 ἐμαυτῷ
3825 759 3921 825 τὴν

673 848 806 896 ,ατὰ
839 845 949 895 τῶν
981 845 1378 910 ἀντιλεγόντων
1408 846 1471 910 τῇ
1505 843 1752 912 ἀληθείᾳ..
1788 841 1861 893 De
1894 841 2067 894 Tomo
2101 840 2322 909 Georgii

2259 843 2322 909 gii
2356 844 2579 912 Cyprii,
2611 854 2666 898 et
2695 854 2752 897 ut
2783 853 2973 896 contra
3005 861 3131 898 eum
3167 846 3456 913 scrip~erit
3488 845 3731 906 Veccus,
3767 847 3917 912 plura

667 933 1078 1000 l‘acbymerius,
1107 931 1202 982 lib.
1231 946 1347 990 vni,
1377 944 1502 996 Cap.
1533 931 1583 982 1.
1615 930 1678 982 Ει
1708 931 1806 981 hac
1834 929 2026 981 eadem
2056 931 2346 982 occasione
2378 930 2640 1000 Cyprium
2672 933 2825 999 plura
2858 933 2909 984 in
2941 931 3165 986 Latinos
3192 946 3247 986 et
3278 922 3604 986 catholicam
3634 934 3917 985 veritatem

663 1021 997 1081 evomuisse,
1031 1019 1188 1070 testis
1219 1027 1303 1070 est
1338 1018 1480 1070 inter
1515 1017 1652 1070 alios
1681 1017 1948 1084 Georgius
1984 1015 2329 1079 Scliolarius,
2362 1023 2454 1088 qui
2488 1037 2552 1073 ex
2588 1023 2888 1074 schismate
2922 1022 3045 1080 fuit,
3080 1022 3132 1073 in
3167 1021 3440 1073 Pl'OlBllth
3470 1021 3535 1074 de
3569 1024 3919 1090 processione
3970 1052 3974 1056 ι

662 1107 903 1174 Spiritus
932 1106 1106 1157 sancti
1140 1115 1329 1157 contra
1362 1104 1604 1156 Latinos.
1637 1103 1774 1156 Cum
1806 1106 1954 1155 enim
1989 1103 2054 1156 de
2105 1104 2172 1156 iis
2204 1106 2570 1172 scriptoribus
2601 1119 2822 1174 ageret,
2851 1109 2943 1176 qui
2977 1119 3165 1161 contra
3195 1107 3423 1169 Latinos
3454 1110 3725 1163 calamum
3757 1124 3920 1162 acue-

664 1204 808 1256 rant,
845 1207 966 1262 post
997 1194 1266 1260 judicium
1299 1193 1364 1245 de
1397 1192 1807 1258 antiquioribus
1841 1195 2134 1260 probatum
2169 1194 2322 1246 subdi

2261 1196 2348 1246 idit
2380 1213 2392 1247 :
2428 1196 2548 1248 Τῶν
2576 1196 2629 1247 δὲ
2665 1197 2904 1260 ὑστέρων
2935 1197 3196 1247 ἁπάντων
3227 1195 3436 1263 βέλτιον
3469 1199 3567 1264 μὲν
3595 1197 3691 1249 καὶ
3722 1196 3919 1248 ἱκανώ-

659 1299 846 1349 τερον,
882 1286 972 1334 xui.
1005 1283 1079 1346 τῲ
1119 1282 1335 1350 μεγέΟει
1366 1281 1463 1347 τῆς
1503 1279 1632 1341 (ατς
1666 1281 1870 1347 ταύτης
1908 1281 2262 1350 συμμέτρως,
2297 1284 2528 1348 μάλιστα
2569 1283 2666 1349 μὲν
2698 1285 2724 1334 ὅ
2755 1301 2813 1334 τε
2849 1284 3135 1345 Θεσπέσιος
3172 1284 3387 1346 Nai/0;,
3421 1288 3514 1336 καὶ
3549 1288 3576 1337 ὀ
3614 1286 3756 1353 ίερὸς
3789 1285 3917 1337 Θεο-

663 1376 878 1438 εέὰνης,
927 1373 1042 1437 μετ’
1072 1372 1266 1427 αὐτοὺς
1314 1369 1370 1419 δὲ
1419 1369 1510 1420 καὶ
1555 1368 1663 1418 τῶι
1716 1368 1875 1434 ἱερῶν
1920 1369 2238 1435 Γρηγορίων
2283 1371 2354 1419 οί.-
2377 1369 2655 1436 ὁμώνυμοί
2705 1387 2758 1420 τε
2816 1374 2910 1420 καὶ
2959 1372 3205 1436 ἀκριϐεῖς
3248 1371 3443 1423 ὀπαδοὶ
3489 1370 3916 1438 συνεγράψαντο.

664 1460 1025 1510 l’osteriorum
1072 1473 1192 1509 vero
1236 1458 1470 1508 omnium
1518 1455 1707 1508 melius
1751 1456 1998 1525 quidem,
2042 1465 2089 1506 et
2134 1455 2302 1524 magis
2348 1456 2682 1523 sufﬁcienter,
2726 1467 2772 1508 ct
2819 1473 2913 1525 pro
2957 1460 3191 1511 materia!
3236 1459 3450 1526 hujusce
3491 1460 3753 1529 dignitate
3797 1461 3920 1512 satis

659 1553 1010 1614 congruenter
1050 1546 1261 1597 divinus
1305 1543 1481 1606 Nilus,
1521 1553 1569 1594 et
1612 1559 1762 1596 sacer
1809 1542 2146 1610 Theophanes
2189 1557 2207 1593 :
2251 1553 2363 1608 post
2417 1558 2500 1594 eos
2543 1544 2686 1595 sacri
2727 1541 2964 1611 Gregorii
3008 1546 3377 1611 cognomines,
3419 1555 3467 1598 et
3502 1545 3755 1613 \ﬁdissimi
3798 1549 3921 1601 socii

659 1635 1105 1701 conscripserunt.
1148 1633 1299 1684 Alter
1341 1631 1443 1683 luit
1485 1631 1732 1683 Palamas
1775 1629 2099 1698 Gregorius,
2125 1629 2218 1698 qui
2261 1628 2498 1696 plmimu
2543 1632 2596 1682 in
2641 1630 2866 1682 Latinos
2909 1633 3206 1684 oblatravit
3245 1651 3261 1685 :
3303 1634 3443 1693 alter
3485 1633 3784 1702 Gregorius
3830 1634 3917 1686 hic

658 1723 895 1793 Cyprius
935 1723 1242 1791 patriarcha
1284 1720 1967 1789 Constantinopolitanus,
2009 1719 2103 1788 qui
2143 1719 2392 1771 eamdem
2431 1728 2668 1783 spartam
2707 1719 2772 1770 ad
2810 1729 3116 1770 extremum
3159 1732 3334 1788 usque
3373 1719 3628 1789 Spiritum
3673 1721 3914 1774 coluere.

659 1812 903 1863 Joannes
936 1810 1064 1860 item
1096 1808 1326 1869 Veccus,
1352 1819 1494 1861 orat.
1529 1808 1583 1871 5,
1616 1806 1679 1858 ad
1715 1806 2094 1859 Constantin.:
2129 1799 2289 1867 Οἶδας

2264 1824 2289 1867 ς
2319 1805 2393 1867 ὥς
2422 1822 2566 1867 τινες
2601 1806 2697 1874 μὲν
2726 1806 2932 1857 τούτων
2963 1806 3054 1858 ὑπ’
3079 1807 3308 1876 ἀρχηγῷ
3338 1809 3569 1876 Κυπρίῳ
3599 1809 3916 1876 ταττόμενοι

662 1899 801 1964 πρὸς
831 1899 942 1958 τοῖς
975 1896 1158 1955 ἄλλοις
1192 1899 1332 1946 κατὰ
1359 1896 1452 1946 τοῦ
1485 1893 1744 1954 εὐσεϐοῦς
1775 1910 1908 1960 φασι
1934 1894 2226 1960 δόγματος,
2258 1894 2354 1944 καὶ
2381 1896 2458 1954 εἰς
2487 1894 2810 1961 ὁμωνυμίαν
2841 1893 3184 1948 διαϐαλλουσι
3211 1897 3563 1962 ἐκπάρευοιν.
3599 1894 3749 1949 Nosti
3783 1913 3913 1949 non-

661 1983 839 2036 nullos
872 1999 934 2034 ea:
968 1983 1045 2034 his
1079 1983 1170 2051 qui
1200 1985 1384 2034 ducem
1417 1981 1673 2050 Cyprium
1709 1990 2005 2049 sequuntur
2034 1981 2171 2032 inter
2200 1979 2308 2032 alia
2329 2021 2344 2046 ,
2373 1996 2490 2049 quae
2522 1981 2770 2034 adversus
2802 1984 2946 2049 pium
2976 1982 3167 2051 dogma
3196 1981 3500 2049 ob'latrant,
3532 1986 3914 2050 processionem

661 2086 923 2140 tanquam
953 2071 1298 2140 requiuocam,
1330 2070 1704 2122 condenmare.

737 2160 979 2213 Scoriaci
1019 2161 1074 2212 in
1112 2159 1366 2212 biblioth.
1408 2158 1573 2227 Regia
1615 2159 1814 2227 legitur
1855 2157 2159 2226 Γρηγορίου
2198 2157 2395 2224 πατριὰ

2255 2157 2536 2225 ιτριάρχου
2573 2155 3195 2221 Κωνσταντινουπόλεως
3230 2156 3324 2209 τοῦ
3350 2157 3597 2227 Κυπρίου
3622 2158 3913 2230 Ἀπολογία

661 2252 739 2309 sl;
778 2247 878 2316 τὴν
898 2247 1220 2316 Ἐπιστολὴν
1257 2249 1490 2316 Μάρκου
1528 2246 1620 2298 τοῦ
1651 2247 1897 2314 Ἐφέσου.
1928 2245 2168 2314 Gregorii
2205 2255 2319 2313 patr

2253 2246 2522 2297 striarchte
2554 2244 3131 2313 Constantinopolitani
3167 2240 3350 2315 Cyprii
3387 2246 3646 2315 Apologia
3684 2248 3739 2300 in
3779 2245 3911 2317 Epi-

657 2338 854 2391 stolam
886 2336 1060 2389 Marci
1095 2336 1328 2404 Ephesii,
1364 2335 1450 2398 Vl,
1501 2351 1655 2388 num.
1693 2337 1778 2398 14,
1812 2351 1919 2387 non
1954 2335 2095 2399 sine,
2130 2341 2191 2386 ut
2225 2341 2375 2401 puto,
2409 2331 2762 2399 exscriptoris
2796 2332 3014 2384 mendo.
3049 2330 3154 2396 Qui
3185 2334 3331 2384 enim
3362 2335 3543 2400 potuit
3577 2336 3912 2400 respondere

657 2427 894 2497 Cyprius
921 2428 1022 2479 sub
1049 2426 1368 2479 Andronico
1397 2425 1615 2478 seniore
1668 2423 1850 2478 Marco
1882 2423 2120 2490 Ephesio
2147 2421 2376 2473 antistiti
2405 2421 2506 2474 sub
2531 2419 2745 2472 Joanne
2776 2420 3100 2488 Palaeologo,
3129 2420 3413 2488 antiquior
3438 2429 3660 2475 centum
3689 2423 3911 2493 triginta

658 2514 726 2568 ad
765 2515 950 2567 minus
985 2527 1161 2566 annos
1192 2512 1441 2580 juniori?
1471 2513 1652 2578 Quare
1689 2511 1985 2564 delendum
2026 2519 2111 2563 est
2149 2509 2284 2562 illud

2254 2509 2284 2561 d
2321 2508 2530 2578 Cyprii,
2565 2508 2655 2560 τοῦ
2700 2508 2974 2577 Κυπρίου,
3006 2519 3059 2562 et
3101 2509 3547 2562 substituendum
3587 2511 3912 2579 Πρωτοσυγ-

658 2603 850 2668 γέλλου
890 2601 1288 2670 Protosyncelli
1324 2600 1428 2670 (ος
1476 2601 1522 2655 is
1550 2601 1696 2653 enim
1730 2600 1783 2651 in
1817 2599 2055 2651 Marcum
2089 2596 2389 2664 Eplicsiuin
2424 2596 2678 2664 scripsit,
2708 2606 2762 2646 et
2793 2593 3086 2647 calumniis
3117 2595 3266 2648 illius
3297 2597 3354 2648 in
3385 2596 3688 2651 Romanam
3722 2599 3911 2653 Eccle-

659 2699 794 2745 siam
825 2690 1127 2758 respondit,
1162 2698 1220 2741 ut
1253 2703 1320 2740 ex
1350 2687 1501 2739 edito
1525 2688 1635 2755 jam
1666 2701 1832 2754 opere
1863 2694 1988 2754 post
2017 2683 2313 2739 concilium
2347 2684 2724 2737 Florentinum
2755 2696 3000 2751 apparet.

727 2778 990 2833 Servatur
1027 2792 1192 2844 penes
1234 2791 1318 2828 me
1354 2775 1474 2836 Bio;
1516 2775 1610 2826 καὶ
1646 2773 1924 2835 πολιτεία,
1960 2775 2054 2823 καὶ
2097 2773 2299 2840 μερικὴ
2336 2776 2627 2839 θαυμάτων
2661 2775 2910 2843 διήγησις
2945 2774 3037 2825 τοῦ
3077 2774 3224 2827 ὁσίου
3269 2776 3360 2827 καὶ
3398 2775 3656 2844 θεοφόρου
3697 2777 3906 2849 Harpe;

655 2850 1121 2934 ﬂpGJV‘AICdPOU,
1156 2862 1250 2913 τοῦ
1287 2865 1344 2912 ὲν
1381 2860 1457 2930 τῷ
1495 2862 1742 2930 Γαλησίῳ
1777 2860 1895 2927 (ipsi.
1929 2861 2297 2928 ἀσκήσαντος,
2336 2879 2674 2931 συγγραφεῖς
2701 2867 2851 2930 παρὰ
2877 2866 2971 2916 τοῦ
3009 2867 3316 2931 ἁγὶωτατου
3354 2867 3693 2937 πατριάρχου
3733 2869 3904 2934 κυροῦ

659 2955 982 3023 ι’ρηγορίου.
1028 2951 1177 3012 Vita,
1217 2959 1264 3002 et
1301 2966 1382 3002 res
1417 2960 1605 3018 gestaa,
1642 2960 1690 3002 et
1727 2949 2012 3018 peculiaris
2049 2951 2317 3007 miraculo;

2258 2956 2426 3007 larunt
2460 2953 2701 3002 narratio
2764 2955 2931 3002 samti
2975 2963 3023 3004 et
3071 2952 3234 3003 Deum
3277 2952 3490 3019 ferentis
3533 2955 3707 3007 l'atris
3741 2958 3906 3009 nostri

659 3045 877 3106 Lazari,
907 3046 992 3111 qui
1021 3043 1076 3094 in
1105 3041 1314 3094 Galesio
1345 3050 1515 3093 monte
1543 3042 1704 3093 vitam
1735 3043 2018 3092 asceticam
2047 3041 2294 3095 excoluit,
2325 3036 2584 3100 descripta
2613 3051 2642 3084 α
2672 3038 3005 3086 sanctissimo
3036 3038 3347 3101 patriarcha
3378 3039 3588 3089 domino
3629 3037 3902 3106 Gregorio.

657 3133 760 3196 Qui
797 3146 902 3184 non
937 3130 1080 3182 alius
1110 3130 1239 3191 erit,
1268 3144 1434 3196 quam
1461 3127 1718 3195 Cyprius.
1749 3129 1995 3194 Namque
2025 3136 2147 3194 post
2176 3123 2404 3177 Romani
2434 3121 2790 3189 Argympbyli
2824 3123 3114 3189 imperium
3142 3125 3243 3176 sub
3272 3139 3379 3191 quo
3409 3125 3635 3181 ﬂorebat
3669 3125 3906 3182 Lazarus

657 3225 721 3274 ad
757 3222 1028 3288 direptam
1071 3234 1240 3287 usque
1283 3219 1511 3277 urbem,
1550 3215 2102 3285 prmter‘Gregorium
2141 3215 2610 3282 Protosyncellum
2635 3250 2647 3270 ,
2680 3212 2745 3261 ad
2784 3226 2942 3277 quem
2982 3213 3172 3264 relerri
3212 3215 3436 3265 minime
3479 3225 3688 3281 potest.
3723 3216 3908 3268 nullus

657 3310 798 3362 alios
833 3307 1131 3375 Gregorius
1169 3306 1601 3374 patriarcbatutn
1639 3305 2066 3357 administravit.
2106 3299 2701 3363 Baronius,Annalium
2743 3314 2886 3349 anno
2924 3297 3062 3359 900,
3102 3314 3210 3351 non
3284 3300 3498 3352 alienus
3536 3301 3602 3354 ab
3642 3303 3741 3354 hac
3779 3318 3905 3355 sen-

660 3399 854 3456 tentia,
882 3407 1161 3448 auctoretn
1191 3391 1645 3461 Vitae‘Georgium
1682 3392 1893 3444 vocavit
1926 3408 1938 3443 :
1974 3389 2177 3444 Claruit
2210 3393 2304 3441 hoc
2337 3401 2563 3454 tempore
2597 3404 2648 3437 ιη
2680 3388 2892 3438 Oriente
2927 3387 2986 3438 S.
3022 3385 3258 3440 Lazarus
3293 3394 3579 3441 monachus
3611 3392 3660 3442 in
3697 3390 3905 3444 Gulcsio

659 3495 830 3534 monte
859 3483 1021 3552 juxta
1059 3483 1346 3552 Ephesum,
1381 3480 1532 3550 cujus
1574 3482 1736 3533 vitam
1773 3479 1981 3546 scripsit
2019 3475 2270 3546 Georgius
2307 3477 2636 3546 patriarcha.
2675 3474 2911 3543 Scriptio
2948 3485 3033 3530 est
3071 3477 3206 3531 satis
3246 3478 3487 3547 elegans,
3528 3487 3583 3531 et
3622 3492 3899 3543 accurata,

657 3581 711 3621 ει
745 3587 885 3624 rara.

727 3731 792 3800 (ι’)
841 3729 1144 3806 Gregorius
1186 3730 1654 3806 _P_r_p_tosyncel_lus,
1698 3732 2008 3806 patriarcha
2052 3731 2215 3786 CPol.
2327 3748 2382 3806 p.
2418 3733 2517 3786 ΗΕ).
2552 3733 2800 3802 seq.,ubi
2835 3731 2998 3806 etiam
3032 3732 3191 3806 docet
3222 3733 3466 3802 quinque
3499 3737 3674 3804 capita
3699 3733 3765 3806 in
3802 3735 3898 3790 de-

656 3802 723 3854 ab
755 3816 882 3854 ann.
918 3801 1054 3854 1445
1083 3803 1146 3854 ad
1179 3801 1337 3864 1455,
1369 3801 1436 3854 de
1467 3802 1624 3869 cujus
1677 3803 1900 3870 scriptis
1927 3804 2216 3856 adeundus
2327 3801 2640 3856 i'ensionem
2661 3805 2874 3857 COIICIilI
2908 3804 3199 3857 l'loreutini
3229 3801 3297 3856 ab
3324 3801 3390 3857 eo
3416 3801 3649 3872 scripta,
3677 3805 3895 3859 diversa

659 3873 1165 3943 PetrusArcudius
1211 3872 1265 3943 in
1315 3871 1604 3926 Concordia
1653 3875 1922 3942 utriusque
1972 3873 2220 3927 Ecclesia:
2328 3876 2520 3942 utique
2550 3891 2670 3928 esse
2705 3890 2731 3926 a
2767 3874 2990 3927 tetidem
3023 3876 3297 3942 Cilpllibus
3325 3889 3446 3943 quae
3475 3871 3759 3930 Gennadio
3793 3877 3894 3929 al;-

655 3943 798 3997 circa
849 3941 1156 3997 doetrmam
1210 3942 1278 3997 de
1329 3944 1705 4010 sacramentis,
1759 3941 1860 3999 lib.
1914 3959 1973 4010 ιι,
2023 3957 2073 3999 c.
2131 3944 2218 4007 15,
2325 3941 2572 4014 judicare
2605 3945 2775 4000 voluit
2802 3941 3216 4015 CaryOphyllus.
