4198 6440
1413 764 2314 944 GEORGII

682 1262 1968 1481 GBEGOBII
2151 1273 3057 1486 CYPBII

1347 1639 2135 1735 PATBIARCHAE
2211 1645 2389 1735 ΕΡ.

1593 1868 2140 1982 νΙΤΑ

293 2081 490 2156 ρυλε
538 2083 658 2145 EX
699 2085 1005 2150 CODICE
1041 2089 1947 2152 LUGDUNO-BATAVENSI

1798 2091 1947 2152 'NSI
1984 2092 2212 2154 NUNC
2265 2093 2624 2155 PRIMUM
2677 2091 2980 2156 GR/ECE
3023 2088 3122 2152 ΙΝ
3163 2086 3456 2150 ιυοελι

727 2167 1051 2228 PRODIT
1094 2170 1277 2230 CUM
1312 2171 1413 2231 LA
1431 2170 1625 2231 ΤΙΝΑ
1678 2165 2228 2232 ΙΝΤΕΗΡΗΕΤΑ
2250 2173 2385 2234 ΠΟ

1357 2170 1625 2231 ,ΑΤΙΝΑ
1678 2165 2504 2234 ΙΝΤΕΗΡΗΕΤΑΠΟΝΕ
2552 2174 2671 2233 ET
2717 2171 3015 2237 NOTIS:

1709 2335 2040 2379 ACCBDUNT

248 2430 934 2514 DI$§ERTATIONES
1000 2440 1174 2502 DUAE
1235 2443 1684 2504 HISTORICE
1742 2445 1842 2502 ET
1898 2443 2409 2514 DOGMATICE,
2476 2444 2640 2504 CUM
2700 2441 3087 2504 EPISTOLA
3134 2434 3488 2498 EIUSDEM

326 2511 594 2573 CYPRII
644 2517 747 2574 AD
795 2519 1124 2590 AMICUM.
1173 2523 1272 2581 ET
1318 2523 1997 2589 MOSCHAMPERIS..
2033 2511 2910 2590 EXCHAR'I‘OPHYLACIS,
2984 2521 3089 2578 AD
3130 2517 3363 2579 IPSUM
3393 2559 3408 2586 ρ

517 2592 753 2665 QUEIS
797 2597 1250 2660 BYZANTINA
1297 2601 1627 2662 GEORGII
1672 2602 2182 2663 PACHYMERIS
2225 2601 2599 2664 HISTORIA
2644 2597 3228 2668 ILLUSTRATUR;

1755 2759 1994 2800 Αυστοιιε

1015 2883 1162 2948 PR.
1209 2884 1336 2948 JO.
1383 2883 1714 2946 ΡΒΔΙΟ.
1761 2887 2045 2949 BERN.
2086 2888 2190 2949 Ι.
2227 2888 2348 2949 DE
2381 2887 2744 2961 nonam,

1462 3029 1723 3072 ORDINIS
1763 3027 2294 3074 PREDICATOBUM.

729 3128 996 3189 (Venetils,
1021 3128 1314 3187 κοςωιι,
1349 3131 1478 3192 typis
1503 3129 1582 3178 Jo.
1604 3129 1744 3190 Bapt.
1772 3127 2020 3189 Pasquali,
2057 3129 2366 3190 superiorum
2393 3142 2638 3192 permissu
2664 3140 2720 3178 ac
2744 3123 3051 3188 privilegio.)

1443 3482 1588 3569 AD
1667 3480 2354 3573 LECTOREM.

335 3685 538 3756 Operis
588 3685 988 3749 elucubrandi.
1053 3685 1432 3754 qualecunque
1480 3686 1663 3754 prodit
1702 3687 1756 3740 in
1800 3686 2015 3748 lucem.
2057 3687 2236 3740 datam
2286 3685 2632 3740 occasionem
2682 3685 3139 3753 propositumque
3204 3682 3496 3737 consilium

265 3775 462 3844 paucis
515 3773 725 3841 accipe,
775 3771 974 3827 Lector
1013 3771 1299 3828 benevole.
1351 3773 1488 3827 Cum
1545 3774 1682 3843 typis
1723 3772 1945 3827 Venetis
1993 3772 2307 3841 Byzantina
2357 3770 2605 3826 Historia:
2645 3771 2919 3824 volumina
2968 3784 3117 3824 anno
3149 3769 3288 3824 I729
3319 3771 3506 3824 recudi

262 3872 448 3930 «rapta
505 3860 711 3914 fuerint
736 3898 751 3921 ,
804 3874 941 3912 nova
975 3859 1091 3912 hzec
1120 3859 1294 3913 editio
1328 3859 1563 3927 pretium
1597 3859 1816 3928 aliquod
1861 3866 1920 3912 ut
1949 3857 2202 3921 haberet,
2233 3859 2369 3912 nihil
2404 3860 2473 3913 ab
2508 3875 2574 3912 eo
2601 3860 2695 3929 qui
2727 3873 2916 3912 curam
2965 3859 3085 3926 ejus
3115 3869 3505 3926 assumpserat.

263 3948 700 4018 praetermissum
753 3944 1051 4014 diligentia
1103 3945 1244 4009 l‘uit.
1279 3960 1390 4014 quo
1422 3946 1746 4000 accederent
1791 3960 1916 3998 cum
1950 3946 2321 3999 emolumento
2357 3961 2544 4016 opera.
2591 3947 2675 4000 vel
2712 3946 2999 4016 opuscula.
3042 3948 3088 4000 si
3119 3962 3223 4014 qua
3261 3947 3326 3999 ad
3361 3946 3506 3999 idem

264 4045 658 4103 argumentum
692 4036 995 4104 spectantia
1039 4035 1277 4088 nondum
1310 4034 1458 4088 edita
1507 4034 1709 4088 forent.
1756 4033 1832 4086 Ad
1859 4035 2064 4088 amicos
2105 4035 2482 4102 Iitteratosque
2516 4035 2662 4087 viros
2695 4035 2835 4087 intra
2868 4044 2926 4088 et
2948 4041 3105 4087 extra
3137 4034 3342 4086 Italiam
3370 4034 3507 4085 datae

265 4127 470 4178 littera:
539 4131 702 4181 sunt.
743 4123 900 4190 queis
951 4123 1283 4190 urgebantur
1322 4122 1460 4191 ipsi,
1494 4133 1553 4175 ut
1588 4137 1716 4176 suas
1748 4137 1844 4190 pro
1879 4121 2217 4174 humanitate
2250 4122 2416 4174 veluti
2453 4122 2726 4190 symbolas
2757 4121 3076 4175 conferrent
3107 4121 3172 4173 ad
3200 4136 3353 4174 none
3391 4121 3510 4174 edi~

266 4213 442 4263 tionis
485 4209 984 4275 ampliﬁcationem.
1030 4209 1298 4278 Lugduno
1336 4209 1662 4262 Batavorum
1703 4209 1950 4276 epistola
1998 4208 2246 4277 plurima:
2274 4220 2328 4262 et
2362 4209 2626 4276 opuscula
2659 4208 2970 4277 argumenti
2999 4209 3154 4268 varii.
3191 4223 3312 4276 quae
3339 4208 3511 4262 Geor-

264 4303 412 4366 gius.
440 4315 537 4350 seu
565 4297 861 4362 Gregorius
888 4294 1140 4365 Cyprius,
1167 4297 1472 4349 litterarum
1511 4298 1733 4350 nomine
1779 4297 1982 4359 clarus.
2013 4312 2076 4350 ac
2111 4297 2434 4365 patriarcha:
2455 4295 3051 4364 Constantinopolitani
3080 4297 3344 4366 dignitate
3372 4311 3509 4349 con-

266 4389 519 4454 spicuus,
572 4385 957 4437 tertiodecimo
1001 4400 1122 4437 serae
1166 4384 1490 4439 Christianae
1521 4387 1720 4438 saecqu
1768 4386 2082 4450 scripserat,
2105 4385 2424 4436 transmissa
2472 4389 2649 4446 luere.
2683 4384 3056 4436 voluminibus
3082 4399 3242 4435 manu
3270 4387 3507 4436 exaratis

268 4476 670 4540 comprehensa
695 4474 929 4533 duobus.
953 4488 1185 4540 quorum
1220 4474 1456 4527 alterum
1484 4473 1733 4527 Gracum
1772 4481 1978 4525 textum
2006 4470 2405 4538 complectitur,
2429 4471 2677 4524 Latinam
2703 4472 3013 4524 versionem
3036 4472 3265 4524 alterum
3290 4471 3357 4522 ab
3381 4487 3514 4523 ano-

271 4577 441 4631 nymo
486 4561 720 4628 quodam
762 4561 882 4627 ejus
930 4561 1037 4614 loci
1084 4564 1488 4615 concinnatam.
1533 4562 1774 4615 Editioni
1814 4559 2031 4613 Veneta:
2087 4557 2160 4610 ita
2204 4561 2582 4613 consulentem
2617 4561 2873 4619 amicum.
2909 4575 3018 4626 pra:
3053 4560 3226 4610 oculis
3255 4559 3512 4612 habuisse

273 4649 585 4717 putaverim
623 4647 767 4700 Petri
814 4646 1122 4708 Lambecii,
1163 4649 1264 4698 viri
1313 4649 1681 4705 celeberrimi.
1730 4647 2140 4700 adnotationem
2195 4647 2259 4698 ad
2303 4647 2534 4698 similem
2569 4645 3509 4699 Ctesareo-Vindobonensemcodi-

274 4751 417 4794 cem.
473 4735 618 4787 libro
663 4749 757 4786 vm
784 4733 1138 4786 Bibliotheca
1167 4737 1502 4787 recensituiu
1533 4752 1546 4789 :
1595 4735 1924 4804 Dignissimis
1949 4733 2184 4800 profecto
2215 4741 2357 4797 sunt,
2394 4734 2715 4801 inquientis.
2750 4748 2927 4785 omnes
2956 4732 3066 4785 illae
3091 4733 3324 4796 epistola:
3358 4732 3514 4798 (Gre-

274 4822 415 4891 gorii
449 4819 678 4890 Cyprii).
719 4829 773 4872 ut
805 4832 1057 4889 tanquam
1101 4823 1348 4874 eximium
1375 4821 1622 4888 Corporis
1658 4822 1905 4877 Historia:
1941 4827 2254 4897 Byzantina
2281 4823 2727 4890 supplementum.
2759 4821 2941 4874 erce
2994 4831 3043 4873 et
3076 4821 3269 4873 Latine
3291 4860 3303 4882 .
3334 4823 3387 4871 in
3429 4821 3514 4870 lu-

273 4924 388 4962 cent
439 4908 802 4975 proferuntur.
828 4918 876 4960 et
910 4908 1116 4975 quidem
1143 4909 1469 4976 potissimum
1492 4917 1552 4960 ob
1585 4909 1790 4979 Georgii
1829 4909 2167 4983 Pachymeris
2208 4910 2499 4963 Historiam
2537 4909 2743 4978 imperii
2777 4909 3065 4961 Andronici
3093 4907 3382 4973 Palwologi
3429 4924 3514 4958 se-

275 4998 464 5058 nioris.
508 4999 697 5064 quippe
722 5012 838 5065 qua
871 4997 1060 5049 harum
1089 4997 1340 5062 beneﬁcio
1370 4996 1722 5064 epistolarum
1784 4999 1917 5066 (imo
1947 5003 2115 5053 etiam
2143 4999 2580 5064 opusculorum).
2615 5000 2909 5050 innumeris
2945 4999 3052 5065 fere
3081 4995 3208 5048 locis
3245 4997 3514 5048 illustrari

274 5093 465 5152 potest.
507 5083 632 5137 Haec
679 5085 866 5136 eadem
913 5094 996 5138 est
1024 5083 1264 5137 Danielis
1301 5084 1532 5138 Nesselii
1579 5087 1989 5140 animadversio
2027 5089 2079 5140 in
2103 5086 2359 5154 Catalogo
2389 5094 2540 5154 parte
2571 5083 2634 5146 ν,
2674 5101 2826 5138 num.
2851 5085 2937 5137 Cl.
2974 5084 3167 5137 Manus
3206 5083 3394 5137 ultima
3419 5083 3515 5134 de-

275 5186 427 5223 mum
484 5171 710 5224 editioni
753 5169 972 5224 Venetae
1023 5171 1276 5239 imposita
1313 5171 1417 5225 fuit
1441 5212 1455 5234 ,
1491 5173 1625 5241 quin
1666 5173 1852 5242 Cyprii
1905 5176 2020 5228 sive
2055 5174 2320 5242 epistolae,
2364 5173 2478 5223 sive
2502 5173 2767 5240 opuscula
2797 5187 2894 5239 pro
2925 5171 3069 5224 votis
3094 5171 3274 5224 locum
3311 5171 3364 5222 in
3397 5169 3515 5237 ipsa

279 5258 595 5318 habuerint,
649 5273 769 5311 eam
825 5261 1058 5310 fortasse
1113 5259 1184 5311 ob
1218 5274 1466 5319 causam.
1510 5276 1672 5326 quam
1724 5276 1847 5312 mox
1901 5262 2232 5328 aperiemus.
2261 5259 2503 5329 Contigit
2543 5271 2665 5328 post
2707 5275 2914 5321 annos.
2958 5257 3188 5326 utquod
3226 5257 3518 5327 Lugdunu-

279 5343 599 5396 Batavensis
625 5343 830 5397 codicis
867 5345 1250 5398 transmissum
1297 5345 1474 5399 fuerat
1513 5347 1887 5416 apagraphum
1911 5387 1926 5410 .
1976 5351 2398 5417 neglectumque
2422 5351 2675 5417 jacebat.
2714 5349 2976 5417 singulari
3010 5347 3142 5399 mihi
3179 5350 3324 5398 dono
3360 5346 3520 5398 dare-

280 5445 414 5486 tur:
470 5433 764 5502 statimque
811 5434 945 5487 mihi
994 5449 1148 5488 mens
1185 5436 1486 5498 insederat.
1525 5447 1582 5490 ut
1627 5435 1950 5505 patriarchae
1979 5437 2572 5504 Constantinopolitani
2604 5436 3040 5495 lucubrationes.
3074 5449 3212 5502 quas
3233 5433 3375 5486 docti
3414 5432 3518 5484 viri

280 5521 634 5589 expetebant.
683 5531 779 5574 aut
826 5536 1017 5575 omnes
1041 5561 1056 5585 .
1109 5533 1203 5576 aut
1238 5524 1500 5590 majorem
1533 5534 1768 5594 partem.
1812 5525 2089 5592 publicam
2128 5525 2412 5592 prodirent
2461 5526 2513 5577 in
2548 5525 2748 5577 lucem.
2784 5522 3092 5587 Quominus
3127 5536 3257 5576 vero
3291 5533 3522 5586 compos

282 5618 537 5662 votorum
583 5607 810 5672 ﬁerem.
862 5609 1053 5662 Latina
1082 5611 1285 5669 versio.
1336 5627 1458 5680 qua:
1508 5613 1828 5667 transmissa
1861 5616 2065 5673 fuerat.
2103 5611 2364 5675 inhibuit,
2400 5619 2590 5678 utpote
2612 5624 2732 5679 qua
2765 5609 2920 5661 rudis
2955 5608 3253 5662 admodum
3290 5617 3509 5675 reperta

283 5697 372 5755 sit.
423 5697 714 5765 minusque
763 5712 1005 5750 consona
1049 5699 1218 5751 textui
1253 5697 1466 5762 Graeco.
1509 5699 1618 5752 into
1648 5711 1798 5754 certe
1839 5715 2190 5768 repugnans:
2227 5715 2349 5767 qua:
2381 5700 2614 5753 fortasse
2652 5712 2815 5752 causa
2851 5698 3052 5757 fuerit.
3087 5712 3154 5748 ne
3187 5696 3240 5748 in
3270 5693 3520 5747 editione

287 5785 490 5838 Veneta
539 5783 794 5839 Historia:
831 5784 1141 5853 Byzantina
1181 5786 1361 5840 locum
1411 5787 1730 5842 obtinerent
1762 5798 2076 5842 memoratas
2103 5787 2287 5858 Cyprii
2319 5786 2784 5841 elucubrationes.
2811 5783 3087 5853 Praecipua
3109 5799 3206 5853 spe
3230 5782 3520 5851 deceptus.

284 5869 426 5926 haud
464 5885 646 5943 opera
685 5871 1036 5942 dispendium
1069 5871 1185 5928 lore
1225 5873 1581 5930 nihilominus
1609 5875 2057 5943 cxistimaverim.
2097 5876 2140 5932 si
2180 5878 2298 5932 leve
2328 5878 2520 5931 saltem
2559 5875 2716 5930 istius
2744 5873 2951 5927 codicis
2982 5873 3271 5927 exhibeam
3324 5867 3508 5939 speci~
