4198 6440
223 419 253 452 ι)

224 421 292 475 '33
1767 437 1806 493 γ

1913 444 1959 496 ι,
3424 434 3494 498 26

225 530 453 582 ἀκούειν
477 546 492 562 ⁸
531 535 822 595 γινώσκειν
856 537 1040 605 μέντοι
1089 542 1284 602 αὐτοὺς
1318 543 1345 593 δ
1381 559 1430 594 τι
1484 544 1613 596 ποτέ
1655 548 1811 608 εἰσιν.

1924 550 2070 612 rica,
2126 559 2179 603 et
2243 551 2626 620 philosnpllia,
2680 553 2910 622 aliisque
2955 552 3301 620 disciplinis,
3357 569 3494 620 quas

227 625 274 673 εἰ
311 625 419 690 ἄρα
447 627 538 676 καὶ
565 629 722 688 εἰσιν,
763 629 1036 696 οὐδαμῶς.
1072 634 1231 684 Ὥστε
1272 637 1366 686 καὶ
1400 637 1694 704 δυσθυμίαι
1719 641 1804 690 διὰ

225 713 401 764 ταῦτα
435 713 580 782 εἶχον
611 719 772 769 αὐτὸν
805 723 895 771 καὶ
924 723 1239 789 μετάμελοι.
1271 723 1430 794 Εἶχον
1451 729 1505 780 δὲ
1535 732 1628 779 καὶ
1662 731 1811 796 μάλα

225 804 459 866 δικατως
484 824 497 836 ·
539 811 587 859 εί
619 812 854 877 πατρίδα
891 813 990 877 μὲν
1020 815 1302 880 κατέλιπε,
1349 822 1582 886 στοργὴν
1612 821 1666 870 δὲ
1709 839 1804 885 γο-

225 901 362 947 νέων
392 902 652 966 ἠῖιέτησε,
689 905 900 971 δάκρυα
933 908 989 957 δὲ
1026 911 1269 975 παρεῖδε.
1307 913 1518 982 πελάγη
1547 916 1600 966 δὲ
1630 916 1808 968 διέϐα-

229 989 321 1040 λεν
351 994 428 1052 ὡς
474 997 574 1059 μὲν
609 999 814 1064 μακρὰ,
871 999 945 1060 ὡς
1005 1000 1061 1050 δὲ
1113 1002 1325 1068 χαλεπὰ
1392 1009 1483 1056 καὶ
1541 1008 1807 1060 κινδύνων

235 1087 452 1150 μεστά·
515 1089 741 1155 ἤπειρον
790 1090 846 1141 δὲ
903 1093 1173 1160 τοσαύτην
1223 1095 1502 1163 διέδραμε,
1562 1099 1706 1166 ζωῆς
1751 1102 1808 1154 δέ

231 1176 498 1241 καθάπαξ
538 1179 850 1247 ὴιρείδησεν,
888 1177 986 1233 εἴτ’
1022 1187 1142 1236 ἀντὶ
1175 1185 1382 1238 τούτων
1404 1187 1546 1240 οὕτω
1575 1193 1806 1257 μεγαλο-

233 1264 344 1329 φυῆ
382 1271 666 1332 κομιεῖται
701 1272 911 1336 μισθίιν,
951 1274 1158 1336 κλίσεις
1184 1278 1466 1345 ὀνομάτων
1506 1281 1810 1346 ἐκμελητῆ-

234 1371 350 1415 σαι,
391 1360 486 1407 καὶ
519 1361 780 1425 ῥημάτων
815 1370 1230 1434 σχηματισμοὺς
1275 1372 1368 1422 καὶ
1413 1375 1676 1437 κινήσεις,
1715 1377 1808 1425 καὶ

231 1445 304 1505 ὡς
337 1447 368 1512 ἡ
401 1447 696 1517 Τυνδάρεω
731 1455 859 1514 παῖς
884 1456 1133 1522 ἡρπάγη,
1181 1459 1278 1510 καὶ
1315 1461 1344 1527 ὴ
1407 1462 1656 1529 Πριάμου
1714 1466 1810 1514 πέ-

233 1553 425 1588 πτωκε
455 1541 616 1602 πόλις
660 1543 911 1596 πολυετεῖ
965 1548 1053 1598 διὰ
1103 1549 1202 1615 τὴν
1253 1554 1488 1616 γυναῖκα
1550 1555 1807 1621 καμοῦσα

233 1629 488 1695 πολέμῳ,
523 1634 617 1682 καὶ
641 1633 716 1694 ὡς
747 1636 795 1685 οἱ
819 1638 1009 1699 παῖδες
1062 1640 1341 1698 Οίδίτιοδος
1386 1644 1508 1695 κατ’
1543 1645 1808 1713 ἀλλήλους

232 1721 505 1785 μανέντες
555 1723 644 1773 ὑπ’
678 1725 920 1794 ἀλλήλων
950 1730 1249 1794 ἀπώλοντο,
1299 1733 1393 1784 καὶ
1439 1734 1610 1786 τᾶλλα
1647 1737 1743 1787 ὅσα
1780 1737 1810 1788 ὀ

232 1813 524 1877 ποιητικὸς
569 1818 727 1883 χορὸς
764 1821 904 1871 κατά
932 1836 1053 1872 τινα
1098 1824 1194 1890 τῆς
1246 1825 1443 1894 τέχνης
1479 1827 1810 1896 αὐτονομίαν

1916 641 2147 693 ιιιεικίιιιῡ
2180 644 2386 695 ambire
2419 659 2482 695 ac
2517 659 2678 696 nosse
2713 645 2970 697 convenit
3001 644 3245 705 homini;
3271 644 3494 696 minime

1914 747 2042 782 vero
2095 746 2488 797 cognoscentes
2540 737 2671 802 quid
2722 735 2827 788 illa:
2875 737 3003 793 sint.
3039 737 3148 788 imo
3177 745 3232 788 et
3271 737 3314 787 si
3350 736 3491 788 sint?

1913 836 2248 892 quapropter
2303 828 2526 879 tristitia
2601 838 2654 880 et
2701 828 3046 894 paenitudine
3096 827 3490 879 afficiebatur:

1912 924 1968 967 et
2018 916 2236 980 quidem
2287 918 2587 983 justissima
2637 920 2704 972 de
2759 935 2945 975 causa.
3010 919 3268 985 quOniam
3311 917 3367 985 6
3399 933 3490 985 pa-

1913 1007 2072 1060 triam
2136 1012 2454 1077 reliquerat.
2507 1021 2791 1079 parentum
2849 1025 3094 1064 amorem
3165 1021 3489 1076 aspernatus

1911 1115 2064 1165 erat.
2116 1105 2385 1174 lacrynias
2429 1119 2622 1159 eorum
2657 1104 2814 1156 nihili
2851 1103 3089 1166 fecerat,
3129 1103 3298 1154 maria
3333 1102 3492 1165 traje-

1912 1211 2059 1254 cerat
2099 1203 2370 1267 spatiosa.
2422 1206 2476 1250 et
2512 1196 2778 1258 difﬁcilia,
2816 1211 2877 1247 ac
2913 1195 3176 1263 periculis
3206 1195 3398 1261 plena,
3437 1202 3493 1244 et

1915 1302 1995 1347 tot
2047 1305 2222 1346 terras
2272 1301 2672 1359 percorrerat,
2723 1299 2776 1342 et
2834 1290 3058 1339 omnino
3089 1294 3492 1351 contempsi-rat

1913 1387 2112 1446 vitam;
2162 1403 2225 1439 ac
2263 1385 2462 1438 deinde
2513 1398 2612 1447 pro
2667 1383 2753 1435 his
2804 1381 3062 1433 omnibus
3092 1389 3199 1430 tam
3237 1379 3490 1444 magnifi-

1910 1491 2026 1528 cam
2085 1478 2282 1529 tulerat
2339 1474 2682 1532 mercedem.
2740 1471 3142 1524 declinationes
3198 1469 3487 1520 nominum

1910 1569 2143 1624 callere.
2191 1576 2246 1618 et
2309 1565 2702 1618 vocabulorum
2767 1563 3123 1614 formationes
3193 1560 3492 1610 motiones-

1911 1673 2052 1724 que,
2101 1666 2155 1710 et
2198 1656 2476 1724 quomodo
2527 1652 2798 1723 Tyndarei
2851 1652 2958 1704 lilia
3015 1661 3166 1716 rapta
3216 1648 3402 1708 fuerit,
3438 1654 3494 1698 et

1913 1746 2111 1800 Priami
2165 1749 2297 1800 urbs
2343 1746 2607 1800 ceciderit
2655 1745 2816 1810 longo
2872 1741 3014 1794 bello
3047 1747 3237 1792 vexata
3270 1746 3494 1806 propter

1915 1855 2156 1894 amorem
2215 1839 2492 1899 mulieris,
2545 1847 2600 1890 et
2650 1836 2743 1888 filii
2804 1832 3125 1901 (Edipodis,
3161 1831 3215 1883 in
3251 1845 3307 1882 se
3347 1829 3490 1881 invi-

231 1909 464 1954 πλάττει
493 1922 554 1956 τε
577 1910 673 1957 καὶ
703 1910 1017 1977 μυθεύεται,
1040 1913 1232 1980 ἡδονῆς
1266 1917 1364 1981 μὲν
1388 1917 1454 1967 τά
1487 1919 1658 1971 πολλὰ
1681 1936 1804 1971 στο-

1920 1945 2036 1984 cem
2069 1932 2400 1984 insanientes
2425 1929 2710 1998 perierint,
2752 1936 2807 1978 et
2853 1925 2955 1977 alia
2993 1937 3333 1990 quaecunque
3365 1934 3494 1986 poe-

230 1991 566 2064 χαζόμενος,
596 1996 752 2065 ὀλίγα
780 1998 835 2050 δέ
865 2000 965 2068 τῆς
1001 2003 1260 2070 ἀληθείας
1289 2006 1617 2074 φροντίζων.

297 2259 492 2314 ταῦτά
523 2279 606 2314 τοι
644 2265 736 2316 καὶ
772 2266 960 2330 δεινῶς
990 2269 1152 2322 αὑτὸν
1187 2271 1468 2342 ἠνώχλουν
1501 2278 1550 2329 oi
1602 2277 1701 2346 τῆς
1731 2280 1811 2342 είς

230 2355 478 2421 πατρίδα
528 2357 880 2429 ὑποστροφῆς
952 2363 1225 2433 λογισμοί.
1281 2370 1392 2422 Καὶ
1444 2371 1812 2442 ὑποστρέφειν

233 2447 467 2511 εὐθέως,
494 2451 546 2500 εί
575 2453 666 2502 καὶ
693 2453 750 2502 τὸ
771 2453 950 2521 ῥᾴδιον
973 2455 1119 2523 ἐώρα
1154 2461 1356 2524 προσὸν
1391 2461 1469 2530 τῷ
1497 2465 1807 2531 πράγματι,

232 2544 351 2590 νυνὶ
389 2543 486 2592 καὶ
520 2544 875 2610 ἀπορώτατον
906 2543 992 2616 ἢν.
1052 2551 1197 2619 Ilaij
1234 2567 1294 2602 τε
1329 2553 1436 2619 γάρ
1472 2553 1580 2606 ἔδει
1617 2557 1812 2624 μέχρις

243 2634 470 2697 ’Δναίας
503 2639 660 2688 πόλιν
708 2638 967 2707 βαδίζειν.
1007 2643 1238 2709 Προσὲτι
1275 2643 1332 2695 δὲ
1386 2647 1479 2698 καὶ
1519 2648 1810 2715 ἀναλωμά-

232 2742 342 2778 των
377 2728 412 2780 ἃ
446 2731 527 2796 μὴ
567 2731 730 2795 μόνον
763 2732 861 2783 οὐκ
886 2729 954 2801 ἦν
998 2734 1146 2800 αὐτῷ
1186 2737 1322 2803 πρὸς
1367 2737 1465 2805 τὴν
1501 2739 1620 2790 κατ’
1653 2740 1812 2808 ἠπει-

241 2835 330 2886 ρον
387 2824 484 2872 καὶ
511 2822 786 2875 Θάλατταν
840 2825 1066 2892 πορείαν
1098 2828 1370 2897 αὐτάρκη,
1417 2831 1533 2882 ἀλλ’
1589 2832 1694 2883 οὐδ’
1724 2835 1808 2900 ἐφ’

237 2915 484 2980 ἡμέραις
513 2916 668 2977 ὅλαις
700 2921 847 2984 τρισὶ
871 2919 1145 2987 γλίσχρως
1171 2925 1266 2974 καὶ
1289 2923 1560 2992 πενιχρῶς
1596 2925 1812 2991 διατρέ-

240 3006 462 3068 ςρεσθαι,
493 3008 569 3073 μή
624 3024 768 3069 τινος
799 3009 998 3072 ἔξωθεν
1030 3019 1455 3081 χορηγήσαντοε,
1493 3017 1584 3068 καὶ
1615 3020 1679 3084 τῇ
1717 3018 1812 3069 δα-

241 3097 386 3162 πάνη
413 3099 958 3168 προσδοηθήσαντος.
987 3100 1146 3172 Εἶχον
1181 3107 1281 3172 μὲν
1310 3105 1402 3158 οὖν
1433 3108 1597 3159 αὑτὸν
1628 3109 1684 3160 at
1704 3125 1813 3161 τοι-

236 3188 399 3240 αὗται
451 3191 566 3241 τῶν
616 3193 883 3259 ἀποριῶν,
931 3197 1026 3247 καὶ
1058 3200 1303 3266 κατεῖχον
1335 3201 1482 3268 παρὰ
1513 3200 1808 3254 Νικαεῦσιν

237 3283 660 3352 ὦσπερδεσμά.
721 3287 799 3339 Τά
834 3287 878 3338 δ’
929 3287 1180 3341 ἐντεῦθεν
1233 3292 1293 3342 οὐ
1344 3292 1512 3355 πολὺς
1569 3295 1755 3362 χρόνος
1785 3297 1814 3346 δ

242 3376 385 3441 μετὰ
409 3377 606 3440 ταῦτα,
641 3380 732 3429 καί
756 3381 814 3431 τὸ
846 3381 989 3448 μέγα
1019 3382 1314 3445 Βυζάντιον
1341 3387 1476 3438 ἂστυ
1516 3386 1813 3456 Ῥωμαίοις

237 3464 400 3527 αὖθις
431 3467 568 3528 Θεὸς
607 3469 732 3530 τοὺς
767 3472 1029 3534 Λατίνους
1068 3475 1406 3542 ἀφελόμενος
1437 3476 1642 3530 δίδωσι.
1706 3479 1815 3530 Καὶ

237 3560 337 3610 τοῦ
403 3560 800 3627 Ἀκροπολίτου
858 3565 1157 3632 τηνικαῦτα
1207 3569 1370 3620 πλέον
1401 3569 1508 3620 τῶν
1544 3570 1716 3624 ἀλλων
1747 3571 1815 3624 τὰ

237 3653 317 3712 είς
344 3651 547 3716 λόγους
575 3652 727 3715 δντυς
762 3655 926 3722 σοφοῦ
959 3657 1098 3725 ὑπὲρ
1124 3657 1233 3710 τῶν
1261 3659 1456 3726 λόγων,
1497 3663 1579 3713 ὅτι
1613 3661 1678 3731 δὴ
1717 3679 1817 3714 πο-

237 3745 336 3805 λὺς
395 3744 576 3796 αὐτῶν
612 3747 823 3813 αὐχμὸς
856 3750 911 3798 ἐν
959 3751 1078 3809 ταῖς
1111 3750 1220 3800 τῶν
1252 3751 1561 3819 ἀνθρώπων
1592 3755 1815 3822 ἐκράτει

237 3838 443 3903 dupli;
470 3838 932 3905 δυσχεραίνοντος,
959 3841 1057 3907 τήν
1086 3857 1144 3892 τε
1166 3841 1345 3910 ψυχὴν
1373 3845 1698 3910 πάσχοντος,
1724 3848 1816 3896 καὶ

241 3931 468 3997 βοηθεῖν
505 3931 583 3990 εἰς
621 3931 851 3998 δύναμιν
874 3931 1142 3996 Θέλοντος,
1179 3934 1506 4000 αἰσθόμενος
1538 3937 1813 4004 βασιλεὺς,

240 4021 436 4087 ἀνίησι
461 4021 569 4070 τῶν
607 4023 883 4090 δημοσίων
914 4025 1238 4090 φροντίδων.
1292 4027 1387 4077 καὶ
1441 4024 1659 4093 βοηθεῖν
1690 4044 1819 4094 συγ-

240 4118 442 4180 χωρεῖ,
475 4113 566 4163 καὶ
602 4113 675 4173 ὡς
731 4114 1011 4181 πρόθυμον
1050 4116 1242 4166 ἑαυτὸν
1294 4118 1410 4178 τοῖς
1473 4117 1819 4184 βουλομένοις

244 4204 562 4272 ακροᾱσθαι
597 4206 810 4267 καθίζει
835 4207 1175 4271 διδάσκαλον,
1210 4206 1488 4277 ἐξηγητὴν
1520 4209 1628 4260 τῶν
1654 4209 1821 4260 λαδυο

248 4297 453 4366 ρίνθων
507 4297 946 4366 Ἀριστοτέλουςο
1010 4297 1153 4350 οὕτω
1213 4299 1322 4368 γὰρ
1374 4299 1486 4366 ἐγὼ
1525 4300 1675 4351 καλῶ
1721 4303 1821 4363 τὰς

247 4390 469 4440 ἐκείνου
502 4387 713 4451 σοφίας,
741 4392 835 4440 καὶ
863 4389 1089 4454 πλοκὰς,
1120 4383 1206 4451 αἷς
1246 4393 1314 4443 τὰ
1331 4391 1526 4443 ἑαυτοῦ
1552 4393 1819 4461 περιϐάλ-

246 4485 382 4541 λων,
426 4480 640 4548 ἐργώδη
694 4485 977 4534 κατανοεῖν
1015 4482 1427 4553 ἀπεργάζεται·
1460 4485 1734 4554 ἐξηγητὴν
1764 4487 1820 4538 δέ

1913 2033 2088 2078 tarum
2122 2025 2322 2076 chorus
2360 2023 2594 2086 quadam
2645 2022 2776 2072 artis
2808 2017 3027 2070 licentia
3054 2015 3229 2082 fingit,
3261 2024 3314 2065 et
3337 2028 3490 2062 com-

1915 2114 2254 2174 miniscitur,
2308 2114 2372 2164 ad
2425 2114 2762 2179 voluptatem
2797 2111 3126 2177 plerumque
3168 2104 3491 2172 respiciens,

1912 2221 2104 2276 parum
2131 2217 2311 2258 autem
2344 2205 2629 2257 veritatem
2663 2218 2884 2256 curans.

1985 2296 2126 2359 Haec,
2161 2307 2213 2350 et
2246 2297 2603 2364 cogitationes
2649 2296 2716 2348 de
2763 2294 2942 2347 reditu
2981 2293 3036 2345 in
3089 2291 3321 2360 patriam
3371 2306 3495 2360 gra-

1912 2389 2050 2441 viter
2095 2389 2270 2457 ipsum
2327 2386 2651 2439 turbabant.
2695 2385 2763 2436 Et
2809 2383 3034 2451 quidem
3075 2382 3256 2434 redire
3285 2383 3490 2442 statim,

1915 2477 2126 2530 tametsi
2178 2476 2335 2528 facile
2394 2476 2734 2542 perspiceret
2787 2488 2892 2527 suo
2931 2472 3184 2528 conferre
3236 2472 3489 2540 negotio,

1912 2583 2060 2623 nunc
2099 2568 2175 2621 illi
2225 2578 2343 2621 erat
2377 2567 2779 2620 difﬁcillimum.
2812 2565 2986 2620 Pedes
3015 2566 3162 2618 enim
3193 2563 3488 2632 oportebat

1914 2674 2087 2727 usque
2121 2660 2338 2712 Antam
2371 2659 2554 2710 denuo
2585 2659 2690 2710 iter
2710 2671 2894 2726 agere.
2920 2656 3188 2709 Praeterea
3213 2663 3485 2721 sumptus,

1912 2752 2003 2819 qui
2038 2766 2144 2803 non
2176 2750 2350 2802 solum
2387 2764 2496 2801 non
2531 2757 2689 2801 erant
2728 2748 2804 2801 illi
2835 2747 2905 2800 ad
2942 2747 3044 2801 iter
3076 2762 3171 2814 per
3203 2758 3404 2799 terram
3438 2754 3494 2798 et

1913 2856 2082 2903 mare,
2137 2839 2232 2893 sed
2283 2854 2457 2906 neque
2509 2837 2574 2890 ad
2626 2852 2850 2904 parcum
2892 2846 2946 2888 et
2987 2850 3285 2903 pauperem
3325 2835 3490 2887 trium

1912 2934 2123 2986 dierum
2173 2933 2397 2992 victum.
2447 2945 2606 2983 nemo
2657 2929 2788 2982 foris
2832 2928 3255 2995 suppeditabat,
3312 2941 3491 2994 neque

1913 3038 2013 3093 pro
2052 3021 2330 3090 impendio
2374 3021 2636 3074 auxilium
2680 3018 2974 3085 praebebat.
3019 3019 3203 3085 Itaque
3263 3015 3493 3070 vexabat

1912 3132 2036 3174 eum
2095 3117 2209 3172 hac
2243 3117 2426 3184 inopia
2459 3114 2706 3176 consilii,
2759 3113 3142 3178 retinebatque
3175 3112 3354 3178 ipsum
3389 3109 3488 3164 Ni-

1919 3224 2064 3272 czem,
2111 3209 2188 3261 uti
2247 3209 2546 3261 vinculum.
2605 3205 2810 3260 Deinde
2844 3220 2951 3257 non
2992 3204 3163 3256 multo
3207 3212 3328 3270 post
3379 3188 3534 3254 haec.

1921 3309 2187 3369 tempore.
2236 3316 2486 3367 magnam
2543 3300 2786 3368 Byzantii
2836 3299 3026 3352 urbem
3079 3297 3226 3350 Deus
3283 3295 3495 3348 Latinis

1916 3394 2168 3446 auferens
2215 3391 2420 3447 Grazcis
2465 3394 2642 3446 reddit
2688 3392 2821 3458 (20).
2874 3389 3125 3458 Cumque
3183 3391 3488 3455 imperator

1918 3483 2275 3539 intellexisset
2334 3484 2702 3550 Acropolitam
2760 3483 2874 3551 (21)
2932 3480 3339 3550 iGeorgium),
3397 3478 3489 3545 qui

1919 3582 2046 3627 tunc
2094 3574 2303 3628 caeteris
2343 3573 2649 3626 eruditione
2703 3572 2753 3641 7
2803 3571 3148 3640 praecellebat
3194 3611 3207 3634 ,
3264 3570 3491 3620 moleste

1918 3665 2058 3720 ferre
2083 3667 2225 3734 quod
2263 3667 2564 3728 litterarum
2601 3667 2820 3732 squalor
2873 3664 2925 3716 in
2976 3663 3257 3715 hominum
3298 3661 3493 3713 animis

1918 3759 2271 3827 praavaleret,
2316 3768 2372 3810 et
2415 3759 2575 3826 hujus
2622 3759 2696 3810 rei
2746 3756 3096 3808 miseratione
3159 3763 3490 3807 commotum

1920 3851 2056 3903 velle
2111 3866 2208 3918 pro
2264 3850 2404 3901 virili
2459 3865 2617 3916 opem
2673 3865 2829 3902 suam
2887 3859 3184 3914 praestare,
3237 3845 3494 3898 civilibus

1921 3941 2097 4010 ipsum
2127 3943 2272 3992 curis
2298 3941 2570 4001 liberavit,
2607 3956 2667 3993 ac
2698 3941 2958 4008 adjuvare
2991 3939 3244 4004 permisit
3277 3955 3287 3987 :
3316 3951 3489 4002 seque

1923 4036 2010 4088 ille
2047 4044 2291 4102 paratum
2325 4034 2577 4086 exhibuit
2600 4033 2663 4085 iis
2690 4035 2970 4094 omnibus,
3007 4034 3100 4099 qui
3146 4031 3336 4082 audire
3368 4047 3493 4084 eum

1923 4128 2149 4189 vellent,
2197 4127 2542 4194 magistrum.
2571 4125 3044 4192 lnterpretabatur
3082 4133 3266 4175 autem
3296 4124 3498 4176 Aristo-

1923 4219 2045 4272 telis
2087 4219 2424 4287 labyrinthos
2464 4219 2584 4270 :sic
2619 4218 2763 4270 enim
2813 4220 3133 4269 obscuriora
3167 4217 3286 4284 ejus
3325 4217 3492 4278 dicta,

1921 4322 1976 4366 et
2028 4312 2413 4379 perplaxitates
2459 4310 2690 4379 appello,
2746 4310 2948 4376 quibus
2995 4310 3321 4362 documenta
3395 4326 3492 4363 sua

1923 4402 2230 4463 involiens.
2289 4402 2566 4454 intellectu
2615 4402 2891 4453 diﬂicilcm
2925 4417 2983 4454 se
3016 4401 3215 4453 reddit.
3247 4402 3497 4468 Expone-

1925 4493 2205 4546 bat'etiain
2231 4507 2572 4561 quacunque
2622 4492 2874 4546 Euclides
2909 4502 2962 4542 et
2994 4493 3355 4546 Nicomachus
3376 4509 3496 4561 spe-

250 4577 349 4627 καὶ
385 4574 496 4624 τῶν
527 4573 809 4626 Εὐκλείδου
847 4576 942 4626 καὶ
995 4574 1304 4646 Νικομάχου
1329 4578 1429 4629 ὅσα
1466 4576 1811 4646 τεθεωρήκα-

1922 4583 2083 4635 eolati
2137 4591 2284 4642 sunt,
2327 4598 2556 4650 quorum
2609 4582 2820 4649 primus
2874 4592 3203 4650 geometras,
3239 4582 3494 4636 Nicoma-

252 4688 339 4722 σιν
373 4670 544 4730 οὗτοι,
581 4673 608 4720 ὁ
646 4672 742 4739 μὲν
781 4673 1122 4740 γεωμέτρας.
1147 4671 1462 4741 Νικόμαχος
1497 4672 1554 4725 δέ
1579 4672 1821 4742 ἀριθμη-

251 4765 445 4824 τικοὺς
487 4763 916 4822 ἐκδιδάσκοντες.
971 4762 1270 4832 Συνέρρεον
1320 4763 1457 4831 πρὸς
1510 4765 1675 4816 αὑτὸν
1724 4765 1822 4815 οὐκ

251 4859 430 4921 ὀλίγοι
463 4856 626 4924 ἔρωτι
659 4855 906 4915 παιδείας
939 4854 1240 4922 ἑλκόμενοι.
1267 4854 1560 4921 Ἦπείγετο
1599 4856 1687 4907 καὶ
1740 4857 1823 4908 ὅδε

258 4953 533 5012 νεώτατος
576 4948 674 5017 μὲν
712 4947 805 4999 τοῦ
859 4946 1021 5016 χοροῦ
1047 4988 1062 5008 ,
1117 4947 1462 4999 πλεονεκτεῖν
1488 4948 1545 4999 δὲ
1569 4947 1733 5000 αὑτοῦ
1767 4951 1824 5000 ἐν

255 5047 324 5113 τῇ
378 5044 706 5110 μαθήματος
746 5041 1046 5108 καταλήψει
1098 5041 1218 5093 οὐδὲ
1271 5039 1380 5091 τῶν
1441 5040 1827 5108 πρεσϐυτέρων

257 5133 614 5201 παραχωρῶν
638 5132 832 5185 οὐδενί.
876 5131 987 5196 Τῆς
1016 5133 1195 5181 τοίνυν
1253 5129 1671 5195 συλλογιστικῆς
1734 5129 1827 5180 καὶ

255 5228 592 5294 ἀναλυτικῆς
653 5225 831 5286 καλῶς
889 5225 967 5294 τῷ
1003 5225 1308 5291 διδασκάλῳ
1373 5223 1824 5291 σαφηνισθείσης,

258 5325 330 5383 ὡς
367 5321 609 5389 ἐπῆλθεν
651 5317 800 5385 αὐτῷ
839 5317 933 5369 καὶ
988 5319 1064 5378 εἰς
1107 5321 1172 5369 τα
1222 5318 1320 5383 τῆς
1364 5317 1661 5383 ῥητορικῆς
1702 5314 1828 5375 τοὺς

258 5415 529 5481 ὁμιλητάς
552 5409 896 5476 ἐμϐιϐάζειν,
941 5408 1068 5478 πρίν
1095 5425 1216 5460 τινα
1256 5407 1512 5475 δεύτερον
1537 5407 1643 5458 τῶν
1683 5406 1830 5474 Ἀρι-

262 5503 589 5556 στοτελικῶν
619 5500 843 5568 βαθμῶν
881 5500 1180 5568 ἐπιχειρεῖν
1208 5497 1544 5559 ἀναῦαίνειν,
1595 5499 1828 5549 ἐνταῦθα

261 5596 574 5649 τούναντίον
604 5593 635 5661 ἦ
670 5591 939 5659 πρότερον
980 5592 1106 5658 περὶ
1166 5591 1259 5642 τὸν
1315 5590 1546 5650 ἐκείνοις
1603 5591 1827 5658 ἄριστον

262 5693 474 5742 τουτονὶ
535 5690 780 5755 ὑπῆρχεν
824 5685 976 5754 ὁρᾷν.
1038 5682 1127 5734 Ἐν
1176 5685 1282 5752 γὰρ
1322 5688 1441 5746 ταῖς
1498 5685 1829 5750 γυμνασίαις

262 5786 382 5834 καθ’
416 5784 482 5842 ἃς
515 5783 623 5832 ἔδει
647 5780 956 5848 γράφοντας
987 5777 1395 5828 ἐπιδείκνυσθαι
1426 5776 1521 5844 τὴν
1556 5780 1681 5843 περὶ
1713 5776 1827 5826 τόδε

263 5880 359 5946 τῆς
391 5875 571 5945 ψυχῆς
605 5873 1040 5941 ἐπιτηδειότητα,
1077 5873 1274 5933 πάντες
1314 5872 1411 5939 μὲν
1445 5871 1607 5923 αὑτοῦ
1648 5871 1827 5938 κρείτ-

1929 4675 2065 4726 chus
2097 4682 2279 4726 anlem
2316 4674 2537 4726 instruit
2563 4673 2944 4725 arithmeticos
2982 4690 2996 4726 :
3040 4672 3495 4740 confluebantque

1928 4767 1993 4818 ad
2044 4766 2220 4833 ipsum
2252 4781 2358 4817 non
2399 4766 2579 4833 pauci,
2621 4765 2952 4817 eruditionis
2993 4779 3180 4817 amore
3211 4766 3491 4831 perlracti.

1929 4857 2230 4911 Festinavit
2278 4857 2442 4926 igitur
2488 4865 2544 4908 et
2599 4856 2700 4908 iste
2746 4855 2900 4907 chori
2955 4855 3098 4908 illius
3144 4857 3492 4914 noviSsiinos.

1929 4948 2176 5018 superari
2220 4963 2279 5001 se
2324 4948 2378 5000 in
2425 4947 2780 5000 scientiarum
2828 4947 3174 4999 assecutione
3207 4962 3235 4998 a
3269 4963 3495 5013 provec-

1930 5041 2130 5094 tiorum
2159 5038 2377 5092 nemine
2405 5038 2747 5107 permittens.
2789 5038 2973 5105 Itaque
3006 5038 3338 5106 syllogistica
3377 5049 3495 5090 arte

1929 5141 1982 5185 et
2025 5129 2289 5199 analytica
2334 5132 2467 5182 satis
2494 5146 2522 5181 a
2555 5130 2812 5196 magistro
2840 5129 3112 5195 exposita,
3153 5138 3210 5180 ut
3245 5131 3293 5180 ei
3329 5130 3497 5180 disci-

1931 5221 2090 5290 pulos
2139 5221 2415 5274 rhetorica
2463 5221 2707 5273 imbuere
2760 5219 2815 5271 in
2844 5228 3081 5271 mentem
3114 5220 3284 5280 venit,
3322 5219 3498 5286 prius-

1931 5332 2093 5384 quam
2159 5315 2224 5368 ad
2286 5315 2452 5368 alium
2495 5314 2732 5380 aliquem
2780 5329 2845 5368 ex
2896 5314 3264 5368 Aristotelicis
3311 5313 3497 5379 gradi-

1933 5410 2035 5462 bus
2075 5407 2187 5476 (22)
2240 5421 2333 5459 eos
2379 5406 2614 5458 evehere
2667 5405 2976 5471 inciperet,
3033 5405 3370 5458 contrarium
3435 5421 3498 5459 ac

1932 5510 2089 5554 antea
2145 5500 2288 5552 circa
2343 5512 2471 5551 eum
2519 5498 2610 5564 qui
2658 5498 2800 5550 inter
2857 5499 2992 5551 alios
3045 5499 3288 5563 Optimus
3342 5511 3495 5557 erat.

1934 5592 2205 5660 apparuit.
2267 5591 2322 5641 ln
2347 5589 2840 5640 exercitationibus
2895 5589 3082 5650 enim,
3139 5589 3342 5654 quibus
3398 5605 3493 5640 eos

1933 5683 2220 5750 oportebat
2266 5679 2468 5748 ingenii
2513 5679 2597 5732 sui
2651 5679 3007 5744 capacitatem
3057 5679 3262 5745 scripto
3308 5689 3405 5729 ost:
3433 5694 3498 5727 n-

1933 5774 2083 5832 dere,
2128 5785 2319 5825 omnes
2366 5771 2458 5822 illo
2509 5769 2820 5836 superiores
2870 5779 3046 5833 erant,
3091 5771 3206 5838 ipse
3242 5787 3367 5823 \CI'U
3398 5787 3489 5822 ne-

1937 5867 2065 5920 mini
2129 5862 2434 5934 jirmstabat.
2487 5861 2654 5929 Cujus
2713 5859 2794 5914 rei
2848 5860 3078 5917 fortasse
3133 5876 3296 5916 Causa
3351 5871 3491 5923 erat.
