4198 6440
733 409 794 476 3i
1717 417 2045 478 GEORGII
2086 417 2345 478 CYPRII
2385 417 2494 481 CP.
2542 417 3059 480 PATRIARCHE
3899 423 3968 482 3?.

1267 567 3904 594 ___________________________________

1544 697 1646 766 ι²
1730 719 2164 831 NOT/E
2265 723 3150 877 HISTORICZE,

1897 947 1929 988 C
1939 946 2107 988 IIRON
2117 944 2400 990 OLOGICE
2444 946 2520 988 ΕΤ
2563 949 2825 993 CRITICE

1211 1074 1285 1132 IN
1335 1076 1839 1135 SUPERIOBEM
1891 1076 2226 1134 GEORGII
2270 1076 2414 1137 SEU
2460 1078 2854 1139 GREGORII
2900 1083 3159 1142 CYPRII
3210 1084 3498 1143 VITAM.

804 1359 882 1424 (l)
918 1359 1177 1427 Gregorii.
1209 1358 1323 1411 Hoc
1346 1359 1436 1410 ille
1460 1359 1762 1425 appellatus
1790 1370 1875 1414 est
1905 1361 2144 1423 nomine,
2176 1375 2300 1412 cum
2330 1362 2414 1419 Αα

2407 1379 2462 1413 τε
2489 1363 2783 1429 συλλέγων,
2814 1364 3437 1434 καλλιγριφετνδὶδωμι,
3464 1368 3785 1437 βουλόμενος
3813 1375 3982 1438 αὐτὰς

734 1449 1063 1502 monachum
1107 1449 1301 1510 induit,
1351 1457 1643 1514 antequam
1701 1450 1767 1501 ad
1802 1451 1952 1504 urbis
1997 1451 2156 1517 regiae
2203 1466 2299 1518 pa-

733 1541 1086 1594 triarchalem
1123 1541 1380 1593 thronum
1435 1550 1895 1607 promoveretur:
1941 1542 2119 1595 dictus
2173 1557 2302 1594 vero

730 1633 904 1685 sacris
936 1634 986 1684 in
1021 1633 1180 1684 undis
1209 1631 1484 1700 Georgius.
1507 1633 1870 1702 Pachymeres
1905 1638 1955 1686 in
1988 1634 2303 1687 Andronico

733 1722 1055 1791 Palamlogo,
1091 1724 1232 1775 libro
1260 1740 1296 1785 ι,
1329 1726 1506 1792 capite
1535 1725 1624 1788 22,
1644 1725 1722 1778 sic
1753 1727 1829 1778 ait
1863 1743 1874 1776 :
1911 1726 2019 1777 (loc
2050 1726 2302 1794 Gregorii

733 1830 921 1867 nomen
950 1816 1142 1883 Cyprio
1193 1817 1473 1876 insederat,
1517 1833 1581 1868 ea:
1612 1816 1828 1885 Georgio
1867 1828 2125 1870 mutatum
2147 1858 2161 1878 ,
2187 1835 2303 1869 cum

733 1907 1103 1974 professionem
1130 1909 1182 1959 in
1235 1911 1621 1977 pra'paratione
1650 1911 2038 1977 patriarchatus
2072 1925 2304 1962 assume-

735 2005 812 2048 ret
845 1999 1209 2050 monasticam.

809 2088 883 2154 (2)
923 2088 1020 2140 Ilcs
1079 2108 1206 2142 suas
1267 2093 1592 2146 continens:
1645 2091 1711 2142 τὰ
1772 2093 1892 2142 καθ’
1949 2093 2160 2145 ἐιυτὲν.
2195 2093 2304 2147 Leo

733 2185 899 2233 etiam
938 2181 1166 2233 Allntius
1197 2183 1250 2234 in
1293 2183 1533 2235 Diatriba
1580 2183 1645 2234 de
1688 2181 1934 2249 Georgiis
1963 2200 2025 2235 ex
2060 2184 2303 2236 Roberto

731 2273 1088 2326 Constantino
1117 2273 1193 2326 sic
1218 2274 1379 2326 refert
1413 2293 1422 2325 :
1462 2274 1591 2326 Item
1618 2275 1678 2326 de
1719 2278 1826 2329 vita
1849 2293 1945 2327 sua
1977 2286 2025 2326 et
2049 2275 2305 2344 Epistolte

735 2380 952 2416 numero
997 2364 1114 2417 l66.
1146 2364 1309 2418 Addit
1337 2365 1607 2419 Allatius:
1644 2369 1724 2420 Αη
1770 2385 1897 2436 apus
1944 2370 2037 2422 hoc
2082 2372 2146 2422 tle
2177 2373 2304 2434 vita,

734 2456 1315 2524 inquiens,diversum
1349 2467 1422 2509 est
1485 2457 1549 2510 ab
1609 2457 1876 2526 Epistolis,
1934 2462 2013 2513 vel
2055 2460 2307 2530 Epistolis

733 2548 855 2614 ipsis
874 2565 1025 2601 suam
1056 2550 1217 2600 vitam
1245 2551 1528 2617 exprimit?
1561 2549 1691 2603 illi/ti
1720 2553 1892 2604 adhuc
1922 2554 2177 2606 incertum
2207 2565 2304 2610 est.

732 2638 850 2692 .lam
875 2650 1084 2694 certum
1123 2656 1271 2705 vero,
1301 2641 1368 2693 ab
1385 2641 1642 2709 Epistolis
1676 2641 1947 2696 diversam
1981 2660 2098 2696 esse
2137 2644 2302 2698 Vitam

2405 1452 2480 1510 si;
2511 1453 2738 1503 πυκτίον
2783 1452 2926 1518 ἔχειν
2976 1453 3220 1521 ἀθρόας,
3274 1453 3544 1522 Epistolas
3601 1473 3766 1519 meas,
3814 1461 3982 1511 aliam

2404 1539 2618 1592 aliunde
2651 1541 2922 1609 colligens,
2958 1550 3016 1593 ut
3048 1544 3182 1611 potis
3213 1559 3351 1606 sum,
3385 1543 3655 1612 eleganter
3684 1545 3982 1599 describen-

2404 1631 2499 1683 das
2555 1634 2730 1695 trado,
2778 1649 2867 1685 eas
2913 1632 3085 1686 volens
3136 1635 3190 1685 in
3243 1632 3421 1686 libello
3467 1634 3714 1688 collectas
3773 1637 3982 1692 habere.

2407 1721 2672 1776 \‘olumen
2713 1723 2878 1786 istud,
2903 1739 3012 1791 quo
3035 1733 3179 1784 utor,
3204 1733 3259 1777 et
3291 1738 3355 1776 ea
3385 1723 3596 1792 singula
3626 1741 3746 1793 quae
3779 1727 3834 1779 in
3865 1728 3984 1796 ipso

2405 1813 2777 1878 continentur,
2809 1813 3134 1882 diligentius
3167 1813 3306 1868 infra
3356 1817 3690 1869 recensenda
3729 1828 3876 1871 sunt.

2478 1903 2553 1971 (6)
2589 1902 2772 1956 Patres
2803 1921 2922 1956 vero
2955 1912 3004 1957 et
3032 1907 3150 1969 avi,
3188 1915 3298 1960 etc.
3333 1905 3457 1959 lltuc
3490 1909 3676 1968 verba,
3706 1922 3828 1961 cum
3861 1908 3985 1961 aliis

2407 1993 2699 2060 conjuncta
2727 2011 2849 2063 qua:
2879 2005 3187 2064 sequuntur
3207 2034 3224 2059 ,
3251 2007 3312 2050 ut
3348 2007 3535 2064 postea
3569 1996 3979 2058 adnotabimus.

2409 2087 2666 2140 vitiantur
2694 2089 2826 2142 satis
2885 2088 3249 2150 indicare.ex
3296 2089 3495 2143 illustri
3556 2090 3724 2144 fuisse
3786 2108 3984 2158 genere

2407 2177 2689 2247 Cyprium,
2719 2179 2958 2247 itemque
2991 2178 3238 2233 Graecum
3272 2180 3572 2240 hominem.
3609 2191 3664 2234 et
3695 2197 3760 2234 ex
3787 2197 3985 2249 parcn-

2410 2273 2557 2324 tibus
2583 2270 2788 2324 Grazcis
2815 2280 3021 2323 natum.
3056 2271 3166 2324 Leo
3198 2271 3447 2337 Allatius,
3490 2273 3565 2324 De
3602 2271 3851 2325 Ecclesite
3881 2272 3980 2327 Oc-

2408 2364 2684 2418 cidentalis
2741 2372 2898 2432 atque
2951 2362 3238 2418 Orientalis
3292 2375 3544 2434 perpetua
3601 2367 3982 2427 consensione,

2409 2455 2503 2509 lib.
2536 2471 2594 2514 II.
2629 2471 2748 2522 cap.
2790 2455 3052 2516 '15,num.
3086 2454 3174 2515 12,
3203 2455 3496 2522 Georgium
3535 2453 3792 2523 Cyprium
3825 2464 3985 2508 vocat

2408 2546 2658 2600 Latinum
2690 2547 3018 2601 scribentem
3047 2557 3232 2600 contra
3263 2547 3500 2601 Latinos.
3535 2548 3591 2600 Id
3619 2563 3785 2600 unum
3819 2549 3987 2601 refert

2413 2640 2465 2692 in
2502 2639 2737 2691 Diatriba
2772 2638 2838 2691 de
2864 2637 3132 2707 Ceorgiis,
3163 2641 3400 2691 eumdem
3435 2639 3576 2707 apud
3607 2638 3772 2692 Italos
3802 2648 3984 2690 natum

732 2733 874 2787 hanc
927 2732 1166 2802 Georgii,
1201 2748 1296 2785 seu
1345 2706 1594 2800 Gregorii
1625 2732 1825 2802 Cyprii,
1887 2745 1946 2786 ut
2000 2750 2066 2787 ex
2115 2745 2304 2788 nostro
2340 2706 2382 2762 Β
2408 2739 2458 2783 et
2497 2730 2756 2792 adultum,
2792 2746 2902 2782 sese
2926 2706 3251 2798 postmodum
3273 2731 3412 2782 inter
3453 2706 3661 2783 Cra-cos
3686 2732 3984 2798 conjecisse.

733 2824 922 2877 codice
964 2833 1131 2894 patet,
1159 2833 1215 2877 et
1251 2839 1316 2876 ex
1345 2822 1761 2878 Vindobonensi
1797 2825 1940 2894 apud
1975 2825 2303 2879 Nesselium.

736 2912 786 2966 ls
808 2914 860 2965 in
894 2911 1154 2982 Catalogo
1186 2915 1531 2968 bibliotheca?
1584 2914 1864 2977 Casarete.
1907 2931 2002 2969 seu
2028 2916 2306 2969 Vindobo—

735 3007 924 3060 nensis
958 3017 1110 3074 parte
1141 3022 1190 3070 ν,
1219 3006 1464 3060 codicem
1503 3005 1596 3060 101
1654 3015 1898 3062 recenset
1929 3026 1940 3061 :
1967 3025 1985 3058 ι
2030 3008 2306 3078 Epistola,

736 3099 1011 3166 inquiens.
1074 3108 1281 3150 centum
1328 3101 1616 3172 nonaginta
1662 3109 1711 3151 et
1746 3116 1878 3165 una,
1934 3115 2058 3153 cum
2111 3101 2308 3155 incerti

735 3188 1020 3259 cujusdam
1056 3191 1301 3242 auctoris
1333 3190 1651 3260 synchroni,
1685 3190 1842 3259 cujus
1865 3205 2062 3244 nomen
2105 3191 2175 3244 ob
2205 3192 2309 3244 ali-

738 3288 872 3347 quot
927 3279 1182 3331 foliorum
1241 3278 1513 3332 defectum
1584 3280 1902 3347 ignoratur,
1961 3279 2306 3349 Prefatione,

738 3369 1054 3422 continente
1105 3369 1300 3433 l'itam,
1335 3385 1428 3422 seu
1468 3370 1651 3437 potius
1703 3370 2070 3425 laudationem
2108 3373 2248 3441 ejus.
2283 3391 2303 3424 ι

737 3462 954 3532 Integra
1020 3463 1072 3514 in
1137 3474 1330 3515 nostro
1384 3465 1574 3516 codice
1635 3465 1748 3518 haec
1793 3476 2002 3532 prostat
2031 3465 2308 3536 Prazfatio,

739 3568 836 3606 seu
874 3553 1051 3621 potius
1080 3568 1260 3605 sermo
1291 3551 1364 3604 De
1395 3555 1502 3606 vita
1549 3555 1632 3606 sui
1662 3556 1825 3622 ipsius
1851 3593 1864 3617 ,
1897 3555 2144 3623 pluribus
2175 3572 2314 3626 opu-

740 3645 908 3699 sculis
961 3646 1322 3713 plurimisque
1352 3647 1598 3712 epistolis
1633 3663 1742 3700 uno
1799 3648 1852 3700 in
1879 3651 2157 3702 volumine
2201 3650 2314 3703 col-

740 3736 896 3790 lectis
926 3739 1258 3804 praemissus.
1282 3737 1558 3790 Dubitatio
1583 3739 1753 3806 ingeri
1779 3739 1925 3792 nulla
1958 3751 2153 3807 potest,
2181 3743 2313 3810 quin

739 3828 984 3896 ejusdem
1019 3829 1287 3881 sermonis
1331 3830 1442 3896 ipse
1480 3829 1749 3898 Georgius,
1784 3831 1867 3882 vel
1899 3830 2182 3899 Gregorius
2213 3832 2318 3902 Cy-

743 3921 889 3988 prius
931 3931 1121 3972 auctor
1152 3921 1262 3972 sit:
1303 3921 1625 3972 inscribitur
1670 3936 1863 3988 nempe
1922 3921 1994 3973 De
2043 3923 2146 3974 vita
2194 3940 2313 3986 sua,

742 4013 854 4085 sive
897 4012 958 4062 de
1007 4013 1070 4063 iis
1103 4027 1217 4080 quw
1241 4012 1306 4062 ad
1338 4012 1562 4077 scipsum
1601 4014 1881 4078 pertinent.
1917 4012 1975 4064 In
2003 4017 2150 4066 calce
2181 4030 2317 4081 opu-

745 4103 884 4156 sculi
913 4103 1024 4154 lucc
1054 4103 1324 4154 habentur
1344 4109 1410 4154 dc
1443 4114 1702 4156 auctore:
1735 4104 1826 4170 Μὴ
1862 4109 1955 4156 καὶ
1978 4105 2132 4172 ἀνδρὶ
2153 4144 2168 4167 ,
2204 4107 2317 4156 inv

745 4194 792 4245 δ’
851 4196 1025 4244 εἰπεῖν
1057 4194 1304 4261 ἐμαυτῷ,
1366 4194 1688 4261 χαρίζεσθαι
1739 4196 1909 4259 δόξω·
1936 4198 2173 4264 ἐμαυτὸν
2210 4198 2317 4265 γὰρ

747 4288 957 4338 ἐκεῖνον
983 4288 1216 4354 ἥγημαι,
1245 4288 1338 4338 καὶ
1361 4287 1511 4338 καλῶ
1535 4289 1632 4354 τῆς
1656 4289 1826 4354 ἄκρας
1855 4290 2010 4356 ἡμῶν
2036 4289 2316 4354 ἑνώσεως;

747 4395 810 4430 ne
840 4381 1019 4430 ridear
1079 4395 1188 4429 viro
1241 4394 1384 4445 atque
1409 4395 1470 4430 ac
1512 4379 1636 4429 mihi
1677 4379 1775 4446 ipsi
1815 4381 2131 4447 gratiﬁcari.
2159 4379 2320 4432 Illum

745 4472 878 4522 enim
907 4479 1087 4538 reputo
1113 4471 1384 4537 meipsum,
1405 4479 1452 4521 et
1477 4486 1599 4522 voco
1631 4485 1844 4539 propter
1867 4488 2130 4523 summam
2154 4475 2323 4525 nostri

748 4567 1017 4615 unionem.
1055 4564 1171 4630 Ipse
1199 4579 1392 4629 nempe
1410 4561 1728 4631 Gregorius,
1749 4565 1840 4631 qui
1873 4569 2035 4616 vitam
2057 4566 2139 4616 sui
2165 4567 2321 4632 ipsius

747 4654 1046 4715 scribebat,
1078 4669 1245 4720 seque
1276 4665 1556 4706 auctorem
1581 4654 1986 4721 quodammodo
2016 4655 2196 4708 celare
2231 4671 2324 4708 vo-

748 4749 870 4809 luit,
908 4746 1195 4799 manifeste
1232 4745 1452 4798 tandem
1488 4745 1731 4813 seipsutn
1768 4747 1948 4813 prodit

805 4840 880 4908 (5)
902 4839 963 4890 Ei
981 4842 1067 4905 qui
1087 4837 1278 4889 librum
1296 4839 1432 4888 hunc
1450 4836 1801 4898 concinnavit,
1818 4839 1992 4905 patria
2012 4837 2109 4904 fuit
2123 4839 2325 4907 Cyprus

748 4933 946 4988 insula.
986 4930 1123 4982 lliuc
1150 4945 1278 4981 vero
1322 4929 1503 4981 dictus
1532 4928 1618 4980 ille
1657 4927 1907 4997 Cyprius.
1933 4927 2074 4982 Urbs
2111 4929 2323 4994 insulae,

749 5036 842 5079 aut
875 5025 1028 5076 locus
1058 5023 1302 5074 occurrit
1331 5020 1551 5083 nullibi,
1578 5020 1669 5072 ubi
1714 5021 1921 5072 natales
1951 5020 2227 5073 habuerit.
2267 5022 2324 5074 In

753 5127 902 5171 textu
939 5115 1128 5169 Grieco
1155 5113 1387 5182 legimus
1424 5113 1666 5179 :llarpt;
1705 5111 1805 5177 μὲν
1838 5111 1915 5178 τῷ
1940 5111 2041 5180 13
2075 5129 2327 5164 συντετα-

754 5213 868 5278 χὸτι
899 5209 998 5276 τὴν
1033 5207 1209 5274 βίϐλον
1237 5203 1456 5271 Κύπρος
1493 5204 1523 5270 ἡ
1557 5204 1752 5269 νῆσος·
1783 5202 1986 5270 Cyprus
2026 5203 2203 5256 insula
2229 5205 2327 5272 fuit

757 5305 872 5357 huic
901 5303 1100 5369 putria,
1132 5302 1220 5367 qui
1243 5301 1430 5351 librum
1461 5299 1812 5358 concinnavit,
1865 5298 2209 5350 coortlinavit.
2237 5297 2328 5350 Li«

2410 2820 2512 2873 Sed
2583 2821 2780 2874 iterum
2849 2820 2903 2873 in
2957 2820 3299 2889 Hottingero,
3330 2821 3509 2890 capite
3557 2821 3643 2884 l9,
3673 2837 3787 2889 pag.
3855 2821 3982 2884 478,

2411 2911 2584 2977 ipsum
2612 2913 2828 2976 asserit,
2856 2911 3061 2965 Latinis
3093 2915 3396 2981 parentibus
3419 2922 3613 2965 ortum.
3637 2912 3780 2965 Nihil
3820 2911 3984 2965 basi-

2413 3012 2591 3057 tautes
2640 3002 2846 3056 Latinis
2884 3005 3064 3072 ipsum
3099 3005 3403 3073 parentibus
3445 3005 3498 3056 in
3540 3002 3714 3072 Cypro
3772 3014 3985 3064 natum,

2409 3106 2670 3148 enarrant
2693 3096 3017 3150 Cuilleltnus
3061 3095 3204 3150 Cave
3246 3097 3299 3149 in
3336 3096 3570 3149 Historia
3599 3094 3887 3149 Litteraria
3918 3096 3985 3149 ad

2411 3203 2617 3240 annum
2653 3187 2829 3243 P284:
2858 3187 3162 3241 Casimirus
3205 3187 3453 3242 Oudinus
3483 3189 3536 3241 in
3577 3189 3987 3242 Commentario

2414 3277 2482 3332 de
2517 3280 2884 3347 scriptoribus
2918 3278 3306 3334 ecclesiasticis
3349 3290 3500 3333 tomo
3535 3280 3625 3344 lll,
3679 3281 3747 3335 ad
3781 3297 3985 3335 annum

2421 3373 2575 3436 l230,
2592 3385 2646 3427 et
2666 3373 2893 3426 Michael
2919 3371 3231 3441 Lequienus
3258 3373 3311 3426 in
3331 3371 3541 3426 Oriente
3571 3389 3743 3436 sacro,
3768 3383 3917 3426 tomo
3940 3374 3984 3436 l.

2416 3467 2470 3520 in
2499 3465 2827 3535 patriarcbis
2860 3465 3504 3534 Constantinopolitanis.
3533 3464 3668 3518 Nota
3710 3465 3840 3517 mihi
3875 3480 3983 3518 non

2414 3566 2544 3610 sunt
2605 3557 2829 3624 hujusce
2887 3555 2965 3608 rei
3029 3556 3254 3623 probata
3317 3564 3689 3608 monumenta.
3745 3554 3987 3608 Joannes

2415 3650 2642 3707 Beccus.
2676 3665 2744 3702 ex
2779 3647 3149 3717 patriarcbatu
3191 3647 3358 3716 regia:
3389 3648 3543 3702 urbis
3572 3649 3726 3700 exsul
3759 3648 3985 3701 Prusam

2417 3742 2635 3801 missus,
2661 3749 2850 3793 contra
2883 3737 3175 3806 Georgium
3209 3737 3289 3791 vel
3341 3737 3664 3806 Gregorium
3699 3738 3778 3791 sic
3811 3739 3992 3791 aiebat

2418 3833 2558 3902 apud
2586 3833 2972 3898 Pacliymerem
3006 3831 3056 3881 in
3092 3828 3430 3890 Andronico,
3451 3829 3594 3882 libro
3620 3845 3660 3893 ι,
3687 3829 3863 3896 capite
3885 3831 3988 3882 διε

2419 3923 2506 3976 Me
2539 3923 2833 3976 Romanum
2859 3922 2975 3989 (seu
3004 3919 3273 3981 Graecum)
3329 3920 3613 3983 hominem,
3644 3936 3669 3972 e
3714 3936 3855 3972 nova:
3888 3919 3992 3972 Ro-

2345 4048 2386 4103 ο
2421 4033 2518 4068 mre
2544 4013 3136 4081 (Constantinopoleos)
3167 4014 3356 4065 civibus
3394 4023 3602 4075 natum,
3629 4015 3949 4066 aversamini
3975 4032 3991 4067 :

2420 4109 2635 4160 interim
2701 4109 2826 4156 dum
2884 4120 2978 4172 pro
3037 4106 3345 4172 patriarcha
3373 4107 3697 4179 venerantini
3734 4107 3904 4175 ἄνδρα
3935 4108 3993 4158 δὲ

2424 4198 2555 4265 παρ’
2601 4197 2822 4256 Ἰταλοῖς
2854 4195 3186 4262 γεννηθέντα
3220 4211 3276 4245 τε
3332 4197 3425 4247 καὶ
3473 4198 3781 4264 τραφέντα,
3825 4198 3994 4248 virum

2425 4290 2567 4358 apud
2621 4289 2784 4341 Italos
2840 4288 2956 4355 (seu
2992 4286 3256 4351 Latinos),
3314 4296 3497 4337 natum
3530 4295 3578 4338 et
3629 4287 3865 4339 adultum
3919 4289 3994 4353 (in

2425 4382 2604 4435 insula
2648 4381 2858 4434 scilicet
2900 4377 3099 4448 Cypro,
3127 4379 3214 4430 cui
3251 4392 3404 4444 reges
3432 4377 3710 4432 Lusiniani
3747 4380 3996 4432 domina-

2425 4471 2668 4538 bantur).
2727 4473 2924 4524 Petrus
2990 4469 3252 4523 Possinus
3301 4485 3364 4522 ea
3411 4471 3576 4522 verba
3631 4472 3710 4524 sic
3777 4471 3993 4525 reddit:

2427 4563 2680 4632 Cyprium
2716 4564 2996 4624 advenam,
3043 4563 3100 4614 in
3155 4577 3215 4612 ea
3261 4560 3466 4613 Latina:
3503 4563 3716 4614 ditionis
3747 4562 3922 4614 insula
3975 4579 4000 4615 e

2427 4655 2629 4708 Latinis
2657 4655 2909 4722 genitum.
2942 4651 3069 4713 Sed,
3107 4653 3248 4718 apud
3289 4651 3534 4715 Latinos,
3581 4655 3765 4705 verior
3790 4663 3874 4706 est
3915 4655 3999 4707 in-

2429 4747 2771 4815 terpretatio.
2791 4745 2956 4799 Ortus
2982 4746 3121 4811 ejus,
3145 4755 3200 4796 et
3229 4744 3482 4796 educatio
3513 4744 3564 4796 in
3583 4743 3780 4814 Cypro,
3799 4745 4002 4799 Latina:

2430 4839 2655 4891 ditionis
2685 4839 2883 4900 insula,
2919 4851 3104 4890 ansam
3145 4836 3360 4889 dederit
3412 4837 3641 4896 rumori.
3679 4839 3772 4905 qui
3810 4852 3872 4890 ex
3903 4837 4004 4889 La-

2433 4931 2563 4984 tinis
2629 4930 2950 4998 parentibus
3013 4940 3200 4980 natum
3263 4927 3492 4979 ferebat.
3553 4927 3626 4979 Es
3677 4943 3739 4980 ea
3795 4930 4004 4997 origine

2434 5025 2686 5092 vulgares
2705 5023 2840 5076 alias
2867 5021 3207 5088 suspiciones
3254 5022 3541 5088 promisse,
3574 5022 3795 5073 adnotat
3848 5021 4007 5074 Nive-

2435 5118 2641 5183 pliorus
2687 5113 2955 5182 Cregoras
3006 5111 3148 5165 libro
3201 5127 3294 5172 vu,
3333 5112 3509 5179 capite
3565 5111 3618 5174 ί,
3652 5127 3803 5165 num.
3839 5113 3891 5174 7,
3930 5112 4007 5165 Eo

2435 5212 2710 5270 prartextu,
2779 5202 3052 5269 inquiens,
3107 5201 3244 5269 quod
3296 5201 3483 5267 viginti
3537 5211 3692 5252 natus
3743 5217 3930 5263 annos,
3983 5217 4010 5252 e

2438 5296 2610 5365 Cypro
2669 5294 2737 5346 ad
2799 5293 3064 5346 Romanos
3124 5308 3294 5344 mores
3338 5307 3390 5343 se
3436 5292 3761 5356 contulisset,
3814 5302 3900 5346 et.
3937 5331 3949 5344 .
3995 5332 4008 5346 .

779 5411 913 5448 irqu
944 5393 1181 5461 intellige
1210 5392 1486 5452 volumen,
1543 5392 1596 5440 in
1629 5404 1739 5455 quo
1766 5387 2036 5455 Georgius
2067 5390 2329 5454 opuscula
2361 5376 2411 5436 Β
2439 5388 2607 5440 locum
2645 5387 2866 5438 dedisset
2899 5384 3054 5452 vulgo
3083 5384 3387 5451 suspicandi
3412 5424 3424 5446 ,
3461 5384 3664 5436 lectoris
3695 5385 3930 5436 ordinem
3966 5387 4012 5438 ei

758 5503 852 5540 sua
888 5485 1065 5554 plura,
1123 5497 1358 5548 suasque
1400 5479 1665 5547 plurimas
1719 5479 1980 5546 epistolas
2020 5495 2126 5533 una
2165 5479 2330 5531 simul

761 5576 1161 5648 collegerit.Ad
1197 5573 1565 5642 Epistolarum
1610 5571 1993 5624 collectionem
2018 5570 2163 5639 quod
2213 5570 2336 5623 alti-

767 5682 877 5734 net,
913 5672 1026 5722 lucc
1059 5668 1200 5721 idem
1233 5665 1499 5732 Georgius
1553 5664 1716 5716 habet
1764 5664 1815 5715 in
1849 5663 2074 5732 cpistola
2108 5664 2171 5715 ad
2228 5679 2337 5715 ma-

765 5782 930 5834 -,:num
957 5765 1309 5832 lngotltetam,
1355 5775 1475 5828 qua:
1521 5760 1572 5811 in
1620 5759 1807 5812 codice
1837 5769 2158 5812 numeratur
2186 5759 2283 5811 liiEi
2320 5775 2332 5810 :

800 5861 1104 5919 [ἐπιστολάέ
1135 5860 1227 5918 ιὰς
1260 5853 1515 5926 ὲμαυτυῦ,
1548 5853 1768 5906 dif/.009:
1814 5853 1999 5921 ἄλλην,
2023 5853 2094 5914 ὡς
2123 5852 2186 5905 ἂν
2228 5848 2335 5902 citi:

2439 5477 2690 5529 collatum
2719 5475 2875 5542 fuisse
2917 5473 3020 5543 14
3040 5491 3070 5525 a
3103 5471 3324 5524 Latinis.
3350 5473 3552 5524 Texlus
3572 5472 3811 5531 Graecus,
3840 5490 4014 5540 χειροο

2446 5568 2633 5619 Θεσίαν
2686 5567 2837 5635 παρὰ
2877 5567 3121 5616 Λατίνων
3150 5563 3384 5627 ἐδέξατο,
3417 5563 3683 5621 redditur.
3727 5581 3756 5614 a
3786 5563 4010 5624 Latinis,

2447 5669 2505 5711 ut
2557 5660 2767 5711 diversa
2804 5655 3009 5709 evincit
3057 5653 3396 5707 constructio
3431 5668 3555 5705 cum
3597 5655 3836 5718 genitivo
3868 5654 4011 5722 apud

2447 5751 2758 5818 Cregoratn,
2797 5763 2920 5801 cum
2953 5749 3135 5800 dativo
3178 5747 3320 5814 apud
3353 5746 3758 5813 Pacbymerem.

2517 5844 2592 5904 (5)
2630 5841 2836 5894 Servirc
2868 5841 3118 5892 Barbaris
3153 5837 3374 5889 Latinis.
3431 5838 3627 5887 Notum
3665 5839 3882 5891 cuiuuc.
3915 5853 4014 5890 cae-
