4198 6440
192 375 262 435 3ιῖ

1547 367 1739 428 VITA.
1784 390 1851 398 -·
1879 365 2119 427 ΝΟΤΕ.

3371 382 3443 445 34

192 503 342 545 teros
384 492 617 560 populos
652 493 835 548 vocari
871 506 899 543 ι
926 488 1131 544 Graecis
1164 487 1513 541 consuevisse
1552 483 1764 537 Barba-
1793 486 1833 537 Α
1864 496 2009 534 anno
2053 482 2276 536 circiter
2312 480 2438 538 1211
2488 486 2691 541 natales
2726 487 2985 545 habuisse
3044 492 3325 563 Cyprium.
3362 499 3446 555 in-

188 599 296 635 τω.
329 582 671 652 Ducangium
711 583 934 637 consule
984 582 1037 633 in
1086 595 1150 633 ea
1180 592 1312 631 voce
1361 575 1577 631 Latina.
1608 576 1769 629 Italos

187 674 439 742 iutellige
475 673 719 734 Latinos.
748 674 843 742 qui
869 672 1107 742 Cyprum
1154 668 1386 723 insulam
1419 667 1521 720 sub
1550 666 1768 735 regibus

188 761 508 815 Lusinianis
539 763 871 815 incolebant.
895 759 1329 814 Montl'auconius
1360 758 1414 810 in
1441 756 1626 809 Diario
1658 754 1767 809 Ita-

188 852 309 914 lico,
332 869 387 921 p.
426 853 511 913 11,
532 852 775 905 codicem
806 851 1002 904 Leonis
1020 851 1291 919 Sapientis
1315 864 1606 901 recensens
1628 848 1768 899 κατὰ

196 942 443 1002 Ἰταλῶν,
472 926 639 997 vertit
669 951 851 994 contra
892 940 1149 1002 ltalos.id
1179 948 1261 994 est
1306 949 1490 992 contra
1522 937 1763 1002 Latinos,

188 1043 245 1085 ut
307 1034 588 1087 Antonius
644 1033 808 1086 Maria
862 1032 1138 1085 Salvinius
1190 1030 1475 1083 adnotavit
1512 1029 1578 1079 ad
1610 1042 1764 1081 oram

184 1126 437 1194 ejusdem
478 1126 671 1189 Diarii,
714 1140 821 1193 quo
858 1125 1133 1177 utebatur.
1187 1121 1320 1175 Vide
1359 1120 1643 1189 Symbolas
1676 1119 1767 1171 Iit-

186 1228 418 1271 terarzas
453 1216 745 1270 Florentiae
774 1217 947 1269 editas
980 1216 1085 1267 vol.
1116 1212 1198 1278 VI,
1236 1227 1428 1280 Opusc.
1479 1228 1554 1272 νι,
1589 1226 1642 1279 p.
1676 1210 1765 1263 Η.

183 1307 363 1378 Cyprii
403 1309 623 1361 initium
669 1307 817 1375 regni
860 1315 1085 1360 enarrat
1118 1303 1441 1357 Guillelnius
1470 1302 1535 1355 de
1569 1300 1769 1369 Nauigis

185 1402 233 1453 in
256 1400 549 1454 Chronico
573 1399 712 1468 apud
744 1399 1065 1451 Dacheriuin
1091 1398 1143 1449 in
1169 1396 1483 1463 Spicilegio,
1510 1404 1654 1446 tonio
1676 1393 1764 1455 lll.

184 1492 234 1543 in
262 1490 359 1542 lol.
392 1493 461 1541 ad
490 1506 696 1542 annum
736 1490 892 1546 1191.
934 1490 1017 1542 his
1062 1488 1242 1540 verbis
1276 1502 1290 1537 :
1322 1484 1613 1538 Richardus
1650 1501 1771 1537 vero

184 1600 271 1635 rex
305 1581 523 1650 Anglia:
547 1598 662 1633 cum
691 1582 888 1633 ratibus
918 1590 965 1631 et
986 1580 1147 1649 galeis
1172 1588 1285 1644 post
1315 1594 1487 1645 regem
1521 1575 1767 1630 Francia:

183 1680 242 1726 de
273 1672 474 1727 Sicilia
511 1688 746 1731 movens,
776 1672 910 1723 renit
937 1674 989 1724 in
1019 1669 1283 1740 Cyprum;
1308 1669 1476 1736 ibique
1499 1668 1766 1720 inveniens

182 1767 469 1826 quemdam
521 1765 1115 1832 pseudo-imperatorem
1159 1762 1347 1814 insula:
1385 1762 1787 1817 dominantem.)

1870 574 2039 627 [crius
2068 574 2332 628 dicemus.
2368 575 2561 629 lnsuLe
2605 578 2993 635 dominabatur
3028 584 3298 640 Henricus
3330 590 3370 642 l.

1940 666 2014 733 (7)
2050 664 2111 718 In
2145 664 2580 721 Callinicensium
2616 671 2796 723 urbem
2846 674 3091 729 mittitur.
3150 677 3204 730 In
3257 677 3448 735 Graeco

1870 768 2017 811 textu
2088 759 2338 825 legitur:
2399 763 2476 819 ei;
2536 762 2634 831 τὴν
2691 764 3140 819 Καλλινικισέων.
3180 770 3288 824 Vox
3342 773 3447 827 ista

1868 845 2051 899 Gra‘ea
2078 863 2183 899 non
2207 852 2451 901 occurrit
2476 852 2528 903 in
2556 854 3137 924 lexicisgeographicis
3156 876 3276 926 qua!
3296 863 3447 916 licuit

1868 940 2141 994 evolvere.
2188 941 2418 1004 lntelligi
2455 944 2726 998 Nicosiam
2758 959 2913 1014 puto.
2940 965 3061 1016 qua:
3095 960 3150 1003 et
3188 951 3445 1008 Leucosia

1872 1042 2181 1099 nuncupata
2210 1051 2222 1085 :
2249 1034 2465 1087 civilem
2492 1038 2678 1090 iusqu
2709 1042 3054 1107 metropolim
3087 1043 3191 1095 sub
3226 1046 3445 1111 regibus

1871 1119 2211 1178 Lusiuianis:
2234 1126 2472 1193 itemque
2496 1129 2945 1189 ecclesiasticam.
2964 1133 3441 1202 arcliiepiseOpatu

1868 1225 1933 1264 ex
1967 1212 2238 1266 Salamina
2272 1215 2672 1283 Faniagustam,
2701 1228 2756 1270 et
2791 1234 2855 1273 ex
2900 1220 3001 1273 hac
3042 1224 3302 1277 translato
3346 1225 3443 1279 Ni-

1869 1304 2091 1356 cosiam.
2152 1304 2489 1373 Lequienum
2568 1312 2792 1363 consule
2856 1312 2909 1365 in
2973 1316 3182 1366 Oriente
3242 1333 3436 1382 sacro,

1870 1400 2015 1443 tonio
2048 1391 2135 1455 Ill,
2169 1411 2287 1463 pag.
2321 1397 2472 1449 1202..
2499 1399 2647 1452 Hanc
2677 1401 2881 1467 piimus
2912 1403 3434 1473 archiepiscopalem

1874 1484 2046 1536 tenuit
2080 1486 2264 1537 sedem
2316 1486 2605 1539 Durandus
2635 1506 2647 1542 :
2688 1499 2800 1542 tum
2839 1506 2984 1544 anno
3023 1493 3177 1553 1211,
3212 1496 3295 1547 vel
3323 1496 3440 1564 ipse

1872 1572 2160 1627 Durandus
2196 1575 2391 1628 iterum
2445 1578 2686 1643 legitime
2720 1582 2951 1644 eli-ctus.
2984 1584 3069 1635 vel
3126 1586 3443 1652 Anonymus

1869 1663 2089 1729 quidam
2116 1681 2127 1715 :
2157 1680 2301 1718 anno
2339 1666 2499 1730 1215,
2529 1668 2849 1737 Eustorgius
2871 1692 2883 1736 ;
2906 1688 3048 1725 anno
3077 1675 3228 1735 1210.
3256 1677 3440 1740 Elias;

1869 1761 1922 1804 et
1958 1768 2100 1807 anno
2157 1753 2293 1810 1250
2348 1757 2429 1810 vel
2469 1758 2999 1829 insequentiJlugo.
3053 1762 3287 1818 Sedente
3335 1765 3445 1821 llu-

183 1862 349 1925 ipsum
376 1831 528 1923 cepit
554 1872 571 1908 :
604 1855 876 1924 Cyproque
896 1856 971 1907 sic
1010 1855 1484 1923 subjugata,gente
1522 1868 1621 1905 sua
1653 1868 1768 1905 eam
1799 1831 1845 1891 Β
1873 1860 2032 1915 gone.
2052 1856 2313 1900 slatutum
2343 1849 2411 1901 ab
2444 1851 2750 1905 Alexandro
2791 1852 2876 1915 IV.
2912 1870 3128 1909 summo
3162 1858 3441 1927 pontiﬁce.

182 1950 431 2002 nutriuit.
470 1949 541 2002 Ει
579 1951 643 2001 ad
677 1962 877 2000 annum
924 1947 1087 2000 I192:
1128 1946 1416 1999 llic/tardus
1448 1961 1540 1998 rex
1570 1945 1771 2013 Anglia:

181 2042 421 2095 vendidit
464 2041 698 2094 insulam
731 2038 891 2109 Cypri
936 2038 1159 2092 Cuidoni
1197 2037 1561 2106 (Lusiniano).
1606 2052 1771 2105 quon-

182 2137 301 2187 dam
323 2130 644 2185 Jerusalem
674 2132 817 2200 regi:
844 2130 935 2199 qui
962 2145 1055 2181 rex
1087 2129 1183 2198 fuit
1215 2130 1404 2182 ibidem
1434 2130 1770 2181 constitutus.

185 2226 407 2280 Pseudo
462 2224 621 2278 illum
677 2225 1083 2291 imperatorem.
1112 2222 1204 2291 qui
1237 2221 1420 2291 Cypro
1452 2220 1772 2273 dominaba-

186 2331 291 2378 tur.
345 2315 631 2369 Isaacium
674 2314 997 2369 Comnenum
1031 2324 1187 2366 vocat
1229 2312 1445 2365 Nicetas
1499 2310 1767 2364 Choniala

183 2413 322 2464 libro
354 2427 395 2464 11
423 2409 745 2471 Annalium.
772 2408 825 2460 in
854 2408 981 2461 line.
1003 2406 1136 2473 Quis
1156 2406 1244 2459 ille
1267 2406 1449 2467 fuerit,
1472 2413 1528 2457 et
1552 2402 1772 2472 quando

184 2505 421 2557 insulam
479 2505 715 2571 ceperit,
772 2509 953 2553 narrat
1002 2500 1142 2552 Idem
1191 2499 1505 2558 Annalisla.
1536 2496 1675 2549 libro
1714 2510 1769 2549 l:

189 2597 320 2650 Erat
384 2597 469 2649 εἰν
521 2595 738 2663 quidam
792 2594 1171 2655 nobilissimus,
1233 2590 1509 2659 inquiens,
1565 2591 1771 2642 nomine

188 2690 452 2748 lsaacius,
474 2686 676 2740 lsaacii
698 2686 1151 2748 sebastocratoris,
1187 2699 1335 2751 quem
1364 2682 1583 2749 fratrem
1614 2682 1772 2749 [uisse

192 2780 452 2833 llanutlis
486 2780 824 2832 diximus.ea:
866 2777 982 2841 [ilia
1025 2790 1205 2843 nepos.
1238 2772 1293 2825 Is
1336 2772 1599 2825 Armenia:
1645 2772 1771 2823 vici-

190 2880 373 2939 nisque
425 2871 561 2922 locis
607 2869 859 2921 Romana:
895 2867 1128 2926 ditionis,
1177 2875 1224 2916 et
1262 2868 1420 2918 Tarso
1475 2882 1508 2917 a
1566 2865 1770 2932 majore

188 2979 382 3030 pairuo
420 2961 677 3015 Hanuele
708 2961 1035 3027 prapositus,
1070 2958 1346 3008 commisso
1376 2972 1494 3008 cum
1540 2957 1770 3007 hostibus

188 3056 462 3107 Armeniis
494 3052 684 3117 proelio
707 3063 910 3116 captus.
956 3047 1201 3101 Manuale
1238 3045 1770 3117 (itnperatore).jam

188 3148 436 3214 defuncto
465 3147 637 3213 (anno
683 3141 856 3210 ll80),
890 3143 942 3193 in
989 3142 1279 3193 custodiam
1319 3140 1498 3190 datur.
1546 3135 1610 3189 111
1665 3154 1769 3206 qua

189 3253 305 3287 cum
363 3236 522 3303 longo
576 3244 803 3299 tempore
831 3233 1031 3299 fuisset.
1080 3268 1095 3282 .
1121 3270 1134 3282 .
1165 3269 1178 3284 .
1215 3230 1424 3281 tandem
1472 3229 1769 3295 redemptus

190 3329 526 3377 commodum
582 3326 638 3376 in
688 3326 918 3390 patriam
963 3323 1188 3374 reditum
1228 3321 1428 3381 habuit,
1473 3321 1769 3371 Andronico

187 3414 573 3481 redemptionis
635 3412 879 3479 adjutore
924 3411 1034 3477 (qui
1077 3420 1396 3476 usurpatum
1432 3407 1619 3461 Alexio
1674 3410 1773 3459 im-

191 3508 410 3575 perium
466 3505 620 3557 solus
674 3502 989 3555 111111011δῦ
1032 3501 1416 3552 administrare,
1472 3499 1655 3564 coepit.
1717 3508 1770 3551 et

187 3612 334 3649 anno
382 3595 515 3648 1185
550 3596 763 3647 occisus
790 3594 966 3659 obiit).
1016 3591 1268 3650 lsaacius.
1300 3606 1418 3641 cum
1469 3590 1769 3641 Andronico

186 3688 394 3748 cedere,
431 3702 493 3737 ac
544 3686 599 3736 in
640 3686 870 3752 patriam
925 3684 1099 3735 redire
1140 3682 1296 3735 nollet
1338 3722 1349 3733 .
1386 3719 1398 3732 .
1440 3721 1452 3734 .
1485 3683 1575 3733 sed
1605 3683 1768 3750 impe-

186 3794 332 3837 rare.
365 3794 537 3846 quam
582 3778 801 3842 imperio
842 3790 1021 3827 carere
1071 3774 1249 3827 mallet
1282 3811 1297 3826 .
1333 3813 1346 3826 .
1374 3814 1388 3828 .
1420 3773 1590 3843 Cypro
1649 3790 1767 3825 cum

187 3887 390 3938 magna
446 3884 611 3921 manu
650 3876 933 3936 occupata,
970 3869 1227 3935 principia
1273 3883 1330 3920 se
1386 3882 1479 3934 pro
1537 3866 1768 3935 legitimo

184 3972 424 4028 pratore
453 3962 548 4028 qui
577 3964 642 4011 ab
669 3962 984 4028 imperatore
1021 3960 1207 4012 missus
1237 3967 1388 4022 esset,
1417 3960 1550 4028 gerit
1586 3958 1767 4012 litteris

185 4054 419 4105 ostensis
477 4052 851 4119 imperatoriis.
890 4067 1019 4119 quas
1073 4052 1181 4119 ipse
1230 4060 1635 4114 composuerat.
1700 4089 1712 4103 .
1749 4087 1764 4102 .

186 4158 375 4194 rerum
434 4157 543 4192 non
589 4140 753 4193 multo
805 4150 918 4208 post
961 4158 1015 4194 se
1055 4153 1337 4211 tyrannum
1372 4144 1633 4211 professus
1666 4150 1764 4196 est.

190 4230 346 4284 Hanc
378 4232 569 4299 itaque
600 4231 853 4292 insulam.
886 4246 1045 4298 quam
1079 4231 1425 4285 Andronicus
1448 4233 1763 4299 imperator,

190 4339 253 4376 ac
282 4337 584 4377 successor
609 4324 726 4391 ejus
748 4323 983 4375 lsaacius
1012 4323 1271 4388 Angelus,
1295 4324 1507 4388 eripere
1537 4332 1768 4391 tyranno

190 4429 299 4467 non
356 4423 635 4483 potuere,
685 4413 990 4481 subiugavit
1047 4412 1355 4466 Richardus
1411 4426 1502 4465 rex
1566 4412 1769 4481 Anglia:

191 4520 338 4559 anno
367 4504 535 4564 1191,
564 4503 776 4572 sibique
803 4503 1076 4556 venditam
1122 4512 1349 4557 tenuere
1401 4518 1555 4572 reges
1611 4501 1769 4556 Lusi-
1796 4527 1846 4585 ο

192 4598 367 4650 niani.
407 4594 618 4659 Varias,
657 4610 776 4664 quae
815 4595 1153 4660 acciderunt,
1181 4595 1373 4650 insulae
1398 4595 1577 4666 Cypro
1618 4597 1767 4650 cala—

194 4692 416 4742 mitates
463 4696 651 4741 narrat
706 4686 1018 4755 Neophytus
1050 4670 1333 4757 presbyter
1376 4688 1675 4742 monachus
1714 4693 1797 4740 et’

194 4781 445 4834 inclusus
474 4778 620 4847 apud
663 4777 991 4831 Cotelerium
1023 4780 1075 4831 in
1116 4777 1469 4831 Monumentis
1520 4778 1769 4831 Ecclesia:

194 4872 417 4928 Greece.
450 4880 602 4922 tonio
634 4869 701 4931 ll,
730 4868 831 4938 15
870 4885 992 4938 pag.
1022 4869 1146 4922 457.
1180 4868 1417 4922 Guidoni
1468 4869 1773 4922 Lusiniauo

194 4965 379 5030 primo
417 4961 585 5032 Cypri
623 4962 733 5029 regi
786 4976 927 5012 anno
960 4960 1096 5013 1191
1134 4960 1397 5014 successit
1442 4960 1765 5013 Alinericus.

196 5055 353 5109 llunc
400 5068 671 5122 excepere
739 5068 881 5105 anno
929 5052 1089 5112 1205.
1119 5051 1358 5121 llugol;
1406 5066 1549 5104 anno
1600 5052 1766 5115 1218,

199 5147 475 5201 Heitrieus
528 5146 585 5209 l;
642 5159 785 5198 anno
846 5145 1005 5206 1255,
1062 5143 1215 5212 Hugo
1269 5144 1349 5208 ll;
1411 5158 1555 5196 anno
1609 5143 1766 5210 1267,

195 5236 353 5306 [Iugo
383 5236 489 5300 lli;
528 5249 671 5303 quos
703 5236 803 5287 hoc
834 5234 954 5286 loco
986 5233 1118 5286 satis
1150 5240 1236 5286 est
1260 5248 1640 5287 enumerasse.

271 5330 343 5396 (6)
376 5327 573 5381 Novem
597 5328 807 5379 omnino
830 5335 1118 5379 excesserat
1142 5341 1327 5377 annos.
1370 5324 1477 5379 Sua
1512 5326 1563 5378 in
1593 5327 1767 5395 patria

198 5420 568 5489 grammatica:
606 5416 929 5470 rudimentis
964 5418 1017 5470 in
1067 5415 1405 5481 Latinorum,
1433 5425 1492 5469 ut
1528 5418 1765 5480 videtur,

201 5511 401 5563 scholis
424 5523 651 5577 operam
677 5507 824 5561 dedit
853 5508 1138 5578 Georgius.
1172 5517 1227 5560 ut
1273 5507 1413 5561 infra
1448 5508 1763 5562 dicendum.

200 5600 401 5655 ﬂorem
424 5603 605 5655 anatis
635 5615 807 5653 annos
839 5615 962 5653 cum
982 5599 1268 5667 explesset,
1302 5600 1408 5652 alio
1442 5599 1640 5653 missus
1661 5611 1764 5663 est.

204 5694 382 5747 nobile
404 5704 460 5748 et
492 5709 617 5748 acre
656 5694 933 5763 ingenium
962 5734 975 5755 .
1009 5693 1165 5761 cujus
1195 5692 1492 5761 specimina
1517 5694 1761 5758 dederat,

203 5786 541 5840 exculturus.
560 5784 615 5840 ld
636 5786 904 5840 accidisse
931 5797 1075 5837 anno
1094 5782 1311 5837 circiter
1340 5783 1493 5846 1250,
1516 5784 1762 5849 adeoque

1872 1950 2016 1989 anno
2039 1937 2198 2000 1260,
2245 1940 2413 1993 latum
2444 1953 2548 2001 est.
2596 1959 2705 2010 quo
2738 1945 3076 2000 indicebatur
3105 1964 3118 2000 :
3157 1960 3278 2017 post
3304 1949 3444 2005 Ger-

1872 2029 2017 2081 mani
2066 2028 2240 2083 Grazci
2272 2032 2669 2103 archiepisc0pi
2700 2035 2930 2101 obitum.
2968 2040 3084 2094 sive
3112 2044 3440 2109 cessionem,

1872 2118 2082 2172 nullum
2110 2119 2367 2191 deinceps
2395 2127 2795 2194 inetropolitam
2839 2130 3088 2185 Graacum
3122 2135 3176 2187 in
3202 2134 3323 2203 ejus
3357 2136 3444 2191 lo-

1871 2224 1994 2264 cum
2060 2212 2425 2269 ordinandum
2480 2233 2599 2272 esse
2642 2240 2653 2272 :
2714 2230 2768 2274 et
2810 2222 3045 2290 quatuor
3098 2228 3446 2283 solummodo

1870 2302 2257 2371 episcoporum
2290 2306 2462 2361 Gra'ci
2516 2312 2656 2365 ritus
2685 2314 2802 2367 l'ure
2846 2304 3028 2380 sedes.
3058 2315 3360 2373 Soliensem
3388 2320 3443 2374 in

1872 2394 2097 2449 dimcesi
2122 2397 2446 2463 Nicosiensi.
2472 2401 2865 2458 Arsinoensem
2900 2407 2952 2460 in
2988 2407 3445 2477 PaphensiLCar-

1872 2488 2180 2556 pasicnsem
2245 2491 2299 2543 in
2365 2491 2784 2562 Fainagustana.
2839 2508 2895 2552 et
2940 2498 3336 2559 Lem-arensem
3390 2508 3446 2561 in

1873 2578 2235 2636 Nemosiensi.
2288 2583 2408 2649 Quo
2443 2583 2714 2640 Nicosiam
2756 2592 2962 2658 appulit
2990 2592 3257 2659 Georgius
3302 2608 3445 2653 tem-

1874 2684 2025 2736 pore,
2060 2675 2406 2742 metropolim
2436 2680 2859 2734 ecclesiasticam
2896 2686 3112 2739 tenebat
3143 2688 3313 2753 Elias.
3355 2702 3449 2747 aut

1875 2761 2047 2828 Hngo.
2089 2762 2359 2819 Henricus
2396 2769 2655 2832 Hilarius,
2698 2772 2751 2824 in
2792 2776 2937 2829 notis
2968 2786 3025 2830 et
3073 2779 3447 2839 additionibus

1872 2854 1938 2906 ad
1967 2856 2193 2925 Philippi
2229 2858 2408 2928 Cyprii
2456 2862 2772 2917 Chronicon
2806 2866 3060 2922 Ecclesiae
3093 2870 3315 2939 Graecae,
3342 2876 3445 2929 ad-

1876 2958 2046 3005 notat.
2075 2948 2366 3019 Georgium
2404 2970 2430 3005 ε
2475 2954 2649 3022 Cypro
2676 2960 2972 3012 studiorum
3021 2969 3192 3029 gratia
3224 2967 3281 3019 in
3330 2965 3445 3023 Ita-

1877 3038 2002 3091 liam
2029 3043 2321 3110 navigasse.
2351 3054 2400 3095 et
2424 3046 2475 3097 in
2498 3044 2758 3101 Greciam
2780 3063 2958 3113 postea
2982 3055 3213 3107 rediisse.
3245 3055 3445 3112 Errore

1876 3132 1992 3184 sine
2012 3135 2178 3184 dubio
2204 3146 2393 3201 captus
2412 3146 2515 3195 est.
2535 3140 2695 3191 verba
2729 3140 2815 3192 illa
2837 3158 2941 3193 non
2975 3146 3307 3209 intelligens.
3327 3165 3448 3217 qua

1876 3238 1906 3275 a
1936 3222 2141 3277 Joanne
2174 3225 2507 3303 Beccridicta
2531 3230 2767 3296 legebat.
2795 3232 3054 3300 Cyprium
3081 3238 3289 3291 scilicet
3312 3241 3449 3308 παρ’

1888 3312 2129 3375 Ἰταλοῖς,
2161 3317 2302 3383 apud
2329 3317 2515 3381 Italos,
2541 3322 2589 3371 id
2621 3332 2704 3374 est
2750 3320 2986 3381 Latinos.
3010 3328 3270 3382 adultum.
3312 3332 3445 3386 Vide

1876 3406 2040 3459 etiam
2074 3407 2209 3459 iulia
2255 3424 2436 3462 notam
2475 3410 2553 3463 l6.

1948 3499 2023 3567 (8i
2053 3497 2443 3567 Sexagesima":
2469 3503 2537 3553 ad
2571 3519 2653 3556 eos
2686 3521 2849 3573 usque
2872 3509 3089 3574 ﬂuxisse
3118 3526 3342 3576 annum,
3381 3530 3447 3568 ea:

1876 3604 1977 3656 quo
2026 3589 2077 3639 in
2128 3590 2347 3642 alterius
2397 3591 2593 3660 lingua:
2634 3596 2862 3649 homines
2918 3600 3108 3653 insqu
3152 3603 3446 3659 dominatio

1879 3682 2187 3731 transierat.
2223 3682 2352 3733 Eam
2389 3686 2593 3737 sClllt'L‘l
2624 3701 2768 3757 anno
2801 3688 2924 3741 1191
2969 3693 3282 3760 subjugavit
3317 3697 3445 3751 Ric-

1875 3770 2072 3823 cardus
2097 3786 2188 3823 rex
2230 3773 2437 3840 Angliae
2471 3793 2483 3826 :
2512 3776 2695 3843 ibique
2728 3795 2952 3847 regnum
2999 3782 3235 3837 instituit
3265 3786 3445 3843 Guido

1874 3858 2206 3915 Lusinianus
2235 3879 2377 3915 anno
2411 3866 2741 3934 insequenti.
2768 3869 2905 3923 llinc
2935 3878 3325 3943 sexagesimus.
3346 3881 3442 3947 qui

1875 3952 1980 4006 hoc
2016 3955 2135 4007 loco
2169 3957 2236 4006 ab
2268 3954 2443 4009 insula
2487 3960 2772 4028 subjugata
2810 3978 2838 4015 a
2884 3962 3092 4019 Latinis
3122 3981 3445 4025 numeratur

1874 4058 2052 4097 annus
2105 4060 2226 4097 cum
2288 4061 2433 4100 anno
2499 4051 2735 4119 vulgaris
2797 4070 2917 4107 tera:
2973 4057 3111 4111 1250
3143 4064 3441 4119 concurrit.

1873 4132 2107 4202 Cyprius
2136 4151 2328 4188 novem
2359 4147 2485 4190 tunc
2518 4142 2693 4195 aetatis
2719 4158 2894 4195 annos
2926 4158 3088 4200 natus
3115 4160 3263 4204 erat:
3295 4154 3441 4210 unde

1875 4238 2003 4277 suos
2033 4227 2418 4297 annoqcirciter
2459 4229 2588 4282 12M
2624 4233 2831 4286 natales
2869 4234 3084 4289 habuit.

1951 4314 2053 4384 16
2070 4316 2143 4384 (9)
2177 4315 2437 4382 Secunda,
2466 4330 2518 4371 ut
2538 4321 2714 4387 aiunt,
2733 4325 3067 4392 navigatione
3084 4326 3443 4388 Romanarum

1874 4408 2075 4459 scholas
2141 4412 2287 4470 adit.
2343 4411 2428 4461 ubi
2476 4416 2824 4479 grammatica
2881 4418 3210 4489 tradebatur,
3260 4428 3441 4490 patria

1876 4499 2185 4552 Latinorum
2224 4500 2422 4570 lingua.
2474 4503 2835 4574 ΙΙαιδευτήρια
2889 4500 3217 4577 Ῥωμαίων,
3250 4516 3441 4570 εεΙιοΙω

1875 4588 2331 4649 Ronueorum.seu
2372 4591 2751 4647 Rontanorum.
2784 4597 3002 4652 Graecos
3048 4602 3215 4669 ipsos,
3250 4606 3440 4671 praeci-

1877 4696 1981 4747 pue
2004 4680 2660 4749 Constantinopolitanos.
2688 4703 2716 4737 a
2772 4702 2908 4739 nova
2938 4689 3107 4743 Roma
3130 4691 3438 4747 Constanti-

1877 4776 2056 4841 nopoli
2092 4776 2430 4842 frequentius
2463 4777 2638 4829 dictos
2672 4777 2904 4831 lioma'os
2939 4790 2995 4834 et
3029 4781 3314 4849 Romanos,
3343 4801 3441 4839 no-

1876 4878 1987 4919 tum
2026 4878 2127 4920 est.
2148 4870 2226 4919 Au
2253 4882 2382 4934 ergo
2410 4868 2643 4937 Cyprius
2666 4871 2715 4921 in
2736 4870 3047 4925 Graecorum
3091 4874 3436 4944 disciplinam

1876 4973 1933 5011 se
1959 4957 2186 5011 Nicosiae
2214 4959 2542 5011 tradiderit?
2590 4961 2911 5029 ltepugnant
2940 4973 3129 5031 aperte
3156 5004 3172 5028 ,
3206 4983 3327 5032 qua:
3353 4984 3438 5023 se-

1875 5063 2137 5118 quuntur.
2150 5051 2646 5115 Schultedicuntur.
2663 5054 2715 5105 in
2728 5055 2927 5121 quibus
2940 5059 3284 5123 grammatica
3298 5063 3437 5113 κατὰ

1874 5143 1971 5210 τὴν
1999 5141 2222 5209 πάτριον
2243 5142 2487 5193 Λατίνων
2518 5138 2723 5212 φωνὴν,
2757 5147 3044 5198 secundum
3071 5152 3301 5216 patriam
3331 5150 3437 5203 La-

1875 5234 2100 5283 tinorum
2135 5231 2390 5297 linguam,
2415 5234 2736 5285 docebatur.
2787 5235 3102 5299 Mediocris.
3140 5246 3234 5291 aut
3269 5240 3439 5294 ferme

1875 5322 2078 5374 nullius
2104 5324 2155 5374 in
2188 5324 2271 5375 liis
2300 5326 2594 5399 gymnasiis
2616 5325 2894 5392 prolectus
2921 5343 3081 5380 causa
3102 5331 3439 5384 additur-uin

1873 5415 2207 5466 διδασκάλων
2251 5417 2402 5484 φωνὴ
2454 5416 2772 5484 ἀλλόθρους,
2812 5420 2907 5469 καὶ
2942 5420 3119 5483 νόθος,
3153 5424 3438 5488 magistro~

1874 5522 1989 5558 rum
2045 5522 2141 5558 vox
2180 5508 2384 5559 insueta
2414 5549 2427 5570 ,
2462 5516 2508 5558 et
2552 5510 2827 5575 peregrina
2852 5550 2866 5574 ,
2903 5525 2997 5564 seu
3043 5514 3244 5578 spuria.
3300 5511 3439 5567 Hinc

1874 5598 2187 5651 addiscendi
2219 5600 2450 5651 maxima
2482 5600 2777 5667 exponitur
2806 5602 3113 5665 dillicultas,
3145 5616 3268 5654 cum
3298 5618 3439 5670 opus

1872 5699 2036 5753 esset,
2086 5689 2336 5742 vocabula
2368 5690 2601 5758 primum
2648 5694 2956 5763 intelligere.
2994 5704 3105 5747 tum
3142 5710 3261 5762 quae
3301 5694 3434 5747 sub-

1876 5784 2025 5848 iectte
2060 5782 2336 5837 vocabulis
2372 5798 2458 5838 res
2500 5794 2702 5839 essent.
2738 5785 2923 5839 Nullus
2965 5787 3180 5850 dubito,
3216 5785 3435 5841 Latino-
