4198 6440
679 369 750 432 55
1601 371 1919 430 GEORGII
1965 371 2220 429 Ci’l’illl
2260 373 2365 434 CP.
2414 372 2935 431 PA'I'RlARCllE
3854 364 3923 429 56

679 486 890 541 indicat
958 483 1338 546 indictionem,
1396 483 1515 553 ejus
1549 485 1679 537 anui
1716 485 2244 545 eharacteristieam,
2282 498 2323 549 Α
2355 488 2696 542 suntmnnia
2722 487 2894 539 dubio
2923 485 3108 554 procul
3135 484 3528 553 peremptoria.
3558 481 3760 536 Eadem
3795 498 3925 536 (ιο..-

681 577 971 637 decimam,
1003 585 1165 643 prout
1189 575 1549 646 Pachymercs
1579 577 1810 629 notavit.
1845 576 1999 631 Unde
2018 576 2249 630 dubium

685 680 805 718 esse
861 679 971 718 non
1027 675 1230 733 potest,
1290 668 1423 734 quin
1459 667 1865 735 patriarcltatus
1895 670 2121 738 Josepbi
2151 670 2253 724 Ga-

683 758 807 810 lesii
861 773 890 809 a
935 757 1192 811 Kalendis
1236 758 1513 812 Januariis
1556 760 1682 814 anni
1710 760 1911 814 Christi
1949 761 2088 816 1268
2129 780 2253 830 pro-

679 851 866 903 cedat.
901 868 919 900 »
950 849 1108 904 Paria
1160 860 1311 910 sunt,
1377 867 1498 919 quae
1546 853 1742 906 scribit
1803 853 2056 920 Cuperus
2096 871 2250 909 num.

681 939 804 992 997.
853 957 871 989 ‹
912 942 1104 994 Annus
1163 941 1353 993 mundi
1412 942 1589 1006 6773,
1637 945 1788 1011 juxta
1821 942 2038 1000 Graecos
2063 961 2252 999 recen—

681 1029 876 1092 tiores,
940 1039 995 1082 et
1020 1029 1250 1084 indictio
1276 1032 1342 1084 10
1374 1045 1498 1084 cum
1538 1043 1773 1099 utroque
1810 1049 2001 1086 mense
2034 1035 2123 1087 hic
2160 1051 2252 1087 ex-

679 1133 872 1186 presso
905 1120 1210 1189 (Derembri
1243 1130 1297 1174 et
1328 1121 1611 1190 Januario)
1657 1123 1819 1176 linem
1885 1125 2013 1177 anni
2046 1124 2250 1178 Christi

678 1209 817 1263 1267
846 1218 901 1263 et
925 1211 1143 1264 initium
1175 1214 1303 1264 anni
1333 1212 1468 1266 1263
1521 1214 1829 1268 certissime
1862 1215 2178 1284 designant.
2228 1238 2246 1267 ι

675 1301 834 1356 Ultro
899 1304 1176 1356 conmittit
1230 1303 1544 1357 Bandurius
1582 1323 1594 1358 :
1641 1304 1898 1358 Successit
1925 1308 1978 1358 in
2013 1309 2251 1374 patriar-

677 1392 835 1445 cltrttu
892 1393 1147 1460 Joseprtus
1187 1395 1269 1446 die
1321 1396 1567 1449 vicesima
1595 1406 1780 1449 Ottava
1821 1400 2011 1451 mensis
2039 1399 2250 1454 Decem-

676 1484 780 1534 bris
806 1476 954 1535 'amti
989 1485 1183 1538 Christi
1222 1486 1376 1548 l‘267,
1427 1497 1475 1540 ct
1509 1505 1628 1540 mox
1689 1488 1943 1542 Kalendis
1974 1489 2252 1545 Ianuariis

674 1578 948 1629 ordinatus
999 1579 1136 1646 fuit.
1170 1618 1182 1630 .
1210 1615 1224 1631 .
1258 1617 1269 1629 .
1296 1591 1343 1630 cz
1398 1581 1481 1632 (lie
1530 1581 1564 1632 2
1621 1579 1897 1634 Februarii
1947 1585 2078 1636 armi
2116 1585 2252 1639 1268

675 1667 831 1720 solvit
865 1671 1242 1738 imperatorem
1303 1674 1666 1724 anathemate.
1723 1669 1926 1726 Eadem
1953 1675 2118 1728 habet
2149 1674 2249 1727 Le»

676 1760 917 1825 quientzs
977 1761 1029 1814 in
1067 1761 1396 1828 patriarcbis
1431 1759 2062 1833 Coustantimipolitanis
2099 1774 2248 1819 tomo

674 1851 695 1904 Ι
729 1852 956 1906 Orientis
978 1857 1138 1907 sacri.

749 1945 975 2003 lterum.
1035 1947 1285 2014 trepidus
1334 1949 1461 2003 licet
1505 1951 1574 2003 ob
1619 1949 1862 2003 virorum
1899 1948 2248 2006 doctissimo.

677 2050 798 2088 rum
854 2037 1263 2101 anetorita'tcm,
1332 2040 1465 2092 vitio
1519 2048 1700 2093 tamen
1754 2038 1998 2094 calculos
2055 2052 2246 2090 eorum

671 2126 927 2179 laborare
977 2139 1186 2190 assero,
1242 2129 1530 2196 perspicua
1583 2131 1662 2183 rei
1724 2131 1954 2185 veritate
1990 2129 2249 2182 ﬁdentior

671 2214 928 2271 enectus.
957 2218 1093 2272 Dato
1117 2234 1262 2275 anno
1300 2218 1908 2290 Constantinopolitano
1933 2219 2093 2284 6775.
2120 2221 2249 2279 solv-

676 2314 976 2379 tractisque
1010 2311 1171 2370 annis
1205 2310 1364 2375 3503,
1421 2313 1645 2367 habetur
1684 2331 1852 2368 annus
1895 2311 2090 2367 Christi
2118 2311 2250 2368 126⁸1

673 2418 1009 2468 concurrens,
1039 2407 1120 2473 (ut
1151 2406 1226 2457 ait
1254 2405 1602 2475 Ricciolius),
1643 2422 1672 2461 α
1698 2405 1952 2460 Kalendis
1974 2407 2248 2460 lanuuiis

671 2513 836 2564 usque
875 2496 943 2549 ad
973 2499 1233 2565 sequentis
1265 2495 1583 2569 Septembris
1628 2501 1892 2570 (ejusdem
1928 2500 2056 2553 antri
2094 2499 2246 2569 1‘2'27)

671 2585 971 2641 Kalendas.
1014 2586 1203 2657 Itaque
1235 2602 1411 2644 annus
1445 2585 1585 2644 6775
1626 2591 1907 2659 inceperat
1937 2606 1966 2642 a
1992 2588 2249 2642 Kalendis

676 2680 1021 2745 Septembris
1075 2680 1202 2732 anni
1266 2682 1625 2749 praecedentis
1683 2678 1843 2743 1266,
1872 2687 1923 2733 et
1948 2680 2111 2733 tinem
2155 2681 2248 2732 b.-.-

673 2772 798 2825 buit
846 2771 947 2838 die,
999 2781 1277 2840 postrema
1327 2773 1557 2839 Augusti
1585 2773 1714 2826 anni
1749 2771 1905 2832 19.67.
1936 2771 2248 2839 inccpitque

673 2862 1202 2930 ab—‘insequ‘entibus
1219 2864 1466 2930 ejusdem
1497 2865 1625 2916 anni
1663 2861 1796 2917 1267
1831 2863 2086 2916 Kalendis
2117 2862 2248 2930 Sep-

675 2957 985 3010 tembribus
1006 2971 1182 3010 annus
1217 2955 1378 3012 6776.
1420 2957 1590 3024 Igitur
1641 2957 1760 3010 dies
1790 2955 1854 3010 14
1890 2953 2248 3024 Septembris,

678 3064 786 3115 qua
842 3049 1151 3102 Germanus
1204 3047 1478 3102 abdicavit
1531 3049 1983 3118 patriarcbatuns,
2042 3061 2098 3102 et
2131 3048 2250 3100 dies

2361 577 2759 632 lirmareliceat
2793 578 3118 630 auctoritate
3177 576 3329 630 Setbi
3377 575 3618 628 Calvisii.
3647 574 3696 628 Is
3723 574 3790 627 ad
3828 590 3922 626 an-

2361 683 2491 720 num
2541 667 2675 720 1268
2696 667 2923 721 adnotat
2956 683 2968 716 :
3012 665 3153 734 (lloc
3185 667 3350 734 anno)
3381 666 3559 731 incipit
3592 683 3763 718 annns
3795 664 3928 718 Con-

2357 759 2861 828 stantinopolitanus
2911 761 3047 813 6777
3100 762 3186 811 die
3227 761 3249 812 1
3289 759 3552 812 Octobris.
3587 757 3926 827 Legendum,

2357 853 2461 917 die,
2499 854 2520 904 1
2590 850 2932 921 Septembris,
2996 850 3490 904 animadvertimus
3532 851 3598 922 oin
3652 858 3776 902 nota
3815 848 3926 916 (21)

2356 944 2609 1013 superius
2663 956 2985 997 memorata.
3045 943 3235 1011 Itaque
3302 958 3482 994 annus
3526 941 3664 994 6776
3724 940 3930 1008 incepit

2355 1048 2501 1086 anno
2526 1031 2682 1095 1267,
2717 1041 2773 1085 et
2806 1046 2983 1085 annus
3006 1032 3145 1084 6775
3178 1032 3383 1098 incepit
3405 1048 3549 1083 anno
3575 1031 3726 1090 1266,
3762 1030 3926 1081 adeo-

2356 1137 2462 1190 que
2492 1122 2815 1190 September
2846 1139 2908 1175 ac
2955 1121 3259 1176 December
3311 1123 3440 1175 anni
3465 1123 3606 1176 6775
3639 1122 3919 1189 pertinent

2358 1218 2422 1266 ad
2475 1229 2679 1266 annum
2733 1231 2856 1266 atra:
2901 1214 3141 1280 vulgaris
3168 1213 3327 1267 1266.
3373 1212 3478 1267 Sed
3513 1214 3655 1264 hanc
3687 1211 3928 1278 denique

2359 1305 2601 1368 regulam
2630 1322 2693 1356 ac
2725 1304 3041 1357 methodum
3072 1303 3362 1373 agnovisse
3387 1304 3608 1357 tandem
3639 1302 3924 1356 Possinum

2356 1406 2410 1447 ct
2441 1395 2791 1461 approbasse,
2828 1395 3143 1461 peritiorem
3195 1395 3395 1448 factum
3418 1395 3750 1460 ,diceudum
3787 1393 3926 1447 infra

2354 1471 2530 1553 capite
2553 1485 2603 1541 5.
2634 1501 2786 1538 num.
2814 1486 2864 1539 6.

2426 1577 2544 1643 Quo
2584 1578 2760 1644 posito
2791 1578 3025 1636 calculo,
3084 1576 3391 1630 rectissime
3448 1576 3567 1629 ﬂuit
3596 1576 3926 1643 chronogra-

2355 1668 2482 1734 plu'a
2538 1679 2748 1718 nostra.
2797 1666 2957 1718 Anno
2990 1665 3148 1724 1266.
3175 1665 3263 1720 die
3294 1665 3359 1718 14
3384 1664 3747 1733 Septembris,
3781 1664 3926 1716 tbro-

2355 1769 2488 1811 num
2545 1757 2766 1826 reliquit
2808 1756 3136 1810 Germanus.
3197 1757 3404 1810 Eodem
3463 1771 3607 1809 anno
3641 1755 3804 1816 1266,
3836 1753 3927 1806 die

2279 1838 2323 1892 Β
2357 1850 2425 1903 28
2483 1850 2819 1909 Decembris,
2867 1850 2920 1901 in
2955 1849 3383 1916 patriarchalem
3412 1848 3672 1901 thronum
3703 1861 3927 1915 promo-

2360 1953 2446 1995 tus
2493 1952 2576 1996 est
2609 1940 2905 2008 Josephus.
2958 1941 3116 1993 Anno
3149 1941 3306 1999 1267.
3346 1939 3604 1994 Kalendis
3631 1937 3926 2002 Januariis,
3998 1983 4002 1986 _

2357 2044 2568 2084 sacram
2624 2031 2714 2084 ille
2775 2029 3021 2097 suscepit
3071 2030 3442 2098 pontiﬁcalem
3491 2013 3921 2083 ordinationem.

2354 2117 2512 2178 Asino
2567 2119 2760 2172 eodem
2829 2117 2986 2180 1267,
3033 2118 3124 2172 die
3166 2120 3202 2172 2
3259 2118 3812 2183 Februarii,solutus
3843 2128 3928 2172 est

2358 2208 2654 2276 'unperator
2687 2210 3046 2262 anathemate
3098 2226 3128 2262 a
3159 2210 3442 2279 Josepbo;
3474 2211 3777 2276 eodemque
3833 2208 3927 2262 de-

2356 2316 2507 2357 mum
2542 2317 2686 2358 anno
2717 2303 2849 2356 1267
2875 2303 3103 2372 contigit
3135 2303 3358 2372 eclipsis
3384 2303 3516 2356 solis
3547 2320 3574 2355 a
3611 2302 3922 2371 Nicephoro

2355 2396 2595 2466 Crrgora
2653 2397 2911 2450 adnotata
2974 2396 3062 2449 die
3119 2396 3188 2449 25
3234 2395 3378 2448 Maii.
3453 2395 3707 2449 bictbodo
3752 2409 3926 2447 annos

2357 2493 2665 2544 mundaoos
2697 2490 3008 2545 Graecorum
3039 2488 3397 2556 computandi
3442 2488 3624 2541 minus
3669 2496 3926 2540 accurate

2358 2583 2626 2644 adhibita,
2653 2598 2839 2636 crtare
2865 2598 2967 2650 pro.
3013 2583 3254 2636 humana
3302 2581 3621 2636 conditione
3654 2581 3799 2635 viros
3832 2579 3924 2632 do-

2357 2675 2650 2734 ctissimos,
2685 2687 2976 2727 necessum
3005 2674 3126 2728 fuit.

2429 2769 2490 2821 ν.
2526 2766 2712 2821 i-‘actio
2751 2769 2964 2836 vigebat
3017 2769 3071 2821 in
3120 2769 3366 2823 Ecclesia
3419 2766 3925 2836 Constantinopoli-

2359 2871 2506 2922 tana,
2549 2860 2978 2913 Arsit-nimiarum
3027 2860 3131 2931 41
3187 2860 3474 2929 dicta,qtti
3514 2860 3805 2913 Arsenium
3844 2858 3926 2910 bis

2356 2969 2386 3006 e
2420 2953 2621 3006 throno
2654 2954 3003 3021 patriarcbali
3033 2954 3368 3022 depositum,
3420 2970 3517 3023 pro
3553 2954 3800 3021 legitimo
3832 2967 3925 3020 pa-

2357 3045 2596 3097 triarcha
2684 3043 3111 3106 venerabantur,
3173 3054 3510 3113 ueteresque
3580 3043 3922 3109 reﬁciebant,

674 3139 977 3192 vicesimus
1022 3147 1256 3193 octavus
1305 3138 1628 3194 Decembris
1680 3140 1808 3194 anni
1841 3138 2130 3207 6575,qua
2161 3138 2250 3193 ,ιο-
2276 3152 2319 3212 ρ
2355 3138 2446 3204 qui
2511 3135 2789 3188 substituti
2822 3137 3060 3189 fuerant.
3119 3136 3318 3189 Recole
3348 3135 3706 3205 Pacbymeris
3730 3135 3921 3196 verba,

675 3234 906 3302 sepbum
960 3234 1014 3286 in
1066 3234 1436 3302 patriarcbatn
1514 3238 1788 3304 promovit
1837 3236 2158 3304 imperator.
2214 3250 2241 3288 a

673 3327 1016 3399 Pacbymere
1039 3328 1232 3391 notati,
1266 3330 1332 3380 ad
1366 3326 1647 3382 lulianum
1701 3345 1824 3382 terre
1858 3330 2102 3397 vulgaris
2139 3327 2248 3398 40

675 3434 880 3471 annum
915 3419 1175 3487 pertinet,
1207 3433 1313 3472 non
1360 3420 1517 3484 1267,
1559 3421 1653 3474 sed
1707 3419 1866 3480 1266,
1897 3431 1951 3473 et
1994 3420 2246 3473 Kalcndn:

673 3509 975 3571 Ianuariae,
1036 3511 1240 3577 quibus
1291 3510 1384 3563 ille
1410 3525 1560 3564 sacra
1587 3511 2248 3577 pontilica'tiordinatione

677 3601 930 3655 initiatus
978 3602 1105 3662 fuit,
1159 3602 1422 3656 incboant
1489 3603 1768 3657 Jttlianum
1831 3619 1953 3657 terte
2011 3600 2250 3670 vulgaris

677 3710 904 3758 annum,
934 3711 1041 3748 non
1074 3693 1229 3756 1263,
1253 3695 1351 3749 sed
1411 3696 1565 3749 1267.
1603 3695 1866 3765 Regulam
1891 3695 2030 3748 hanc
2056 3697 2249 3748 certis-

679 3785 874 3838 simam
910 3785 1213 3839 ratiociniis
1246 3793 1301 3839 et
1330 3786 1596 3853 exemplis
1621 3785 2072 3839 confirmavimus
2107 3785 2253 3836 inter

681 3885 838 3929 notas
867 3878 931 3929 ad
963 3878 1139 3930 Vitam
1175 3876 1425 3945 Gregorii
1452 3877 1663 3947 Cyprii,
1703 3887 1829 3929 nota
1867 3876 2077 3929 scilicet
2116 3875 2251 3943 (21).

754 3968 950 4036 Pagius
1007 3970 1063 4020 in
1113 3967 1511 4022 Dissertatione
1568 3971 1634 4022 de
1657 3968 1893 4022 Periodo
1915 3968 2107 4021 Graeco
2141 3969 2253 4022 lio.

682 4075 863 4121 maca.
897 4076 1048 4114 num.
1086 4061 1177 4122 63,
1229 4061 1531 4123 admonet,
1582 4061 1634 4112 in
1671 4061 2051 4130 conjungendis
2100 4063 2256 4113 annis

679 4153 962 4204 mundanis
1006 4151 1311 4206 Gra’corum
1368 4169 1486 4205 cum
1522 4153 1678 4204 amris
1714 4151 2052 4214 Dionysiunis
2108 4153 2256 4220 (sive

677 4263 801 4299 cum
843 4249 1002 4302 annis
1041 4248 1274 4302 Juliauis
1313 4263 1434 4302 mra:
1480 4248 1759 4317 vulgaris),
1809 4247 2105 4316 faciliorem
2150 4262 2259 4300 esse

677 4342 1010 4403 methodum,
1075 4342 1275 4393 ueteris
1339 4341 1578 4394 omnibus
1645 4341 2077 4408 praferendam,
2144 4356 2260 4408 qua

675 4433 906 4484 sumitur
964 4448 1028 4484 ex
1076 4434 1386 4486 indictione.
1445 4434 1664 4486 Annum
1719 4433 1874 4485 illum
1937 4432 2085 4486 6775.
2133 4447 2260 4486 vere

678 4521 1001 4590 insignitum
1057 4530 1209 4574 notat
1257 4520 1623 4591 Pacbymeres
1680 4523 1966 4575 indictiOne
2020 4524 2246 4575 decima.
2286 4506 2326 4556 υ

679 4613 842 4680 Atqui
900 4628 1026 4667 vero
1055 4612 1284 4667 indiCtio
1337 4613 1572 4675 decima,
1621 4629 1774 4668 moro
1827 4615 2111 4683 pontiﬁcio
2161 4628 2256 4667 aut

683 4702 932 4759 l'iomano
977 4712 1314 4769 computata,
1358 4703 1825 4772 afﬁcitintegrum
1851 4721 2054 4759 annum
2095 4704 2252 4767 1267,

681 4817 710 4844 u
771 4794 1028 4847 Kalendis
1082 4794 1328 4848 Januarii
1394 4811 1568 4865 usque
1618 4798 1686 4850 ad
1719 4799 2253 4853 KalendasJanuarii

681 4887 960 4938 exclusive
1015 4887 1142 4939 anni
1200 4886 1361 4948 1268,
1417 4889 1618 4956 quibus
1649 4889 1844 4958 incipit
1879 4890 2111 4943 indit-tio
2153 4907 2253 4942 un-

684 4978 918 5029 decima.
947 4978 1052 5032 Sed
1075 4979 1268 5032 eadem
1306 4980 1536 5035 indictio
1585 4982 1821 5039 decima.
1855 4983 1899 5035 si
1927 4998 2078 5035 more
2111 4973 2259 5035 Cra:-

687 5081 875 5120 ccrum
949 5078 1320 5135 computetur,
1368 5070 1587 5123 initium
1637 5073 1873 5139 sumpsit
1925 5088 1954 5124 a
1999 5072 2257 5145 Kalendis

686 5157 1103 5225 Septembribus
1139 5160 1266 5212 anni
1309 5161 1665 5227 praecedentis
1716 5161 1873 5226 1266,
1919 5172 1973 5215 et
2003 5180 2032 5216 a
2061 5161 2254 5215 Kalen-

685 5250 773 5302 dis
815 5250 1154 5316 Septembris
1204 5252 1333 5304 antti
1383 5253 1516 5308 1267
1541 5254 1646 5306 alia
1681 5255 1970 5307 exorditur
2001 5254 2253 5316 indictio,

684 5341 900 5393 scilicet
937 5341 1224 5394 undecima
1246 5365 1259 5392 δ
1287 5343 1524 5397 Rursum
1582 5360 1761 5398 annus
1796 5345 2255 5414 Constantinopo-

686 5433 891 5486 Iitancs
925 5431 1063 5485 6775
1096 5434 1304 5487 divisus
1342 5449 1439 5502 per
1467 5435 1550 5500 15,
1591 5436 1740 5487 nulla
1782 5434 1921 5487 facta
1956 5435 2072 5486 sive
2103 5434 2257 5487 addi-

691 5528 860 5590 tione,
892 5525 1008 5579 sive
1043 5525 1442 5593 subtractione,
1503 5528 1861 5582 indictionem
1891 5528 2110 5588 reddit.-
2131 5544 2254 5582 cum

687 5633 795 5686 qva
827 5616 1016 5687 incipit
1077 5635 1106 5672 a
1146 5619 1405 5689 Kalendis
1455 5620 1891 5688 Septembribus.
1939 5620 2256 5675 Rcdditillc

689 5724 823 5761 vero
879 5709 1228 5764 imlictionem
1276 5713 1582 5773 decimam,
1619 5729 1739 5780 qtne
1765 5711 2254 5786 Crzecorttmttttire

691 5816 722 5856 tt
777 5799 1035 5861 Kalendis
1086 5802 1428 5871 Septembris
1463 5806 1590 5859 anni
1622 5806 1754 5860 1266
1799 5806 2099 5872 incrpcrat.
2136 5803 2256 5857 “LUC

2349 3243 2469 3295 quae
2500 3227 2892 3294 descripsimus
2922 3245 2977 3281 ιι.
3006 3228 3057 3282 5.
3089 3227 3328 3296 Josepho
3357 3227 3627 3282 Galcsiota
3661 3228 3712 3279 in
3739 3227 3922 3280 sedem

2350 3320 2768 3389 patriarcbalcm
2828 3328 3022 3374 evecto
3047 3359 3062 3383 ,
3091 3321 3196 3372 alia
3223 3320 3457 3374 invaluit
3483 3321 3649 3374 factio
3672 3319 3926 3386 Josepbi-

2352 3425 2551 3474 tarutn,
2581 3412 2674 3480 qui
2704 3428 2802 3480 pro
2827 3413 3018 3466 eodem
3051 3412 3270 3467 stabant
3329 3413 3569 3481 .Ioscplto
3600 3426 3790 3468 Contra
3823 3416 3922 3468 Ar-

2351 3505 2591 3558 seuium.
2617 3505 2770 3559 Satis
2801 3506 2970 3559 bocce
2998 3505 3067 3559 de
3113 3506 3407 3560 schismate
3457 3522 3626 3574 pauca
3653 3507 3923 3570 innuisse,

2355 3605 2412 3648 ut
2477 3612 2599 3664 qua:
2646 3595 2877 3649 inferius
2905 3595 3136 3651 dicenda
3182 3607 3333 3665 sunt,
3364 3598 3584 3652 facilius
3611 3598 3926 3667 intelligan-

2356 3699 2462 3742 tur.

2968 3826 3195 3884 CAPUT
3237 3829 3304 3884 ll.

2356 3941 2606 4017 Georgius
2653 3944 2874 4017 Cyprius
2921 3946 3198 3999 ordinatus
3241 3945 3404 3999 lector
3430 3965 3460 4000 a
3493 3947 3720 4014 Joseplto
3751 3951 3927 4017 potri-

2432 4015 2616 4074 archa,
2653 4015 3020 4083 ascriptusque
3064 4018 3204 4068 clero
3239 4017 3516 4082 palatino,
3561 4018 3714 4069 titulo
3747 4015 3927 4083 proto-

2430 4083 2762 4154 apostolarii.
2806 4082 3063 4136 Unionem
3097 4088 3370 4154 utriusque
3406 4086 3676 4145 Ecclesiae.
3721 4082 3928 4141 Latina:

2429 4162 2477 4203 et
2507 4152 2726 4215 Graecae,
2759 4156 3175 4206 constituendam
3213 4152 3365 4207 curat
3399 4155 3630 4208 Michael
3660 4157 3923 4209 l’aluolo-

2433 4239 2528 4290 gtts
2573 4223 2882 4291 imperator.
2922 4223 3217 4278 Germanus
3259 4230 3623 4279 controversia;
3666 4238 3835 4278 status
3866 4229 3927 4278 de

2433 4296 2759 4362 proci-«sione
2788 4293 3015 4362 Spiritus
3043 4297 3210 4346 sancti
3234 4313 3263 4346 a
3297 4295 3482 4362 Patre,
3511 4305 3559 4347 ct
3591 4315 3620 4348 τι
3655 4297 3808 4350 Filio.
3835 4316 3924 4348 seu

2435 4311 2759 4359 prece-«stone
2788 4311 2824 4345 ο
2866 4311 3015 4345 tmus
3043 4311 3208 4346 sanat
3234 4313 3263 4346 a
3297 4311 3482 4354 mure,
3511 4311 3559 4347 ct
3591 4315 3620 4348 rt
3655 4311 3808 4350 rmo.
3835 4316 3924 4348 seu

2435 4377 2527 4429 per
2561 4360 2774 4414 Filium.
2810 4311 2964 4415 ἔστιν
2989 4367 3357 4416 controversia:
3381 4359 3643 4429 tempora.
3681 4365 3925 4431 Impera-

2436 4436 2535 4482 tori
2569 4445 2780 4492 Operam
2805 4449 2957 4484 suam
2992 4449 3108 4484 cum
3144 4433 3263 4485 altis
3291 4445 3508 4500 prwstat
3540 4434 3763 4500 Cyprius
3798 4453 3921 4486 rou-

2426 4511 2508 4552 tru
2553 4500 2835 4568 Joscphum
2884 4503 3247 4566 pull‘ittt‘c‘ltuttt
3294 4513 3342 4554 ct
3395 4501 3657 4555 Joannem
3703 4503 3925 4556 Bercum

2430 4571 2884 4640 chartophylacem
2904 4611 2918 4627 .

2435 4706 2475 4760 1.
2545 4705 2800 4759 Ριὼιὶοίιε
2855 4706 3082 4773 regebat
3146 4705 3630 4774 Constantinopoli
3704 4706 3927 4758 scholas

2357 4799 2630 4868 Georgius
2677 4798 3014 4866 Aeropolita,
3048 4813 3280 4866 magnus
3339 4799 3643 4866 logotlteta.
3702 4799 3758 4850 In
3807 4798 3928 4866 ejus

2357 4890 2707 4960 disciplinam
2741 4891 3003 4955 traditus,
3037 4891 3377 4960 proprioque
3410 4891 3645 4944 maxime
3672 4890 3929 4944 excultus

2357 4984 2546 5038 labore
2580 4983 2848 5052 Georgius
2875 4983 3132 5053 Cyprius,
3167 4999 3268 5052 pro
3298 4999 3513 5038 summa
3548 5000 3656 5052 qua
3685 4983 3930 5052 pollebat

2359 5075 2564 5142 ingenii
2607 5074 2801 5139 vi,-ad
2839 5075 3057 5128 culmen
3110 5075 3395 5143 sapientiae
3444 5075 3723 5142 pervenit,
3761 5087 3819 5127 ut
3850 5075 3930 5128 ait

2359 5168 2704 5236 Ephrzemius
2735 5166 3408 5235 Constantinopolitanus.
3436 5167 3573 5221 Vide
3624 5177 3782 5220 notas
3830 5169 3924 5224 21,

2357 5256 2429 5310 22
2469 5267 2525 5310 et
2574 5257 2666 5311 25.
2722 5256 2933 5310 Fractis
2985 5257 3202 5310 viribus
3257 5256 3535 5310 latiscenti
3596 5255 3928 5323 ACI‘OpOIil-‘B

2357 5349 2689 5403 substitutus
2721 5358 2806 5403 est
2837 5348 3028 5402 rbctor
3064 5348 3389 5410 llolobolus,
3429 5357 3625 5416 agente
3653 5346 3928 5400 Germano

2359 5439 2694 5507 patriarcha.
2743 5439 2877 5492 Rem
2924 5447 3112 5492 narrat
3138 5438 3508 5508 Pachymeres
3552 5438 3696 5491 libro
3729 5453 3802 5500 tv,
3835 5452 3927 5490 ca-

2360 5532 2470 5597 pite
2533 5530 2618 5583 15.
2674 5528 3010 5583 Litterarum
3071 5527 3407 5583 commercia
3467 5541 3593 5581 cum
3658 5526 3765 5579 isto
3827 5525 3930 5576 ba-

2360 5622 2544 5674 buisse
2580 5621 2866 5690 Cyprium,
2922 5636 2987 5674 ex
3042 5620 3294 5689 epistolis
3349 5628 3521 5689 patet,
3562 5632 3685 5686 qua:
3734 5616 3929 5669 nostro

2359 5721 2576 5764 exstant
2639 5713 2696 5765 in
2759 5713 3077 5781 apographo
3147 5712 3358 5766 codicis
3426 5708 3928 5778 Lugdune-Batti.

2360 5817 2560 5859 γεηςις.
