4198 6440
691 437 759 497 b3

1605 396 1944 489 ortonam
1974 428 2235 486 cvrnn
2276 427 2384 485 cr.
2431 419 2950 484 P.-\'l'liiAl\ClI.E

3861 409 3930 471 64

694 566 756 602 ac
791 550 964 614 ipsum
1000 564 1096 616 per
1127 547 1323 600 Filium
1361 549 1677 614 procedere,
1720 562 1780 598 ac
1815 546 1954 607 dari,
1996 556 2051 597 ct
2085 545 2250 597 mitti.
2294 553 2330 603 Α
2361 540 2428 595 de
2479 539 2774 593 locutionis
2830 537 2992 588 modo
3041 533 3254 601 litigare
3292 532 3448 584 nolit.
3481 529 3718 584 Consule
3751 527 3926 594 ipsum

696 639 806 691 Cur
857 653 986 704 ergo
1041 653 1146 689 non
1205 637 1458 690 dicamus
1509 637 1688 703 (obvia
1740 647 1800 687 ut
1846 646 2260 704 prmoccupetur

703 728 1022 798 dillicultas)
1100 728 1298 782 Filium
1374 729 1657 797 producere
1719 726 1975 796 Spiritum
2018 736 2262 779 sanctum

698 839 790 890 per
826 820 1084 885 Patrem,
1134 820 1596 888 quemadmodum
1642 820 1697 873 in
1729 820 1928 873 creatis
1960 820 2064 871 dici
2099 818 2260 882 solet,

702 927 814 966 tum
868 929 1037 979 regem
1081 929 1234 982 agerc
1285 928 1377 980 per
1432 911 1755 974 ministrum,
1809 919 1917 963 tum
1964 909 2266 962 ministrum

702 1022 858 1072 agere
908 1021 1000 1072 per
1055 1004 1278 1073 regem?
1343 1003 1644 1073 Utrobique
1689 1018 1923 1070 namque
1974 1001 2265 1069 particula,

703 1113 814 1163 per,
865 1111 1028 1147 sensu
1073 1095 1251 1148 activo
1289 1095 1582 1164 accipitur.
1619 1093 1906 1147 Latissima
1939 1102 2138 1162 prazsto
2184 1089 2270 1145 ést

703 1186 1042 1238 discriminis
1104 1189 1245 1242 ratio
1298 1187 1441 1254 apud
1495 1196 1740 1239 sanctum
1802 1184 2146 1247 Thoniain,i
2213 1199 2266 1251 p.

705 1286 895 1343 quiest.
928 1276 1016 1338 36,
1043 1288 1146 1331 art.
1189 1280 1243 1341 ὖ,
1279 1277 1347 1330 ad
1378 1278 1432 1340 ι,
1461 1286 1578 1331 tum
1608 1293 1673 1330 ea:
1705 1279 1909 1329 unitate
1941 1277 2150 1329 virtutis
2179 1274 2272 1327 de-

708 1379 948 1438 sumpta,
980 1386 1099 1438 quae
1149 1370 1290 1422 inest
1335 1370 1580 1438 utrique.
1609 1368 1783 1429 Patri,
1839 1378 1893 1420 ct
1937 1368 2118 1421 Filio:
2158 1377 2270 1419 tum

709 1458 872 1510 etiam
913 1473 978 1508 ex
1015 1459 1229 1520 ordine,
1272 1457 1360 1524 qui
1410 1459 1700 1510 attenditur
1753 1459 1892 1510 inter
1942 1457 2176 1520 Patrem,
2227 1464 2274 1507 et

712 1547 930 1609 Filium,
962 1563 1063 1598 non
1096 1557 1353 1614 quantum
1383 1550 1451 1600 ad
1485 1549 1728 1600 rirtutem
1764 1547 1907 1616 (qua:
1953 1565 2057 1599 una
2092 1556 2176 1600 est
2222 1548 2273 1600 in

712 1638 874 1690 l’atrc
908 1653 938 1690 a
975 1653 1053 1702 se,
1099 1638 1152 1689 in
1189 1637 1325 1690 Filio
1357 1653 1384 1689 a
1419 1637 1622 1705 Patre),
1670 1639 1760 1690 sed
1804 1637 1973 1690 solum
2021 1647 2277 1706 quantum

714 1728 782 1778 ad
807 1729 1076 1796 supposita
1107 1733 1251 1796 (quin
1279 1727 1388 1780 duo
1412 1739 1586 1796 sunt).
1613 1727 1930 1796 Superiora,
1961 1744 2079 1792 quae
2110 1742 2278 1779 sacra:

714 1818 1013 1886 Scriptura:
1063 1819 1426 1873 indicavimus
1466 1819 1606 1878 loca.
1667 1818 1882 1886 egregie
1939 1818 2176 1870 illustrat
2216 1834 2280 1870 ac

711 1908 1052 1962 validissime
1097 1910 1337 1962 vindicat
1388 1910 1670 1973 Petavius,
1721 1910 1862 1963 libro
1916 1925 1973 1962 in
2021 1909 2096 1962 De
2147 1927 2279 1962 san-
2318 1887 2356 1939 υ
2386 1896 2597 1965 Ρίθηιυε
2628 1894 2769 1946 hanc
2801 1907 2987 1945 V008“!
3032 1909 3045 1943 ε

714 2000 949 2054 ctissime
991 1999 1267 2064 Trinitate,
1322 2001 1498 2069 capite
1532 2001 1582 2062 8,
1611 2002 1902 2056 adversum
1936 2001 2279 2056 Socinianos.

792 2093 950 2146 Paria
1004 2094 1251 2158 omnino,
1303 2111 1419 2162 qua:
1466 2099 1532 2147 dc
1567 2094 1780 2162 Spiritu
1825 2104 2036 2159 sancto,
2099 2095 2284 2148 habito

720 2195 971 2253 respectu
1021 2186 1086 2238 ad
1134 2185 1345 2238 Patrem
1375 2196 1430 2238 et
1470 2187 1536 2239 ad
1570 2188 1831 2254 scipsntn,
1867 2188 2155 2240 docentem
2189 2203 2285 2239 au-

718 2275 957 2330 divimus
1003 2277 1188 2329 Jesum
1226 2276 1530 2342 Christum,
1563 2281 1630 2332 de
1662 2280 1847 2347 seipso
1890 2295 2109 2349 quoque
2143 2280 2286 2334 aliir-

720 2379 837 2422 mat
871 2369 982 2432 ille,
1013 2380 1272 2424 aeternam
1322 2370 1560 2438 suipsius
1592 2373 2004 2439 generationem
2034 2389 2099 2425 ex
2127 2372 2286 2426 Patre

723 2460 1062 2530 signiﬁcans,
1130 2477 1193 2513 ac
1258 2461 1576 2514 missionem
1634 2478 1699 2514 ex
1758 2463 2140 2530 consequenti.
2199 2463 2288 2516 Ait

722 2568 918 2621 nempe
966 2553 1111 2623 apud
1162 2552 1453 2618 Joannem,
1503 2554 1678 2621 capite
1709 2570 1822 2612 un.
1859 2570 2002 2608 vers.
2046 2554 2150 2608 ‘26:
2187 2555 2287 2618 Qui

724 2662 807 2699 me
833 2647 995 2709 misit,
1025 2662 1186 2698 verax
1218 2657 1291 2698 est
1317 2663 1333 2697 :
1364 2659 1411 2698 et
1473 2663 1565 2714 ego
1607 2662 1724 2713 qua:
1756 2647 1932 2698 audivi
1968 2646 2030 2698 ab
2067 2661 2146 2709 eo,
2181 2648 2290 2698 lucc

725 2737 913 2805 loquor
952 2739 1006 2790 in
1037 2739 1250 2791 mundo.
1299 2737 1365 2791 Et
1412 2754 1557 2792 vers.
1591 2739 1703 2791 28:
1777 2738 1811 2791 Α
1876 2754 1956 2790 me
2009 2741 2120 2803 ipso
2154 2738 2291 2805 facio

727 2827 900 2891 nihil;
947 2827 1036 2880 sed
1081 2828 1214 2880 sicut
1264 2829 1441 2880 docuit
1481 2845 1562 2879 me
1611 2828 1788 2892 l’ater,
1821 2830 1929 2881 ha’c
1974 2829 2173 2898 loquor.
2229 2829 2294 2882 Et

728 2931 850 2984 cap.
897 2933 993 2978 Ili,
1029 2933 1155 2971 vers
1208 2919 1313 2970 ως
1353 2918 1462 2987 Ego
1506 2934 1570 2970 ex
1631 2919 1824 2987 meipso
1854 2937 1954 2971 non
1986 2936 2104 2971 sum
2151 2919 2292 2972 loc-u-

732 3015 817 3058 tus
843 3022 861 3058 :
902 3007 992 3059 sed
1033 3009 1123 3074 qui
1170 3009 1310 3060 misit
1347 3024 1426 3061 mc
1458 3007 1639 3067 Pater,
1671 3009 1779 3076 ipse
1821 3009 2132 3061 mandatum
2173 3011 2298 3063 mihi

733 3098 895 3161 dedit,
941 3098 1068 3165 quid
1100 3099 1297 3160 dicam,
1346 3109 1394 3150 et
1440 3099 1565 3167 quid
1616 3100 1824 3166 loquar.
1883 3099 1949 3152 Et
1999 3100 2175 3168 capite
2203 3116 2294 3166 xv,

730 3204 879 3242 vers.
932 3190 998 3242 l5
1033 3207 1044 3240 :
1081 3189 1270 3241 Omnia
1305 3205 1625 3257 quacunque
1657 3190 1830 3241 audivi
1875 3207 1905 3241 a
1948 3190 2111 3242 Patre
2161 3209 2295 3257 meo,
2322 3217 2368 3278 ρ

737 3285 864 3330 nota
894 3278 990 3345 feci
1015 3279 1175 3330 tabis.
1214 3277 1339 3330 Haec
1373 3279 1562 3346 utique
1593 3279 1776 3331 omnia
1811 3278 1938 3331 Jestt
1968 3277 2172 3332 Christi
2201 3280 2295 3333 do-

736 3376 991 3419 cumenta
1033 3368 1328 3430 evincunt,
1387 3369 1564 3436 ipsum
1596 3385 1716 3423 esse
1759 3370 1925 3422 Deum
1959 3370 2025 3422 de
2061 3371 2192 3432 Deo.
2231 3371 2301 3424 ab

740 3467 945 3511 aeterno
985 3459 1230 3527 genitum
1262 3477 1289 3512 a
1327 3461 1509 3523 Patre,
1544 3460 1943 3515 communicata
1979 3463 2152 3515 eidem
2206 3479 2303 3531 per

739 3550 1151 3619 generationem
1188 3560 1408 3610 natura.
1445 3561 1499 3603 et
1527 3549 1819 3617 sapientia,
1863 3565 1926 3601 ac
1975 3549 2188 3602 trieteris
2221 3559 2304 3602 at-

746 3642 969 3695 tributis
1009 3643 1304 3704 omnibus;
1351 3658 1414 3694 ac
1448 3642 1669 3694 demum
1702 3641 1770 3693 ab
1800 3651 2006 3693 aeterno
2039 3643 2306 3709 genitum,

751 3743 1162 3801 assumptnrum
1199 3734 1481 3787 hominem
1531 3733 1585 3785 in
1627 3742 1897 3800 tempore,
1951 3748 2012 3784 ac
2060 3733 2311 3786 homines

754 3828 1044 3878 doctarum
1097 3826 1298 3878 (“\‘illil:
1332 3823 1614 3892 sapientia:
1665 3824 1942 3892 mysteria.
1993 3823 2126 3876 Cum
2165 3824 2312 3891 paria

755 3918 982 3968 omnino
1017 3916 1130 3968 sint
1163 3916 1229 3967 de
1255 3914 1464 3982 Spiritu
1503 3921 1692 3967 sancto
1725 3913 1894 3974 dicta,
1930 3914 2261 3983 procedente
2285 3931 2312 3966 a

752 4012 934 4070 Patre,
979 4023 1086 4060 non
1121 4008 1382 4075 loquente
1428 4022 1458 4058 a
1510 4006 1716 4074 seipso,
1754 4004 2058 4074 accipiente
2090 4021 2118 4056 a
2154 4005 2314 4069 Filio,

753 4102 883 4169 quia
914 4101 1096 4154 omnia
1128 4114 1248 4169 qua:
1278 4107 1409 4156 sunt
1436 4098 1638 4162 Patris,
1668 4097 1793 4151 Filii
1821 4097 1985 4150 etiam
2029 4095 2139 4166 a9
2167 4106 2315 4159 sunt,

755 4204 984 4266 excepta
1035 4196 1388 4264 paternitatis
1423 4195 1722 4256 relatione;
1756 4190 2064 4245 necessaria
2097 4189 2318 4244 ratioci-

755 4290 983 4341 natione
1013 4287 1380 4355 colligenddm
1406 4294 1509 4345 est,
1535 4303 1564 4338 ιι
1597 4287 1756 4338 Patre
1785 4284 2034 4350 Filioque
2057 4282 2319 4350 Spiritum

759 4387 1012 4430 sanctum
1062 4376 1358 4445 procedere
1403 4392 1593 4429 verum
1649 4376 1840 4436 Deum,
1888 4373 2208 4442 largiturum
2265 4374 2321 4426 in

760 4479 1006 4535 tempore
1042 4467 1360 4520 hominibus
1414 4467 1555 4520 dona
1618 4466 1846 4534 gratiae.-
1875 4462 1990 4516 lloc
2037 4462 2156 4514 loco
2209 4467 2321 4517 haec

762 4561 916 4612 satis.

835 4650 923 4704 IV.
967 4648 1088 4703 Haec
1120 4665 1250 4704 sane
1293 4664 1550 4718 germana
1586 4650 1726 4702 ratio
1754 4647 2032 4716 dogmatis
2066 4665 2078 4700 :
2115 4646 2184 4700 de
2215 4661 2325 4716 quo

764 4743 994 4795 nimium
1044 4757 1200 4795 acres
1251 4751 1411 4794 motae
1440 4753 1568 4793 sunt
1602 4739 1828 4792 Latinos
1859 4738 2002 4790 inter
2026 4748 2080 4790 ct
2109 4736 2327 4790 Grmcos

765 4833 1187 4900 disputationes.
1210 4831 1353 4884 edita
1381 4830 1727 4896 frequentius
1757 4843 1852 4895 pro
1878 4826 2087 4878 Latinis
2108 4825 2327 4878 decreta

768 4925 892 4978 lidci
945 4927 997 4976 in
1042 4924 1290 4976 conciliis
1339 4941 1354 4975 :
1399 4923 1642 4989 unioque
1690 4928 1898 4972 statuta
1939 4932 2064 4970 cum
2101 4915 2326 4976 Cnccis,

765 5018 857 5072 sed
889 5017 958 5070 ab
991 5016 1076 5068 his
1101 5015 1266 5068 ctiam
1303 5016 1603 5066 instaurata
1635 5009 1884 5064 dissidia.
1925 5009 2019 5061 Lis
2051 5019 2168 5059 acta
2201 5023 2331 5060 vero

768 5110 936 5161 variis
967 5108 1327 5173 temporibus.
1363 5105 1545 5158 Prima
1595 5104 1822 5172 hujusce
1861 5101 2078 5152 videtur
2110 5108 2331 5149 contro-

769 5201 963 5252 versia:
1009 5198 1217 5251 mentio
1257 5196 1400 5264 apud
1432 5195 1702 5249 Hilarium
1737 5206 2032 5246 occurrere
2067 5189 2210 5242 lzbro
2239 5205 2332 5240 \'!l|

775 5291 848 5341 De
877 5289 1152 5351 Triuitate,
1186 5304 1346 5356 queat
1383 5287 1436 5338 in
1467 5286 1658 5338 exsilio
1698 5294 1824 5335 ante
1858 5296 2060 5334 annum
2109 5279 2212 5332 560
2245 5282 2334 5330 ab-

774 5383 1029 5435 solverat.
1065 5381 1154 5434 Sic
1184 5381 1330 5433 enim
1361 5381 1438 5432 ait
1468 5394 1622 5432 num.
1647 5377 1716 5429 ‘20
1744 5395 1756 5427 :
1794 5376 1968 5442 Neque
2003 5376 2053 5424 in
2083 5376 2175 5423 hoc
2200 5387 2337 5422 nunc

773 5474 1070 5528 (αἰκιωηίον
1119 5474 1351 5526 libertati
1398 5473 1504 5540 (al.
1566 5471 1895 5535 libertatem)
1949 5464 2336 5532 intelligantur,

777 5579 955 5622 utrum
1007 5584 1071 5620 ea:
1111 5567 1294 5630 Patre,
1329 5583 1398 5619 an
1442 5582 1504 5618 ex
1537 5563 1678 5616 Filio
1712 5561 1964 5629 Spiritum
1999 5555 2340 5610 Paraclitum

779 5672 957 5728 putent
1007 5677 1157 5714 csse:
1192 5677 1293 5713 non
1328 5661 1464 5711 enim
1493 5659 1545 5710 in
1582 5657 1782 5708 incerto
1820 5650 2068 5704 Dominus
2104 5645 2340 5713 reliquit.

780 5757 979 5822 Aperta
1025 5770 1178 5808 meus
1222 5751 1345 5819 ejus
1392 5762 1513 5804 est:
1578 5749 1848 5801 incertum
1897 5742 2000 5795 siLi
2047 5756 2154 5792 non
2201 5753 2339 5796 esse,

783 5849 911 5914 quia
946 5865 972 5900 a
1002 5847 1157 5900 Patre
1194 5845 1435 5912 Filioque
1470 5843 1533 5894 sit
1561 5840 1797 5909 Spiritus
1827 5843 2069 5894 iunctus,
2097 5843 2344 5897 q'Ianms

2367 635 2508 686 libro
2544 647 2602 692 ll,
2633 642 2785 684 num.
2820 630 2874 690 4,
2907 627 2997 680 ubi
3035 625 3231 678 Filium
3275 623 3512 692 appellat
3541 619 3771 689 Spiritus
3800 633 3932 670 sau-

2365 725 2433 775 cti
2466 722 2769 790 largitorem
2801 731 2847 770 et
2882 725 3176 771 auctorem.

2439 812 2616 865 Litem
2669 811 2851 864 acrius
2902 810 3206 862 intentasse
3253 803 3475 858 videtur
3523 797 3930 856 Theodoretus,

2367 905 2492 972 Cyri
2543 906 2594 955 in
2628 900 2991 969 Euphratcsia
3019 899 3338 965 episcopus.
3372 894 3488 949 Suo
3522 905 3759 958 namque
3791 888 3938 940 Aua-

2371 994 2705 1044 thematismo
2735 989 2834 1052 IX,
2871 1003 3032 1057 quem
3069 1003 3194 1041 cum
3231 986 3354 1039 aliis
3381 999 3527 1036 anno
3565 980 3676 1034 150
3708 995 3775 1032 ex
3819 977 3942 1030 Alc-

2373 1080 2640 1134 sandrino
2661 1079 2894 1132 concilio
2918 1077 2983 1130 ad
3009 1075 3321 1130 Nestorium
3347 1061 3728 1124 transmiserat
3760 1065 3904 1134 Cyri

2373 1172 2455 1226 lus
2474 1171 2897 1228 Alexandrinus.
2930 1168 3213 1236 inquiebat
3238 1181 3252 1217 ς
3283 1162 3543 1231 Spiritum
3569 1167 3833 1218 sanctum,
3853 1173 3945 1224 per

2375 1279 2525 1327 quem
2543 1263 2718 1314 dicina
2738 1264 2887 1328 signa
2906 1261 3065 1341 edidit
3080 1258 3231 1311 Jesus
3248 1255 3512 1316 Christus,
3543 1252 3776 1321 ejusdem
3799 1248 3945 1314 (Iesu

2374 1353 2600 1420 Christi)
2632 1354 2901 1420 proim'um
2942 1339 3072 1403 esse.
3107 1348 3232 1402 limo
3269 1348 3432 1400 verba
3470 1342 3851 1397 Theodoretus
3887 1339 3939 1388 in

2379 1443 2520 1498 libro
2566 1444 2634 1496 de
2661 1441 2848 1511 Cyrilli
2895 1437 3383 1493 Anathcmatismis
3413 1435 3480 1488 ad
3511 1433 3780 1487 Joannem
3831 1429 3941 1480 Au-

2381 1534 2720 1595 tiochenum,
2770 1532 2937 1584 nimia
2978 1529 3262 1596 excipiens
3313 1526 3680 1580 morositate:
3731 1539 3750 1570 ‹
3809 1519 3943 1571 Pru-

2381 1621 2554 1688 prium
2614 1630 2798 1672 autem
2859 1618 3116 1687 Spiritum
3167 1614 3312 1677 Filii,
3355 1614 3556 1680 inquit,
3602 1625 3646 1662 si
3696 1605 3939 1676 ejusdem

2381 1711 2600 1778 quidem
2631 1726 2759 1762 cum
2784 1725 2851 1762 eo
2893 1719 3121 1770 naturx,
3156 1716 3212 1759 et
3255 1720 3320 1758 ex
3364 1689 3522 1756 Patre
3558 1699 3941 1768 procedentem

2384 1804 2542 1866 dixit,
2577 1798 2740 1855 simul
2773 1800 3184 1861 conlitebiinur,
3228 1808 3286 1848 et
3335 1804 3591 1861 tanquam
3624 1791 3767 1859 piam
3797 1788 3944 1840 exci-

3087 1890 3132 1943 si
3187 1904 3336 1950 vero,
3367 1887 3441 1947 ὡς
3473 1883 3534 1947 ἐξ
3564 1881 3719 1946 Υἱοῦ,
3759 1880 3852 1930 καὶ
3880 1879 3947 1928 δι’

2388 1988 2518 2039 Υἰῡῦ
2558 1987 2656 2056 τὴν
2687 1984 2922 2054 ὓπαρξιν
2958 1983 3102 2052 ἕχον,
3136 1993 3395 2055 tanquam
3438 1993 3500 2029 ex
3532 1976 3685 2035 Filio,
3734 1983 3827 2025 aut
3859 1986 3948 2040 per

2386 2079 2580 2133 Filium
2611 2079 2967 2130 exsistcntiam
3001 2074 3297 2136 habentem,
3346 2070 3450 2123 hoe
3481 2079 3540 2120 ut
3570 2065 3946 2132 blasplicmum

2387 2181 2442 2224 et
2469 2170 2698 2237 impium
2729 2167 3029 2237 rejicimus.
3072 2184 3090 2216 ι
3134 2162 3480 2222 Durioribus,
3511 2173 3633 2227 qua:
3669 2156 3949 2214 videntur,

2389 2259 2726 2314 Theodoreti
2764 2258 2948 2311 verbis
2991 2269 3058 2310 ne
3091 2266 3271 2308 tamen
3324 2255 3554 2304 haerens.
3586 2246 3865 2301 Adnotare
3896 2243 3947 2294 in

2391 2362 2737 2406 antecessum
2785 2350 2977 2411 liccat,
2999 2362 3064 2401 ea
3094 2344 3502 2399 Theodoretum
3546 2337 3757 2391 ratione
3785 2335 3950 2387 dene-

2391 2458 2572 2511 gasse,
2602 2442 2868 2512 Spiritum
2906 2447 3158 2494 sanctum
3190 2436 3420 2498 habere,
3461 2446 3501 2484 ra
3543 2430 3701 2492 Filio,
3732 2436 3825 2480 aut
3858 2440 3953 2494 per

2390 2534 2585 2588 Filium
2610 2533 3020 2596 exsistemiam;
3051 2531 3176 2599 quia
3211 2523 3510 2582 Macedonii
3551 2534 3604 2575 et
3630 2516 3949 2586 Apollinarii

2394 2625 2558 2693 impia
2590 2612 2902 2677 commenta
2937 2623 3004 2676 iis
3045 2618 3280 2689 exprimi
3326 2616 3510 2670 verbis
3560 2609 3950 2665 arbitrabatur.

2392 2717 2630 2770 Mentem
2666 2717 2806 2770 banc
2834 2731 2987 2769 suam
3015 2713 3190 2782 aperit
3228 2712 3282 2765 in
3312 2708 3550 2778 Epistula
3583 2705 3651 2759 ad
3687 2708 3958 2756 monaste-

2396 2809 2495 2870 ria,
2537 2823 2659 2875 qua:
2688 2807 2886 2874 legitur
2924 2805 3218 2859 collatione
3268 2818 3320 2867 ν,
3367 2802 3422 2854 in
3469 2797 3678 2868 synodo
3713 2811 3744 2848 ν
3803 2807 3951 2847 (ecu-

2396 2900 2630 2954 menica.
2687 2900 2777 2952 Ait
2830 2897 2978 2951 cnim
3034 2875 3366 2966 ‘Cyrilliana:
3426 2889 3719 2945 sententiae
3780 2884 3958 2938 ine'sse

2396 2991 2715 3060 Apollinarii
2740 2990 3000 3043 seminum
3027 2989 3256 3056 fructum
3279 2999 3297 3036 :
3329 2983 3424 3051 qui
3447 2980 3686 3034 adducto
3707 2973 3956 3040 exemplo

2400 3083 2552 3143 solis,
2588 3080 2752 3145 radii,
2783 3089 2839 3133 ct
2883 3078 3214 3148 splendoris,
3258 3075 3352 3143 qui
3392 3091 3425 3125 α
3462 3070 3573 3124 sole
3612 3084 3702 3138 per
3750 3067 3958 3118 radium

2401 3173 2681 3230 emittitur,
2735 3170 2999 3237 Spiritum
3057 3179 3307 3221 sanctqu
3360 3177 3608 3230 magnum
3662 3155 3963 3214 asserebat,

2405 3264 2596 3316 Filium
2631 3263 2906 3329 maiorem,
2940 3269 2994 3314 et
3023 3260 3240 3313 Patrem
3274 3255 3561 3308 maximum
3591 3248 3963 3317 ;ctquema.l-

2406 3355 2627 3408 modum
2659 3353 2832 3407 Filius
2867 3351 3045 3404 minor
3078 3357 3224 3403 esset
3256 3347 3435 3409 Patre,
3474 3343 3599 3411 quia
3629 3351 3791 3392 natus
3819 3355 3849 3390 a
3869 3337 3967 3389 Pa-

2408 3458 2512 3510 tre,
2558 3447 2632 3499 ita
2661 3459 2884 3514 quoque
2913 3442 3153 3510 Spiritus
3181 3448 3402 3493 sanctus
3430 3437 3609 3488 minor
3643 3430 3964 3488 lorctFiiio,

2408 3540 2534 3606 quia
2561 3537 2865 3607 procedens
2892 3551 2959 3588 ex
2981 3534 3138 3588 Filio.
3160 3533 3272 3586 llac
3298 3531 3366 3585 de
3388 3544 3446 3584 re
3472 3525 3788 3595 diligentius
3809 3538 3972 3591 agen-

2408 3631 2539 3680 dum
2581 3643 2700 3694 cap.
2738 3627 2791 3691 8,
2825 3641 2978 3677 num.
3009 3623 3062 3676 5.

2485 3718 2592 3787 50
2628 3716 2802 3770 Fuere
2846 3713 3238 3774 Monothelitir,
3271 3709 3363 3777 qui
3410 3723 3636 3763 sensum
3677 3706 3976 3775 deginatis,

2413 3826 2524 3880 quo
2559 3810 2627 3863 de
2665 3809 2897 3878 agimus,
2933 3806 3094 3875 primi
3127 3811 3535 3872 Oppugnarunt.
3564 3798 3844 3853 Etet-nam
3907 3813 3972 3848 ac

2416 3894 2828 3956 substantialem
2851 3897 3091 3966 Spiritus
3114 3893 3285 3949 sancti
3319 3889 3723 3960 processioncm
3754 3905 3780 3939 a
3814 3887 3973 3946 Filio,

2418 4003 2512 4048 aut
2533 4008 2628 4062 per
2652 3991 2848 4044 Filium
2878 3988 3105 4041 inliciati
3129 3995 3283 4049 sunt,
3322 3984 3547 4053 ejusque
3571 3981 3980 4050 processionein,

2419 4101 2448 4138 a
2476 4084 2731 4139 Patribus
2770 4080 2952 4135 omnis
2984 4079 3084 4132 aevi
3114 4078 3315 4146 passim
3353 4083 3617 4127 assertum
3647 4088 3738 4140 per
3761 4070 3980 4124 Filium.

2423 4170 3165 4238 intellexeretemporalem;
3197 4165 3347 4235 quod
3405 4164 3520 4230 ipse
3573 4160 3830 4212 nimirum
3881 4175 3981 4222 per

2423 4267 2621 4321 Filium
2648 4267 3016 4318 innotesceret
3038 4260 3382 4316 hominibus.
3413 4271 3476 4309 ac
3503 4255 3646 4307 dona
3676 4252 3985 4321 spiritualia

2423 4359 2772 4414 concederet.
2821 4355 2954 4408 item
3010 4353 3217 4407 evincit
3271 4348 3500 4406 iiiicbael
3553 4345 3868 4412 Lequienus
3929 4343 3986 4394 in

2431 4451 2820 4504 Dissertatione
2851 4449 2869 4500 l
2917 4443 3326 4501 Damascenica,
3365 4456 3520 4493 num.
3559 4437 3647 4494 48.
3675 4452 3738 4488 ex
3775 4433 3996 4486 confes—

2354 4556 2402 4611 1)
2431 4545 2585 4597 sione
2635 4541 2852 4594 Macarii
2905 4535 3250 4594 Antiot-hcni.
3306 4529 3547 4584 Ineretiei
3598 4526 3991 4580 Multolilciil.l:.

2431 4633 2649 4685 Proslat
2687 4647 2751 4683 ea
2804 4631 2858 4681 in
2906 4628 3056 4680 Actis
3104 4623 3325 4678 concilii
3360 4620 3498 4674 sexti
3533 4616 3859 4672 mcuinenici
3892 4631 3994 4665 an-

2431 4740 2502 4778 no
2534 4723 2627 4776 68l
2664 4720 2950 4780 celebrati.
2998 4722 3213 4771 actione
3246 4715 3301 4778 8,
3335 4712 3518 4765 tibide
3554 4711 3766 4777 Spiritu
3801 4715 3999 4757 sancto

2433 4816 2550 4868 huic
2582 4815 2899 4867 habentur:
2934 4812 3040 4862 Καὶ
3067 4808 3146 4870 εἰς
3182 4807 3240 4857 τὸ
3276 4804 3496 4870 Πνεῦμα
3537 4802 3596 4852 τὸ
3635 4801 3791 4864 rivi-sv
3825 4801 3883 4848 τὸ
3930 4800 4000 4847 ἐκ

2432 4906 2525 4958 τοῦ
2557 4904 2773 4972 "aspis;
2807 4901 3261 4968 éxuopaoipavov,
3301 4895 3396 4947 xui.
3446 4893 3512 4943 δι’
3564 4890 3689 4942 Υἱοῦ
3733 4889 3998 4954 πεφηνὸς,

2432 4994 2633 5062 δηλαδὴ
2663 4995 2770 5049 τοῖς
2796 4990 3100 5054 ἀνθρώποις
3124 5029 3138 5051 ,
3183 4985 3248 5037 Et
3283 4987 3338 5037 in
3380 4983 3637 5047 Spiritum
3668 4993 3906 5032 sanctum
3934 4994 4005 5030 ea:

2439 5085 2604 5136 Patre
2657 5083 3042 5151 procedentem,
3072 5088 3118 5131 et
3171 5093 3260 5146 per
3304 5075 3497 5128 Filium
3548 5075 3848 5132 micantem,
3900 5085 4001 5122 seu

2439 5176 2858 5242 manifestatum,
2899 5170 3134 5224 videlicet
3165 5167 3480 5220 hominibus.

2509 5267 2706 5320 Metam
2737 5267 2901 5317 etiam
2939 5278 2968 5315 a
3003 5259 3381 5316 Monothelitis
3430 5257 3606 5311 litem.
3641 5255 3894 5305 novimus
3933 5268 4008 5305 ex

2440 5368 2632 5412 sancto
2668 5357 2920 5415 Maximo,
2957 5353 3051 5420 qui
3108 5353 3162 5404 in
3197 5348 3431 5416 epistola
3464 5345 3531 5397 ad
3578 5344 3845 5396 Marinum
3879 5357 4009 5408 prc-

2444 5454 2726 5520 shyterum
2776 5448 2855 5499 sic
2901 5447 2979 5497 ait
3017 5461 3031 5496 :
3078 5442 3305 5494 Latinos
3353 5434 3830 5504 reprehendebant
3864 5433 4019 5484 Con-

2443 5540 2942 5608 stantinopolitani,
2995 5536 3206 5590 scilicet
3247 5529 3642 5586 Monothclilie,
3692 5525 3818 5592 quia
3857 5523 4022 5575 dicc-

2449 5648 2590 5699 Ient,
2647 5633 2925 5702 procedrre
2970 5629 3126 5680 etiam
3175 5641 3238 5676 ex
3284 5621 3420 5674 Filio
3453 5620 3708 5686 Spiritum
3743 5625 4016 5667 sanctum.

2452 5734 2649 5784 Verum
2683 5722 2859 5779 Latini
2905 5741 2919 5772 ι
2960 5716 3316 5774 consonantia
3351 5711 3704 5780 protulerunt
3753 5703 4014 5756 testiino-

2454 5827 2539 5876 nia
2579 5823 2894 5872 l.;t‘.ll|‘)|'tllll
2929 5816 3173 5869 Patrum.
3211 5821 3425 5860 necnon
3463 5812 3516 5855 ct
3560 5797 3745 5867 C3rilii
3778 5797 4024 5848 Alcman-
