4198 6440
247 386 322 449 (ἶὸ
1387 389 1583 447 νιτΑ.
1629 413 1689 422 -
1738 389 2244 448 DlSSlSii‘l‘ATlt)
2285 388 2329 445 l.
3426 389 3497 452 06

249 501 400 553 drini
439 501 533 552 'tle
592 515 748 553 sacro
796 502 966 570 ipsius
1015 517 1208 570 opere,
1265 505 1409 570 quod
1473 508 1523 557 in
1577 518 1824 558 sanetum
1858 517 1901 570 Α
1932 513 1978 555 rt
2010 508 2292 556 secundum
2326 503 2578 570 quiddam
2629 517 2726 550 non
2777 499 3050 560 procedere
3084 499 3341 566 Spiritui:
3377 517 3501 554 san.

249 595 651 657 evangelistam
678 594 805 646 fecit
833 595 1095 647 Joannem
1127 615 1136 646 :
1172 610 1234 646 ex
1262 597 1460 664 quibus
1487 612 1592 651 non
1627 598 1824 656 αἰτίαν,

251 701 475 736 causam
520 685 752 753 Spiritus
786 686 958 737 sancti
994 685 1185 738 Filium
1215 702 1269 738 se
1300 688 1472 749 facere
1503 693 1829 740 monstraue-

252 786 397 827 rmtt.
437 777 610 830 Unam
652 779 797 829 enim
830 789 1034 832 norunt
1067 795 1283 830 causam
1329 779 1478 838 Filii.
1511 790 1558 831 et
1595 781 1828 848 Spiritus

757 871 983 923 alterius
1035 874 1336 924 secundum
1375 875 1825 942 generationem:

250 971 302 1011 rt
353 960 590 1012 alterius
634 962 920 1013 secundum
971 964 1318 1031 ἐκπύρωσιν,
1371 967 1755 1032 processionem
1811 982 1827 1018 :

266 1052 408 1101 'Aii.‘
435 1053 524 1101 iw:
558 1054 620 1102 τὸ
651 1054 715 1103 δι’
739 1052 904 1104 αὐτοῦ
933 1055 1177 1119 προϊέναι
1211 1055 1513 1122 δηλώσωσι.
1535 1059 1624 1107 καὶ
1657 1057 1830 1128 ταύτῃ

251 887 362 920 esse
423 868 644 920 Pnlt‘t‘m
691 886 706 920 .'

247 1145 307 1191 τὸ
355 1144 597 1206 space;
624 1145 719 1210 τῆς
749 1144 935 1206 οὐσίας
973 1147 1064 1197 καὶ
1089 1147 1511 1214 ἀπαρᾶὶ.).ακτον
1549 1165 1609 1198 1::
1630 1151 1826 1215 ριστή-

252 1252 424 1296 ςωσι;
462 1236 556 1286 sed
582 1246 636 1284 ut
669 1237 804 1286 hunc
833 1251 925 1301 per
963 1253 1076 1289 eum
1115 1240 1323 1302 prodire
1356 1240 1688 1291 insinuarent
1720 1255 1737 1291 :
1776 1251 1830 1292 rt

248 1326 353 1378 hac
398 1327 734 1392 (locutione)
765 1327 1076 1380 substantia:
1111 1333 1552 1389 communionem.
1587 1342 1636 1383 et
1670 1333 1832 1383 indis-

248 1418 669 1469 similitudinem
711 1423 1157 1472 demonstrarent.
1201 1440 1216 1470 ι
1269 1422 1683 1481 Animadverte.
1731 1415 1830 1473 La-

253 1511 383 1563 tsitis
419 1525 672 1563 consona
725 1511 930 1564 sentire
977 1512 1264 1581 Cyrillum.
1305 1515 1673 1581 inquientein,
1713 1512 1832 1580 Spi-

249 1605 415 1652 ritum
453 1610 701 1653 sanctum
730 1620 760 1653 α
798 1602 956 1655 Patre
991 1620 1084 1671 per
1135 1605 1333 1656 Filium
1363 1607 1597 1674 prodire,
1631 1617 1689 1660 ιιι
1733 1609 1829 1659 hac

253 1692 543 1744 locutione
599 1694 908 1744 substantia:
970 1697 1267 1746 communio
1332 1698 1828 1748 demonstraretur.

252 1784 497 1852 Insignia
553 1783 810 1837 dabimus
851 1785 989 1837 inira
1044 1786 1219 1839 Patris
1272 1789 1625 1840 Alexandrini
1683 1790 1833 1840 testi-

1933 607 2095 646 rtum.
2146 614 2162 641 ι
2216 596 2333 648 Non
2393 593 2688 660 prot'ei'cre
2743 610 2769 642 ιι
2833 591 2987 662 Filio,
3034 601 3089 642 ut
3143 607 3171 642 a
3226 592 3500 659 principio

1934 689 2051 740 sine
2126 687 2442 754 principio,
2512 700 2540 738 a
2621 699 2678 736 se
2753 685 3009 734 \irtutent
3089 684 3331 751 spirandi
3407 686 3500 737 lia-

1935 782 2132 842 lente;
2181 779 2476 844 procedere
2513 778 2581 828 ab
2618 778 2760 843 ipso,
2802 783 2860 828 ιιι
2891 789 2919 828 a
2955 775 3224 842 principio
3257 775 3324 828 de
3355 781 3503 843 prin-

1933 873 2100 938 cipio.
2151 887 2178 923 a
2231 872 2388 923 νάει-ο
2445 885 2540 936 per
2596 867 3012 936 generationem
3043 868 3345 936 accipiente
3392 873 3503 921 vir-

1936 975 2132 1016 tutent.

2003 1055 2226 1114 Acrius,
2260 1062 2564 1120 apertoque
2600 1061 2796 1113 marte,
2829 1051 3022 1120 dogma
3061 1053 3204 1106 istud
3239 1053 3504 1120 impetere

1933 1156 2224 1216 emperunt
2278 1143 2647 1205 Iconomacbi,
2700 1144 3045 1211 maximeque
3107 1147 3210 1198 sub
3271 1146 3505 1213 imperio

1932 1238 2275 1290 Constantini
2337 1235 2692 1305 Coprooymi.
2753 1243 2948 1286 octavo
3008 1236 3208 1288 sarequ
3262 1236 3502 1289 labente.

1932 1329 2068 1381 Cum
2096 1331 2384 1381 int-roseus
2417 1329 2516 1394 ipsi
2543 1326 2612 1378 ab
2644 1327 3096 1380 occidentalibus
3123 1329 3505 1380 insimularetu-

1937 1431 2065 1477 tur.
2120 1417 2502 1471 Occidentales
2557 1420 2722 1484 ipsos.
2780 1418 2952 1467 vicem
2999 1425 3057 1468 ut
3116 1417 3504 1482 rependerem,

1936 1512 2224 1563 lia-reticos
2288 1509 2599 1568 vocabant,
2663 1508 2928 1575 Spiritum
2983 1518 3230 1559 sanctum
3283 1525 3315 1560 a
3375 1508 3506 1561 Filio

1935 1602 2214 1670 procedere
2261 1613 2594 1653 asserentes.
2636 1600 2774 1652 Tum
2809 1616 2963 1657 ‘ero.
2991 1615 3054 1653 ac
3085 1599 3347 1668 deinceps
3377 1617 3506 1668 pro-

1934 1695 2096 1744 cessio
2128 1710 2158 1744 α
2193 1692 2351 1745 Patre
2383 1709 2474 1758 per
2509 1691 2730 1754 Filium,
2775 1708 2898 1759 qua:
2938 1693 3247 1746 innumeris
3282 1693 3504 1745 Patrum

1938 1785 2266 1837 tJSlitttoniis
2319 1785 2608 1845 asserittir,
2639 1785 2705 1836 de
2758 1785 3046 1850 temporali
3094 1784 3354 1836 missione
3386 1784 3509 1851 Spi-

253 1876 467 1928 tnonia.
509 1875 790 1944 Agebatur
823 1891 955 1944 ergo
989 1875 1058 1930 dc
1090 1879 1327 1931 naturali
1363 1894 1426 1932 ac
1471 1891 1674 1933 attorna
1707 1881 1830 1948 Spi-
1867 1865 1904 1918 θ
1937 1879 2078 1928 ritus
2107 1878 2308 1937 sancti,
2340 1877 2571 1944 ejusque
2610 1877 2898 1944 temporali
2936 1876 3378 1929 titanilcstatione
3409 1893 3506 1944 per

251 1974 397 2024 ritus
435 1971 615 2024 sancti
654 1975 1025 2039 processione.
1083 1974 1322 2028 ltursum
1376 1977 1576 2029 adnota
1613 1977 1828 2032 Patrem

249 2066 355 2116 dici
400 2080 624 2116 causam
656 2064 802 2127 Filii,
837 2075 892 2118 et
927 2065 1167 2134 Spiritus
1197 2068 1396 2131 sancti,
1433 2069 1583 2123 illius
1616 2086 1709 2138 per
1741 2087 1829 2139 ge-

695 2167 748 2209 et
779 2158 936 2210 istius
983 2174 1076 2225 per
1119 2163 1504 2226 processionem
1547 2179 1564 2215 :
1609 2178 1829 2216 causam

245 2250 494 2312 scilicet,
539 2249 708 2302 veluti
743 2250 1061 2318 primat-iatn
1090 2263 1144 2304 et
1191 2253 1538 2322 originalem.
1574 2271 1695 2322 qu:e
1737 2256 1833 2308 lia-

251 2341 347 2395 bet
385 2356 508 2394 a.se
544 2343 654 2395 vim
701 2342 999 2411 generandi
1035 2343 1254 2408 Filium,
1285 2357 1338 2400 et
1376 2347 1619 2414 spirandi
1659 2349 1832 2417 Spiri-

251 2446 371 2485 tum
409 2443 670 2486 sanetum
705 2452 717 2486 :
749 2449 933 2502 eoque
966 2450 1132 2489 sensit
1164 2437 1361 2490 Filium
1399 2455 1505 2492 non
1547 2456 1654 2492 esse
1705 2458 1831 2492 criu-

246 2541 372 2577 sam
445 2523 684 2592 Spiritus
738 2526 931 2578 sancti.
997 2527 1390 2582 Animadverte
1451 2533 1705 2586 tandem.
1761 2532 1830 2583 ita

250 2624 512 2669 sanctum
572 2617 934 2670 nihilominus
995 2619 1296 2684 procedere
1355 2633 1384 2672 a
1449 2619 1609 2674 Patre
1663 2622 1835 2688 Spiri-

247 2717 396 2770 tum,
458 2717 521 2758 ιιι
580 2708 748 2759 etiam
804 2724 894 2775 per
941 2706 1138 2760 Filium
1181 2712 1430 2778 prodeat,
1483 2710 1623 2765 Filio
1677 2714 1826 2766 scili-

249 2810 339 2852 cet
405 2800 612 2851 virtute
673 2801 916 2867 spirandi
974 2805 1377 2855 comnmnicata
1438 2821 1466 2856 a
1527 2804 1709 2866 Patre,
1741 2821 1831 2858 eo-

251 2896 499 2960 demque
538 2895 592 2944 in
629 2909 799 2945 unuut
854 2909 978 2946 cum
1031 2895 1188 2948 Patre
1245 2897 1592 2950 coalescente
1628 2897 1834 2964 princi-

249 2984 431 3050 pium.

325 3075 521 3128 Sancti
564 3074 786 3128 Maximi
828 3084 1070 3128 mentem
1118 3075 1312 3129 eodem
1352 3077 1612 3145 exposuit
1670 3079 1833 3131 trodo

249 3164 585 3217 Anastasius
621 3164 1084 3217 Bibliotltecarius
1115 3165 1167 3216 iti
1191 3165 1429 3233 epistola
1461 3167 1525 3217 ad
1562 3167 1830 3221 Joannem

249 3261 577 3319 diaconum,
613 3269 761 3310 temo
799 3255 890 3308 XII
931 3256 1177 3310 Biblioth.
1202 3257 1303 3326 51
1336 3258 1562 3311 Patrum
1590 3259 1828 3328 Lugdun.

257 3371 274 3397 ι
321 3350 551 3402 Frustra
582 3351 798 3402 causari
838 3359 1028 3403 contra
1065 3365 1161 3401 nos
1198 3350 1378 3402 innuit
1409 3350 1627 3405 Graecos
1656 3370 1668 3404 :
1702 3369 1828 3405 cum

239 3459 354 3496 nos
405 3461 511 3494 non
567 3459 810 3502 causam,
864 3443 943 3494 vel
979 3444 1290 3510 principium
1339 3443 1538 3497 Filium
1583 3445 1831 3498 dicamus

245 3537 504 3602 Spiritus
532 3537 734 3596 sancti,
769 3542 829 3586 ut
863 3543 1152 3587 autumant
1186 3537 1426 3602 (causam
1473 3536 1706 3598 scilicet,
1736 3545 1832 3588 aut

247 3628 616 3694 principium,
656 3626 743 3679 cui
799 3641 914 3679 ase
969 3625 1098 3678 insit
1142 3628 1319 3679 virttis
1368 3628 1689 3696 spirandi).
1735 3627 1830 3681 sed

248 3725 521 3773 uuitatem
572 3717 1117 3772 substanti¢.Patris
1163 3728 1210 3771 et
1261 3719 1385 3771 Filii
1442 3723 1518 3789 (et
1565 3725 1829 3776 unitatem

247 3815 507 3880 Spirandi
567 3813 790 3866 virtutis
852 3812 906 3865 in
969 3811 1291 3879 utroque):
1346 3829 1456 3865 non
1517 3815 1830 3868 nescientes

251 3907 391 3967 timo
447 3901 767 3954 rectissime
824 3899 1254 3968 intelligentes),
1311 3901 1456 3953 sicut
1501 3905 1749 3968 procedit
1801 3919 1830 3956 a

251 3997 434 4054 Patre,
486 3995 564 4044 ita
593 4006 722 4044 eunt
765 3989 1069 4057 procedere
1099 3989 1370 4043 fateamur
1401 4005 1468 4042 ex
1514 3990 1676 4055 Filio,
1708 3995 1831 4044 mis-

243 4090 447 4137 sionem
493 4081 760 4135 nimirum
805 4081 944 4149 (lege
993 4081 1399 4149 emissionem),
1447 4085 1830 4148 processionem

247 4177 651 4242 intelligentes.
714 4190 732 4222 ι
795 4173 903 4224 Vox
953 4171 1083 4232 illa,
1137 4172 1379 4233 emissio,
1439 4173 1491 4223 in
1558 4174 1827 4227 Anastasii

246 4280 458 4321 textum
516 4266 768 4317 restituta
819 4263 1118 4315 immunem
1155 4261 1333 4315 reddit
1361 4276 1593 4316 censura
1625 4262 1830 4317 Biblio—

247 4362 588 4417 tlieearmnt,
630 4368 736 4420 qua
784 4354 964 4419 ipsum
1009 4352 1209 4404 acerbe
1252 4362 1405 4406 natat
1435 4352 1710 4416 Petavius,
1764 4354 1827 4405 li-

247 4454 344 4504 b.o
380 4466 456 4502 "ll
504 4448 577 4499 De
613 4444 898 4505 Trinitate,
933 4457 1052 4511 cap.
1093 4442 1174 4502 Π.
1219 4459 1372 4497 ηυιιι.
1412 4445 1498 4498 ll.
1551 4444 1824 4498 Combell-

250 2157 588 2208 uerationem
611 2195 625 2215 ,

1932 1969 2200 2027 donorum
2230 1969 2602 2036 spiritualium
2638 1968 3007 2036 largitionem,
3052 1969 3252 2034 passim
3288 1970 3506 2023 intelle-

1934 2069 2020 2113 eia
2053 2074 2080 2112 a
2127 2058 2342 2115 l'liotio.
2391 2070 2447 2112 et
2496 2059 2760 2112 lolteliaele
2813 2057 3120 2121 Cerulario,
3179 2061 3506 2129 carterisque

1935 2153 2324 2206 schismatieis.
2379 2154 2427 2207 ls
2466 2167 2598 2219 ergo
2651 2152 2754 2205 sub
2785 2152 2995 2205 Joanne
3035 2151 3180 2205 Dura
3231 2154 3503 2214 Vatatzio,

1937 2246 2280 2312 maximeque
2315 2239 2418 2299 sub
2445 2245 2705 2298 Micliaele
2740 2244 3044 2311 Palaeologo
3086 2248 3504 2300 retttentionttai

1935 2339 2098 2392 cardo
2149 2351 2288 2399 erat,
2339 2355 2407 2390 an
2448 2337 2680 2405 Spiritus
2727 2356 2758 2390 a
2795 2336 2961 2390 Patre
3006 2355 3097 2403 per
3137 2336 3340 2392 Filium
3385 2342 3507 2393 sub-

1933 2432 2262 2484 stantialiter
2323 2435 2651 2497 procederet
2693 2448 2704 2483 :
2761 2447 2873 2499 quo
2926 2431 3166 2485 admisso
3219 2434 3506 2500 dogmate,

1935 2538 2280 2590 consequens
2304 2535 2423 2576 erat
2451 2523 2679 2592 perinde
2703 2541 2846 2585 esse,
2872 2538 2934 2577 ac
2954 2525 3220 2592 Spiritum
3253 2537 3505 2580 sanetum

1937 2631 1967 2667 α
2005 2615 2164 2668 Patre
2195 2616 2494 2680 procedere.
2529 2628 2576 2668 et
2613 2636 2642 2669 α
2680 2616 2839 2671 Filio.

2011 2706 2072 2758 ν.
2121 2705 2268 2759 llanc
2313 2707 2758 2769 substantialem,
2793 2722 2857 2762 ac
2905 2720 3190 2771 meritam,
3224 2719 3278 2764 et
3331 2711 3509 2780 Itypo.

1933 2796 2184 2847 staticani
2240 2794 2482 2862 Spiritus
2527 2797 2701 2848 sancti
2741 2811 2769 2848 a
2813 2797 2970 2851 Patre
3008 2813 3104 2865 per
3151 2798 3346 2852 Filium
3379 2816 3510 2868 pro-

1934 2885 2254 2937 ductionem
2292 2890 2644 2954 promovebat
2696 2891 3015 2956 imperator,
3043 2902 3098 2942 ut
3134 2889 3239 2959 52
3276 2908 3376 2959 pax
3412 2894 3510 2947 de-

1937 2993 2083 3029 munt
2114 2974 2474 3031 Ecclesiarunt
2511 2979 2634 3030 ittiri
2670 2989 2874 3045 posset.
2911 2979 3074 3032 Suam
3109 2980 3352 3048 Augusto
3375 2999 3509 3049 [ιι-ευ-

1937 3072 2155 3122 διειιειιιιι
2184 3085 2406 3137 operam
2444 3070 2549 3122 viri
2601 3071 2774 3123 Graeci
2823 3071 3152 3136 doctissimi,
3186 3072 3510 3130 Theodorus

1942 3161 2319 3221 ileliteniota,
2375 3161 2645 3233 Georgius
2693 3162 3028 3224 Metochita,
3091 3165 3280 3216 rhetor
3339 3168 3506 3218 etiam

1940 3250 2263 3314 Holobolus,
2295 3252 2564 3322 Georgius
2586 3252 2818 3320 Cyprius
2845 3272 2856 3304 :
2902 3254 3105 3321 quibus
3131 3264 3316 3322 postea
3349 3257 3508 3309 aliis-

1935 3362 2043 3413 que
2082 3361 2204 3399 sese
2253 3345 2506 3414 adjunxit
2551 3346 2792 3399 Joannes
2839 3346 3067 3409 Beccus,
3113 3348 3368 3402 catholici
3405 3349 3507 3403 do-

1934 3439 2132 3507 gmatis
2189 3438 2390 3491 vindex
2439 3440 2690 3492 omnium
2742 3439 3147 3495 nobilissimus.
3195 3459 3214 3494 ι
3260 3443 3505 3508 Quadam

1937 3531 2106 3599 igitur
2132 3529 2220 3583 die
2241 3530 2618 3600 (Pachymeris
2639 3531 2804 3584 verba
2840 3541 2969 3583 sunt
2995 3531 3138 3586 libro
3166 3549 3217 3595 ν,
3244 3548 3364 3601 cap.
3393 3535 3505 3601 12.)

1935 3636 2060 3675 cum
2109 3623 2502 3675 convenissent
2543 3622 2715 3692 (anno
2749 3621 2903 3686 l273i
2933 3624 3078 3692 apud
3113 3625 3504 3694 imperatorem

1934 3713 2250 3780 patriarcha
2283 3713 2627 3781 (Josepltus),
2661 3714 2955 3778 antistites,
2991 3724 3043 3767 et
3081 3731 3148 3769 ex
3188 3719 3342 3770 clero
3380 3721 3505 3787 qui-

1932 3804 2087 3867 dam;
2147 3805 2448 3858 instantius
2504 3806 2568 3858 iis
2622 3805 2689 3858 de
2743 3807 2894 3872 pacis
2931 3810 3154 3876 negotio
3203 3814 3505 3878 imperator

1931 3895 2267 3949 disseruit...
2325 3896 2688 3966 Adjungehat,
2721 3897 2860 3949 nihil
2893 3911 3016 3952 esse
3055 3903 3285 3967 periculi
3325 3905 3375 3955 in
3413 3919 3504 3956 as-

1931 3989 2223 4043 sentiendo
2262 3987 2474 4042 Latinis
2512 3987 2656 4056 quod
2689 4000 2978 4056 cuperent,
3014 3991 3203 4044 multis
3238 3995 3290 4044 id
3337 3997 3508 4046 ratio-

1931 4083 2096 4136 nibus
2149 4082 2563 4136 demonstrans.
2596 4079 2842 4135 Habebat
2868 4084 3038 4145 enim,
3074 4088 3166 4153 qui
3220 4087 3409 4139 talium
3450 4089 3502 4143 ei

1931 4184 2388 4243 argumentorum
2419 4176 2635 4242 copiam
2673 4184 3054 4242 suggererent,
3087 4187 3348 4231 auctores
3379 4189 3503 4233 stu-

1930 4265 2117 4319 diosos
2169 4266 2290 4332 ejus
2344 4267 2529 4333 pacis,
2576 4265 3029 4318 archidiaconum
3084 4267 3500 4334 Meliteniotem,

1931 4357 2493 4425 protoapostolarium
2542 4355 2840 4424 Georgium
2879 4357 3162 4427 Cyprium,
3212 4371 3268 4414 et
3317 4366 3502 4419 minus

1933 4449 2196 4501 ardenter
2246 4463 2310 4500 ac
2356 4447 2738 4515 superﬁciarie
2789 4449 3065 4503 rhetorem
3097 4451 3359 4506 Ecclesiie
3393 4456 3505 4511 llo-

246 4549 390 4598 sLutn
462 4539 696 4593 consule
753 4548 902 4592 tonio
958 4536 999 4589 ll
1058 4535 1296 4604 Operutn
1351 4537 1526 4590 sancti
1586 4535 1826 4600 Maximi,
1862 4541 2202 4596 Dlobolum.
2250 4559 2268 4591 ι
2324 4541 2738 4600 Animadverte,
2769 4541 3031 4610 Cyprium
3067 4544 3169 4598 hoc
3193 4550 3502 4603 annole'ls

244 4656 364 4706 pag.
422 4636 534 4696 69;
569 4642 629 4686 et
685 4630 1029 4696 Lequienum
1084 4629 1136 4680 in
1194 4629 1590 4681 Dissertatioue
1633 4627 1825 4680 Dama;

241 4731 461 4782 accinca
501 4725 543 4784 Ι.
573 4738 730 4785 num,
774 4723 937 4784 10,et
972 4720 1028 4773 in
1065 4720 1320 4788 Panoplia
1353 4730 1541 4773 contra
1589 4721 1822 4773 schistna

240 4822 590 4876 Grzeorum,
654 4815 851 4868 saeculo
883 4827 1002 4871 xm.
1047 4811 1227 4879 capite
1268 4811 1322 4875 6,
1374 4827 1526 4864 num.
1572 4811 1667 4875 l6;
1714 4825 1823 4879 quo

239 4914 404 4964 etiam
440 4912 594 4970 loco,
632 4921 731 4975 pro
777 4921 843 4960 eo
871 4919 981 4974 quo
1025 4903 1262 4971 pollebat
1299 4903 1500 4972 ingenii
1546 4904 1821 4966 acumine,

241 5019 431 5058 Vocem
513 5002 660 5054 hanc
729 4999 1058 5051 entissionem
1123 4996 1550 5056 animadvertit,
1615 4997 1821 5064 passivo

238 5113 416 5157 sensu,
444 5109 556 5146 non
605 5091 779 5142 activo
814 5087 1090 5157 usurpari,
1129 5093 1184 5137 ut
1209 5088 1428 5139 emersio
1455 5085 1521 5139 'ac
1551 5091 1821 5142 emanatio

237 5188 652 5254 signiﬁcaretur
682 5196 701 5243 ;
740 5182 969 5248 ipseque
1001 5177 1170 5232 Filius
1202 5179 1609 5246 intelligeretur
1648 5179 1818 5233 veluti

243 5281 485 5337 medius,
551 5289 622 5327 ex
689 5286 824 5338 quo,
876 5281 931 5324 et
989 5284 1086 5338 per
1143 5285 1305 5338 quem
1364 5271 1605 5337 Spiritus
1647 5272 1816 5322 veluti

238 5369 474 5440 rtuergit
518 5380 574 5420 et
631 5375 872 5419 etnanat.
927 5363 1079 5416 llanc
1121 5361 1330 5432 Cyrilli.
1378 5372 1434 5414 et
1490 5361 1728 5422 Basilii.-
1763 5371 1819 5415 et

236 5461 494 5529 Gregorii
550 5457 809 5526 Nysseni,
867 5454 1210 5520 aliorumque
1255 5453 1474 5505 Patrum
1525 5452 1816 5519 genuinam

234 5574 364 5611 esse
403 5555 744 5610 doctrinam,
793 5551 895 5604 suo
942 5550 1066 5602 loco
1112 5547 1427 5600 dicendum.
1469 5544 1649 5613 Pergit
1679 5544 1818 5597 Ana-

233 5651 493 5702 stasius:
545 5664 563 5696 ι
604 5645 699 5698 Pie
730 5643 1120 5708 interpretans,
1167 5647 1224 5691 et
1278 5638 1565 5704 utriusque
1619 5638 1816 5703 lingua:

234 5753 439 5811 gnaros
479 5739 548 5792 ad
584 5751 778 5806 pacem
811 5733 1095 5793 erudiens,
1132 5730 1258 5782 dum
1291 5737 1347 5800 et
1387 5743 1486 5780 nos
1518 5736 1573 5780 et
1600 5726 1816 5779 Grrccos

231 5836 435 5891 edocet
491 5831 806 5901 (Maximus)
838 5847 850 5882 :
886 5826 1166 5879 secundum
1207 5825 1456 5893 quiddam
1516 5823 1811 5890 procedere,

1928 4634 2038 4702 jam
2095 4634 2244 4686 clero
2291 4633 2536 4700 palatino
2570 4633 2894 4701 ascriptum,
2945 4633 3266 4704 dictumque
3315 4651 3501 4706 protoo

1929 4726 2373 4792 apostolarium,
2439 4739 2503 4775 ac
2582 4724 2858 4805 dogmatis
2916 4723 3240 4781 Latinorum
3314 4733 3499 4785 vindi-

1929 4834 2048 4872 cem
2061 4856 2074 4870 .

2000 4910 2270 4977 Joseplttts
2313 4910 2622 4978 patriarcha
2668 4912 3045 4979 exspectabat,
3079 4924 3139 4968 ut
3185 4919 3500 4988 chartop/tg-

1931 5003 2022 5057 lus:
2049 5004 2190 5054 diem
2220 5019 2314 5069 pro
2340 5002 2548 5057 Latinis
2590 5005 2873 5072 refellerct.
2909 5006 2955 5058 ls
2987 5015 3068 5059 est
3093 5007 3331 5063 Joannes
3362 5011 3497 5066 Bee-

1931 5111 2051 5157 eus,
2088 5098 2180 5162 qui
2233 5095 2373 5146 hanc
2421 5110 2565 5146 anno
2610 5096 2743 5148 {264
2778 5096 3096 5149 obtinuerat
3145 5097 3493 5166 dignitatem,

1930 5186 2050 5252 ipso
2081 5185 2169 5235 Pa:
2191 5185 2416 5253 hymere
2465 5195 2602 5237 teste
2634 5187 2774 5239 libro
2804 5201 2886 5246 tit,
2920 5188 3099 5254 capite
3131 5189 3220 5241 9.4.
3258 5190 3497 5259 Dignita-

1929 5281 1996 5328 tis
2026 5275 2202 5328 ollicia
2250 5295 2314 5329 ac
2363 5290 2591 5329 munera
2639 5279 2761 5329 vide
2809 5284 2950 5344 apud
2983 5280 3220 5331 Gnarum
3253 5282 3306 5333 itt
3337 5283 3494 5338 Notis

1927 5368 1993 5420 ad
2051 5367 2288 5433 primum
2337 5366 2532 5419 Codini
2594 5377 2776 5434 caput.
2832 5366 3030 5420 Jussus
3088 5369 3176 5422 ille
3225 5371 3489 5424 demunt:

1926 5461 2165 5528 Aliquos,
2215 5461 2312 5523 ait,
2355 5475 2464 5511 esse
2506 5461 2795 5519 lia-reticos,
2843 5459 2962 5512 licet
3014 5477 3115 5513 non
3161 5463 3265 5513 dici
3292 5502 3306 5524 ,
3351 5473 3398 5514 et
3439 5465 3494 5516 iu

1925 5555 2061 5604 hanc
2092 5552 2311 5603 classem
2339 5553 2648 5619 redigendos
2677 5553 2864 5606 Italos.
2893 5552 3138 5620 Joseplto
3164 5555 3494 5620 patriarcha:

1925 5657 2177 5710 magnam
2203 5645 2404 5708 adjecit
2437 5644 2827 5696 conﬁdentiam
2863 5661 2923 5696 eo
2952 5645 3116 5696 libera
3148 5659 3265 5705 vox,
3299 5659 3495 5711 pereu-

1925 5733 1984 5785 lit
2018 5744 2197 5786 autem
2233 5734 2645 5801 imperatorem.
2680 5734 2864 5786 Verum
2893 5735 3296 5786 archidiaconus
3320 5733 3495 5801 (Meli-

1928 5827 2174 5892 teniota),
2229 5837 2276 5879 et
2328 5829 2837 5896 protoopostolarius
2885 5829 3182 5897 (Cyprius),
3216 5829 3268 5880 in
3313 5844 3367 5879 os
3412 5829 3491 5880 iili
