4198 6440
241 431 304 489 7'l
1386 437 1591 497 VITA.
1637 459 1704 470 -
1747 434 2262 496 DISSERTATIO
2305 434 2351 493 Ι.
3420 447 3488 507 τι

235 545 531 614 splendide,
568 562 682 612 quer
711 549 1029 600 mendaciter
1063 548 1499 617 afﬁrmabantur.
1525 586 1536 598 .
1562 586 1574 598 .
1609 547 1699 598 sed
1738 554 1810 598 te-
1842 555 1884 609 Α
1916 543 2038 596 dem
2080 559 2224 597 anno
2257 545 2413 608 1276,
2451 545 2659 600 electus
2695 547 2781 602 die
2817 550 2876 601 l3
2911 549 3276 619 Septembris,
3313 555 3485 607 όριιςι-

236 638 461 688 ncbatur
489 654 554 690 ne
584 639 636 689 id
681 639 874 707 faceret
901 656 986 704 ea,
1046 656 1202 708 quam
1229 640 1360 703 dixi,
1410 640 1636 691 ratione.
1691 635 1806 700 Qua

236 737 413 780 tamen
444 745 695 782 excussus
726 733 794 780 ad
821 740 1113 782 extremum
1151 740 1244 792 est,
1283 731 1458 782 venire
1481 738 1689 782 coactus
1722 729 1809 781 .ad

234 825 655 887 experimentum
703 822 899 887 scripto
957 825 1263 890 disputandi
1327 825 1575 874 adversus
1621 832 1807 874 contra

230 912 541 963 sentientes.
593 910 732 962 Ilinc
772 926 799 963 a
832 911 1009 964 Becco
1039 912 1238 979 scripta
1277 912 1428 979 plura
1463 913 1565 964 hoc
1599 921 1810 979 tempo-

234 1020 287 1057 re
349 1020 416 1057 ac
451 1005 716 1072 deinceps
754 1005 1031 1073 prodiere,
1058 1021 1179 1072 qua:
1209 1004 1577 1072 bibliograplii
1614 1017 1808 1056 recen-

231 1105 376 1148 sent.
416 1096 576 1149 Edita
627 1103 871 1164 prostant
929 1097 1190 1149 nonnulla
1244 1099 1387 1165 apud
1443 1094 1700 1149 Allatiuut
1755 1097 1810 1150 in

234 1186 443 1239 Cra-cia
489 1188 802 1250 orthodoxa,
840 1190 1046 1242 tomisl
1078 1201 1132 1243 et
1176 1188 1245 1242 ll.

300 1280 502 1334 Paucis
567 1279 859 1348 complecti
911 1280 1078 1334 liceat
1132 1279 1467 1350 Epigraphas
1515 1281 1657 1349 ejus,
1715 1295 1811 1333 seu

237 1367 676 1438 Prii-scriptiones
706 1373 760 1423 in
795 1373 937 1424 dicta
962 1389 1022 1424 ac
1059 1374 1348 1424 sententias
1365 1385 1671 1425 sanctorum
1709 1371 1814 1423 Pa-

233 1470 400 1520 truus,
437 1478 578 1527 quas
606 1464 717 1529 ipse
739 1463 1055 1527 collegerat.
1091 1464 1270 1517 Prima
1311 1466 1501 1518 Patres
1535 1465 1700 1518 oneri
1733 1464 1817 1516 tli-

232 1565 424 1606 centes
460 1553 721 1621 Spiritum
760 1565 1002 1608 sanctum
1037 1573 1068 1607 a
1103 1553 1264 1615 Filio.
1301 1557 1547 1624 aliosque
1581 1572 1674 1624 per
1731 1554 1816 1608 Fi-

234 1647 368 1698 lium
401 1661 419 1697 :
474 1647 681 1714 quibus
722 1647 1033 1712 evincitur,
1081 1648 1473 1715 prapositiones
1523 1663 1589 1699 ex
1631 1657 1678 1698 et
1719 1663 1816 1715 per

230 1742 369 1791 rires
407 1741 600 1791 habere
630 1741 881 1808 «quales.
931 1739 988 1793 In
1018 1740 1189 1792 altera
1224 1741 1559 1810 colliguntur
1590 1739 1812 1794 Patrum

233 1833 577 1895 testimonia,
607 1847 729 1900 quae
758 1833 1086 1884 continenter
1109 1841 1157 1884 et
1187 1833 1492 1888 immediate
1525 1831 1719 1885 Filium
1751 1848 1814 1884 ex

1913 645 2107 703 tusque
2135 651 2239 690 xvn
2271 637 2384 690 Kal.
2419 637 2565 692 Junii
2608 654 2756 692 anno
2793 641 3106 711 insequenti
3162 643 3319 700 I277.
3358 646 3492 699 Suc-

1911 728 2076 780 cessit
2104 729 2358 784 Nicotaus
2390 731 2474 795 Ill,
2512 732 2602 786 die
2637 732 2707 786 25
2743 733 3070 790 Novembris
3103 756 3116 791 :
3153 755 3264 806 quo
3293 740 3493 794 sedi-n-

1915 828 1986 882 te,
2019 821 2190 874 Graeci
2222 824 2382 893 legati
2411 835 2786 893 pervenerunt
2811 843 2935 882 cum
2979 831 3181 886 litteris
3209 833 3491 888 Micliat-lvs

1911 923 1966 962 et
2012 914 2306 967 Andronici
2344 918 2757 984 imperatorum,
2815 929 2872 974 et
2929 920 3159 976 Joannis
3205 924 3358 979 Becci
3397 943 3491 994 p.0-

1916 1003 2166 1057 triarcbae
2207 1010 2452 1074 :quibus
2500 1019 2680 1062 ratum
2735 1012 3065 1077 habebatur,
3099 1015 3368 1083 quidquid
3422 1023 3490 1071 ab

1914 1096 1994 1148 eis
2040 1095 2090 1147 in
2123 1099 2339 1164 negotio
2375 1099 2520 1164 pacis
2550 1105 2850 1167 expetitum
2905 1105 3106 1159 iuerat.
3143 1108 3332 1161 Refert
3397 1126 3491 1163 cas

1917 1186 2243 1242 Laurentius
2275 1190 2448 1244 Com
2512 1207 2578 1246 ex
2638 1193 2856 1258 llzovio,
2895 1209 2952 1251 et
2994 1199 3298 1268 llaynaldo,
3337 1214 3493 1270 parte

1918 1280 2086 1343 ιτ,‹]ε
2138 1280 2454 1337 Cra-corum
2506 1287 2824 1351 schismate,
2885 1292 3065 1359 capite
3126 1294 3216 1356 '55,
3261 1311 3289 1348 a
3335 1312 3489 1350 num.

1919 1371 2074 1428 H16.
2120 1373 2266 1430 Data:
2308 1389 2437 1433 sunt
2473 1382 2662 1434 mensis
2719 1384 2936 1450 Aprilis,
2965 1387 3161 1452 quinta:
3193 1390 3492 1444 indictionis

1915 1475 2061 1518 sexto
2119 1470 2336 1522 milleno
2386 1477 2609 1540 septimo
2667 1486 2883 1530 centeno
2933 1482 3253 1548 octogesimo
3313 1485 3494 1550 quinto

1917 1574 2079 1622 anno,
2119 1559 2322 1614 Christi
2368 1563 2628 1619 videlicet
2657 1569 2812 1621 I277.

1990 1650 2048 1703 lu
2079 1667 2140 1704 ea
2194 1670 2356 1722 quam
2393 1656 2600 1712 Beccus
2662 1663 2973 1728 patriarcha
3013 1669 3332 1738 scripserat.
3365 1670 3493 1737 ﬁdei

1919 1743 2168 1811 professio
2233 1748 2571 1804 continetur.
2625 1752 2702 1805 Ad
2758 1761 3164 1824 processioncm
3253 1764 3494 1832 Spiritus

1920 1839 2091 1891 sancti
2122 1840 2269 1907 quod
2307 1843 2523 1906 attinet,
2561 1846 2641 1900 sic
2667 1848 2853 1900 aiebat
2883 1869 2893 1902 :
2933 1869 2950 1899 ι
2992 1850 3342 1918 Profunditur
3368 1855 3459 1926 Spi
3481 1887 3494 1896 -

233 1924 398 1977 Patre
431 1941 545 1977 esse
574 1935 1036 1991 commonstrant;
1085 1924 1227 1978 unde
1262 1925 1518 1989 infertur,
1555 1923 1813 1994 Spiritum
1851 1905 1889 1956 Β
1923 1927 2060 1979 ritus
2115 1940 2342 1984 sanctus
2384 1934 2551 2001 (quod
2581 1940 2728 1990 enim
2785 1941 2974 2009 idem).
3011 1947 3261 2010 procedit,
3299 1962 3494 2014 quem-

230 2029 475 2070 sanetum
510 2033 620 2069 esse
651 2033 741 2086 per
779 2015 1005 2070 Filium.
1033 2017 1328 2071 Sententiae
1352 2026 1732 2084 congeruntur
1755 2023 1807 2069 in

233 2111 416 2171 tertia,
447 2126 572 2178 qua:
592 2108 799 2163 Filium
829 2123 1028 2164 vocant
1077 2111 1365 2180 imaginem
1394 2109 1592 2172 Patris,
1615 2120 1669 2162 et
1691 2109 1809 2178 Spi-

232 2208 390 2252 ritum
427 2211 680 2254 sanctum
709 2201 999 2271 imaginem
1043 2201 1162 2256 Filii
1220 2218 1238 2255 :
1293 2203 1439 2256 hunc
1498 2203 1709 2272 (aciem.
1761 2211 1809 2254 et

229 2292 599 2356 operationem
639 2290 838 2356 Patris,
902 2292 1054 2345 illum
1115 2294 1476 2359 operationem
1534 2293 1809 2360 etfaciem

233 2381 384 2436 Filii.
415 2383 628 2447 Quarta
658 2383 967 2438 testimonia
1021 2385 1290 2447 continet,
1325 2385 1526 2452 quibus
1575 2385 1810 2452 Spiritus

230 2475 566 2528 enuntiatur
614 2491 708 2544 per
763 2474 958 2528 Filium
998 2475 1156 2530 Patri
1214 2479 1461 2547 conjungi
1499 2496 1516 2531 :
1567 2493 1628 2532 ac
1679 2480 1809 2530 ordo

230 2570 501 2623 statuitur
539 2571 592 2621 in
624 2568 908 2630 Trinitate.
945 2569 1354 2641 Seripturarum
1401 2573 1729 2638 testimonia,
1779 2589 1810 2628 a

232 2659 498 2716 Patribus
543 2663 814 2729 exposita,
845 2663 899 2715 in
931 2664 1125 2732 quinta
1165 2663 1479 2735 Epigraplia
1523 2666 1812 2719 continen-

233 2763 341 2806 tur.
376 2754 615 2807 Exbibet
655 2765 807 2808 sexta
833 2757 1156 2819 sententias,
1187 2773 1308 2825 qua:
1341 2758 1808 2827 aaquipolleutiatn

235 2847 641 2908 demonstrant,
675 2848 786 2900 sive
819 2848 1033 2901 dicatur
1059 2849 1287 2919 Spiritus
1322 2867 1386 2903 ea:
1438 2851 1600 2905 Patre
1629 2869 1810 2921 proce-

235 2939 374 2998 dere,
412 2940 522 2990 sive
563 2955 626 2991 ex
660 2939 794 2992 Filio
829 2942 1084 3009 accipere.
1117 2943 1175 2994 In
1217 2943 1447 3010 septima
1477 2954 1722 3012 prostant
1746 2960 1808 2998 ea

237 3031 397 3086 dicta.
433 3045 559 3098 qua
610 3030 912 3094 decernunt,
946 3048 1010 3094 es;
1051 3033 1208 3084 Patre
1239 3037 1501 3102 progredi,
1541 3039 1808 3105 profundi,

234 3121 402 3172 emitti
428 3119 695 3188 Spiritum
725 3133 964 3175 sanctum
994 3126 1044 3176 in
1085 3127 1194 3178 illis
1227 3128 1502 3195 pericopis,
1546 3131 1596 3181 in
1627 3130 1811 3198 quibus

233 3215 381 3264 illum
417 3230 484 3265 α
525 3213 691 3265 Putre
718 3215 996 3282 procedere
1029 3217 1302 3278 dicendum
1333 3228 1469 3271 erat.
1525 3221 1720 3289 Agitur
1757 3225 1809 3276 in

232 3320 425 3359 octava
462 3317 662 3360 cnnlra
693 3321 788 3360 eos
819 3308 938 3375 qui,
974 3309 1260 3363 audientes
1283 3307 1538 3379 Spiritum
1571 3323 1806 3366 sanctam

231 3415 294 3450 α
330 3398 498 3450 Patre
529 3413 644 3450 esse
680 3398 777 3465 (et
812 3414 878 3450 ex
944 3398 1212 3468 Filioﬁo
1258 3411 1352 3453 aut
1404 3418 1500 3470 per
1532 3401 1730 3458 Filium
1769 3413 1810 3475 ),

231 3506 512 3553 emanare,
543 3504 592 3541 et
627 3490 839 3558 egredi;
867 3505 970 3541 non
1005 3490 1241 3544 divinam
1279 3489 1509 3561 Spiritus
1560 3507 1813 3550 naturain

229 3598 294 3633 ex
315 3584 495 3634 divina
529 3582 762 3633 essentia
794 3589 842 3633 et
882 3591 1073 3634 natura
1103 3581 1231 3635 Filii
1263 3600 1510 3638 emanare
1530 3599 1578 3640 et
1609 3589 1814 3658 efﬂuere

230 3677 523 3726 enuntiarit
558 3689 576 3726 :
609 3674 699 3725 sed
724 3674 966 3741 spiritale
1010 3676 1207 3728 donum
1275 3678 1449 3747 dignis
1509 3680 1810 3735 adveniens.

233 3765 581 3818 Testimonia
634 3764 967 3833 colliguntur
1028 3766 1077 3818 in
1137 3783 1306 3833 nona,
1364 3772 1526 3839 queis
1576 3775 1814 3826 essentia:

235 3856 416 3909 Patris
449 3866 500 3907 et
541 3854 679 3909 Filii
716 3859 972 3926 qualitas,
1014 3862 1165 3924 odor,
1208 3866 1391 3931 ﬂatus,
1426 3865 1624 3920 halitus
1677 3868 1814 3922 diei-

233 3959 326 4000 tur
362 3948 612 4014 Spiritus
642 3961 871 4006 sanctus
898 3971 909 4005 :
946 3954 1187 4022 itemque
1223 3954 1388 4008 Pater
1412 3957 1528 4026 [ous
1558 3959 1811 4029 Spiritus,

231 4050 278 4091 et
315 4038 490 4092 Fi‘ius
526 4039 646 4108 fons
681 4040 954 4110 Spiritus;
1007 4045 1216 4099 decima
1276 4049 1578 4103 sententias
1629 4051 1811 4118 on‘ert,

233 4146 354 4199 quae
376 4132 696 4193 enuntiant,
725 4135 777 4186 in
812 4131 1005 4187 Filium
1034 4137 1263 4189 transire
1295 4154 1411 4203 ante
1450 4149 1570 4192 sunt
1610 4141 1812 4208 Putris,

233 4235 467 4293 excepta
513 4226 871 4294 paternitate.
905 4226 1013 4282 Eas
1044 4245 1175 4283 vero
1207 4233 1493 4286 undecima
1545 4237 1812 4300 continet,

233 4319 519 4384 inquibus
549 4319 1015 4386 quemadmodum
1067 4328 1313 4393 proprius
1374 4326 1559 4380 Patris
1612 4327 1816 4384 dicitur

264 4408 420 4470 ‘ilius,
457 4411 531 4462 ita
570 4409 692 4463 Filii
731 4411 958 4478 Spiritus
986 4426 1240 4469 sanctus.
1281 4418 1474 4485 Agitur
1519 4419 1572 4472 in
1609 4421 1817 4474 duode-

228 4502 370 4553 t-ima
406 4511 608 4554 contra
637 4502 758 4556 illos
790 4505 906 4572 Qui,
933 4507 1220 4561 audientes
1253 4507 1516 4578 Spiritum
1555 4527 1618 4563 es
1641 4528 1812 4565 essen-

1921 2018 2213 2074 ndntodutn
2248 2041 2278 2075 a
2304 2024 2445 2091 fonte
2473 2025 2579 2080 Deo
2609 2040 2654 2081 et
2695 2028 2858 2086 Patre
2886 2053 2898 2086 :
2934 2036 3275 2102 profunditur
3304 2051 3487 2095 autem

1919 2123 1972 2165 ct
2009 2113 2071 2165 ab
2097 2115 2208 2181 ipso
2239 2116 2394 2175 Filia.
2427 2125 2890 2188 quemadmodum
2920 2145 2950 2178 α
2987 2128 3151 2194 fonte,
3189 2132 3335 2184 velut
3379 2137 3489 2186 uti-

1919 2222 2024 2274 quc
2053 2223 2116 2259 ex
2157 2209 2272 2277 ipso
2301 2212 2410 2264 Deo
2438 2225 2492 2266 et
2528 2215 2706 2269 Patre.
2737 2218 2840 2271 Sed
2880 2219 3008 2274 licet
3030 2222 3192 2277 Pater
3223 2225 3345 2278 fons
3373 2224 3494 2295 Sp?-

1921 2298 2057 2351 Iitus
2087 2304 2262 2354 sancti
2309 2306 2403 2365 sit,
2446 2318 2498 2357 et
2539 2307 2709 2361 Filius
2746 2310 2868 2363 lous
2921 2313 3164 2380 Spiritus
3225 2319 3297 2369 sit
3336 2336 3491 2374 :nou

1923 2400 2100 2445 tamen
2159 2396 2261 2446 duo
2293 2400 2458 2461 [antes
2509 2400 2748 2466 Spiritus
2787 2413 2912 2456 sunt
2963 2405 3144 2470 Pater,
3188 2421 3248 2462 et
3298 2409 3489 2466 Filius.

1924 2481 2094 2536 L'nnm
2129 2488 2277 2539 cnim
2329 2490 2535 2557 fontem
2576 2492 2836 2560 Spiritus,
2882 2494 3100 2551 Patrem
3163 2510 3209 2552 et
3270 2501 3491 2565 Filium,

1922 2573 2100 2629 ﬁdelis
2131 2589 2187 2632 et
2221 2581 2308 2648 pia
2378 2585 2738 2655 intelligentia
2794 2599 2964 2646 tenet.
3013 2593 3074 2646 Et
3129 2606 3353 2665 propter
3388 2597 3493 2654 hoc

1917 2685 2245 2725 communem
2274 2673 2476 2738 Patris,
2513 2687 2562 2730 et
2597 2678 2725 2732 Filii
2748 2680 3007 2748 Spiritum
3033 2696 3276 2741 sanctum
3304 2689 3494 2744 Eccle-

1919 2757 2014 2810 sia:
2064 2759 2357 2816 luminaria
2414 2774 2466 2818 et
2528 2766 2784 2823 doctores
2830 2773 3290 2841 tbeologizarunt.
3334 2776 3492 2832 Sicut

1919 2847 2063 2901 enim
2097 2851 2159 2902 de
2187 2854 2485 2908 substantia
2520 2855 2696 2911 Patris
2728 2863 3048 2916 naturaliter
3078 2863 3317 2934 Spiritus
3359 2879 3441 2922 est
3477 2889 3489 2922 :

1918 2940 1998 2994 sic
2029 2951 2084 2996 et
2116 2945 2218 3014 61
2258 2963 2320 2999 ex
2342 2950 2639 3004 substantia
2687 2953 2812 3006 Filii
2867 2959 3188 3011 naturaliter
3250 2962 3492 3031 Spiritus

1917 3042 2036 3095 est;
2079 3034 2224 3088 sicut
2259 3039 2560 3092 secundum
2598 3043 2963 3100 substantiam
3005 3048 3123 3102 Filii
3165 3051 3403 3118 exsistit,
3437 3063 3494 3110 ct

1922 3124 2044 3193 (sic)
2086 3129 2343 3197 proprius
2371 3142 2454 3185 est
2512 3136 2768 3190 essentia:
2829 3137 3027 3204 Patris,
3059 3152 3113 3196 et
3180 3161 3286 3199 non
3337 3156 3490 3199 extra

1920 3216 2060 3271 hanc
2090 3223 2338 3286 procedit
2392 3223 2445 3276 in
2483 3240 2622 3280 esse.
2657 3227 2999 3286 Naturalium
3022 3234 3175 3288 cnim
3214 3236 3488 3294 bonorum

1914 3310 2008 3363 Dei
2035 3323 2090 3363 et
2129 3312 2305 3367 Patris
2335 3320 2688 3373 essentialiter
2722 3323 2994 3379 exsistens
3041 3327 3210 3382 Filius
3258 3348 3491 3385 commu-

1915 3404 2142 3467 nicator,
2173 3407 2324 3460 liabet
2390 3409 2682 3479 Spiritum.
2719 3433 2738 3466 s
2777 3418 2856 3469 Ad
2890 3416 3077 3486 operis
3113 3423 3494 3490 complemen-

1916 3504 2028 3548 tum
2062 3492 2508 3558 hovosl‘iicolaus
2529 3507 2594 3558 ΙΙΙ
2625 3508 3330 3584 misitConstantinoliolim
3357 3532 3484 3571 cum

1909 3587 2115 3643 litteris
2151 3594 2375 3649 nuntios
2408 3613 2554 3652 anno
2594 3600 2747 3656 l278.
2805 3604 3065 3669 Qumuam
3104 3609 3400 3662 instructio
3460 3629 3489 3662 ει

1914 3681 2044 3733 sede
2062 3684 2358 3750 apostolica
2389 3688 2596 3744 eisdem
2629 3693 2754 3747 data
2775 3694 2961 3761 fuerit,
2993 3715 3222 3753 numero
3237 3705 3492 3771 sequenti

1915 3772 2232 3827 dicendum.

1990 3863 2077 3918 IV.
2110 3867 2272 3922 Becci
2325 3873 2650 3938 patriarcha:
2708 3887 2934 3932 erectus
2997 3882 3048 3934 in
3111 3889 3490 3952 promovendo

1915 3956 2296 4029 ﬁrmandoque
2330 3965 2489 4032 pacis
2539 3969 2760 4036 negotio
2792 3971 3013 4026 animus
3048 3977 3263 4032 animos
3315 3979 3493 4047 pluri-

1919 4061 2128 4100 morum
2159 4049 2211 4102 in
2246 4067 2304 4103 sc
2329 4053 2721 4108 concitaverat.
2759 4056 2875 4127 Ipse
2913 4060 3199 4124 imperator
3258 4065 3492 4138 (Pachy-

1919 4141 2084 4192 tucris
2139 4143 2322 4196 verbis
2355 4155 2504 4209 utor,
2542 4147 2686 4200 libro
2732 4164 2806 4213 vt,
2864 4152 3044 4219 capite
3102 4154 3210 4222 10),
3243 4158 3490 4210 studebat

1917 4234 2148 4286 nancisci
2189 4236 2402 4288 modum
2432 4239 2712 4292 hebetandi
2748 4243 2913 4295 acient
2963 4246 3134 4310 nimii,
3167 4264 3270 4316 quo
3289 4250 3489 4304 dudum

1917 4325 2295 4393 oﬁ'endebatur,
2324 4329 2422 4380 zeli
2455 4332 2800 4397 patriarchae.
2852 4352 2867 4383 ι
2921 4333 3111 4404 Itaque
3139 4339 3360 4395 evolutis
3391 4359 3485 4395 an-

1919 4415 1997 4463 nis
2025 4423 2275 4481 quatuor,
2311 4431 2376 4469 es
2415 4432 2524 4486 quo
2548 4419 2791 4473 Joannes
2831 4425 3241 4489 patriarcbatus
3274 4432 3487 4487 bonore

1918 4503 2283 4568 pra:celleb‘at.
2326 4523 2499 4559 mense
2528 4506 2846 4575 Februario,
2879 4517 3018 4565 uti
3055 4517 3200 4584 μῆνα
3230 4519 3490 4584 Ληναιὼ-

227 4591 303 4642 tia
341 4589 480 4644 Filii
512 4608 645 4656 esse,
682 4596 1002 4649 contendunt
1067 4599 1214 4651 aliud
1244 4616 1353 4653 esse
1384 4616 1448 4653 ex
1485 4605 1730 4665 essentia,
1763 4613 1811 4656 et

1917 4609 2002 4655 να,
2033 4596 2269 4661 septimis
2295 4597 2616 4661 indictionis,
2647 4618 2838 4669 graves
2862 4605 2914 4657 in
2944 4621 3070 4660 eum
3101 4613 3489 4667 accusationes

226 4683 380 4735 aliud
411 4699 479 4735 ex
517 4685 802 4756 hypostasi.
846 4687 972 4757 Agit
1025 4690 1246 4748 demum
1285 4695 1444 4747 tertia
1474 4694 1684 4749 decima
1712 4695 1809 4752 ad-

227 4791 458 4830 versum
489 4793 610 4844 eos,
633 4779 724 4847 qui
757 4778 960 4835 audent
996 4783 1180 4838 dicere
1216 4803 1227 4837 :
1255 4785 1550 4848 Emanare,
1581 4796 1632 4840 et
1688 4807 1810 4858 pro-

223 4869 398 4935 gredi,
455 4879 502 4921 et
537 4868 805 4938 eﬂ'ulgere,
839 4881 888 4922 et
919 4891 1176 4942 apparere
1210 4893 1273 4929 ex
1329 4876 1468 4931 Filio
1527 4879 1815 4947 Spiritum.

225 4975 331 5009 non
366 4961 613 5012 indicare
647 4961 794 5014 illum
854 4981 965 5018 esse
995 4968 1442 5037 substantialiter,
1503 4981 1551 5024 et
1605 4975 1662 5026 in
1710 4991 1812 5028 sua

221 5055 603 5120 bypostasiez
659 5051 838 5117 Filio,
870 5058 964 5108 sed
1015 5059 1380 5126 spiritualium
1435 5065 1694 5118 donorum
1749 5082 1815 5119 es:

221 5145 339 5211 ipso
395 5144 848 5201 distributionem.
908 5147 1085 5201 Cedro
1140 5153 1326 5220 utique
1377 5152 1600 5221 dignum
1653 5171 1813 5225 opus.

222 5236 353 5290 Hac
380 5236 582 5290 eadem
623 5253 769 5314 vero,
803 5255 923 5310 quae
958 5242 1013 5295 in
1054 5242 1157 5296 hoc
1187 5243 1366 5312 Opere
1401 5257 1671 5314 prostant,
1715 5250 1813 5304 ad-

223 5328 382 5382 hibet
420 5343 657 5398 magnus
685 5312 940 5385 Petavius
986 5344 1328 5404 argumenta,
1388 5312 1698 5402 continuat,
1756 5351 1812 5394 et

223 5422 470 5473 illustrat
503 5423 654 5474 libro
693 5439 788 5477 vin
822 5423 894 5476 De
924 5422 1200 5481 Trinitate.

300 5511 392 5564 III.
435 5511 544 5564 l‘ro
586 5510 1002 5568 confirmatione
1037 5517 1258 5571 unionis
1291 5533 1416 5572 cum
1451 5517 1639 5575 Latina
1660 5520 1812 5576 Grie-

218 5620 296 5656 ea:
350 5603 642 5666 Ecclesia,
703 5604 910 5673 legatos
935 5605 1003 5658 ad
1042 5604 1359 5662 Micbaelem
1390 5610 1809 5680 imperatorem,

219 5707 276 5747 et
329 5696 748 5756 Andronicum,
816 5710 878 5748 ac
939 5693 1202 5752 Joannem
1257 5702 1625 5768 patriarcbam
1662 5720 1810 5758 anno

224 5785 363 5838 1276
391 5785 783 5853 tle-signaverat
837 5785 1188 5842 Innocentius
1229 5790 1291 5843 ν.
1323 5793 1492 5846 Adire
1536 5793 1808 5848 Constm.

221 5879 518 5946 ginopolim
553 5875 719 5946 jussit
748 5892 842 5930 eos
867 5876 1108 5933 Joannes
1141 5879 1256 5941 XX,
1283 5883 1464 5938 dictus
1522 5882 1659 5950 XXI,
1717 5902 1807 5939 co-

559 5974 639 6029 l's
653 5989 822 6031 suos.
873 5971 919 6030 (ἓ
934 5992 990 6032 tt.
1041 5973 1271 6035 CXLII.

1915 4701 1942 4734 a
1973 4687 2306 4750 quibusdam
2341 4705 2370 4742 e
2398 4691 2546 4744 clero
2586 4695 2898 4747 conﬂantur
2932 4715 2944 4750 :
3017 4700 3312 4756 utteudaces
3376 4705 3488 4759 illa:

1914 4777 2134 4844 quidem
2165 4794 2227 4833 ac
2263 4781 2420 4849 plane
2451 4786 2660 4845 inanes,
2699 4801 2808 4840 non
2842 4798 3020 4842 tamen
3048 4793 3317 4860 ejusmodi
3345 4810 3487 4862 quas

1914 4883 2057 4938 aegre
2097 4871 2396 4939 imperator
2427 4873 2766 4931 admitteret.
2836 4898 2857 4930 ι
2892 4882 3109 4934 Annum
3149 4883 3283 4938 1279
3317 4887 3487 4941 allicit

1915 4959 2128 5013 indictis
2157 4963 2402 5030 septima.
2437 4964 2611 5036 Hujus
2656 4969 2784 5022 anni
2820 4970 2910 5024 dic
2975 4972 3009 5025 2
3064 4977 3272 5030 mensis
3327 4979 3474 5034 Junii

1917 5064 2150 5121 quatuor
2181 5057 2377 5126 integri
2403 5060 2814 5126 patriarcbatus
2832 5065 2962 5119 anui
2995 5069 3359 5137 esplebautur
3383 5091 3398 5133 :
3427 5086 3482 5128 at

1915 5163 2090 5201 mense
2119 5147 2420 5204 Februario
2443 5154 2809 5222 precedente,
2862 5164 3240 5217 accusationes
3288 5177 3482 5221 contra

1917 5240 2149 5294 Bcccum
2180 5242 2395 5298 delatas.

1984 5332 2378 5390 Patriarcbalia
2405 5338 2552 5407 jura,
2589 5357 2714 5410 qua
2753 5347 3185 5414 σταυροπηγίου,
3209 5360 3490 5419 staurope-

1915 5425 1986 5492 gii
2013 5425 2378 5492 appellantur,
2410 5432 2664 5486 minuere
2700 5439 2929 5489 tentavit
2977 5438 3207 5494 Michael
3244 5446 3487 5511 impera-

1911 5529 2020 5579 tor,
2055 5516 2274 5573 Novella
2309 5524 2453 5586 data,
2489 5540 2595 5592 qua
2629 5526 3030 5586 decernebatur
3078 5549 3090 5586 :
3127 5545 3180 5586 ut
3231 5553 3347 5600 qua
3375 5539 3488 5589 ubi-

1913 5622 2136 5670 cunque,
2179 5612 2260 5664 vel
2293 5613 2652 5686 cujuscunque
2687 5622 2826 5674 modi
2863 5626 3001 5691 loca,
3043 5626 3126 5680 uel
3166 5631 3487 5685 monasteria

1913 5703 2233 5767 patriarcha:
2287 5709 2379 5759 uni
2437 5711 2671 5779 subjecta
2727 5717 3372 5785 eatenus‘ccnsebantur,
3426 5741 3489 5776 ea

1913 5796 2154 5865 deinceps
2184 5801 2460 5870 episcopis,
2505 5821 2727 5874 quorum
2760 5813 2991 5879 prapriar
3021 5813 3250 5868 dicet-esis
3297 5829 3484 5880 essent,

1904 5887 2028 5957 jure
2072 5892 2342 5947 ordinario
2397 5897 2753 5969 subjacerent.
2819 5904 2892 5957 De
2951 5904 3122 5960 hocce
3167 5910 3492 5983 stauropegil

3027 5996 3059 6060 3
