4198 6440
243 444 253 472 l

231 415 301 457 7'3
1474 394 1676 457 VITA.
1717 415 1785 425 ’-

1910 386 2328 448 SSERTATIO
2375 386 2421 444 ι.
3413 383 3484 445 73

223 534 324 581 tias
362 547 375 580 :
419 536 478 577 ut
512 525 717 576 frustra
747 522 859 591 jam
893 517 1028 578 sint.
1060 515 1154 584 qui
1194 512 1344 567 hisce
1404 510 1633 564 vocibus
1669 522 1792 577 pro-
1832 514 1868 564 Α
1905 502 2058 555 fateri
2092 518 2104 553 :
2140 498 2517 591 Ambrosium.
2555 494 2951 591 Augustinum:
2994 506 3047 549 et
3088 495 3476 591 Hieronymo...

219 617 543 672 cessionem
579 622 837 665 αξιοι-ηοω
884 606 1122 677 Spiritus
1160 601 1333 658 sancti
1381 616 1449 655 ex
1513 598 1671 661 Filio,
1706 605 1800 648 :mt

220 727 318 769 per
356 708 566 761 Filium
625 704 853 770 rejieere
915 700 1277 754 contendant.
1342 695 1467 750 Haec
1527 691 1797 747 latissimo

220 776 438 855 Beceus
468 808 691 853 enarrat
717 796 771 850 in
806 793 1113 864 Epigrapba
1140 806 1261 845 xm.
1294 788 1528 844 Sanctus
1547 778 1797 843 Basilius,

221 896 317 947 lib.
361 908 404 946 ιι
457 894 718 944 Adversus
768 887 1106 946 Eutmntiuns,
1144 898 1293 936 num.
1343 878 1435 943 25,
1469 878 1545 931 ait
1585 874 1801 944 Opinio-

223 999 348 1036 nem
387 982 657 1034 omnibus
678 978 1007 1033 Christianis
1030 988 1378 1029 communem
1423 982 1570 1025 esse.
1606 964 1799 1019 Filium

223 1074 492 1127 videlicet
524 1074 640 1137 φῶς
665 1065 804 1121 εἶναι
834 1066 1093 1134 γεννητὸν
1119 1065 1182 1116 ὲκ
1230 1060 1325 1114 τοῦ
1354 1059 1657 1126 ἁγεννήτου
1686 1072 1800 1121 φω-

221 1169 329 1226 τὶς.
370 1166 544 1216 lucent
574 1163 807 1231 genitam
860 1172 1052 1211 esseea:
1100 1155 1333 1225 ingenita
1370 1153 1503 1213 luce,
1555 1147 1803 1214 ἀπολάμ-

226 1260 440 1325 ψιντι,
519 1253 963 1324 resplendentem.
1013 1248 1250 1303 Sanctus
1302 1244 1557 1314 Cyrillus.
1584 1244 1636 1293 in
1676 1239 1804 1293 The-

223 1366 413 1410 sauro,
439 1363 565 1417 pag.
604 1345 693 1407 ιε),
745 1344 882 1398 edit.
947 1340 1143 1401 Paris.,
1216 1336 1395 1389 1658'.
1457 1332 1621 1385 Nemo
1669 1342 1803 1380 recte

221 1447 461 1497 sentiens
494 1442 713 1503 direrit,
746 1438 1106 1508 generalium
1142 1434 1233 1486 Dei
1253 1433 1528 1486 essentiam
1553 1431 1804 1482 damnum

224 1534 400 1585 ullum
450 1532 536 1582 vel
565 1530 804 1599 emarcum
831 1528 964 1596 pati,
991 1541 1108 1577 cum
1138 1540 1274 1575 unus
1307 1538 1367 1575 ac
1384 1521 1526 1573 solus
1554 1520 1611 1582 ἐξ
1635 1518 1805 1580 αὐτῆς

223 1623 619 1690 ἑκὶάξιψπσειν,
684 1620 927 1687 effulgent
985 1616 1169 1669 Filius.
1213 1614 1429 1667 Studita
1492 1613 1546 1663 iu
1590 1626 1700 1662 uno
1738 1624 1805 1661 cx

223 1714 601 1765 Gradualibus
632 1728 647 1763 :
678 1711 1155 1779 Spiritussauctus.
1186 1744 1199 1757 .
1225 1743 1237 1757 .
1270 1705 1358 1772 qui
1381 1701 1624 1755 exPatre
1647 1697 1808 1752 simul

225 1806 424 1869 eluxit,
448 1806 518 1855 ἐκ
547 1803 757 1869 Πιτρὸς
787 1800 1197 1868 συνεκλὰμψαν.
1218 1797 1345 1851 [lac
1375 1796 1644 1849 indicasse
1676 1809 1806 1863 pa't-

226 1916 313 1962 ca.
354 1899 497 1951 satis
532 1912 547 1950 :
578 1896 728 1963 plura
759 1893 1016 1946 dabimus
1065 1889 1230 1944 infra.

300 1992 381 2059 (ἓ)
414 2009 433 2039 ‹
485 2008 504 2038 ι
542 1986 829 2040 Procedere
859 1986 990 2052 quin
1024 1983 1215 2042 etiam,
1249 1978 1507 2033 aflirmari
1537 1978 1741 2047 reperit
1777 1992 1807 2029 a

226 2096 426 2140 sancto
463 2084 724 2143 Maximo,
776 2078 979 2133 deinde
1033 2093 1063 2130 a
1122 2090 1336 2130 summo
1366 2089 1584 2143 quoque
1625 2072 1799 2125 Theo-

230 2180 355 2247 lnga
382 2176 716 2228 Damasceno
740 2188 757 2224 :
785 2172 985 2241 quibus
1003 2177 1373 2223 consentanee
1393 2181 1647 2235 maguum
1674 2180 1810 2233 pra:-

232 2282 386 2324 tcrea
434 2266 736 2328 Turasitun,
768 2278 895 2317 cum
936 2262 1189 2315 universa
1217 2260 1452 2327 septima
1489 2259 1718 2327 synodo.
1752 2258 1806 2309 in

231 2358 590 2415 confessione
618 2354 742 2408 fidei
766 2354 832 2406 ad
871 2350 1182 2407 Orientales
1214 2348 1589 2418 patriarchas,
1637 2344 1809 2399 mani-

233 2452 374 2505 feste
402 2444 1154 2518 deprehenditdisseruisse.
1193 2460 1213 2492 ο
1240 2439 1467 2494 lazinsi
1500 2440 1680 2493 locum
1717 2453 1811 2490 ex-

232 2543 534 2613 pendimus
561 2539 740 2608 capite
770 2538 827 2602 2,
864 2551 1016 2591 num.
1047 2538 1104 2590 2.
1134 2534 1450 2589 Damasceni
1496 2530 1808 2586 testimonia

232 2634 448 2699 accipe.
508 2629 676 2683 Libro
707 2644 720 2680 l
752 2627 829 2681 De
861 2627 967 2694 ﬁde
1006 2626 1321 2689 orthodoxa,
1347 2623 1525 2691 capite
1552 2622 1609 2676 Η
1650 2640 1663 2675 :
1696 2621 1813 2689 Ipse

231 2725 445 2792 quippe,
466 2720 674 2786 (Pater)
697 2719 859 2774 Verbi
883 2717 1121 2787 genitor,
1158 2717 1265 2768 Kal
1287 2715 1377 2767 διὰ
1421 2714 1582 2779 λόγου
1610 2715 1811 2781 προδο-

237 2816 362 2876 his;
396 2808 799 2879 ἐκφαπορικοῦ
825 2809 1162 2879 Πνεύματος,
1190 2807 1252 2859 Et
1278 2823 1371 2877 per
1409 2807 1617 2859 verbum
1643 2808 1813 2859 mani-

240 2908 490 2974 festantis
558 2902 966 2972 (cuuntiatmii.
1024 2900 1545 2969 esplendeseeutis‘,
1580 2899 1813 2968 Spiritus

238 2998 550 3065 prodactor.
605 2994 855 3061 Itemque
890 2991 1015 3045 Filii
1074 2991 1279 3061 quoque
1314 2990 1542 3061 Spiritus
1593 2991 1811 3052 dicitur,

238 3092 337 3157 οὐχ
363 3089 441 3149 ὡς
475 3089 537 3153 ἐξ
568 3087 760 3149 αὐτοῦ,
793 3086 909 3138 ἀλλ’
936 3086 1009 3146 ὠς
1040 3084 1110 3137 δι’
1152 3084 1317 3137 αὑτοῦ
1344 3086 1406 3136 ἐκ
1449 3082 1545 3135 τοῦ
1604 3082 1813 3150 [la-pb;

238 3183 700 3251 ἰκπορευομενον.
738 3180 912 3240 Μόνος
943 3178 1049 3245 γὰρ
1078 3178 1249 3238 αἴτιος
1279 3178 1306 3228 6
1338 3177 1567 3245 Πατήρς
1603 3191 1704 3226 non
1730 3190 1812 3226 ee-

239 3276 317 3327 latt
354 3291 415 3325 ex
464 3275 604 3339 ipso,
644 3272 734 3324 sed
778 3286 870 3339 per
919 3270 1094 3337 ipsum
1146 3284 1209 3321 ea:
1278 3266 1441 3321 Patre
1502 3266 1806 3336 procedens.

237 3364 397 3418 Solus
422 3366 564 3414 enim
596 3360 759 3415 Pater
786 3369 971 3413 auctor
998 3368 1073 3412 est
1105 3374 1209 3413 :eo
1248 3358 1505 3411 nimirum
1532 3357 1639 3427 65
1690 3372 1812 3410 sen-

237 3472 332 3518 su,
358 3468 471 3522 quo
500 3452 652 3506 solus
681 3452 840 3504 Pater
874 3449 964 3502 ille
993 3457 1100 3511 est.
1148 3464 1176 3501 a
1199 3463 1308 3517 quo
1336 3447 1492 3500 οὐσία
1518 3447 1719 3504 omnis.
1750 3460 1812 3498 ac

238 3550 300 3599 τ’)
328 3543 499 3608 εἶναι,
534 3544 641 3597 hoc
668 3552 754 3595 est
779 3557 889 3594 esse
914 3538 1347 3608 omne,profluit,
1370 3548 1476 3590 tam
1504 3538 1810 3591 increatum

236 3654 406 3708 quam
442 3647 711 3690 creatum.
754 3634 1133 3699 Proﬂuitergo
1160 3646 1189 3684 a
1224 3632 1380 3684 Patre
1412 3630 1465 3682 in
1508 3628 1705 3681 Filium
1735 3629 1814 3679 si-

237 3730 356 3783 cuti
392 3738 615 3790 natura,
652 3728 724 3779 ita
751 3726 928 3780 virtus
962 3722 1205 3795 spirandi
1234 3741 1246 3776 :
1280 3732 1335 3776 et
1360 3737 1425 3775 ex
1452 3721 1551 3773 hac
1585 3721 1811 3782 virtute.

237 3838 366 3888 qua:
399 3836 507 3873 una
534 3828 620 3872 est
652 3818 705 3870 in
738 3818 896 3871 Patre
922 3827 977 3869 et
1010 3819 1063 3869 in
1103 3815 1261 3879 Filio,
1288 3813 1537 3883 procedit
1568 3812 1813 3880 Spiritus

238 3924 470 3967 sanctus
502 3910 819 3963 immediate
844 3929 856 3962 :
881 3909 1134 3977 factaque.
1160 3906 1566 3976 suppositorum
1591 3919 1816 3971 expres-

238 4023 265 4058 s
290 4021 419 4067 one,
471 4019 501 4055 a
535 4002 693 4055 Patre
728 4002 974 4071 procedit
998 4016 1095 4069 per
1128 4000 1351 4053 Filiutu.

310 4094 599 4148 ἄξιοι-ηοω
631 4095 769 4147 hanc
801 4108 922 4147 esse
949 4092 1181 4160 Spiritus
1208 4091 1380 4145 sancti
1429 4105 1456 4143 a
1488 4090 1645 4143 Patre
1694 4103 1818 4157 pro-

242 4189 557 4241 cessionem
593 4201 687 4253 per
722 4185 942 4248 Filium,
979 4188 1110 4239 satis
1136 4184 1396 4237 evincunt
1420 4184 1583 4237 verba
1608 4198 1816 4236 memo-

244 4292 382 4340 rata,
407 4277 881 4343 disi-rtissimeque
944 4274 1197 4335 enuntiat
1227 4275 1378 4327 locus
1431 4273 1572 4326 alius
1608 4274 1659 4324 in
1696 4272 1819 4325 Dia-

244 4373 367 4439 lugo
422 4380 618 4422 eontra
682 4367 1005 4421 Manichatos
1062 4382 1212 4418 num.
1276 4366 1330 4419 5.
1400 4363 1563 4417 Pater
1620 4380 1821 4432 semper

251 4460 476 4511 llrbum
504 4475 661 4510 suum
688 4474 750 4508 ex
782 4458 1115 4524 segenitum,
1147 4457 1239 4508 καὶ
1271 4456 1359 4507 διὰ
1384 4455 1475 4506 τοῦ
1514 4456 1673 4521 λόγου
1725 4455 1817 4507 αὖ·

1908 594 2309 662 processionem
2338 590 2574 659 Spiritus
2597 589 2770 641 sancti
2809 604 2871 640 ex
2917 587 3103 651 Patre,
3159 604 3283 642 cum
3326 588 3480 642 add.-

1910 685 2059 737 tiottt:
2089 699 2151 736 cx
2185 682 2315 735 Filio
2341 681 2612 735 docuisse.
2681 680 2949 735 Ceterum
2996 682 3172 734 l’hotii
3205 685 3482 750 exceptio,

1905 792 2000 829 cos
2026 776 2214 828 Patres
2258 783 2310 825 ut
2364 772 2648 836 Romanos,
2701 788 2807 825 non
2864 781 2919 823 ut
2957 772 3187 835 Graecos,
3244 775 3481 827 additio-

1906 884 2031 920 nem
2072 866 2753 935 ioiiprubasse;nimium
2811 883 2973 933 quam
3035 866 3247 920 infirma
3308 868 3478 921 Becco

1907 960 2021 1011 visa
2057 968 2158 1011 est.
2206 976 2223 1005 ι
2286 956 2437 1009 lianc
2473 968 2705 1023 partem,
2755 974 2878 1025 qua:
2910 957 3233 1012 Latinorum
3261 960 3479 1013 Patrum

1906 1057 2147 1102 mentem
2175 1047 2421 1115 exponit.
2467 1046 2906 1103 luculentissime
2948 1050 3274 1118 exsequitur
3326 1051 3484 1103 Peta-

1909 1140 2038 1193 vius
2067 1140 2208 1192 libro
2233 1156 2324 1203 vtt,
2357 1140 2525 1194 citato
2558 1139 2736 1207 capite
2762 1139 2813 1191 8.
2867 1141 3045 1195 Photti
3100 1142 3480 1211 exceptionem

1906 1230 2119 1283 elidunt
2161 1230 2515 1284 (acumenicae
2586 1230 2805 1301 synodi,
2845 1232 2932 1285 vel
2999 1233 3050 1285 in
3088 1234 3207 1301 ipso
3257 1232 3483 1288 Orienti:

1876 1320 2218 1385 celebrate,
2265 1337 2385 1391 qua:
2443 1322 2651 1377 Latinis
2684 1323 2958 1387 Patribus,
3008 1326 3352 1394 maximeque
3392 1326 3483 1379 lli-

1909 1412 2065 1476 lario,
2099 1415 2406 1478 Ambrosio,
2468 1414 2795 1483 Augustino,
2834 1416 3022 1481 Leoni,
3052 1416 3315 1485 Gregorio
3348 1419 3483 1471 ntul-

1908 1514 2019 1558 tuui
2052 1521 2109 1559 se
2140 1506 2387 1560 tribuere
2424 1506 2749 1575 proﬁtentur
2784 1524 2796 1558 :
2825 1519 2879 1561 et
2924 1524 3046 1577 quae
3080 1494 3332 1578 dogmata
3369 1521 3479 1563 sta-

1910 1608 2091 1663 tuunt,
2121 1614 2184 1652 ex
2210 1600 2427 1652 illorum
2459 1602 2623 1654 etiam
2650 1603 2979 1658 auctoritate
3004 1603 3328 1657 decernunt.

1978 1691 2057 1759 (ι)
2096 1709 2113 1740 ι
2142 1691 2217 1744 Ac
2246 1707 2389 1745 nunc
2412 1692 2633 1760 quidem
2674 1696 2878 1747 invenit
2912 1694 3264 1748 Athanasium
3290 1692 3480 1747 dicen-

1913 1790 2019 1832 tem
2056 1796 2069 1830 :
2100 1780 2239 1833 Fieri
2263 1793 2434 1836 autem
2474 1801 2575 1836 non
2608 1794 2815 1851 poterat
2851 1788 2906 1837 in
2970 1787 3248 1839 Trinitatis
3302 1790 3488 1839 ordire

1841 1868 1879 1919 ll
1910 1874 2151 1940 cognosci
2198 1873 2480 1941 Spiritum,
2518 1893 2621 1928 non
2674 1879 3005 1947 progressive
3058 1880 3395 1932 ersistentcnt
3424 1897 3486 1931 c.1-

1912 1964 2019 2017 Dco
2049 1982 2139 2034 per
2172 1966 2406 2030 Filium;
2444 1969 2533 2020 sed
2579 1970 2876 2037 efﬁcienter,
2908 1980 2999 2022 aut
3045 1972 3367 2040 produrtiee,
3429 1982 3482 2023 at

1908 2057 2219 2125 loquuntur.
2281 2058 2437 2111 Nunc
2487 2058 2739 2128 Magnum
2769 2060 3031 2115 Basiliutn
3072 2079 3084 2115 :
3127 2062 3483 2117 I’osteriorem

1911 2148 2121 2215 quidem
2154 2149 2355 2215 origine
2386 2146 2526 2201 Filio
2564 2148 2849 2218 Spiritum,
2897 2152 3062 2204 tradit
3088 2151 3320 2205 videlicet
3361 2170 3485 2206 t'cra

1908 2238 2172 2292 doctrina.
2221 2258 2234 2291 ι
2294 2240 2576 2293 Athanasii
2608 2242 2982 2295 testimonium
3006 2254 3184 2298 exstat
3215 2246 3265 2297 in
3326 2245 3487 2299 Refu-

1912 2331 2115 2384 tatione
2148 2332 2453 2402 hypocrisis
2478 2331 2699 2393 Meletii.
2753 2345 2809 2387 et
2866 2336 3091 2390 Eusebii
3133 2338 3487 2392 Ssmosateu-

1911 2424 2005 2476 sis.
2039 2424 2189 2491 Opus
2227 2424 2370 2477 istud
2412 2426 2555 2479 inter
2598 2426 2764 2479 dubia
2834 2439 3088 2483 recenset
3149 2432 3486 2487 Moutfaueo-

1914 2516 2055 2569 nius.
2086 2516 2213 2569 Loci
2247 2517 2393 2571 allati
2421 2518 2740 2572 nitidiorem
2803 2522 3306 2590 interpretationem
3359 2544 3487 2595 pro-

1913 2607 2029 2659 fero
2094 2625 2106 2659 :
2156 2608 2315 2676 Atqui
2364 2610 2685 2677 impossibile
2741 2623 2894 2676 esset,
2978 2616 3255 2670 Trinitatis
3312 2619 3487 2686 gloria

1913 2696 2171 2765 Spiritum
2199 2699 2512 2768 gloriﬁcari,
2568 2701 2645 2769 μὴ
2685 2703 2960 2769 προδικῶς
3012 2705 3072 2755 ὃν
3118 2710 3183 2758 ἐκ
3351 2708 3488 2761 Θεοῦ

1912 2792 1977 2842 δι’
2005 2790 2159 2853 Υἱοῦ,
2191 2794 2325 2845 ἁ).λὰ
2358 2796 2655 2861 ποιητικῶς
2685 2799 2747 2848 ὲκ
2778 2797 2912 2849 Θεοῦ
2979 2802 3217 2865 γηονδς,
3272 2804 3347 2861 di;
3401 2805 3485 2856 M-

1914 2899 2107 2947 γουσι.
2142 2885 2185 2935 si
2224 2901 2315 2951 per
2350 2889 2733 2953 processionem
2790 2905 2855 2941 ea:
2876 2889 2980 2943 Deo
3017 2908 3107 2959 per
3146 2892 3340 2946 Filium
3382 2912 3487 2948 non

1914 2984 2065 3038 esset,
2090 2977 2239 3044 sique
2262 2993 2339 3029 res
2374 2978 2553 3044 effecta
2593 2996 2624 3031 a
2660 2978 2767 3032 Deo
2799 2992 2950 3044 esset,
2988 2992 3042 3033 ut
3080 2986 3372 3054 aiuntipsi.
3416 2987 3487 3041 De

1915 3082 2117 3122 interna
2154 3074 2253 3123 hoc
2291 3072 2415 3124 loco
2466 3070 2712 3140 Spiritus
2768 3075 2942 3126 sancti
2987 3075 3350 3143 productione
3372 3093 3487 3132 ser-

1919 3180 2006 3216 mo
2034 3172 2136 3217 est.

1988 3256 2103 3307 Alia
2138 3271 2394 3322 germana
2426 3257 2929 3327 profertAthanasii
2953 3261 3212 3314 loeaduo.
3240 3263 3483 3319 Primum

1916 3345 2114 3414 legitur
2150 3345 2202 3398 in
2237 3346 2376 3398 libro
2415 3347 2482 3400 de
2544 3348 2780 3401 humana
2836 3362 3026 3404 natura
3083 3368 3110 3405 a
3154 3353 3332 3407 Verbo
3369 3372 3486 3410 sus-

1914 3448 2091 3505 cepta,
2135 3452 2230 3489 seu
2261 3440 2325 3490 de
2368 3437 2748 3493 lucarnationc
2796 3458 2947 3495 num.
2975 3442 3027 3496 9.
3068 3442 3241 3496 Norat
3270 3446 3486 3515 (David)

1916 3532 2066 3597 παρὰ
2098 3530 2172 3598 τῷ
2201 3530 2321 3598 Θεῷ
2365 3531 2539 3599 lla.th
2580 3532 2708 3583 ὄντα
2744 3533 2833 3583 τὸν
2867 3534 3014 3595 Υξὸν,
3059 3538 3153 3602 τὴν
3186 3540 3368 3606 πηγὴν
3393 3542 3488 3592 τοῦ

1920 3626 2080 3689 ἁγίου
2115 3622 2462 3688 [ινεύματος.
2496 3625 2638 3691 apud
2664 3624 2828 3674 Deum
2861 3625 3074 3677 Patrem
3134 3644 3243 3680 esse
3285 3627 3486 3681 Filium

1919 3719 2111 3785 {autem
2133 3717 2361 3783 Spiritus
2381 3718 2568 3769 sancti.
2596 3716 2837 3769 Alterum
2864 3718 3091 3772 habetur
3111 3721 3160 3773 in
3185 3724 3433 3777 oratione
3454 3727 3487 3779 5

1919 3819 2106 3860 contra
2138 3810 2371 3859 Arinuos
2406 3825 2555 3863 num.
2594 3810 2662 3861 ‘Z-l
2694 3830 2703 3861 :
2746 3810 3012 3878 namque,
3062 3822 3115 3864 ut
3156 3816 3347 3867 dictum
3387 3828 3485 3879 est,

1916 3899 2021 3963 ipse
2049 3898 2259 3965 (Filias)
2294 3898 2383 3948 dat
2418 3899 2642 3966 Spiritui
2699 3914 2716 3951 .'
2768 3909 2814 3951 et
2873 3918 3195 3971 quacunque
3255 3902 3486 3974 Spiritus

1918 3990 2089 4051 hab.t,
2124 3992 2232 4043 Ita'c
2268 4009 2296 4041 a
2332 3990 2492 4043 Verbo
2524 3994 2699 4055 habet,
2738 3997 2829 4045 καὶ
2860 3996 2955 4045 ὅσα
2986 3998 3097 4065 ἔχει
3142 3999 3200 4049 το
3238 3998 3484 4067 Πνεῦμα.

1918 4082 2089 4134 ταῦτα
2126 4081 2275 4151 παρὰ
2308 4083 2400 4133 τοῦ
2454 4085 2624 4149 Λόγου
2660 4086 2792 4153 ἔχει.
2841 4105 2858 4137 ι
2899 4088 3041 4157 Ergo
3089 4090 3355 4159 quidquid
3394 4093 3488 4145 lt:-

1920 4173 2009 4227 bet
2066 4174 2303 4244 Spiritus
2363 4187 2587 4231 sanctus
2647 4179 2871 4245 (Petavii
2907 4182 3311 4237 animadversio
3358 4186 3484 4254 est).

1920 4267 1974 4319 id
2000 4268 2209 4335 accepit
2235 4283 2262 4319 a
2287 4266 2444 4320 Filio.
2478 4269 2646 4321 Habet
2676 4279 2856 4322 autem
2903 4272 2955 4324 in
3008 4275 3201 4341 primis
3233 4286 3487 4330 naturam

1922 4368 1969 4410 et
2010 4359 2385 4411 exsisteutiam.
2415 4360 2527 4413 lloc
2566 4361 2712 4413 enim
2751 4360 2914 4415 Verbi
2948 4364 3061 4431 (τοῦ
3102 4367 3300 4437 Λόγου)
3329 4385 3487 4422 voca-

1925 4451 2133 4511 bulum,
2182 4466 2306 4503 eum
2366 4468 2654 4519 personam
2696 4466 2747 4506 et
2798 4455 3134 4523 hypostasim
3193 4460 3485 4527 signiticet.

244 4552 339 4601 τοῖν
409 4549 894 4617 ἐκπορευόμενον·
940 4546 1005 4599 Et
1056 4563 1147 4616 per
1206 4548 1417 4600 verbum
1473 4563 1625 4601 suum
1668 4549 1807 4601 habet

1923 4554 2112 4611 aperte
2144 4543 2505 4606 demonstrat,
2536 4545 2600 4597 ab
2631 4546 2746 4611 ipsa
2791 4545 2915 4600 Filii
2968 4565 3190 4615 persona
3238 4566 3483 4616 manare,

249 4644 511 4711 Spiritum
542 4658 695 4693 suum
731 4656 791 4693 ea:
811 4656 865 4692 se
887 4640 1267 4706 procedentem.

323 4734 488 4785 l‘aria
521 4742 673 4793 sunt,
708 4746 826 4797 qua:
856 4729 1118 4783 Tarasius
1146 4728 1457 4797 patriarcha
1508 4727 1821 4784 Constanti-

250 4827 614 4895 nopolitanus
682 4822 1041 4890 profitebatur
1112 4820 1164 4873 in
1227 4820 1573 4876 confessione
1646 4821 1819 4884 ﬁdei,

252 4925 473 4974 nemone
502 4935 564 4971 ιιι
596 4917 812 4969 concilii
866 4914 1067 4969 Niczni
1104 4929 1163 4975 Il,
1187 4968 1193 4974 ,
1218 4928 1362 4965 anno
1396 4913 1501 4967 787
1535 4915 1817 4970 celebrati.

254 5014 345 5067 Sic
414 5013 491 5064 ait
527 5029 539 5062 :
575 5008 855 5076 Credimus
898 5044 913 5059 .
943 5044 957 5057 .
984 5045 999 5059 .
1031 5012 1077 5057 et
1132 5006 1185 5057 in
1238 5003 1495 5073 Spiritum
1556 5016 1820 5072 sanctum,

252 5110 315 5157 kz
343 5104 438 5157 τοῦ
470 5100 685 5167 Πεῖρος
718 5098 785 5149 δι’
815 5098 937 5150 rio-3
996 5097 1452 5165 ἐκπορευόμενον,
1480 5114 1511 5149 a
1540 5096 1700 5149 Patre
1730 5114 1821 5166 per

256 5198 446 5251 {filiam
475 5193 866 5262 procedentem.
910 5190 1005 5242 καὶ
1048 5190 1138 5241 τὸν
1165 5190 1300 5241 Θεὸν
1333 5188 1461 5239 ὄντα
1498 5190 1588 5240 καὶ
1620 5206 1817 5258 γνωρι-

260 5291 508 5353 Caunos,
546 5297 597 5335 et
632 5286 801 5351 ipsum
842 5280 1003 5332 Deum
1041 5295 1168 5343 esse,
1203 5288 1248 5331 et
1279 5281 1537 5348 cognosci.
1581 5279 1737 5333 llisce
1767 5281 1819 5332 iu

262 5384 391 5435 locis
415 5380 482 5431 de
512 5374 801 5443 temporali
833 5388 929 5441 per
961 5371 1226 5424 donorum
1255 5371 1663 5423 concessionem
1696 5370 1821 5439 Spi-

262 5476 394 5524 ritus
427 5468 603 5522 sancti
638 5467 891 5518 missione
914 5476 1218 5516 sermonem
1249 5476 1388 5524 eSse,
1428 5470 1620 5527 captus
1642 5472 1821 5515 mente

258 5565 420 5618 fuerit
452 5562 547 5630 qui
582 5557 896 5611 contendat.
952 5554 1152 5623 Insigni
1198 5553 1511 5605 Damasceni
1575 5552 1819 5606 testimo-

261 5660 349 5709 nio
384 5651 732 5720 frc.,uetitius
762 5648 1016 5701 utebatur
1060 5646 1265 5700 Beccus
1305 5646 1415 5697 :dc
1467 5659 1575 5712 quo
1644 5646 1821 5699 adhuc

264 5746 489 5799 inferius
512 5741 808 5810 agendum.

332 5838 403 5904 (3)
436 5855 453 5885 ε
490 5837 571 5886 Ad
615 5834 729 5886 h:t-c
770 5833 989 5900 insuper
1053 5830 1281 5894 invenit,
1336 5830 1511 5897 ipsum
1566 5827 1817 5882 Pbotium

1924 4642 1979 4687 et
2018 4634 2285 4687 exsistere
2312 4632 2577 4701 Spiritum
2636 4646 2928 4689 sanctum:
2969 4654 3147 4707 neque
3204 4643 3381 4696 solum
3418 4648 3483 4699 ab

1922 4726 2034 4791 ipsa
2060 4723 2154 4778 Dei
2168 4727 2414 4791 essentia,
2434 4742 2553 4793 qua:
2570 4728 2641 4780 sit
2658 4727 2711 4781 in
2733 4728 2890 4793 Filio,
2917 4740 2975 4781 ut
2995 4731 3167 4786 Graeci
3189 4744 3483 4803 nugantur.

1925 4815 2027 4868 Sed
2078 4830 2180 4869 nec
2212 4816 2369 4871 aliter
2412 4832 2513 4870 vox
2557 4818 2849 4886 accipiendi
2895 4822 3207 4890 detorqueri
3270 4836 3485 4894 potest;

1924 4906 2055 4975 quin
2085 4907 2159 4972 id,
2181 4909 2326 4976 quod
2361 4909 2614 4970 οὐσιῶδες
2644 4911 2715 4963 sit
2746 4909 2967 4979 Spiritui
2997 4926 3207 4977 sancto,
3241 4931 3489 4970 commu-

1924 4997 2095 5049 nicari
2124 5012 2188 5050 ac
2217 4998 2456 5052 derivari
2489 5000 2542 5052 iu
2587 5002 2764 5067 ipsum
2818 5002 3151 5071 intelligatur
3202 5024 3231 5058 ει
3285 5006 3484 5062 Verbo.

1924 5086 2136 5158 Quippe
2167 5104 2275 5143 non
2314 5099 2521 5144 tantum
2547 5093 2782 5162 accipere
2810 5095 2945 5147 dixit
2974 5096 3303 5148 Athanasius
3361 5099 3486 5165 (ibi-

1924 5181 2045 5235 dem
2074 5191 2198 5236 ante
2231 5184 2399 5236 verba
2426 5185 2614 5251 relata)
2645 5203 2674 5237 a
2722 5185 2883 5238 Verbo
2916 5186 3175 5254 Spiritum
3232 5200 3480 5242 Sanctum

1924 5289 2236 5343 qua-cunque
2266 5276 2413 5328 habet
2445 5294 2462 5331 :
2513 5278 2609 5330 sed
2649 5278 2838 5330 habere
2871 5281 2940 5332 ab
2976 5278 3112 5347 ipso.
3141 5297 3482 5349 qu.t:cunqtte

1924 5368 2092 5418 habet.
2119 5368 2184 5418 At
2214 5378 2435 5420 externa
2463 5368 2601 5422 dona
2659 5379 2712 5422 ct
2754 5372 3083 5438 xapt'aptatz,
3118 5388 3237 5438 qua:
3290 5386 3479 5425 utcttn-

1925 5475 2031 5529 que
2060 5460 2167 5513 dici
2201 5471 2423 5528 possent
2459 5477 2485 5512 a
2522 5462 2677 5526 Filio,
2708 5463 2757 5515 id
2782 5474 2859 5515 est
2894 5465 3168 5515 communi
3210 5469 3275 5517 at.
3302 5480 3485 5519 essen-

1928 5555 1997 5605 tia
2042 5567 2139 5605 ceu
2178 5552 2346 5614 fonte,
2383 5554 2636 5620 proferri,
2671 5570 2776 5607 non
2811 5555 2960 5606 habet
2996 5554 3231 5623 Spiritus
3262 5566 3482 5609 sanctus

1926 5645 2051 5711 (nisi
2086 5646 2513 5701 eminentissime
2568 5647 2617 5698 in
2669 5649 2902 5699 essentia
2935 5650 3118 5699 divina
3185 5659 3478 5717 propagata

1927 5739 1977 5789 in
2015 5736 2247 5805 ipsum);
2284 5738 2379 5789 sed
2426 5752 2487 5789 ca
2517 5738 2628 5789 sola
2654 5738 2915 5805 (proprie)
2942 5740 3111 5798 habet,
3142 5740 3331 5805 qumin
3364 5752 3481 5807 Ipso

1928 5837 2165 5891 manent,
2195 5842 2255 5881 ac
2286 5828 2466 5881 divitia
2496 5838 2641 5891 sunt,
2674 5839 2725 5881 ct
2759 5830 3005 5894 ς’ᾢτιςτιδς.
3044 5849 3059 5879 s
