4198 6440
674 413 767 476 ~79
1728 407 2056 468 GEORGII
2099 408 2273 470 (δι-ιιι

2395 407 2501 468 (.‘l’.
2549 405 3072 466 PATREARCIIE
3893 408 3960 468 ito

769 520 1123 574 Prolixiorem
1175 517 1488 572 exscribere
1566 517 1750 570 Basilii
1808 527 2038 582 textum,
2095 531 2273 586 opera
2306 552 2347 607 Α
2383 518 2460 570 tio
2492 517 2620 572 inde
2657 516 2827 570 illata.
2877 536 2894 568 ι
2929 518 3132 572 Probat
3161 518 3308 572 enim
3357 519 3455 585 (ait
3504 518 3766 574 Petavius
3817 521 3960 574 lib.o

697 613 928 678 pretium
958 617 1062 661 est.
1098 607 1187 660 Sic
1212 607 1371 661 habet
1407 608 1497 660 ille
1560 605 1705 659 libro
1735 620 1789 657 ιιι
1840 604 2105 658 adversus
2163 605 2276 657 Eu-

697 702 939 753 uotuium
975 716 1126 752 num.
1165 716 1177 752 ι
1215 716 1227 751 :
1267 717 1284 749 ε
1323 699 1433 778 cur
1499 713 1721 752 necesse
1758 707 1861 760 est,
1904 698 1946 750 si
1991 698 2273 763 dignitate,

614 814 618 820 ·
694 813 755 848 ac
789 796 973 848 ordine
997 793 1193 847 tertius
1222 801 1306 846 est
1342 779 1578 860 Spiritus
1612 798 1857 852 sanctus,
1906 798 2102 840 natura
2133 803 2272 856 (νιος

692 890 941 957 'queeum
963 901 1083 940 esse
1114 885 1375 938 tertium?
1411 903 1429 936 ι
1462 884 1532 936 Ita
1567 883 1892 950 colligebant
1923 879 2269 934 Eunontiani.

704 970 1006 1049 (Dignitate
1034 976 1254 1046 quidem
1300 975 1604 1035 secundum
1641 989 1762 1028 esse
1800 989 1830 1028 a
1898 972 2034 1027 Filio
2082 973 2276 1043 (utqui

697 1089 805 1126 esse
836 1072 899 1124 ab
933 1070 1025 1124 illo
1057 1071 1271 1131 habeat,
1293 1078 1339 1121 et
1376 1069 1440 1120 ab
1493 1068 1604 1136 ipso
1641 1067 1886 1134 accipiat,
1919 1076 1966 1118 et
1999 1067 2274 1118 amtuntiet

699 1167 860 1224 nobis.
902 1175 950 1216 et
979 1163 1190 1215 omnino
1252 1160 1437 1213 exilla
1504 1175 1666 1211 causa
1727 1158 1998 1227 pendeat),
2054 1157 2274 1225 pietatis

695 1276 880 1312 sermo
897 1263 911 1279 ‘
939 1257 1204 1310 fortasse‘
1224 1255 1632 1321 tradit...Vet'um
1657 1254 1866 1306 tertium
1888 1266 2151 1319 usurpare
2178 1268 2276 1302 na.

696 1363 871 1403 turam
899 1364 1077 1418 neque
1112 1347 1178 1399 ab
1205 1349 1375 1399 sacris
1397 1343 1620 1396 Litteris
1650 1342 1831 1396 edocti
1858 1356 2069 1402 sumus,
2093 1356 2271 1407 neque

691 1461 755 1496 ex
789 1440 1123 1510 supradictis
1151 1446 1553 1505 consequenter
1576 1433 1757 1502 colligi
1790 1442 1988 1502 potest.
2045 1432 2178 1486 Nam
2213 1441 2270 1484 ut

693 1536 864 1588 Filius
888 1533 1070 1584 ordine
1096 1530 1318 1599 quidem
1351 1537 1435 1582 est
1495 1529 1770 1581 secundus
1832 1543 1861 1579 a
1897 1527 2077 1588 Patre,
2127 1540 2266 1594 quo-

691 1625 837 1676 niatn
874 1623 941 1675 ab
975 1637 1042 1674 eo
1087 1630 1170 1673 est
1207 1631 1299 1672 :et
1331 1619 1610 1686 dignitate,
1646 1617 1903 1683 quoniam
1934 1616 2265 1684 principium

690 1723 746 1768 ct
784 1729 946 1767 causa
977 1711 1274 1766 exsistendi
1313 1710 1412 1778 ipsi
1439 1709 1601 1761 Pater
1625 1717 1711 1761 est
1737 1746 1751 1761 .
1790 1747 1801 1761 .
1836 1745 1850 1759 .
1885 1718 2082 1760 natura
2137 1723 2268 1760 veru

695 1822 806 1860 non
848 1814 932 1858 est
962 1802 1258 1866 secundus,
1283 1801 1412 1869 quia
1450 1816 1556 1852 una
1589 1809 1673 1853 est
1702 1800 1754 1852 iu
1795 1808 2030 1868 utroque
2063 1801 2267 1854 divini-

2383 624 2477 672 vtt,
2500 609 2678 678 capite
2707 608 2760 670 5,
2793 623 2945 662 num.
2975 609 3028 678 ὃ)
3057 609 3324 679 Spiritum
3354 623 3604 664 sanctum
3636 612 3800 665 Deum
3831 630 3958 676 esse,

2379 709 2428 753 et
2451 717 2515 754 ex
2545 701 2693 768 Deo;
2737 704 2999 772 quoniam
3026 705 3226 756 exsistit
3279 720 3341 756 ea
3377 701 3536 755 Filio.
3584 703 3718 756 Nam
3757 706 3959 758 nulfazu

2380 793 2451 846 ibi
2486 797 2822 849 mentionem
2847 793 3022 848 Patris
3046 797 3337 863 expressit.
3365 796 3514 850 'l'alis
3541 812 3675 865 ergo
3705 798 3774 849 sit
3801 813 3962 865 Opor-

2381 890 2458 934 tet
2480 885 2788 937 exsistentia
2817 884 2927 949 illa,
2989 896 3044 938 et
3071 886 3161 938 illa
3213 887 3520 950 processio;
3573 899 3629 938 ut
3693 903 3788 954 per
3813 904 3956 950 eam,

2377 971 2606 1041 ejusque
2640 974 2689 1026 vi
2721 974 2773 1026 id
2803 974 3018 1036 habeat,
3059 984 3118 1026 ut
3145 974 3215 1027 sit
3258 974 3433 1038 Deus;
3471 975 3574 1027 hoc
3595 982 3700 1033 est.
3740 972 3837 1026 Dei
3867 992 3958 1027 uu-

2378 1075 2553 1116 turum
2585 1076 2634 1117 et
2660 1067 2990 1119 divinitatem
3022 1067 3255 1134 accipiat
3283 1067 3352 1119 ab
3379 1081 3446 1119 eo
3473 1067 3958 1131 communit-aiam,

2378 1173 2406 1206 a
2443 1171 2544 1224 quo
2576 1158 2800 1209 exsistit.
2830 1156 3064 1210 Prorsus
3097 1157 3266 1227 igitur
3295 1172 3323 1210 a
3353 1155 3491 1211 Filio
3523 1158 3698 1210 oritur
3721 1158 3961 1228 Spiritus

2376 1257 2622 1299 sanctus.
2669 1266 2686 1298 ι

2445 1338 2502 1389 lu
2541 1338 2726 1394 Basilii
2753 1339 2881 1394 loco
2905 1341 3120 1396 vexilla
3143 1341 3391 1409 dignitas,
3442 1358 3548 1410 qua
3584 1343 3602 1410 ί
3639 1353 3694 1397 et
3732 1359 3840 1398 non
3871 1361 3962 1397 so-

2373 1427 2481 1480 lum
2509 1429 2709 1499 ordine)
2753 1431 2990 1499 Spiritus
3014 1441 3239 1486 sanctus
3262 1434 3293 1485 d
3321 1449 3351 1486 c
3379 1443 3464 1486 tur
3489 1437 3742 1487 secundus
3807 1455 3837 1489 a
3876 1437 3961 1490 Fi-

2371 1521 2465 1580 l-io,
2511 1523 2979 1588 prtetermittenda
3009 1540 3115 1577 non
3151 1536 3232 1578 est
3267 1546 3277 1578 :
3307 1527 3418 1595 68
3451 1541 3627 1595 neque
3661 1529 3806 1580 enim
3838 1530 3961 1583 abs-

2373 1624 2579 1667 terrere
2603 1629 2936 1684 quemquam
2967 1617 3154 1683 debet,
3195 1621 3351 1686 quasi
3375 1620 3676 1673 divinitatis
3702 1621 3960 1675 imminu-

2373 1704 2446 1756 tio
2473 1703 2542 1758 sit
2577 1706 2632 1759 in
2667 1707 2859 1761 eodem
2897 1709 3106 1777 Spiritu
3135 1723 3345 1766 sancto.
3390 1733 3407 1763 ε
3440 1713 3720 1780 S‘quidem
3752 1715 3803 1766 in
3827 1715 3959 1768 Filio

2371 1796 2567 1857 (verba
2608 1807 2738 1852 sunt
2765 1800 2995 1868 Petavii)
3041 1812 3340 1871 utrumque
3365 1805 3596 1858 Basilius
3617 1807 3874 1870 admittit,
3904 1818 3960 1860 et

700 1909 825 1961 tas;
855 1897 1048 1950 eodem
1082 1895 1246 1948 modo
1297 1894 1536 1963 Spiritus
1588 1903 1830 1956 sanctus,
1873 1895 1980 1947 etsi
2015 1895 2276 1963 posterior
2313 1907 2350 1961 ῃ
2386 1885 2590 1952 τάξεως
2631 1898 2683 1943 et
2707 1890 3023 1961 ἀξιώματος
3049 1909 3061 1944 :
3089 1882 3320 1947 etambo
3347 1897 3426 1948 sie
3449 1897 3866 1965 interpretatur,
3899 1909 3958 1952 ut

694 1988 830 2040 Fide
853 1999 936 2042 est
969 1989 1154 2040 ordine
1183 2001 1244 2040 ac
1266 1987 1545 2056 dignitate,
1573 1990 1588 2004 '
1610 1995 1668 2038 ut
1689 1986 1789 2038 hoc
1817 1987 2042 2038 omnino
2069 2001 2267 2039 concc-

693 2080 857 2132 tlatur
884 2094 910 2130 a
934 2078 1093 2132 nobis
1113 2081 1152 2142 ',
1181 2093 1287 2132 non
1317 2087 1497 2131 tamen
1523 2077 1746 2146 perinde
1771 2077 1848 2136 id.
1876 2077 1982 2146 67
2010 2088 2267 2146 tauquam

693 2171 882 2223 aliena'
915 2179 1122 2222 natura:
1146 2170 1238 2233 sit,
1294 2168 1540 2221 habebit.
1583 2187 1600 2216 ι
1658 2167 1793 2220 Tum
1823 2165 2052 2221 Joannis
2113 2168 2268 2222 Becci

695 2273 965 2331 tempore,
991 2273 1103 2315 tum
1135 2262 1186 2313 in
1237 2259 1446 2330 synodo
1505 2259 1840 2325 Flor-culina,
1880 2260 2098 2315 codices
2139 2262 2270 2315 atie-

696 2356 958 2408 rebantur
993 2352 1186 2420 aliqui,
1229 2352 1284 2403 in
1317 2349 1521 2418 quibus
1569 2349 1734 2403 verba
1779 2364 1888 2401 non
1932 2359 2113 2413 erant,
2150 2365 2271 2418 qum

700 2444 1017 2514 parenthesi
1055 2443 1264 2496 inclusa
1308 2449 1439 2494 sunt
1489 2450 1690 2495 :erant
1746 2456 1898 2504 vero,
1963 2457 2083 2509 qua:
2147 2452 2272 2494 sunt

701 2536 989 2590 asteriscis
1024 2535 1281 2602 utrinque
1310 2534 1532 2601 stipata.
1586 2532 1693 2584 llac
1718 2531 1783 2584 de
1815 2547 1870 2582 re.
1905 2534 2014 2600 agit
2045 2531 2271 2598 Beccus,

695 2633 792 2686 lib.
832 2647 865 2692 ι,
899 2630 964 2683 ad
1002 2628 1349 2681 Theodorum
1401 2625 1644 2694 Sugdreae
1696 2627 2036 2693 cpiSt'Opunt,
2106 2640 2166 2677 ac
2199 2627 2271 2679 1:.-

697 2728 836 2774 lion:
862 2723 1027 2775 etiam
1057 2736 1314 2774 sermone
1348 2719 1526 2787 capite
1559 2719 1576 2768 Ι
1611 2719 1677 2769 de
1705 2718 2058 2785 processionc
2089 2717 2271 2784 Spiri-

697 2831 785 2869 tus
822 2813 1035 2867 sancti:
1069 2813 1162 2865 ubi
1204 2812 1498 2864 uerissimos
1561 2826 1620 2862 ac
1674 2810 2053 2862 sincerissimos
2106 2810 2270 2864 habet

698 2912 786 2962 ille
815 2909 1054 2971 codices,
1084 2908 1177 2976 qui
1231 2906 1396 2958 verba
1430 2904 1747 2972 parenthesi
1785 2903 1995 2956 inclusa
2045 2901 2268 2962 habent,

685 3016 804 3056 non
825 3003 1025 3055 habent
1055 3002 1160 3055 alia
1192 2998 1476 3054 asteriscis
1500 3007 1704 3050 notata.
1746 2997 1848 3050 l’ro
1887 2996 2036 3049 hisce
2065 2995 2272 3048 coaici-

695 3098 1023 3163 buspuguat
1054 3093 1269 3162 egregie
1303 3090 1557 3145 Petavius
1616 3089 1756 3141 libro
1791 3104 1883 3149 vit,
1937 3087 2114 3155 capite
2157 3089 2189 3139 5
2241 3102 2270 3139 a

697 3204 856 3244 num.
932 3188 1019 3241 Μ.
1077 3186 1361 3238 Etuditam
1410 3199 1508 3252 pro
1567 3181 1770 3236 eisdem
1820 3180 2270 3234 Dissertationum

2372 1981 2562 2033 ordine
2589 1983 2847 2035 secundm
2878 1984 2952 2035 sit
2984 2002 3014 2037 a
3047 1983 3210 2037 Patre
3245 1987 3324 2041 Fit
3351 2002 3438 2046 us.
3473 1989 3732 2054 quoniam
3754 1991 3821 2054 ab
3845 1990 3960 2057 ipso

2371 2071 2548 2124 oritur
2579 2088 2591 2123 :
2626 2075 2884 2144 dignitate
2907 2091 3058 2139 vero,
3078 2079 3336 2145 quoniam
3360 2080 3694 2150 principium,
3722 2091 3770 2136 et
3797 2099 3956 2137 causa

2372 2162 2575 2215 essendi
2616 2163 2685 2214 sit
2715 2164 2841 2232 ipsi.
2877 2182 2895 2215 ι
2927 2163 3053 2219 Haec
3091 2177 3220 2219 sunt
3260 2166 3445 2222 (ἑταίρα
3483 2171 3646 2224 verba
3678 2188 3691 2222 :
3732 2174 3787 2223 '0
3835 2173 3957 2233 Tib;

2368 2252 2519 2317 τάξει
2549 2254 2648 2322 μὲν
2697 2254 2946 2323 δεύτερος
2983 2257 3077 2310 τοῦ
3140 2259 3393 2328 Πατρδς.
3449 2261 3534 2312 ὅτι
3595 2262 3953 2324 ἀπ’ὲκείνου,

2372 2347 2464 2396 καὶ
2497 2347 2798 2415 ἀξιώματι,
2828 2350 2910 2402 ὃτι
2966 2351 3110 2419 ἀρχὴ
3169 2353 3261 2402 καὶ
3288 2351 3457 2416 αἰτία,
3498 2349 3742 2423 τῷεἷναι
3789 2356 3955 2409 αὑτοῦ

2376 2441 2612 2508 Πατέρα.
2650 2458 2667 2491 ι
2706 2441 2886 2506 Quare
2922 2441 3170 2509 demmn,
3200 2447 3307 2499 etsi
3356 2447 3492 2499 nihil
3524 2448 3674 2500 aliud
3707 2448 3794 2517 (ad
3831 2449 3956 2518 Spi-

2375 2531 2539 2582 ritum
2577 2543 2833 2586 sanetum
2868 2536 3017 2603 quod
3043 2537 3264 2606 attinet)
3287 2539 3654 2606 expressisset
3684 2540 3953 2604 Basilius;

2373 2635 2434 2672 ac
2468 2623 2685 2676 tametsi
2740 2625 3052 2692 parenthesi
3077 2627 3262 2681 clausa
3297 2631 3389 2684 illa
3417 2633 3579 2686 verba
3604 2633 3953 2689 delerentur:

2374 2712 2667 2780 suﬂiceret,
2705 2715 2771 2768 ad
2811 2715 2988 2771 Latini
3015 2718 3294 2789 dogmatis
3323 2725 3737 2790 auctoritatem,
3801 2727 3951 2790 quod

2377 2804 2640 2874 Spiritum
2673 2818 2921 2863 sanctum
2975 2812 3127 2876 τάξει
3159 2815 3344 2867 ordine
3379 2823 3428 2867 et
3469 2817 3753 2885 dignitate,
3789 2819 3953 2884 ἀξιώο

2377 2912 2530 2960 pati,
2563 2899 2846 2953 secundum
2881 2917 3204 2960 numeraret
3229 2925 3259 2959 a
3288 2905 3466 2974 Filio;
3503 2924 3626 2964 cum
3664 2926 3729 2965 ex
3777 2927 3842 2966 eo
3888 2912 3957 2965 il-

2375 2988 2478 3041 lius
2514 2989 2582 3042 ab
2607 2989 2712 3045 hoc
2737 2995 2889 3063 origo
2918 3008 3311 3052 monstretur.)

2449 3081 2523 3149 (ὅ)
2554 3081 2695 3135 Alibi
2720 3084 3024 3154 Nyssenum
3064 3089 3292 3152 invenit.
3332 3094 3384 3145 in
3415 3093 3561 3150 hunc
3610 3100 3831 3156 modum
3867 3105 3954 3159 di-

2377 3185 2523 3228 serte
2552 3177 2857 3232 tradentem
2894 3183 3159 3235 tenendas
3192 3184 3258 3237 de
3289 3185 3396 3239 Deo
3456 3195 3757 3247 sententias
3817 3216 3828 3249 :
3885 3198 3950 3253 Ut

700 3280 962 3335 Parisinis
994 3281 1138 3349 typis
1161 3292 1305 3331 anno
1342 3277 1474 3330 1721
1508 3276 1684 3331 edidit
1718 3272 2033 3328 Ludovicus
2061 3272 2266 3334 Vauée,
2299 3254 2342 3312 Ο
2375 3267 2632 3321 credatur
2673 3272 2729 3322 in
2762 3287 2819 3324 eo
2860 3272 3011 3326 aliud
3051 3291 3234 3340 causa,
3267 3278 3413 3332 aliud
3467 3299 3529 3334 ex
3581 3302 3762 3342 causa.
3829 3290 3956 3345 Tum

696 3373 1048 3428 bibliotheca:
1101 3370 1317 3424 Sanctae
1381 3368 1672 3423 Genovela:
1754 3365 2267 3434 pradcetus:quam

697 3434 1025 3532 compendi:
1098 3460 1384 3514 collectam
1420 3458 1686 3512 exhibent
1773 3456 2027 3509 monachi
2081 3456 2268 3510 Sancti

699 3555 890 3616 Mauri,
937 3566 1085 3607 tumo
1121 3552 1187 3604 Ill
1216 3550 1455 3618 Operam
1491 3547 1698 3612 Basilii,
1722 3548 1774 3600 in
1819 3545 2268 3616 Prwlatiuneg'J.

771 3644 879 3692 L‘ur
926 3658 1053 3692 ww
1110 3640 1296 3693 Basilii
1351 3653 1459 3692 non
1514 3637 1682 3689 fuerit
1741 3636 2090 3705 parenthesis
2131 3637 2271 3689 illa?

696 3735 786 3788 Ait
814 3734 902 3786 ille
929 3732 1069 3784 libro
1098 3748 1134 3791 ι,
1163 3733 1424 3783 adversus
1452 3729 1781 3782 Eunomiqu
1825 3743 1978 3782 num.
2016 3727 2119 3781 20:
2162 3728 2273 3782 Nos

701 3837 882 3880 autem
919 3823 1220 3878 secundum
1251 3820 1562 3874 relationem
1587 3837 1894 3885 causarum,
1939 3821 2047 3872 τῶν
2081 3823 2271 3874 αἰτίων

700 3922 909 3988 σχέσιν,
949 3917 1167 3972 Putrem
1193 3913 1398 3969 Filium
1430 3916 1669 3986 praponi
1690 3914 1936 3970 dicimus.
1997 3916 2086 3969 Ait
2151 3931 2273 3968 rur-

698 4028 818 4072 sum
848 4013 900 4064 in
934 4009 1077 4064 libro
1107 4008 1175 4063 de
1228 4008 1439 4077 Spiritu
1474 4017 1664 4061 sancto
1719 4007 1786 4060 ad
1825 4007 2269 4076 Amphilochium

696 4101 874 4172 capite
908 4101 996 4163 l7,
1023 4115 1178 4153 num.
1219 4099 1290 4152 ‘5
1317 4115 1329 4152 :
1359 4097 1806 4163 Quemadmodum
1832 4114 1886 4151 se
1915 4098 2066 4152 habet
2095 4095 2271 4152 Filius

697 4196 765 4245 ad
798 4191 1028 4254 Patrem,
1057 4192 1135 4244 ita
1165 4191 1233 4243 ad
1255 4188 1450 4242 Filium
1473 4204 1582 4242 sese
1605 4189 1758 4242 habet
1827 4187 2056 4259 Spiritus
2096 4204 2115 4243 :
2142 4191 2271 4260 (uti-

697 4300 804 4354 que
832 4288 974 4337 κατὰ
1005 4286 1103 4349 τὴν
1151 4283 1261 4335 τῶν
1301 4283 1491 4336 αἰτίων
1539 4283 1673 4353 πρὸς
1709 4283 1776 4336 τὰ
1833 4284 1888 4347 ἐξ
1924 4282 2106 4335 αὐτῶν
2143 4283 2271 4350 σχέο

699 4377 828 4444 σιν.)
866 4376 983 4430 Jam
1016 4390 1148 4430 vero
1172 4374 1353 4428 Basilii
1381 4375 1544 4429 verba
1578 4375 1691 4438 illa,
1719 4377 1882 4444 utqui
1938 4391 2049 4428 esse
2085 4375 2147 4427 ab
2179 4375 2271 4428 illo

696 4471 905 4522 habeat.
930 4478 979 4521 et
1007 4469 1284 4522 annmrtiet
1306 4467 1472 4530 nobis,
1501 4478 1795 4535 utrumque
1827 4467 2069 4536 Spiritus
2095 4469 2268 4521 sancti

697 4577 758 4616 ex
780 4557 921 4612 Filio
947 4561 1314 4629 processionis
1338 4558 1560 4612 modum
1587 4560 1862 4636 declarant
1887 4575 1900 4610 :
1926 4562 2267 4626 temporalem
2301 4591 2343 4645 υ

695 4651 906 4707 scilicet
943 4653 1260 4718 missionem,
1289 4665 1453 4704 voces
1505 4652 1844 4719 posteriores
1873 4667 1887 4704 :
1917 4651 2262 4720 prioresque,

694 4751 949 4796 au‘ernam
967 4742 1298 4795 emissionem
1324 4742 1392 4793 ad
1424 4741 1794 4794 exsistendum.

769 4835 873 4888 Par
909 4835 962 4887 in
989 4833 1193 4904 Cyrillo
1256 4834 1529 4887 sententia
1579 4834 1822 4887 occurrit
1883 4835 1936 4888 iu
1983 4834 2180 4888 Thetim
2215 4853 2265 4899 ο,

694 4941 814 4995 pag.
839 4925 982 4979 558:
1019 4926 1249 4980 Necesse
1273 4937 1377 4986 est.
1433 4925 1588 4979 fateri
1619 4926 1888 4996 Spiritum
1927 4942 1957 4981 e
2009 4929 2268 4982 substauo

695 5030 766 5070 tta
801 5034 921 5071 esse
957 5017 1097 5071 Filii.
1123 5018 1255 5071 Nam
1287 5029 1342 5072 ut
1369 5022 1426 5084 ἐξ
1453 5019 1616 5071 αὐτοῦ
1651 5021 1790 5072 κατὰ
1813 5020 1973 5088 φύσιν
2003 5023 2267 5092 ὑπάιίχον,

694 5125 756 5161 ω
782 5111 1244 5176 ipsonnturuliter
1305 5113 1586 5170 exsistens.
1648 5115 1744 5165 καὶ
1804 5113 1896 5165 ἐπὶ
1940 5117 2040 5184 τὴν
2090 5116 2267 5167 κτίσιν

695 5202 825 5268 παρ’
858 5201 1022 5252 αὐτοῦ
1058 5203 1438 5272 πεμπόμενον,
1496 5215 1543 5256 et
1587 5206 1640 5256 in
1685 5215 1983 5258 creaturam
2040 5207 2102 5258 ab
2157 5209 2269 5276 ipso

690 5295 902 5354 missus,
937 5296 1347 5349 reuovationem
1375 5308 1660 5365 operatur,
1711 5299 1999 5366 plenitudo
2033 5310 2088 5351 ct
2115 5315 2267 5353 com-

692 5387 1033 5450 plementum
1077 5388 1337 5441 nimirum
1363 5399 1563 5442 sam-ta:
1587 5389 1892 5443 Trinitatis.
1931 5391 2086 5455 Quod
2112 5393 2154 5443 si
2194 5393 2267 5445 ita

689 5487 810 5538 est,
845 5476 989 5531 Deus
1019 5478 1224 5547 itaque,
1254 5490 1309 5533 et
1359 5497 1425 5535 ex
1469 5481 1578 5535 Deo
1615 5491 1699 5535 est
1748 5481 2012 5551 Spiritus,
2060 5497 2110 5536 et
2163 5500 2268 5536 non

688 5576 964 5620 creatura.
1002 5587 1021 5620 ι
1085 5571 1205 5635 Quo
1231 5571 1353 5623 locu
1387 5572 1713 5625 naturaliter
1752 5571 1996 5639 Spiritus
2047 5584 2271 5626 sanctus

692 5674 759 5708 ex
813 5657 954 5713 Filio
1015 5663 1214 5715 dicitur
1256 5666 1500 5716 exsistere
1536 5683 1553 5716 :
1599 5675 1651 5716 et
1711 5663 1830 5717 haec
1888 5666 2208 5718 exsistentia
2242 5683 2269 5716 a

686 5748 933 5801 missione
961 5754 1010 5802 in
1033 5762 1332 5806 creaturam
1357 5754 1736 5821 distinguitur;
1765 5771 1830 5809 ne
1848 5756 2160 5811 Graecorum
2185 5775 2273 5812 ca-

691 5839 899 5894 villatio
930 5843 1105 5896 locum
1137 5846 1353 5900 habeat.
1390 5846 1444 5900 id
1483 5848 1716 5901 maxime
1742 5849 1946 5903 evincit
1995 5866 2262 5905 consecu-

2374 3362 2507 3427 ejns,
2541 3362 2678 3430 quod
2737 3380 2801 3416 ea:
2845 3383 3007 3419 causa
3059 3372 3295 3431 exsistit.
3364 3373 3531 3426 aliam
3593 3379 3956 3447 eli/ferentium

2374 3453 2724 3522 intelligimus
2753 3472 2773 3509 :
2799 3466 2853 3508 ut
2886 3457 3032 3508 aliut!
3063 3461 3130 3512 sit
3161 3464 3296 3515 citra
3353 3467 3580 3520 medium
3644 3486 3706 3523 ex
3759 3475 3954 3540 primo,

2373 3543 2524 3595 aliud
2553 3547 2749 3613 per,id,
2786 3550 2926 3617 quod
2959 3551 3094 3603 citra
3159 3556 3388 3608 medium
3453 3575 3516 3615 επ
3566 3565 3736 3629 primo
3798 3577 3893 3621 est.
3928 3587 3949 3621 ο

2375 3633 2894 3692 Luculentissimum
2917 3645 3287 3698 testimonium
3321 3663 3526 3717 prostat
3549 3654 3601 3705 ιιι
3633 3654 3863 3723 Epistula
3885 3660 3954 3714 ad

2373 3725 2685 3782 .-\blavium.
2713 3728 2769 3782 Id
2809 3731 2976 3786 habes
3000 3751 3195 3801 pruno,
3230 3754 3337 3791 non
3373 3742 3536 3795 ahaut
3601 3747 3651 3798 in
3706 3753 3956 3815 personis

2375 3819 2736 3875 sanctissima:
2809 3823 3101 3880 Trinitatis
3147 3844 3268 3884 esse
3327 3833 3723 3904 dillerer.tiam,
3787 3860 3951 3911 quam

2375 3913 2517 3980 quod
2547 3909 2717 3967 altera
2740 3918 3058 3986 principium
3081 3921 3168 3986 sit,
3213 3924 3382 3980 altera
3418 3944 3482 3980 ea:
3537 3909 3844 4002 principia:
3880 3940 3954 3992 Τὸ

2379 4005 2475 4069 μὲν
2506 4005 2682 4059 αἴτιον
2707 4003 2869 4073 εἶναι,
2904 4012 2965 4062 τὸ
3003 4011 3086 4082 δὲ,
3110 4014 3172 4067 ἐκ
3205 4017 3300 4068 τοῦ
3374 4023 3570 4076 αἰτίου.
3631 4026 3767 4081 Cum
3823 4047 3955 4102 ergo

2379 4097 2613 4165 Spiritus
2642 4100 2975 4172 principium
3031 4122 3152 4162 esse
3202 4109 3322 4164 Filii
3375 4114 3480 4167 dici
3521 4133 3795 4188 nequeat,
3857 4097 3959 4180 ne-

2374 4206 2525 4244 ccssc
2559 4202 2665 4258 est,
2696 4194 2896 4250 Filium
2926 4214 3048 4254 esse
3081 4203 3416 4273 principium
3472 4207 3712 4277 Spiritus
3747 4221 3949 4275 sancti.

2377 4284 2447 4338 lia
2479 4302 2696 4343 rursum
2750 4294 3128 4352 animadverte
3180 4314 3192 4350 :
3247 4301 3408 4353 Aliud
3461 4308 3784 4363 continenter
3830 4316 3952 4378 (seu

2375 4380 2491 4434 sine
2523 4383 2748 4452 medio),
2782 4401 2846 4439 εει·
2867 4389 3063 4456 primo,
3125 4392 3272 4446 aliud
3303 4412 3396 4464 per
3426 4398 3480 4449 id
3514 4405 3653 4467 quod
3675 4407 3950 4462 continen-

2375 4480 2452 4523 ter
2485 4488 2548 4525 ea:
2574 4477 2742 4542 primo
2765 4484 2876 4532 est:
2911 4479 2983 4531 Τὸ
3019 4481 3119 4549 μὲν
3149 4487 3258 4552 γὰρ
3294 4491 3572 4559 προσεχὼς
3593 4495 3655 4545 ἐκ
3679 4494 3771 4546 τοῦ
3800 4500 3954 4567 πρώ-

2373 4581 2486 4624 την,
2508 4565 2567 4616 τὸ
2591 4567 2647 4618 δὲ
2677 4569 2764 4620 διὰ
2793 4569 2887 4621 τιοῦ
2921 4574 3202 4642 rspoanth
3255 4578 3318 4628 ἐκ
3342 4578 3433 4631 τοῦ
3469 4581 3706 4652 πρώτου.
3766 4565 3957 4644 Primo

2377 4660 2891 4728 i‘Itius'produeitur
2917 4667 3079 4718 modo
3109 4684 3137 4720 a
3177 4669 3335 4724 Patre
3369 4690 3381 4724 :
3413 4677 3482 4726 ab
3520 4677 3621 4729 hoe
3669 4694 3801 4734 vero
3824 4680 3950 4750 Spi-

2373 4755 2529 4812 ritus,
2567 4755 2891 4822 interposito
2917 4757 3078 4824 Filio,
3109 4777 3202 4816 seu
3235 4781 3326 4831 ρετ
3358 4764 3571 4818 Filium.

2442 4847 2697 4914 Impietas
2756 4849 2896 4903 foret
2939 4891 2954 4915 ,
3020 4855 3064 4906 si
3168 4856 3440 4924 quispiam
3551 4864 3952 4932 contenderet,

2372 4940 2547 4991 solum
2579 4939 2774 4993 Filium
2803 4943 3051 5010 proxime
3110 4947 3338 5014 produci
3381 4964 3407 5000 ε
3441 4949 3596 5006 Patre
3631 4971 3645 5007 :
3688 4965 3743 5009 et
3777 4972 3807 5011 a
3835 4959 3957 5014 solo

2372 5031 2510 5088 Filio
2541 5033 2739 5088 deinde
2808 5037 3074 5104 Spiritum
3125 5053 3378 5094 sanemm
3424 5045 3666 5110 proxima
3717 5046 3952 5104 edundi.

2374 5122 2626 5179 liaeretici
2655 5134 2805 5191 sunt,
2834 5128 2926 5206 qui
2955 5135 3243 5196 putabant,
3293 5132 3590 5188 arluotante
3643 5137 3957 5206 Augustino

2375 5225 2605 5268 tracsatu
2633 5214 2694 5270 C.
2718 5217 2772 5270 in
2806 5205 3094 5285 Joannem,
3128 5234 3279 5276 nmo.
3305 5223 3344 5276 ιι
3373 5239 3388 5276 :
3416 5223 3677 5280 Minorem
3733 5205 3841 5282 esse
3865 5230 3958 5284 Γί-

2375 5306 2443 5357 to
2473 5307 2732 5375 Spiritum
2767 5318 3004 5362 sanetam
3037 5328 3054 5364 :
3088 5315 3238 5380 quasi
3277 5313 3446 5367 Filius
3498 5320 3728 5387 arripiat
3780 5338 3810 5373 α
3844 5321 3956 5374 Pa~

2374 5412 2473 5459 tre,
2508 5407 2556 5450 et
2601 5398 2828 5468 Spiritus
2857 5414 3074 5458 sanctus
3105 5423 3135 5457 α
3168 5403 3331 5470 Filio,
3360 5410 3667 5477 quibusdam
3701 5416 3971 5483 gradibus-

2375 5500 2717 5545 naturarum.
2770 5493 3080 5550 Genuiuum
3111 5498 3368 5554 Petavius
3419 5517 3643 5556 sensum
3708 5507 3957 5563 declarat

2375 5583 2542 5634 citato
2586 5594 2658 5634 vti
2691 5583 2858 5646 libro,
2891 5586 3070 5655 capite
3103 5588 3191 5653 ll,
3247 5606 3399 5645 num.
3430 5592 3496 5646 l5
3526 5608 3542 5645 :
3583 5612 3598 5642 ε
3640 5594 3746 5648 Sed
3801 5599 3954 5666 quod

2377 5673 2538 5725 l'atrr
2578 5674 2727 5740 prius
2751 5677 3020 5746 originem
3051 5680 3146 5734 det
3179 5683 3337 5744 Plio,
3373 5700 3533 5753 quam
3572 5687 3796 5755 Spiritui
3827 5706 3958 5741 san-

2375 5775 2465 5814 cto
2499 5779 2511 5814 :
2545 5774 2707 5832 atque
2732 5767 2872 5818 inter
2906 5769 3118 5824 Patrem
3170 5782 3222 5825 et
3261 5773 3522 5841 Spiritum
3575 5793 3821 5830 sanetum
3856 5798 3956 5831 tm-

2378 5857 2616 5911 cessario
2651 5859 2720 5912 sit
2767 5862 3199 5931 .‘nterponendus
3232 5866 3435 5931 Filius;
3495 5871 3610 5925 siue
3647 5889 3774 5941 quo,
3819 5879 3951 5942 quia
