4198 6440
206 439 262 500 81
1443 439 1644 498 ΥΙΤΑ.
1684 463 1748 472 -
1798 437 2311 496 ΙΜΒΒΕΚΤΑΤΙΟ
2353 438 2401 495 Ι.
3406 437 3474 494 82

201 566 433 619 persona
492 567 602 604 non
659 563 799 606 esset
849 560 933 618 (ut
971 551 1066 619 qui
1120 566 1216 620 per
1263 552 1671 620 patet-nitatem,
1733 562 1786 605 et
1822 577 1861 624 Α
1892 552 2052 617 cipit:
2083 552 2527 619 quemadmodum
2549 566 2698 602 nemo
2736 552 2876 602 novit
2909 548 3125 602 Patrem
3151 548 3252 599 nisi
3281 545 3472 607 Filius,

200 641 535 695 relationem
584 642 648 693 ad
709 641 904 694 Filium
973 642 1243 706 subsistit)
1293 658 1471 710 neque
1521 642 1786 710 Spiritum

198 743 448 784 sanetum
483 732 832 800 produceret,
854 748 976 786 cum
1005 748 1250 801 persona:
1282 735 1556 802 propriam
1584 734 1787 786 nullam

198 819 538 874 iunctionem
563 823 808 876 haberet.
849 823 978 876 Nam
1017 823 1162 892 quod
1193 823 1256 876 ad
1288 825 1464 891 ipsam
1513 825 1788 876 emittendi

197 911 433 975 Spiritus
466 916 728 965 actionem
761 915 980 974 attinet.
1030 925 1136 966 tam
1187 930 1251 967 ea
1302 915 1550 983 proxime
1599 917 1789 968 innue-

197 1004 456 1070 di..teque
492 1005 604 1073 69
681 1014 765 1057 est
808 1021 836 1058 a
875 1003 1056 1069 Patre,
1120 1021 1282 1074 quam
1335 1021 1364 1058 a
1405 1005 1542 1058 Filio
1599 1022 1612 1057 :
1663 1023 1787 1058 cuin

199 1096 490 1162 utriusque
520 1105 588 1148 Sit
636 1096 817 1149 unica.
848 1115 865 1145 ι
907 1096 1090 1158 Brevi,
1122 1099 1288 1159 clara,
1325 1096 1477 1148 firma
1517 1105 1639 1149 sent
1673 1100 1786 1150 ntia

197 1187 585 1252 complectitur
607 1187 788 1239 omnia
804 1202 1029 1241 Sanctus
1045 1187 1302 1251 Thomas,
1325 1205 1338 1242 ι
1361 1204 1410 1257 p.
1438 1204 1533 1254 qu.
1559 1190 1645 1249 36,
1675 1199 1784 1243 art.

195 1276 242 1333 3,
267 1277 340 1329 ad
374 1279 422 1331 ιι
455 1277 732 1331 Οτιιονηοη
766 1281 1058 1332 attenditur
1084 1281 1222 1333 inter
1251 1279 1464 1333 Patrem
1497 1290 1547 1334 et
1565 1280 1787 1344 Filium,

195 1380 456 1433 quantum
495 1371 564 1420 ad
618 1373 884 1432 virtutem,
922 1373 1014 1424 sed
1045 1371 1215 1424 solum
1271 1382 1528 1441 quantum
1559 1374 1630 1425 ad
1663 1391 1788 1442 sup-

193 1462 367 1525 posita
401 1478 418 1512 :
450 1473 500 1512 et
534 1464 650 1514 ideo
678 1465 868 1515 dicitur
898 1468 1035 1532 quod
1070 1470 1232 1519 Pater
1255 1469 1425 1533 spirat
1443 1483 1536 1532 per
1561 1465 1786 1522 Filium.

259 1551 564 1620 Ειροιιετρ
603 1558 777 1624 pergit
818 1558 867 1608 d-
891 1573 1013 1625 gnta
1043 1559 1322 1627 Nysscnus
1358 1577 1370 1612 :
1407 1578 1424 1609 ι
1455 1559 1630 1612 Porro
1661 1576 1786 1612 cum

193 1657 436 1700 causam.
476 1657 528 1696 et
559 1647 699 1712 quod
731 1659 804 1698 est
851 1664 914 1700 ea:
939 1665 1103 1702 causa
1129 1649 1402 1714 dicimus;
1440 1666 1787 1720 nequaquam

198 1731 258 1783 iis
287 1737 616 1788 nominibus
675 1737 862 1803 epist-1,
916 1750 1186 1803 naturain,
1215 1739 1593 1804 signiﬁcamus
1629 1755 1640 1791 :
1693 1741 1785 1792 δια

197 1839 317 1876 eum
363 1831 543 1878 solum
593 1831 731 1880 κατὰ
764 1831 823 1880 τὸ
885 1831 998 1893 πῶς
1035 1827 1173 1882 εἶναι
1207 1831 1494 1902 διαφορὰν,
1554 1849 1673 1900 qua-
1705 1849 1786 1885 se-

1894 659 2058 710 rieque
2092 640 2290 694 Filium
2318 646 2414 696 nisi
2442 642 2624 697 Pater.
2693 642 2778 692 Ita
2834 642 2998 693 audeo
3051 640 3222 691 dicere
3253 653 3272 694 .°
3311 652 3476 706 neque

1891 733 2152 799 Spiritum
2193 735 2335 786 novit
2363 735 2630 802 quispiam
2671 734 2773 786 nisi
2817 730 2980 784 Pater
3026 741 3074 783 et
3108 729 3301 792 Filius,
3344 730 3476 796 παρ’

1889 818 1952 876 οὗ
1979 825 2363 892 ὲκπορεύιται,
2400 827 2493 876 καὶ
2535 824 2666 891 παρ’
2699 817 2760 875 οὗ
2787 823 3082 886 λαμϐάνει,
3131 838 3163 874 a
3193 837 3292 889 quo
3356 835 3477 888 pro-

1889 918 2047 979 cedit,
2076 926 2124 967 et
2156 935 2186 970 a
2213 934 2314 986 qui
2358 917 2570 982 accipit,
2600 915 2773 984 Neque
2805 914 3001 969 Filium
3041 923 3088 967 et
3126 911 3340 966 Patrem
3381 928 3474 962 uo.

1892 1010 1960 1060 vit
1983 1009 2198 1075 aliquis,
2231 1009 2334 1060 nisi
2356 1006 2588 1076 Spiritus
2617 1016 2836 1058 sanctus
2864 1023 2882 1066 ;
2909 1008 2996 1073 qui
3034 1019 3150 1057 vere
3183 1002 3474 1072 gloriﬁcat,

1891 1101 1980 1168 qui
2004 1101 2148 1151 docet
2174 1102 2371 1161 omnia,
2392 1099 2500 1168 7ο
2525 1100 2616 1168 qui
2640 1106 2860 1150 testatur
2883 1099 2946 1148 de
2977 1095 3138 1156 Filio,
3161 1095 3189 1148 ὃ
3212 1095 3360 1164 παρὰ
3383 1095 3476 1145 τοῦ

1894 1193 2104 1260 ιιατρὸς
2129 1194 2220 1244 καὶ
2251 1194 2313 1243 ὲκ
2351 1191 2499 1252 rio-3,
2529 1194 2619 1259 qui
2651 1208 2681 1243 ct
2717 1190 2880 1243 Patre
2903 1198 2949 1241 et
2978 1207 3009 1241 a
3065 1187 3203 1240 Filio
3256 1196 3351 1240 est.
3379 1189 3477 1240 Pii-

1893 1298 2000 1344 τρε,
2057 1284 2354 1351 pluresque
2399 1299 2465 1334 ex
2509 1282 2819 1349 l-Ipiplianio
2871 1281 3178 1333 sententias
3230 1279 3475 1331 luculen-

1892 1377 2132 1428 tissimas
2170 1374 2499 1442 congerebat
2532 1374 2760 1432 Beccus,
2801 1387 2863 1424 ac
2918 1381 3191 1424 nostrates
3237 1369 3475 1434 theologi

1889 1466 2144 1527 afferunt,
2191 1466 2506 1517 Graecorum
2545 1473 2860 1517 commento
2877 1462 2943 1514 de
2966 1463 3238 1514 donorum
3267 1472 3321 1514 et
3349 1461 3478 1512 clm-

1893 1558 2179 1609 risniatuui
2213 1555 2531 1624 profusione
2568 1554 2798 1606 omnino
2832 1553 3112 1606 adversus.

1963 1647 2039 1714 (Ἰ)
2073 1644 2234 1699 lltsee
2262 1647 2480 1698 Patrum
2521 1643 2974 1706 auctoritatibus,
3001 1644 3232 1708 aliisque
3299 1642 3480 1710 pluri-

1891 1740 2016 1800 mis,
2054 1755 2175 1806 quae
2207 1748 2459 1806 prostant
2507 1738 2559 1790 in
2593 1736 2932 1806 Epigrapliis,
2967 1740 3270 1788 instructus
3302 1735 3484 1785 inuni—

1893 1842 2088 1900 tusque
2123 1831 2434 1899 patriarcha
2473 1830 2984 1888 Βξεςυε.ειξιετιιξιηι
3025 1841 3090 1880 ac
3144 1823 3480 1877 substantia—

198 1919 446 1972 cundum
475 1922 780 1975 (assistendi
817 1924 1040 1974 modum
1067 1933 1171 1986 est,
1201 1922 1574 1976 diﬂ'ereutiam
1601 1933 1787 1976 esteu-
1819 1919 1861 1977 Β
1893 1927 1997 1978 lem
2024 1923 2354 1977 ostendebat
2377 1923 2552 1976 sancti
2586 1921 2826 1989 Spiritus
2860 1918 3270 1988 precessionem
3306 1933 3337 1969 a
3364 1914 3474 1967 Ρα-

198 2011 410 2063 diiuus.
454 2033 470 2060 ι
513 2011 638 2066 Haec
665 2015 840 2080 palam
884 2016 1169 2077 evincunt,
1229 2015 1500 2083 Spiritum
1537 2027 1786 2070 sanctum

201 2120 307 2155 non
333 2104 445 2158 dici
502 2120 566 2157 es
602 2105 761 2167 Fil;o,
787 2117 881 2160 aut
918 2123 1016 2174 per
1068 2107 1270 2160 Filium
1309 2123 1452 2169 esse.
1505 2123 1567 2160 ae
1598 2110 1640 2160 si
1667 2125 1788 2176 per-

203 2197 332 2248 inde
365 2199 512 2250 foret
539 2214 604 2252 ac
635 2201 810 2268 ipsum
846 2217 963 2254 esse
1000 2201 1066 2254 de
1094 2202 1331 2255 essentia
1357 2201 1519 2263 Filii;
1555 2202 1648 2255 sed
1686 2201 1792 2254 nti-

203 2304 308 2354 que
345 2289 504 2341 illum
534 2305 656 2344 esse
683 2306 750 2344 ex
774 2290 894 2344 Filii
923 2306 1174 2360 persona,
1205 2306 1268 2345 ae
1303 2307 1400 2360 per
1437 2291 1557 2344 Filii
1598 2307 1792 2360 perso-

208 2396 357 2441 nam,
392 2383 567 2432 tetuli
627 2382 820 2443 αἴτιον,
871 2399 1113 2447 causam,
1178 2394 1276 2436 aut
1324 2386 1645 2453 principium
1677 2401 1692 2437 :
1729 2401 1792 2436 cx

207 2487 409 2538 eoque,
477 2482 570 2524 aut
609 2488 706 2541 per
766 2474 946 2543 ipsum
993 2477 1244 2543 accipere
1285 2491 1410 2529 eum
1468 2478 1793 2531 exsistentia

210 2565 457 2617 divinam
518 2577 798 2618 naturain.
863 2566 994 2632 Qua:
1059 2581 1338 2634 postrema
1383 2571 1604 2622 nomina
1662 2570 1793 2632 ton,

210 2674 332 2709 caus
356 2679 403 2718 ι,
437 2671 497 2710 et
527 2661 792 2726 principii,
837 2671 1135 2714 memorata
1162 2662 1339 2714 sancti
1369 2661 1592 2714 Thom-.1:
1622 2679 1798 2714 anuu-

211 2749 604 2803 advei-sionem
651 2763 948 2819 suggerunt
987 2772 997 2805 :
1087 2756 1266 2806 areius
1301 2769 1476 2806 causa
1527 2755 1800 2805 vocabulo

217 2857 338 2892 usos
368 2858 500 2894 esse
534 2858 634 2910 pro
661 2845 916 2910 principio
949 2843 1193 2908 Latinos,
1227 2860 1290 2897 ac
1321 2846 1666 2914 processionis
1697 2850 1803 2897 ori-

216 2933 350 2998 gine,
382 2931 485 2984 sed
523 2941 820 3000 utrumque
847 2933 1053 2987 Graecis
1094 2935 1326 3004 perinde
1380 2935 1569 2991 fuisse.
1629 2937 1802 3004 Aqui-

216 3035 393 3075 natem
423 3025 656 3078 consule
679 3026 734 3077 in
767 3025 1053 3094 Opuseulo
1085 3043 1125 3091 ι,
1168 3041 1363 3081 contra
1394 3041 1613 3081 errores
1653 3027 1803 3081 (ira:-

220 3131 412 3168 coram
425 3158 438 3177 ,
465 3131 528 3168 ca
541 3117 648 3184 pile
679 3118 724 3168 ι.

1895 2028 1975 2070 tre
2007 2033 2100 2087 per
2141 2017 2335 2070 Filium
2373 2033 2390 2072 :
2422 2015 2842 2084 colligebantque,
2879 2028 3039 2067 voces
3065 2027 3157 2080 per
3185 2020 3241 2064 et
3287 2025 3352 2062 ea:
3389 2023 3484 2060 ne-

1893 2110 2041 2178 gotin
2066 2111 2116 2161 in
2167 2111 2272 2161 isto
2303 2108 2724 2176 atquipollcutes
2741 2120 2884 2160 esse.
2913 2104 3072 2169 Quod
3101 2105 3266 2157 etiam
3288 2101 3485 2153 diserte

1894 2202 2066 2252 doccri
2101 2201 2276 2253 aiebat
2332 2200 2691 2268 (Pacliyinere
2743 2197 2862 2250 loco
2894 2196 3063 2249 citato
3122 2193 3474 2252 adnotantc),

1894 2293 1945 2344 in
1983 2291 2150 2360 Opere
2179 2292 2260 2343 cui
2282 2290 2451 2344 Sacra
2493 2287 2839 2356 lloplotlieca,
2870 2288 2977 2338 sive
3023 2285 3251 2338 Sacrum
3289 2287 3484 2335 Arum-

1897 2385 2235 2444 mentarium,
2270 2397 2459 2434 nomen
2489 2390 2600 2437 est:
2631 2381 2720 2449 qui
2750 2379 2880 2431 liber
2909 2381 3047 2431 inter
3063 2378 3411 2435 authenticos.
3434 2381 3506 2426 εε-

1896 2492 2024 2529 sane
2058 2475 2311 2528 Ecclesia
2341 2475 2636 2526 doctrinam
2704 2471 3063 2534 declarantes,
3091 2470 3293 2522 censeri
3327 2468 3480 2520 solet.

1902 2569 2008 2621 Pro
2033 2583 2259 2621 suarum
2293 2566 2530 2636 partium
2556 2564 2740 2618 studio
2771 2565 2888 2617 haec
2946 2577 3223 2632 postrema
3282 2560 3486 2628 Pachy-

1905 2673 2084 2709 meres
2117 2657 2319 2725 adjecit
2364 2655 2558 2708 verba.
2611 2654 2685 2706 De
2737 2662 2990 2713 auctore,
3043 2652 3273 2718 ejusque
3319 2666 3488 2714 opt-ie

1899 2751 2168 2820 judicium
2192 2752 2379 2817 accipe
2403 2749 2562 2802 llecci
2593 2746 2920 2816 patriarcha:
2940 2745 2991 2796 in
3018 2741 3486 2797 ltolutationibus.

1901 2860 2022 2911 quze
2046 2839 2579 2895 esstantinercia
2639 2838 2951 2898 orthodoxa,
3004 2845 3151 2888 toruo
3184 2832 3248 2885 ll:
3318 2849 3335 2881 ‹
3403 2829 3493 2882 Li-

1903 2936 2054 2987 brum
2087 2933 2192 2987 sub
2256 2933 2488 3000 imperio
2537 2932 2800 2985 Mauuelis
2850 2928 2994 2997 regis
3039 2927 3129 2995 (ab
3166 2939 3312 2978 anno
3355 2922 3490 2977 1145

1905 3028 1971 3080 ad
2023 3039 2234 3078 annum
2290 3024 2474 3093 “80),
2537 3023 2806 3076 Manuelis
2872 3034 3163 3090 personam
3232 3015 3490 3074 induciis,

1907 3119 2255 3172 Andronicus
2286 3131 2514 3170 munere
2550 3114 2832 3184 drungarii
2880 3112 3034 3180 viglze
3078 3121 3209 3164 tunc
3259 3109 3490 3176 fungens

287 3209 364 3273 (ὅ)
404 3225 420 3255 t
470 3205 842 3274 Epiplmltitlm
875 3223 1092 3276 quoque
1125 3207 1491 3278 deprehendit
1524 3219 1584 3263 et
1619 3211 1805 3264 multis
1862 3275 1876 3278 Α
1914 3211 2049 3277 (sive
2085 3210 2380 3277 praefectus
2419 3207 2691 3277 vigilum),
2731 3213 3101 3267 οοκιιοηιριιιο
3142 3202 3490 3260 Cantaterus,

218 3297 270 3347 in
315 3297 492 3353 libriS.
525 3307 577 3348 et
604 3311 748 3363 s:epc
794 3299 847 3348 in
897 3275 1229 3364 unoquoque
1300 3297 1494 3348 eadem
1537 3299 1810 3348 allil‘lliilﬂ-
1840 3275 1882 3334 θ
1916 3275 1997 3355 t'ir
2037 3275 2300 3372 sapientia
2332 3317 2440 3355 non
2483 3275 2743 3371 ignobilis
2795 3298 3139 3367 composuit:
3182 3296 3234 3348 in
3268 3309 3378 3362 quo
3407 3307 3496 3345 ca-

220 3399 351 3442 tem.
389 3407 406 3438 ι
445 3390 740 3442 lnnumcra
787 3399 918 3440 sunt
967 3403 1032 3440 ac
1083 3387 1522 3440 luculentissima
1571 3387 1812 3456 Epipha-

218 3483 291 3532 i.ii
331 3482 676 3533 testimonia.
723 3481 900 3534 Pauca
937 3481 1146 3548 accipe.
1182 3479 1240 3533 In
1275 3483 1562 3539 Ancorato,
1596 3495 1650 3532 n.
1699 3481 1805 3532 67:

217 3571 342 3624 lum
371 3587 496 3624 vero
539 3588 659 3622 cum
683 3571 924 3624 Christus
969 3569 1214 3636 a,Patre,
1270 3568 1408 3622 Deus
1463 3569 1696 3621 videlicet
1753 3585 1815 3620 ea;

219 3664 356 3723 ϋηο.
393 3665 640 3716 ereJitur
671 3677 688 3715 :
728 3672 774 3713 et
808 3660 1037 3731 Spiritus
1069 3665 1129 3713 ὲκ
1159 3660 1249 3713 τοῦ
1282 3659 1541 3728 Χριστοῦ,
1569 3676 1632 3712 ex
1661 3661 1814 3714 Chri-

217 3767 337 3819 sto;
397 3757 428 3824 ἦ
462 3759 594 3824 παρ’
631 3757 971 3822 ἀμφοτέρων.
1011 3771 1102 3806 seu
1132 3756 1196 3807 ab
1240 3762 1463 3821 utroque
1491 3771 1506 3808 :
1535 3756 1672 3806 sicut
1700 3756 1815 3822 ipse

221 3852 346 3900 dicit
373 3849 644 3909 Christus,
675 3850 763 3915 qui
811 3865 841 3898 a
877 3847 1039 3899 Patre
1085 3848 1344 3916 procedit,
1379 3848 1490 3899 Kal
1542 3845 1698 3908 οὗτος
1751 3850 1814 3900 ὲκ

222 3942 313 3992 ττι-5
347 3942 490 4008 ἐμοῦ
515 3940 768 4008 λήψεται,
797 3938 865 3992 Et
906 3941 986 3991 hic
1012 3941 1074 3991 de
1105 3956 1216 3992 meo
1248 3939 1489 4010 accipiet.
1523 3939 1622 3996 Ubi
1654 3955 1815 3993 voevs

224 4035 348 4091 iiLe,
383 4033 449 4084 de
476 4046 614 4092 meo,
646 4047 934 4099 personam
968 4031 1131 4084 Verbi
1169 4032 1492 4100 respiciunt,
1550 4047 1658 4085 non
1717 4031 1814 4084 Pa-

225 4129 343 4177 tris.
381 4126 623 4183 Ibidem.
652 4141 803 4177 num.
835 4126 924 4186 Ἠ,
969 4123 1168 4177 Filium
1208 4135 1357 4178 uocat
1387 4127 1477 4176 τὸν
1529 4125 1587 4189 ἐξ
1626 4129 1812 4188 aha",

221 4221 308 4285 qui
345 4235 411 4270 ex
439 4221 552 4286 ipso
573 4218 782 4285 (Patre)
811 4237 823 4270 :
864 4216 1119 4286 Spiritum
1143 4233 1262 4270 vero
1295 4228 1558 4280 sanctum,
1583 4219 1642 4268 τὸ
1671 4222 1801 4288 παρ’

222 4312 336 4379 ἀμφ
350 4314 580 4377 ιτέρων,
615 4311 701 4376 qui
722 4325 783 4360 ex
808 4309 1075 4361 ambobus.
1102 4347 1114 4360 .
1135 4346 1149 4360 .
1176 4309 1334 4372 Audi,
1369 4313 1809 4377 quemadmodum

227 4403 386 4456 Pater
431 4420 554 4454 vere
589 4413 659 4452 sit
687 4401 810 4453 Filii
851 4411 1024 4470 pater,
1053 4409 1297 4469 totusque
1356 4403 1447 4453 lux
1479 4419 1492 4454 :
1529 4412 1576 4454 et
1639 4402 1808 4454 Filius

219 4509 336 4543 cere
369 4496 442 4542 sit
486 4491 668 4542 Putris
725 4490 886 4554 filius,
946 4491 1131 4542 lumen
1167 4491 1231 4542 de
1288 4491 1484 4542 lumine
1526 4506 1543 4544 :
1585 4491 1812 4560 Spiritus

1918 3403 2002 3449 tus
2035 3395 2124 3448 ille
2156 3395 2258 3457 vir,
2296 3410 2403 3446 non
2458 3393 2762 3463 prudenter
2811 3403 3090 3444 Certan'en
3136 3387 3276 3447 iniit.
3320 3401 3497 3453 neque

1917 3498 2016 3552 pro
2050 3497 2161 3536 sua:
2227 3482 2512 3549 sapientia:
2559 3482 2859 3550 dignitate;
2913 3481 3058 3548 quod
3096 3479 3176 3530 vel
3214 3476 3496 3545 pr0priuin

1917 3585 2141 3626 secutus
2179 3576 2251 3628 sit
2303 3574 2622 3637 arbitrium,
2673 3575 2756 3625 vel
2791 3571 3132 3624 dominantis
3188 3570 3357 3636 iussa,
3413 3565 3496 3617 \‘vl

1921 3667 2180 3732 temporis
2218 3665 2720 3732 Opportuiiitatem,
2773 3663 2860 3716 vel
2911 3659 3117 3730 aliquid
3145 3659 3316 3718 aliud,
3348 3658 3495 3724 quod

1918 3757 2051 3810 mihi
2083 3757 2322 3809 nondum
2362 3757 2556 3826 liquet.
2593 3774 2611 3807 ›

1989 3849 2046 3901 1η
2101 3863 2164 3901 ea
2191 3849 2314 3902 libri
2349 3859 2501 3916 parte
2578 3863 2698 3916 qua:
2735 3845 3008 3915 Spiritum
3056 3853 3307 3896 sanctum
3376 3857 3498 3908 spc-

1917 3951 2046 4005 etul,
2077 3941 2319 4010 quinque
2362 3939 2595 4007 conﬁctis
2647 3940 2965 4008 dogmatum
3015 3936 3323 4006 principiis,
3363 3951 3499 4002 φησι

1918 4050 2035 4084 rum
2067 4032 2274 4085 nullum
2315 4032 2499 4102 (Becci
2539 4032 2704 4085 verba
2740 4031 2892 4095 sunt)
2932 4029 3055 4082 licet
3083 4028 3344 4097 quispiam
3373 4026 3500 4076 divi-

1920 4142 2108 4177 norum
2147 4123 2370 4177 Patrum
2400 4122 2794 4177 Commentario
2856 4120 3131 4175 evolvendo
3185 4117 3510 4178 delassetur,.

1920 4238 1950 4272 α
1992 4235 2258 4287 quoquam
2279 4236 2508 4286 unquam
2531 4226 2791 4271 assertum
2818 4218 3065 4284 reperiet,
3086 4212 3499 4266 adversantium

1917 4314 2230 4368 Graecorum
2263 4313 2596 4382 excogitatio
2620 4309 3109 4378 comprehenditur
3141 4306 3344 4359 omnis.
3397 4303 3502 4355 Re-

1919 4404 2022 4458 fert
2056 4421 2118 4458 ea
2153 4405 2355 4458 ibidem
2391 4420 2532 4473 saepe
2577 4403 2827 4456 laudatus
2860 4400 3172 4468 patriarcha
3211 4416 3222 4450 :
3257 4396 3504 4448 Primum

1919 4512 2040 4564 ergo
2079 4512 2315 4549 asserens
2361 4513 2376 4548 :
2409 4497 2680 4563 praprium
2720 4494 2896 4545 Patris
2950 4507 3058 4544 esse
3087 4490 3346 4556 Spiritum
3373 4504 3502 4558 pro-

219 4586 452 4650 denique
483 4590 707 4633 sanctus
771 4579 1021 4632 Veritatis
1071 4583 1138 4633 sit
1173 4579 1424 4650 Spiritus.
1482 4582 1596 4648 φῶς
1628 4583 1803 4650 spite»

1921 4589 2131 4640 ducere.
2172 4589 2286 4640 lino
2315 4588 2543 4656 spiratio
2574 4585 2770 4645 activa,
2800 4601 2922 4638 cum
2955 4597 3052 4636 nec
3078 4582 3220 4634 l’atii
3280 4596 3379 4633 nec
3413 4579 3503 4633 Fi-

219 4679 371 4740 1:191
433 4671 680 4739 [ἰατρὸς.
709 4672 806 4722 καὶ
835 4670 986 4734 Υἱοῦ,
1016 4672 1229 4724 tertium
1281 4689 1313 4723 a
1348 4670 1535 4733 Patre,
1579 4671 1817 4740 Filioque

221 4766 421 4817 lumen.
457 4764 598 4829 Quis
641 4763 852 4816 inﬁcias
883 4766 1066 4824 iverit,
1105 4764 1191 4832 agi
1227 4766 1329 4816 lioc
1356 4765 1480 4818 loco
1506 4767 1571 4818 de
1609 4768 1814 4833 produ-

220 4871 410 4912 ctione
457 4875 520 4911 su
554 4859 784 4911 stantia:
817 4873 877 4911 ac
915 4873 1159 4927 permitte
1187 4857 1425 4927 Spiritus
1455 4862 1628 4911 sancti
1665 4859 1687 4910 ?

294 4955 550 5020 Insignes
583 4951 718 5003 alias
745 4966 849 5003 non
877 4951 1324 5018 pratermiserim
1361 4949 1416 5003 in
1439 4950 1632 5004 eodem
1654 4951 1820 5003 Anco-

221 5058 342 5099 rcto
395 5044 728 5097 sententias.
780 5043 943 5097 Num.
971 5043 1004 5096 8
1042 5043 1162 5095 ait:
1207 5042 1350 5095 Inest
1396 5057 1517 5111 ergo
1563 5042 1703 5096 Deus
1757 5045 1810 5095 in

224 5138 414 5200 Patre,
446 5138 582 5186 inest
614 5136 668 5186 in
704 5132 864 5193 Filio,
897 5135 1030 5187 inest
1058 5133 1113 5186 in
1132 5132 1334 5202 Spiritu
1372 5144 1551 5186 sancto
1578 5149 1598 5188 :
1624 5136 1714 5204 qui
1760 5150 1823 5186 ex

225 5231 593 5293 Deoisariter,
617 5236 662 5277 et
684 5225 816 5278 Deut
857 5236 956 5280 est.
992 5226 1215 5293 Spiritus
1255 5227 1393 5279 enim
1436 5225 1552 5288 Dei,
1590 5226 1823 5289 Spiritus

228 5323 413 5374 Pam:
451 5331 498 5371 et
554 5316 687 5370 Filii
728 5317 954 5384 Spiritus
985 5333 1004 5370 :
1037 5334 1138 5370 non
1187 5318 1558 5386 compositione
1614 5317 1818 5384 aliqua.

227 5412 696 5481 quemadmodum
731 5413 785 5462 in
818 5411 963 5462 nobis
995 5412 1176 5462 anima
1204 5425 1494 5476 corpusque
1551 5410 1823 5478 conjungi-

229 5519 320 5557 ιιι(
358 5521 369 5552 f
405 5507 500 5557 sed
534 5508 592 5556 ἐν
635 5504 700 5567 μέ
716 5520 788 5566 σῳ
821 5504 1033 5572 llztp’i;
1077 5504 1169 5554 καὶ
1194 5501 1347 5566 Υιιιῦ,
1394 5503 1459 5554 lit
1487 5501 1578 5553 τοῦ
1612 5503 1823 5571 Πατρδις

232 5602 327 5648 21':
360 5595 456 5648 τοῦ
488 5593 651 5654 Υξοῦ,
683 5596 862 5660 τρίτον
884 5598 949 5662 τῇ
991 5594 1294 5662 ὀνομισὶᾳς
1353 5593 1501 5646 Inter
1531 5593 1743 5646 Putrem
1773 5601 1824 5646 et

233 5690 437 5743 Filium
471 5689 680 5740 medius
729 5703 791 5739 cz
815 5689 980 5740 Patre
1034 5686 1293 5756 Filioque,
1337 5688 1524 5739 tertius
1589 5685 1826 5756 appella-

238 5786 405 5836 tione.
443 5783 623 5835 Yerba
653 5779 855 5844 refero,
884 5795 1006 5849 quae
1054 5794 1206 5833 num.
1261 5779 1330 5833 '13
1367 5779 1638 5834 habentur
1669 5798 1681 5832 :
1715 5777 1824 5848 lgi-

239 5887 328 5930 tsr
348 5881 392 5930 si
420 5894 453 5928 α
491 5873 664 5928 Patre
699 5874 928 5940 procedit
955 5889 973 5929 .'
998 5882 1046 5927 et
1079 5873 1141 5928 de
1161 5889 1297 5941 meo,
1324 5874 1400 5926 ait
1428 5871 1703 5943 Dominus,
1744 5891 1827 5927 tn:-

1925 4681 1997 4734 lio
2035 4690 2364 4748 opponatur,
2417 4678 2636 4747 utrique
2676 4676 2986 4731 communis
3051 4685 3154 4726 cst.
3208 4671 3322 4724 Dici
3364 4671 3506 4724 solet

1923 4777 2238 4842 praprietas,
2273 4773 2400 4840 quia
2432 4787 2540 4824 non
2577 4781 2661 4824 est
2695 4767 3002 4822 communis
3027 4764 3508 4833 tribuspersonis.

1924 4883 2047 4919 eum
2072 4874 2280 4918 tantum
2309 4865 2601 4918 conveniat
2635 4862 2782 4915 Patri
2844 4869 2899 4914 et
2923 4859 3083 4914 Filio.
3108 4857 3227 4911 Non
3270 4868 3356 4910 est
3378 4871 3508 4909 vero

1924 4956 2234 5026 proprietas
2252 4953 2566 5024 personalis,
2593 4955 2718 5022 quia
2744 4965 3036 5021 personam
3067 4963 3174 5002 non
3196 4949 3506 5010 constituit,

1925 5051 2018 5102 sed
2057 5063 2319 5117 personas
2347 5049 2488 5100 duas
2517 5047 2846 5099 constitutas
2899 5042 3088 5106 allicit,
3142 5056 3206 5094 ac
3243 5042 3410 5095 refert
3438 5040 3508 5095 ad

1929 5141 2163 5193 tertiam.
2197 5139 2533 5192 Secundum:
2565 5136 2822 5207 quidquid
2849 5137 2911 5187 de
2931 5134 3192 5188 Trinitate
3222 5135 3505 5192 asseritur,

1925 5240 2017 5282 aut
2048 5239 2122 5282 est
2149 5231 2325 5293 unius,
2360 5238 2451 5282 aut
2482 5230 2666 5283 trium.
2695 5227 2796 5296 71
2829 5226 2884 5278 Id
2917 5225 3117 5294 oppido
3140 5223 3329 5278 falsum
3358 5225 3506 5276 evin-

1925 5332 2079 5385 cunt,
2115 5336 2235 5390 qute
2286 5320 2543 5374 adnotata
2595 5329 2744 5373 sunt.
2790 5317 3031 5386 Spiratio
3079 5315 3278 5380 activa,
3340 5315 3506 5370 sicuti

1932 5431 2038 5469 non
2079 5414 2379 5482 opponitur
2423 5412 2737 5482 paternitati
2767 5421 2819 5463 et
2852 5409 3100 5463 liliationi
3126 5450 3141 5472 ,
3202 5409 3275 5462 ita
3333 5421 3512 5474 oppo-

1932 5505 2077 5558 nitur
2104 5503 2390 5573 spirationi
2425 5504 2691 5572 passivaz;
2729 5499 2872 5552 unde
2914 5498 3144 5568 spiratio
3183 5497 3358 5549 activa
3396 5510 3510 5548 non

1928 5607 2012 5652 est
2031 5597 2210 5659 unius,
2234 5612 2341 5650 non
2365 5606 2447 5650 est
2467 5596 2654 5655 trium,
2669 5592 2764 5647 sed
2783 5601 2867 5647 est
2885 5591 3113 5646 duarum
3130 5603 3510 5658 personarum.

1931 5691 2156 5744 Tertium
2186 5707 2202 5744 :
2227 5690 2476 5760 quidquid
2493 5690 2556 5741 de
2578 5689 2764 5741 divinis
2785 5685 3017 5756 personis
3031 5683 3307 5746 asseritur,
3327 5691 3420 5733 aut
3438 5689 3511 5733 est

1931 5782 2221 5850 personale,
2243 5791 2335 5835 aut
2356 5791 2430 5836 est
2453 5780 2717 5834 naturale.
2751 5778 3180 5848 Alquiverojam
3211 5782 3375 5842 patet.
3410 5772 3503 5834 ειιίυ

1935 5875 2204 5930 rationem
2244 5881 2478 5930 activam
2508 5891 2613 5929 non
2665 5891 2782 5928 esse
2821 5871 3039 5943 proprie
3074 5867 3316 5923 naturale
3350 5863 3509 5935 quid-
