4198 6440
716 420 784 479 tiri

718 535 883 600 piam,
914 545 1011 583 nec
1064 542 1185 581 esse
1222 528 1511 597 personale
1546 544 1558 578 :
1596 540 1715 578 esse
1759 534 1940 577 tamen
1984 522 2116 592 quid
2155 537 2280 591 pro-

714 626 910 691 prium,
942 620 1088 687 quod
1124 621 1251 674 licet
1275 619 1490 672 duabus
1526 614 1815 670 conveniat
1852 615 2123 683 personis,
2173 614 2272 667 Pa-

714 713 778 765 tri
812 721 867 765 ct
899 712 1052 776 Flio,
1075 721 1261 779 utpote
1286 726 1459 777 neque
1490 707 1807 777 paternitati
1846 720 2022 773 neque
2057 704 2275 757 ﬁliatio-

707 802 760 853 ui
805 803 1136 869 oppositum,
1178 815 1284 852 non
1324 809 1405 852 est
1467 814 1757 851 commune
1822 795 2018 855 tribus,
2076 809 2273 862 nempe

704 904 893 946 sancto
951 894 1113 945 etiam
1160 892 1411 958 Spiritui,
1468 891 1554 943 cui
1594 890 1799 941 scilicet
1833 887 2057 940 relative
2103 900 2273 954 oppa-

704 986 872 1037 nitur.
906 985 1052 1037 llanc
1085 985 1282 1051 promit
1332 986 1533 1038 Ductor
1584 982 1861 1041 angelicus
1902 979 2269 1049 objectiouem

702 1086 893 1141 qnatst.
945 1076 1029 1139 t0,
1077 1078 1143 1129 de
1176 1076 1414 1145 potentia
1448 1078 1600 1127 arlic.
1649 1075 1701 1134 ιι,
1734 1086 1964 1138 eamque
1997 1069 2154 1123 solvit
2202 1068 2267 1120 ad

699 1166 751 1227 7,
787 1167 977 1235 duplex
1030 1168 1418 1236 distinguendo
1462 1166 1779 1235 prolurium:
1844 1166 2094 1217 alterum,
2133 1160 2271 1229 quod

696 1268 771 1310 est
803 1260 1107 1327 simpliciter
1155 1270 1202 1312 ct
1232 1260 1487 1318 absolute,
1518 1268 1565 1310 ct
1606 1260 1696 1310 uni
1727 1257 1824 1310 soli
1857 1256 2112 1317 convenit,
2137 1254 2271 1305 sed

697 1353 894 1405 risibile
923 1356 1117 1405 homini
1149 1370 1165 1405 :
1199 1354 1450 1415 aI-crnm,
1484 1355 1619 1419 quod
1654 1369 1755 1404 non
1811 1361 1887 1402 est
1942 1344 2268 1413 simpimitcr,

694 1445 785 1495 sed
812 1445 881 1495 ad
911 1446 1110 1511 aliquid
1138 1464 1153 1507 ;
1188 1455 1241 1496 ut
1271 1446 1313 1496 si
1350 1445 1557 1496 dicatur
1582 1444 1715 1511 quod
1752 1440 2020 1493 rationale
2042 1450 2114 1493 est
2147 1456 2269 1509 pro-

696 1537 869 1603 prium
900 1536 1095 1587 Ιεοηιὶιιὶ
1127 1536 1181 1586 in
1209 1536 1600 1603 comparatione
1625 1534 1693 1584 ad
1719 1548 1930 1601 equum,
1960 1530 2075 1582 licet
2104 1539 2151 1581 et
2176 1529 2270 1581 alii

696 1628 988 1688 conveniat,
1017 1627 1213 1679 scilicet
1243 1626 1449 1694 angelo.
1490 1625 1676 1692 Itaque
1706 1638 1953 1692 persona:
1991 1622 2133 1680 dum,
2169 1621 2269 1673 Pa-

700 1729 861 1771 teret
906 1718 1094 1777 lidius,
1124 1735 1219 1770 sua
1252 1719 1479 1783 singula:
1506 1717 1839 1783 proprietate
1892 1718 2033 1781 (quae
2060 1712 2267 1780 simpli-

696 1814 821 1863 citer
843 1822 889 1863 et
915 1812 1149 1883 absolute
1171 1811 1365 1863 dici'ur
1405 1811 1733 1879 proprietas)
1762 1808 2073 1861 constitute
2096 1816 2222 1859 sunt
2250 1823 2263 1857 :

695 1918 756 1954 :ic
798 1913 923 1956 sunt
955 1905 985 1969 ἡ
1041 1908 1314 1972 mmora;
1342 1904 1435 1955 καὶ
1472 1903 1673 1971 υἱάτης,
1713 1901 2003 1969 paternitas
2038 1909 2082 1950 et
2134 1897 2268 1964 ﬁtie-

697 2006 801 2055 tas,
834 1996 1033 2063 quibus
1059 1997 1278 2065 integrre
1310 2006 1361 2048 et
1394 1996 1626 2048 invicem
1686 1995 1956 2047 distinclte
1989 1992 2162 2045 Patris
2214 1998 2268 2044 et

696 2087 815 2141 I—‘ilii
854 2088 1172 2157 liypostases
1196 2088 1486 2141 exsistunt.
1520 2088 1676 2140 llisce
1712 2103 1840 2140 vero
1863 2089 1971 2153 iam
2004 2086 2269 2138 conslilu-

695 2181 764 2232 tis
794 2180 1005 2233 accedit
1034 2182 1157 2240 alia,
1186 2199 1255 2249 qu
1280 2200 1304 2229 ι·
1328 2192 1411 2234 est
1441 2181 1685 2247 spirandi
1720 2180 2061 2249 proiicituas:
2095 2192 2266 2246 eaque

695 2273 934 2325 divinam
973 2277 1288 2338 essentia-ii,
1316 2290 1375 2327 ac
1409 2274 1688 2334 virtutem,
1738 2284 1795 2326 et
1867 2274 2262 2340 Operatiunem,

698 2375 757 2418 ιι
788 2376 872 2419 est
914 2367 967 2418 in
1008 2365 1164 2420 Patre
1200 2376 1251 2419 et
1290 2368 1340 2419 in
1394 2367 1552 2421 Flio.
1587 2365 1702 2418 sive
1746 2375 1804 2419 ιιι
1855 2374 1939 2418 est
1975 2366 2026 2415 iu
2070 2362 2261 2423 Patre,

693 2468 749 2511 et
780 2475 807 2511 a
844 2459 1000 2513 Patrc
1037 2461 1087 2512 in
1118 2460 1274 2524 Filio,
1310 2459 1674 2527 consequitur
1722 2470 1777 2512 et
1842 2456 2161 2512 tuoditicat:
2199 2471 2263 2510 ac

694 2549 768 2603 ita
800 2552 1016 2603 domum
1053 2551 1132 2613 tit,
1164 2561 1220 2604 ut
1253 2567 1421 2604 unum
1479 2552 1570 2605 iiut
1632 2567 1697 2605 ex
1751 2549 2019 2603 ambobus
2056 2548 2262 2617 princi-

697 2643 866 2706 pium,
896 2652 949 2696 et
986 2658 1125 2694 unus
1156 2643 1451 2711 προϐολεὺς
1480 2644 1750 2709 spirator;
1787 2658 1892 2693 non
1930 2650 2108 2691 tamen
2157 2653 2261 2690 una

693 2749 951 2801 persona.
984 2735 1120 2788 lliuc
1153 2750 1494 2804 consequens
1526 2734 1655 2786 illud
1716 2733 1961 2793 eliditur,
1991 2747 2100 2798 quo
2135 2731 2260 2797 Spi-

695 2828 863 2880 ritum
905 2838 1153 2881 sanetum
1186 2843 1299 2880 sua:
1330 2824 1695 2896 proccssionis
1719 2833 1997 2877 attctorem
2021 2822 2135 2873 fore
2169 2820 2263 2873 de—

693 2922 939 2985 ducunt;
972 2920 1098 2987 quia
1133 2928 1189 2972 et
1245 2920 1359 2987 ipse
1392 2917 1640 2972 eamdem
1669 2931 1791 2970 cum
1828 2913 1985 2967 Patre
2018 2922 2072 2966 et
2123 2912 2260 2965 Filio

692 3012 1013 3075 essentiam,
1046 3021 1100 3064 et
1124 3013 1407 3072 virtutem,
1441 3018 1492 3062 ct
1522 3008 1896 3077 operationem
1936 3004 2122 3059 habet.
2177 3002 2260 3056 Si-

692 3103 909 3169 quidem
943 3118 1051 3155 non
1085 3101 1135 3154 id
1174 3100 1403 3169 praecise
1428 3097 1759 3168 operationi.
1792 3105 1887 3149 aut
1917 3094 2133 3151 virtuti.
2166 3102 2259 3146 aut

692 3196 964 3259 essentne,
994 3194 1273 3255 convenit,
1308 3208 1414 3261 qua
1446 3191 1683 3246 essentia
1752 3199 1855 3253 est,
1902 3197 1961 3240 ut
1995 3186 2260 3255 producat

693 3288 955 3357 Spiritum
982 3297 1230 3343 Sanctum
1260 3303 1273 3337 :
1330 3285 1426 3338 sed
1459 3283 1735 3342 essentia),
1767 3297 1873 3351 qua
1939 3280 2263 3348 paternitate

693 3394 758 3432 ac
792 3379 1051 3431 ﬁliatioue
1080 3377 1267 3429 allecta
1318 3383 1421 3434 est.
1482 3374 1813 3441 quibuscum
1856 3370 2102 3440 spirandi
2142 3383 2267 3437 pro-

695 3474 898 3541 prictas
933 3480 1017 3525 est
1054 3470 1357 3539 complexa.
1392 3468 1522 3533 Qu-e
1562 3466 1780 3518 demum
1833 3464 2073 3532 spirandi
2137 3478 2266 3531 pro-

698 3565 900 3633 prietas
928 3565 1145 3617 tametsi
1180 3580 1280 3615 non
1313 3563 1517 3630 diﬂ'crat
1551 3558 1835 3612 secundum
1880 3572 1989 3609 rem
2021 3574 2051 3608 a
2087 3565 2266 3624 pater-

696 3662 857 3711 nitute
891 3670 936 3710 et
964 3658 1322 3722 ﬁtiatione,ut
1353 3653 1569 3723 egregie
1605 3650 1992 3705 animadvertit
2021 3649 2267 3715 Aquinas

697 3754 750 3804 in
780 3750 1117 3819 Compenilio
1144 3749 1423 3815 theologia:
1445 3762 1567 3814 cap.
1598 3744 1687 3806 65,
1714 3742 1836 3796 lla'c
1866 3753 2101 3794 attamen
2118 3741 2268 3809 diffe-

695 3855 815 3894 runt
842 3842 1121 3894 secundum
1144 3856 1202 3891 et
1239 3841 1305 3891 ad
1341 3854 1457 3907 qua!
1490 3840 1829 3906 referuntur;
1870 3851 1990 3886 nam
2029 3836 2265 3902 paterni-

697 3944 804 3987 t.tte
842 3933 998 3987 Pater
1031 3934 1256 4001 refertur
1279 3931 1345 3983 ad
1376 3928 1588 3988 Filium.
1623 3937 1672 3981 et
1693 3928 1954 3982 communi
1979 3927 2268 3996 spiratione

697 4028 766 4077 κει
790 4027 1046 4094 Spiritum
1077 4032 1316 4076 sanctum
1360 4032 1451 4074 :ct
1493 4020 1737 4073 similiter
1787 4018 1954 4073 Filius
2010 4016 2266 4084 filiatione

696 4120 903 4184 (tantem
929 4118 996 4169 ad
1028 4116 1263 4175 Patrem,
1290 4114 1550 4166 communi
1578 4128 1697 4165 vero
1723 4113 2013 4181 spiratione
2042 4111 2109 4163 ad
2143 4109 2266 4176 Spi.

697 4212 855 4262 riium
882 4224 1141 4259 sanctum.
1183 4204 1413 4258 Abunde
1447 4202 1618 4258 Gra:ci
1646 4204 1755 4273 jam
1794 4203 2017 4265 habent,
2058 4215 2261 4268 quem-

696 4299 992 4371 admodum
1054 4296 1157 4349 lioc
1216 4296 1328 4350 ﬁeri
1369 4297 1559 4364 possit,
1634 4306 1844 4348 utrum
1877 4293 2033 4346 Pater
2061 4302 2114 4345 et
2178 4291 2263 4345 Fi-

697 4393 708 4441 t
741 4404 805 4442 us
843 4388 962 4440 dum:
986 4388 1088 4441 sint
1124 4402 1388 4454 pet-some,
1427 4386 1645 4439 unicam
1679 4396 1857 4438 tamen
1918 4394 1975 4438 et
2028 4385 2263 4451 singula-

697 4496 813 4533 rem
846 4481 1081 4532 habeant
1106 4478 1455 4531 accedentem
1483 4478 1893 4546 proprietatem,
1923 4476 1975 4528 in
2001 4490 2106 4543 qua
2136 4489 2269 4527 con-

697 4572 941 4629 veniant,
984 4578 1037 4622 ct
1066 4569 1119 4621 in
1156 4584 1261 4637 qua
1307 4584 1471 4621 unum
1510 4569 1622 4621 sint
1655 4568 1925 4635 idcmqne.

767 4663 1049 4717 Assertum
1090 4668 1339 4729 quartum
1380 4670 1479 4719 est,
1541 4658 1685 4727 quod
1735 4658 1979 4711 insinuat
2014 4655 2264 4709 Cantato-

697 4771 827 4806 ius:
861 4751 1097 4814 Patrem,
1126 4767 1242 4819 qua:
1275 4751 1380 4819 72
1408 4766 1471 4803 ex
1509 4766 1563 4803 se
1596 4750 1756 4802 veluti
1799 4765 1959 4801 causa
1997 4749 2261 4817 producit,

695 4847 898 4898 ratione
932 4858 1187 4912 persona',
1244 4859 1346 4895 non
1380 4855 1552 4895 autent
1603 4851 1807 4894 naturte
1838 4856 1899 4892 ea
1954 4840 2259 4908 producere.

696 4936 1034 5005 Principium
1059 4934 1517 5004 distingue,quod
1552 4933 1804 5001 producit
1832 4948 1844 4985 :
1877 4942 1933 4985 ct
1965 4933 2258 4993 rationem,

695 5046 791 5083 seu
824 5030 1101 5092 virtutem,
1131 5044 1236 5096 qua
1296 5027 1426 5081 illud
1474 5026 1748 5095 producit.
1786 5026 2024 5078 Persona
2086 5024 2263 5078 Patris

693 5120 946 5189 producit
980 5120 1245 5190 Spiritum
1272 5128 1519 5173 sanctum
1551 5120 1756 5171 virtute
1785 5117 2045 5185 spirativa
2080 5135 2091 5168 :
2128 5130 2259 5184 qua.

692 5230 817 5265 cum
849 5212 1037 5265 eadcm
1072 5211 1209 5265 Filio
1241 5212 1373 5265 insit
1404 5209 1808 5265 communicata
1866 5224 1893 5260 a
1931 5208 2112 5267 Patre,
2148 5206 2261 5259 ille

693 5308 859 5358 etiam
884 5305 1144 5373 Spiritum
1176 5316 1425 5357 sanctum
1474 5303 1753 5371 producit.
1792 5302 1933 5355 Sunt
1968 5316 2101 5369 ergo
2138 5300 2261 5353 dure.

692 5412 962 5465 personze,
1003 5406 1095 5449 aut
1126 5396 1236 5449 duo
1287 5399 1587 5465 supposita,
1616 5411 1735 5464 qua:
1768 5411 1872 5448 una
1908 5395 2107 5446 virtute
2136 5408 2262 5461 pro-

690 5486 1467 5555 ducuntSpiritumsanctum
1529 5503 1543 5539 :
1605 5488 1851 5553 adeoque
1909 5494 2039 5538 sunt
2093 5500 2258 5537 mium

691 5576 1047 5645 principium.
1089 5576 1343 5641 Quintum
1390 5578 1632 5647 denique,
1667 5578 1802 5647 quod
1825 5576 2100 5629 decernit:
2136 5575 2257 5645 Spi-

692 5668 853 5721 ritum
881 5685 943 5720 ex
977 5667 1137 5721 Patre
1167 5684 1277 5722 esse
1325 5671 1565 5738 contigue
1598 5677 1645 5721 et
1680 5668 1998 5721 immediate.
2032 5667 2145 5721 lino
2167 5683 2261 5735 op-

690 5758 928 5827 positum
956 5758 1237 5811 docentem
1262 5758 1569 5811 audivimus
1586 5758 1913 5827 Gregorium
1931 5756 2256 5828 Nyssenuut.

691 5853 904 5923 Insigne
946 5852 1316 5906 testimonium
1350 5852 1465 5923 ejus
1493 5851 1692 5906 recide.

1750 411 2069 471 GEORGII
2116 411 2373 470 CYPRII
2418 411 2529 474 CP.
2577 410 3101 469 PATRIARCIIE

2458 520 2542 576 IV.
2582 522 2906 592 llujusmodi
2948 522 3731 583 sententiarumimlientinne,
3760 524 3935 590 quius

2378 632 2441 669 ex
2468 630 2711 669 veterum
2746 615 2968 669 Patrum
2995 632 3135 684 penu
3174 617 3481 686 desumptis
3524 635 3677 670 suam
3712 628 3762 669 et
3809 618 3934 670 La=i-

2376 723 2572 760 norum
2642 723 2861 761 causam
2901 710 3198 776 perorabat
3248 709 3476 772 Beccus,
3516 713 3786 779 egregiam
3855 724 3935 776 pro

2374 802 2566 853 ea'lem
2602 817 2763 854 causa
2796 802 3103 870 apologiam
3139 803 3271 855 texit
3311 802 3697 871 Pacbymeres.
3744 803 3847 855 Pro
3877 818 3933 853 eo

2378 903 2581 956 tamen,
2624 910 2732 961 quo
2774 895 3060 949 laborabat
3114 898 3429 950 scliistnatis
3473 897 3688 958 inorbo,
3727 898 3812 946 vix
3866 896 3909 945 iu

2377 984 2627 1053 telligeus
2665 1001 2785 1053 qua:
2837 987 3115 1039 scribebat
3186 1007 3199 1041 :
3247 986 3439 1050 locum,
3482 980 3580 1050 ait',
3626 987 3935 1039 accttsaticni

2370 1078 2452 1129 sui
2474 1077 2679 1131 dedisse
2724 1077 2946 1131 Beccum
2978 1080 3120 1131 haud
3146 1097 3276 1133 sane
3309 1081 3705 1132 cautemncndte
3755 1094 3772 1130 :
3815 1079 3933 1130 acsi

2374 1183 2591 1235 nempe,
2633 1168 2833 1236 duplex
2870 1170 2960 1223 ille
3002 1186 3063 1223 ac
3098 1170 3276 1223 Latini
3310 1173 3663 1239 principium,
3718 1182 3810 1223 aut
3851 1173 3933 1221 du-

2372 1261 2567 1328 piicem
2605 1259 2844 1329 Spiritus
2874 1263 3046 1316 sancti
3078 1278 3322 1325 causam,
3349 1266 3728 1317 admitterent.
3772 1283 3789 1313 ι
3830 1263 3932 1317 Non

2372 1351 2530 1409 levis,
2592 1368 2693 1405 nec
2750 1354 2987 1421 vulgaris
3037 1371 3195 1408 error
3230 1358 3547 1419 videbatur,
3616 1370 3817 1424 przeter
3845 1358 3935 1408 rint

2370 1445 2617 1513 principii
2664 1455 2714 1497 et
2774 1464 2966 1511 cauare,
3004 1464 3125 1515 quae
3166 1450 3219 1501 in
3258 1447 3423 1501 Patre
3454 1466 3481 1502 a
3519 1453 3737 1503 cunctis
3790 1466 3937 1517 agno-

2370 1536 2563 1598 scitur,
2586 1545 2817 1604 respectu
2840 1536 3066 1607 Spiritus
3089 1540 3290 1601 sancti;
3317 1540 3477 1592 etiam
3497 1537 3629 1591 Filio
3647 1540 3935 1592 attribuch

2371 1629 2630 1680 rationem
2655 1630 2899 1699 principii
2918 1641 2965 1683 et
2994 1648 3167 1684 causa:
3194 1649 3319 1700 ergo
3349 1631 3608 1700 Spiritum
3633 1634 3887 1684 eumdem.
3912 1650 3927 1681 ι

2370 1719 2723 1789 Consequens
2748 1720 2891 1774 istud
2932 1723 2998 1775 ab
3032 1725 3369 1778 adversariis
3425 1725 3609 1793 inepte
3648 1726 3851 1779 illatum
3885 1724 3937 1775 il-

2371 1812 2578 1866 lideliat
2603 1815 3133 1885 Beccusargumento
3168 1833 3195 1869 c
3226 1816 3420 1872 Cra'cis
3446 1820 3604 1871 ducto
3635 1820 3777 1883 ipsis,
3802 1817 3933 1887 quod

2302 1878 2340 1933 η
2373 1908 2487 1975 ipse
2530 1907 2893 1977 Pacliymeres
2950 1908 3113 1961 aﬂert
3160 1927 3171 1961 :
3218 1910 3408 1962 Annon
3452 1910 3468 1979 (
3507 1910 3810 1977 inquiens)
3857 1927 3937 1963 ros

2370 2015 2570 2067 quoque
2599 2009 2646 2050 et
2674 2000 2861 2059 dicitis,
2891 2010 2936 2052 et
2965 2009 3099 2054 recte
3131 2003 3232 2054 dici
3263 2002 3522 2069 fatemini,
3570 2002 3783 2054 Patrem
3831 2018 3935 2055 esse

2366 2094 2652 2159 perfectum
2706 2092 2888 2154 Deum,
2914 2094 3195 2162 perfectum
3225 2098 3346 2148 item
3385 2095 3551 2148 Deum
3584 2112 3691 2147 esse
3730 2095 3931 2151 Filiu-n.

2367 2186 2586 2253 denique
2612 2184 2946 2240 Paracletum
2974 2188 3259 2256 perfectum
3311 2199 3359 2241 et
3388 2192 3558 2257 ipsum
3592 2206 3699 2241 esse
3731 2189 3932 2241 Deum?

2371 2276 2552 2330 Utrum
2579 2278 2760 2346 igitur.
2792 2279 2915 2347 quia
2939 2279 3059 2331 inde
3085 2287 3188 2332 tres
3217 2296 3323 2331 esse
3364 2282 3483 2332 deos
3504 2282 3704 2333 videtur
3733 2280 3933 2343 inferri,

2365 2370 2500 2437 falso
2535 2373 2634 2423 isto
2684 2380 2731 2423 et
2758 2371 3046 2440 respuendo
3084 2372 3366 2425 corollario
3402 2372 3713 2441 theologiam
3768 2373 3933 2441 inqui-

2365 2463 2605 2514 nutrimus
2639 2462 2666 2514 ἱ)
2695 2462 2881 2516 Unitas
2908 2477 2970 2515 ac
3005 2463 3264 2515 ideutitas
3288 2464 3541 2517 essentia:
3564 2464 3789 2525 divinae,
3821 2479 3935 2532 qua:

2368 2553 2542 2605 tribus
2568 2553 2710 2606 inest
2749 2553 2951 2607 divinis
2986 2554 3265 2623 personis,
3304 2565 3414 2608 tres
3457 2556 3586 2608 licet
3656 2556 3787 2619 sint,
3847 2570 3935 2608 eas

2362 2642 2526 2696 efﬁcit
2554 2660 2717 2696 unum
2747 2659 2866 2698 esse
2901 2646 3091 2699 Deum.
3134 2646 3239 2699 Par
3280 2656 3362 2701 est
3424 2648 3732 2713 exemplum
3788 2648 3837 2699 in
3874 2647 3934 2699 iis

2363 2750 2483 2801 qua:
2509 2734 2572 2788 ad
2604 2745 2753 2788 extra
2777 2746 3051 2789 vocantur
3075 2738 3446 2804 operationes.
3477 2738 3662 2791 Mundi
3687 2738 3935 2791 conditor

2362 2837 2447 2879 est
2482 2834 2657 2894 pater,
2693 2826 2784 2879 sed
2816 2828 2979 2879 etiam
3012 2826 3184 2881 Filius
3212 2829 3470 2881 conditor
3504 2828 3689 2881 mundi
3726 2838 3831 2889 est,
3880 2835 3935 2881 et

2360 2928 2444 2970 est
2463 2918 2715 2971 conditor
2744 2920 2931 2971 mundi
2955 2919 3189 2988 Spiritus
3211 2929 3463 2974 sanctus:
3490 2920 3583 2974 sed
3608 2921 3735 2988 quia
3764 2920 3935 2973 omni-

2362 3010 2631 3077 potentia,
2656 3026 2762 3079 qua
2785 3012 3038 3065 conditur
3069 3014 3329 3077 mundus,
3348 3031 3449 3066 una
3490 3016 3624 3068 inest
3655 3006 3933 3069 ac'eadem

2364 3110 2414 3152 tr
2441 3102 2541 3155 bus
2576 3103 2847 3170 personis,
2888 3119 2994 3156 non
3035 3114 3163 3158 snnt
3221 3115 3333 3159 tres
3372 3107 3563 3159 mundi
3604 3106 3934 3168 conditores,

2293 3219 2336 3276 ς
2367 3189 2462 3242 sed
2503 3205 2641 3242 unus
2673 3192 2944 3247 conditor.
2979 3193 3176 3247 Verum
3215 3195 3498 3249 enimvero
3525 3212 3630 3249 una
3656 3199 3821 3249 etiam
3855 3208 3936 3250 est

2368 3283 2592 3351 spiratio
2629 3286 2797 3337 activa
2834 3283 2974 3338 Patri
3008 3294 3060 3339 et
3103 3285 3242 3339 Filio
3290 3289 3599 3341 communis
3634 3305 3646 3340 :
3686 3288 3936 3357 adeoque

2368 3375 2477 3428 duo
2507 3376 2703 3437 Patris,
2737 3386 2791 3429 ct
2831 3376 2950 3430 Filii
2981 3377 3164 3431 divina
3194 3380 3476 3448 supposita
3518 3390 3646 3434 sunt
3680 3396 3786 3433 una
3815 3396 3939 3433 cau-

2367 3484 2448 3526 sa.
2490 3478 2582 3520 aut
2612 3484 2773 3520 unum
2802 3470 3115 3537 principium
3149 3472 3319 3523 sancti
3355 3471 3613 3539 Spiritus.

2441 3559 2564 3613 ηερ
2598 3561 2859 3615 docti-inre
2881 3561 3211 3617 Christianae
3244 3563 3571 3617 documenta
3611 3565 3937 3617 inconcussa

2369 3654 2561 3706 scribit
2590 3653 2971 3723 Pacliymeres,
2998 3655 3077 3706 ad
3097 3656 3477 3725 subterfugium
3508 3658 3741 3707 criminis
3764 3665 3941 3708 astute

2370 3760 2397 3794 a
2433 3744 2604 3797 Deceo
2639 3744 2952 3797 adinventa.
3002 3745 3166 3797 Addit
3199 3747 3362 3798 etiam
3400 3750 3469 3798 ad
3504 3748 3742 3798 eumdem
3776 3747 3941 3811 ﬁnem

2368 3834 2633 3887 decretum
2657 3835 2799 3901 ﬁdei,
2823 3836 2923 3903 legi
2947 3835 3228 3888 soiitumin
3256 3836 3489 3889 Ecclesia
3513 3839 3616 3894 die.
3640 3854 3757 3905 (μίαν
3784 3854 3944 3889 voca-

2370 3937 2459 3979 tur
2489 3926 2847 3995 'Op00€o$iac,
2873 3925 3205 3980 Ortliodoxia'
3225 3929 3520 3988 (Dominica
3540 3930 3744 3983 scilicet
3766 3930 3945 3998 prima

2369 4015 2852 4083 Quadragesimm),
2895 4016 3059 4068 tribus
3088 4026 3300 4068 auctum
3350 4017 3596 4084 capitulis
3630 4017 3697 4069 ab
3738 4017 3941 4068 eodem

2370 4107 2679 4175 patriarcha
2826 4123 2941 4159 cum
2970 4107 3132 4158 tribus
3157 4108 3609 4158 anathematismis
3626 4122 3643 4157 :
3668 4124 3684 4155 ι
3708 4108 3758 4158 lu
3786 4121 3944 4170 eum,

2369 4198 2460 4265 qui
2507 4201 2781 4265 utdogma
2816 4196 2938 4251 ﬁdei
2980 4208 3277 4257 assereret,
3320 4198 3511 4249 Filium
3559 4214 3667 4250 esse
3717 4215 3947 4251 causam

2370 4291 2645 4359 Spiritus:
2688 4287 2789 4353 Qui
2831 4289 3059 4347 diceret.
3105 4287 3305 4342 Filium
3354 4305 3464 4341 esse
3487 4306 3602 4341 cum
3635 4289 3791 4341 Putre
3822 4307 3954 4342 ron-

2368 4398 2583 4434 causom
2644 4378 2874 4448 Spiritus
2911 4398 2923 4431 :
2957 4382 3060 4445 Qui
3104 4382 3286 4435 sciens
3325 4384 3779 4442 cmnmuuiearet,
3842 4398 3954 4434 nec

2370 4475 2588 4542 adiungi
2621 4484 2879 4526 retineret
2912 4474 3201 4540 quibusvis
3228 4476 3296 4526 ita
3329 4475 3702 4541 loquentibus,
3735 4484 3789 4525 et
3824 4490 3957 4525 crc-

2297 4576 2339 4629 D
2369 4567 2647 4620 dentibus.
2708 4566 2830 4619 Ilazc
2863 4566 3083 4619 dicebat
3143 4572 3159 4631 (
3195 4565 3446 4631 Beccus),
3484 4567 3597 4618 lia-c
3638 4566 3953 4624 scribi-hat.

2373 4658 2471 4722 (ait
2525 4657 2932 4726 Pachymeres),
2974 4657 3105 4709 illud
3142 4672 3361 4724 quoque
3425 4656 3634 4709 addens
3684 4672 3695 4707 :
3736 4656 3780 4708 si
3816 4658 3956 4722 quis

2374 4754 2552 4807 inesse
2586 4749 2935 4804 contenderit
2960 4749 3335 4817 praepositioni
3370 4748 3479 4808 διὰ,
3508 4764 3621 4816 per,
3658 4748 3957 4800 notionem

2371 4859 2568 4909 causze,
2614 4842 2788 4896 audax
2825 4842 2875 4893 id
2909 4841 3058 4895 dictu
3088 4841 3439 4908 cogitatuque
3471 4840 3658 4894 titerit.
3712 4858 3729 4890 ι

2444 4933 2838 5003 Subterfugium
2871 4931 3123 4986 criminis
3152 4931 3385 4992 nullum,
3432 4946 3533 4984 nec
3578 4931 3689 4983 ulla
3734 4932 3925 4982 subter

2372 5029 2502 5097 fugii
2535 5027 2750 5095 species
2781 5026 2832 5077 in
2867 5025 2955 5078 bis
2991 5024 3124 5076 latet
3164 5025 3663 5077 anatbetnatismis.
3702 5023 3797 5076 His
3834 5026 3962 5074 ium

2370 5118 2639 5172 catholica
2686 5116 3100 5171 accuratissime
3150 5117 3483 5183 exprimitur
3533 5116 3738 5168 veritas
3788 5117 3963 5167 unius

2372 5220 2421 5262 et
2444 5209 2681 5279 ejusdem
2712 5208 3023 5277 spirationis
3049 5209 3235 5259 activa
3268 5210 3320 5259 in
3356 5208 3513 5260 Patre
3537 5217 3591 5259 et
3626 5208 3762 5261 Filio
3796 5208 3929 5260 θλδί
3958 5242 3961 5245 ‹

2371 5301 2589 5354 stentis.
2625 5300 2764 5353 llinc
2817 5301 2979 5354 Pater
3025 5310 3082 5353 et
3121 5300 3297 5353 Filius
3338 5299 3449 5352 duo
3487 5300 3709 5365 quidem
3742 5314 3966 5367 suppo-

2373 5394 2474 5446 sita
2518 5400 2648 5445 sunt
2686 5408 2698 5443 :
2730 5391 2825 5444 sed
2865 5407 2973 5444 una
3005 5405 3194 5451 causa,
3243 5400 3294 5443 et
3327 5405 3497 5442 unum
3530 5388 3775 5456 Spiritus
3814 5405 3971 5441 san-

2371 5484 2444 5537 cti
2478 5482 2831 5550 principium.
2880 5480 3001 5547 Quo
3054 5496 3220 5533 sensu
3263 5494 3365 5531 vox
3395 5480 3483 5530 διὰ
3528 5477 3672 5545 apud
3698 5477 3973 5544 Graecos,

2370 5587 2423 5631 et
2455 5592 2546 5642 per
2566 5575 2706 5644 apud
2736 5574 2979 5635 Latinos,
3012 5588 3135 5626 cum
3172 5571 3377 5625 indicet
3401 5571 3764 5639 spirationem
3800 5570 3971 5623 acti—

2370 5684 2525 5731 vam,
2576 5682 2739 5721 unam
2787 5646 3149 5732 eamdemque
3202 5662 3342 5716 Filio
3395 5664 3868 5715 cornmuuicataui
3935 5678 3973 5714 ει

2369 5762 2550 5825 Patre,
2589 5759 2863 5830 gignendo
2912 5758 3111 5827 ipsum,
3158 5772 3268 5809 non
3311 5756 3519 5809 iudicat
3553 5757 3829 5807 rationem
3874 5756 3981 5805 ul-

2372 5856 2478 5907 lam
2543 5868 2755 5917 causx,
2804 5859 2897 5905 aut
2950 5850 3251 5920 principii,
3301 5865 3422 5917 qua:
3466 5858 3747 5918 competat
3799 5846 3982 5903 Fit-.9

2311 528 2353 581 Α
