4198 6440
255 440 332 498 {-5
1510 439 1699 500 VITA.
1746 464 1813 473 ’-

1922 441 2360 497 ῐὸἓΕέὶΤλἨιῖι
2410 440 2451 497 i.
3438 431 3507 490 ὃὸ

244 550 317 601 ab
343 562 411 601 ea
446 548 765 602 distinctam
798 564 919 617 qua:
953 548 1093 601 inest
1130 547 1304 623 Patri,
1343 563 1620 615 quamque
1671 549 1831 602 l‘ater

242 642 636 692 communicat
669 640 825 693 Filio.

318 728 409 782 Vl.
459 730 586 784 ll:ee
626 731 826 783 docere
889 730 1063 798 palam
1118 745 1447 799 coramque,
1503 730 1616 783 hac
1665 731 1829 783 etiam

243 821 477 889 scriptis
524 838 872 892 propugnare
904 864 917 883 .
970 824 1175 876 invicto
1227 834 1522 891 erectaque
1569 825 1833 892 pergebat

242 913 438 964 animo
491 913 698 967 Bcccus
728 916 1075 982 patriarcha,
1110 916 1276 969 vitam
1320 929 1514 986 agente
1566 916 1827 972 Nichaele

245 1005 616 1072 imperatore.
678 1009 904 1061 Mortem
991 1011 1037 1064 is
1100 1011 1277 1069 obiit,
1323 1020 1461 1064 teste
1498 1010 1829 1080 Pacliymerc

245 1095 302 1147 in
338 1112 405 1147 eo
432 1099 541 1149 3cm
578 1099 842 1153 Michaele
880 1102 1022 1154 libro
1061 1119 1107 1154 vi
1131 1145 1143 1167 ,
1184 1105 1361 1170 capite
1405 1105 1495 1161 36.
1556 1105 1830 1157 madrcimu

245 1186 332 1236 die
385 1186 727 1250 Decembris,
784 1192 1251 1261 Σκιρςςορεών-ις,
1324 1195 1408 1245 die
1466 1193 1827 1250 Purascsve...

246 1279 379 1328 anni
415 1280 628 1345 ,τςιρπ
673 1282 830 1335 6791.
870 1282 1031 1336 Facta
1071 1284 1407 1338 detractione
1470 1286 1643 1348 5508,
1694 1287 1829 1339 resi—

248 1368 396 1421 duus
452 1386 722 1425 numerus
775 1384 858 1426 est
910 1374 1063 1429 1285.
1123 1376 1389 1434 Nimirum
1430 1378 1660 1430 habetur
1713 1368 1873 1431 γυι-¹

247 1461 401 1527 garis
435 1478 559 1515 :erze
596 1480 776 1519 annus
810 1466 1323 1531 l283,concurrcns
1350 1484 1473 1522 eum
1510 1485 1653 1522 anno
1685 1470 1832 1523 Grae-

250 1566 449 1605 corum
519 1555 1138 1627 Constantinopolitano
1201 1563 1383 1626 C79l,
1468 1564 1727 1615 inchoato
1802 1580 1830 1616 a

251 1642 575 1711 Srptembri
604 1663 789 1702 mense
834 1650 963 1701 anui
1002 1651 1363 1719 pragcedentis
1401 1652 1556 1705 1282.
1586 1653 1705 1705 Vita
1738 1653 1834 1722 igi-

254 1746 348 1789 tur
386 1737 638 1793 dece5sit
680 1741 978 1809 imperator
1014 1746 1205 1798 eodem
1239 1761 1383 1797 anno
1430 1745 1568 1798 1282
1592 1788 1605 1810 ,
1644 1762 1832 1800 mense

252 1829 908 1902 DecembriJnsignitus
954 1852 1131 1890 annus
1179 1838 1266 1891 ille
1303 1838 1634 1906 procedebat
1686 1838 1832 1909 cyclo

2013 550 2292 600 l’ustrema
2349 549 2461 600 lm-c
2499 550 2700 600 solutio
2755 564 2860 601 non
2888 548 2991 602 ‘est
3044 548 3374 606 verisimilis.
3414 557 3508 599 aut

1939 639 2313 692 verisimilior:
2341 641 2435 693 sed
2476 641 2787 696 verissima.
2816 650 2872 691 ut
2898 641 3177 708 colligitur
3200 655 3264 691 ex
3300 639 3511 691 metho-

1937 730 2031 790 do.
2068 745 2240 783 annos
2263 731 2577 785 (ira-corum
2610 730 3253 799 ('onstantinopolitanos
3279 744 3512 783 convcr-

1939 823 2085 876 leudi
2119 822 2172 874 in
2208 822 2456 877 Julianos
2481 839 2655 877 annos
2686 840 2805 877 mra:
2852 822 3114 893 vulgaris,
3149 838 3311 890 quam
3351 820 3508 874 deui-

1934 930 2040 981 que
2093 915 2208 982 ipse
2268 915 2525 968 Pessinus
2582 916 2751 982 probe
2792 916 3062 970 intellexit
3109 915 3250 968 libro
3303 930 3359 965 ιιι
3410 914 3507 965 οὶ.-

1937 1007 2310 1058 sert‘ationum
2340 1008 2730 1075 clirmmlugico
2761 1008 2813 1059 in
2867 1008 3161 1060 Historiam
3205 1005 3504 1060 Androniti

1935 1103 2112 1167 capite
2149 1103 2192 1160 Ι.
2239 1117 2391 1154 ιιιιιιι.
2431 1101 2504 1155 4:
2543 1120 2560 1152 t
2595 1102 2661 1156 L't
2692 1103 2820 1154 anni
2854 1116 2977 1155 arte
3008 1100 3321 1153 (linteorum
3351 1138 3364 1160 ,
3428 1098 3508 1149 iti-

1938 1194 2077 1264 quit,
2110 1194 2174 1247 ad
2210 1210 2374 1245 a'ram
2406 1203 2651 1247 nostram
2688 1193 2960 1260 vulgarem
2997 1190 3352 1253 reducantur,
3388 1204 3511 1258 per—

1938 1296 2098 1355 petua
2148 1287 2407 1338 metitudo
2460 1302 2521 1338 ex
2589 1286 2695 1338 illis
2747 1285 2969 1338 tollendi
3022 1295 3150 1339 aunt
3185 1281 3311 1335 anni
3347 1280 3507 1335 solidi

1940 1380 2097 1432 5580.
2148 1378 2263 1431 Tali
2302 1379 2677 1433 subtractione
2730 1377 2911 1439 facta,
2948 1376 3255 1444 reperietur
3306 1384 3504 1425 annus.

1939 1472 2044 1527 Sed
2079 1473 2129 1525 in
2165 1472 2247 1525 liis
2292 1471 2583 1539 diligenter
2619 1470 2917 1525 observare
2956 1478 3176 1537 oportet
3209 1469 3509 1534 discrepan-

1938 1568 2069 1619 tium
2124 1566 2263 1617 initii
2316 1580 2600 1617 annorum.
2656 1564 2789 1617 Nam
2843 1562 3014 1617 Graeci
3074 1576 3247 1614 annos
3300 1574 3428 1613 suos
3479 1577 3507 1609 :i

1938 1657 2251 1727 Septembri
2284 1699 2297 1720 ,
2335 1658 2478 1710 sicut
2534 1664 2587 1709 et
2637 1655 3019 1718 indietionem,
3065 1654 3326 1706 inclinant
3362 1666 3374 1702 :
3411 1666 3511 1702 nos

1941 1767 2070 1804 vero
2109 1766 2137 1803 a
2175 1749 2433 1803 Kalendis
2477 1749 2744 1803 Januarii.
2795 1750 2979 1815 Itaque
3008 1750 3231 1813 quando
3273 1760 3361 1812 per
3398 1758 3511 1794 nte—

1942 1844 2167 1898 thodum
2201 1844 2364 1894 modo
2398 1842 2697 1894 indicatam
2732 1839 3109 1908 comperimus
3134 1851 3336 1889 annum
3366 1834 3511 1886 (irazr

247 1922 377 1974 solis
415 1920 542 1985 III,
569 1925 832 1979 aclittera
856 1928 1179 1981 Dominicali
1209 1930 1271 1993 D,
1318 1946 1438 1997 qua:
1473 1933 1831 1995 l‘arasceven,

1940 1952 2151 1998 corum,
2189 1952 2239 1987 v.
2275 1952 2327 2003 ε.
2360 1933 2521 1992 0839.
2570 1930 2903 1999 tespOttticre
2935 1945 3077 1981 armo
3104 1926 3307 1981 Christi
3352 1924 3510 1986 1521,

252 2028 351 2066 seu
383 2014 587 2069 feriam
618 2016 701 2079 Vl,
745 2018 951 2073 iudicat
989 2021 1322 2075 incidentem
1362 2023 1413 2075 in
1462 2022 1607 2076 diem
1662 2022 1832 2075 unde-

253 2110 460 2162 cimam
499 2112 844 2167 Decembris.
869 2115 1134 2169 Eumdcm
1162 2118 1523 2171 emortualem
1558 2118 1832 2172 Michaelis

253 2217 465 2255 annum
499 2205 693 2258 mundi
718 2205 847 2258 6791
876 2207 1147 2259 deﬁniunt
1172 2209 1516 2278 Nicephorus
1539 2209 1829 2278 Grc-geras,

251 2292 396 2347 libro
433 2312 487 2358 ν,
512 2299 695 2367 capite
727 2300 775 2359 7,
806 2316 955 2352 num.
980 2300 1037 2365 6,
1061 2311 1113 2355 et
1143 2301 1414 2372 Georgius
1444 2304 1681 2356 Pliratiza
1706 2322 1831 2373 pro.

254 2388 689 2443 tovestiariusin
722 2390 1020 2458 Chronico,
1051 2393 1189 2447 libro
1215 2410 1250 2455 I,
1281 2396 1457 2463 capite
1493 2398 1542 2448 Ε.

321 2479 404 2532 Ex
441 2496 505 2533 ea
556 2482 893 2539 Parasceves
940 2486 1049 2549 die,
1112 2503 1221 2541 seu.
1257 2487 1391 2541 feria
1430 2499 1605 2551 sexta,
1670 2506 1830 2557 quam

250 2569 629 2640 Pachymeres
696 2588 881 2642 notat,
947 2579 1321 2635 dimculiatem
1381 2584 1584 2651 promit
1638 2583 1834 2639 Petrus

251 2660 528 2717 Pessinus
588 2665 735 2719 libro
795 2685 858 2721 ιιι
905 2668 1337 2740 chronologico,
1393 2675 1572 2742 capite
1617 2675 1670 2727 9.
1714 2675 1829 2731 Sibi

253 2771 457 2825 nempe
498 2758 641 2813 satis
676 2772 1023 2830 perspectam
1059 2778 1166 2816 non
1195 2766 1369 2818 fuisse
1392 2766 1595 2833 prodit,
1621 2769 1833 2822 metho-

255 2842 386 2898 dum
432 2863 618 2901 annos
650 2850 965 2905 Crzecorum
1004 2852 1645 2923 Constantinopolitanos
1678 2860 1834 2912 redu-

255 2937 416 2990 cendi
455 2939 524 2993 ad
552 2939 809 2996 Iulianos
842 2944 1122 3013 vulgares.
1155 2944 1328 2998 Verba
1356 2947 1475 3015 ejus
1514 2959 1639 3001 sunt
1668 2965 1723 3001 ιι.
1762 2952 1831 3004 2:

261 3045 279 3075 ι
327 3026 425 3081 list
456 3046 641 3086 annus
684 3050 807 3088 aere
854 3036 1044 3089 mundi
1078 3035 1393 3090 Grzecorum
1429 3038 1589 3102 6791,
1627 3040 1835 3096 Christi

256 3119 420 3181 1283.
444 3122 552 3177 hoc
578 3135 662 3177 est
688 3126 901 3193 periodi
934 3125 1164 3180 Iuliana:
1186 3127 1326 3182 5996
1344 3168 1357 3191 ,
1382 3144 1490 3197 quo
1516 3129 1620 3182 fuit
1647 3133 1834 3201 cyclus

253 3215 391 3288 solis
420 3230 497 3277 ιν,
530 3232 742 3270 aureus
774 3234 1040 3271 numerus
1102 3234 1155 3272 xi
1183 3259 1195 3282 ,
1234 3219 1465 3274 indictio
1496 3224 1704 3289 pariter
1741 3224 1829 3289 11,

252 3310 443 3377 cyclus
477 3325 651 3379 porro
683 3311 901 3365 solislV
924 3312 1164 3366 litteram
1192 3313 1397 3368 indicat
1443 3316 1833 3373 Dontiuicalem

252 3402 316 3463 ϐ.
351 3417 478 3469 qua:
514 3418 643 3455 cum
678 3403 942 3472 insigniat
973 3404 1118 3457 diem
1169 3404 1565 3460 duodecimum
1618 3409 1838 3463 Deccm-

255 3491 400 3555 bris,
442 3492 778 3546 undecimus
814 3494 1125 3547 necessario
1158 3493 1322 3548 fuerit
1367 3495 1475 3566 74
1514 3497 1833 3564 Sabbatum,

253 3601 365 3638 non
412 3598 603 3640 auteru
652 3586 974 3650 Parasceve,
1030 3589 1144 3642 sive
1208 3599 1361 3642 sexta
1400 3589 1559 3642 feria.
1610 3591 1835 3653 Qualem

255 3685 445 3729 tamen
486 3679 585 3730 illo
628 3693 773 3731 anno
810 3679 1117 3747 (Michaelis
1161 3678 1480 3750 emortuali)
1527 3681 1695 3734 fuisse
1740 3698 1837 3751 pro

252 3770 581 3823 certissimo
616 3780 674 3823 et
713 3771 873 3841 vulgo
910 3772 1201 3827 notissimo
1245 3775 1409 3827 tradit
1452 3774 1834 3844 Pachymeres.

253 3862 434 3929 Igitur
455 3878 606 3914 anno
637 3862 842 3917 Christi
880 3864 1040 3929 1282,
1083 3868 1220 3919 mori
1270 3866 1588 3920 Micltaelem
1637 3868 1838 3921 PaLeo-

258 3954 444 4023 lugum
480 3957 755 4024 oportuit,
776 3972 884 4026 quo
916 3958 1101 4026 cyclus
1140 3960 1271 4012 solis
1303 3975 1360 4012 ιιι
1389 3960 1627 4013 litteram
1659 3960 1839 4015 Domi-

257 4048 397 4099 nicz
432 4048 676 4099 indicem
708 4048 860 4101 dedit
893 4049 953 4101 D.
1002 4047 1126 4102 Haec
1154 4052 1301 4102 enim
1343 4051 1526 4104 littera
1554 4052 1697 4105 diem
1726 4064 1834 4105 ter-

259 4140 396 4191 tium
437 4140 724 4193 decimum
768 4140 1085 4195 Decembris
1110 4141 1374 4206 alliciens,
1415 4144 1637 4197 tertium
1664 4154 1833 4210 retro,

258 4232 476 4290 scilicet
510 4232 888 4298 undecimum,
929 4233 1099 4287 fuisse
1127 4244 1335 4287 sextam
1381 4235 1575 4289 feriam
1610 4237 1835 4291 demon-

259 4331 421 4373 strat.
467 4321 615 4384 Quid
661 4336 793 4390 ergo
826 4322 1075 4375 dicemus
1108 4364 1122 4389 ,
1168 4338 1381 4377 errasse
1414 4322 1630 4378 Graecos
1666 4327 1839 4381 histo-

258 4415 411 4466 rieos
448 4414 504 4465 in
548 4427 697 4464 anno
742 4414 934 4491 mor_tis
970 4414 1251 4469 Michaelis
1275 4456 1289 4478 ,
1327 4424 1382 4469 et
1434 4431 1535 4484 pro
1570 4418 1710 4472 (5790
1752 4435 1839 4473 se-

257 4517 530 4573 quentem
562 4504 697 4559 6791
728 4505 1036 4559 indicasse?
1074 4505 1151 4559 Ne
1182 4522 1444 4575 cogamur
1481 4508 1585 4561 hoc
1628 4510 1835 4575 dicere,

257 4598 465 4664 duplex
528 4598 695 4665 hujus
745 4597 1083 4666 explicandae
1140 4599 1522 4665 perplexitatis
1584 4605 1803 4670 δυρρειί

256 4691 426 4740 ratio.
462 4690 575 4740 Aut
606 4689 753 4741 enim
800 4690 1035 4741 labentis
1058 4691 1167 4759 jam
1208 4698 1336 4743 anni
1363 4692 1502 4747 6790
1533 4702 1588 4747 et
1626 4710 1833 4762 paucos

256 4782 536 4833 duntaxat
565 4782 801 4835 extremi
838 4781 1158 4836 Decembris
1186 4784 1307 4837 dies
1340 4786 1582 4854 reliquos
1612 4788 1837 4840 trahen-

258 4876 347 4932 tis,
388 4875 664 4925 rationem
710 4888 815 4925 non
859 4874 1162 4926 habendam
1220 4876 1457 4943 populus
1498 4887 1553 4929 et
1584 4877 1834 4929 historici

257 4973 598 5025 censentes,
639 4962 849 5016 obitum
886 4966 1007 5033 ejus
1047 4979 1113 5017 ex
1156 4981 1301 5019 anno
1340 4982 1462 5018 mox
1518 4969 1832 5036 insequenti

257 5057 392 5110 6791
419 5096 435 5116 ,
470 5071 585 5124 quo
622 5056 669 5107 is
701 5056 955 5109 videliCct
991 5057 1267 5119 innotuit,
1298 5059 1705 5125 insignicndum
1736 5075 1836 5127 pu-

262 5158 527 5200 taverunt
567 5164 579 5198 :
614 5146 864 5212 neglecto
890 5147 1210 5200 discrimine
1246 5149 1451 5200 nullius
1478 5150 1739 5201 momenti
1769 5150 1834 5202 ad

261 5240 482 5291 civilem
507 5239 1076 5291 mstimatiunem.Aut
1102 5241 1268 5307 (quod
1316 5241 1666 5295 verisimilius
1692 5246 1835 5314 reor)

262 5347 545 5384 annorum
594 5332 805 5394 mundi,
830 5342 884 5384 et
913 5348 1035 5386 aena
1080 5348 1192 5385 suae
1227 5334 1581 5403 principium,
1613 5336 1739 5389 item
1780 5347 1837 5389 ut

266 5425 599 5479 indictionis
628 5466 643 5489 ,
676 5441 703 5476 a
738 5425 1051 5494 Septembri
1085 5425 1255 5481 Graeci
1295 5429 1618 5495 repetebant
1648 5447 1662 5481 :
1692 5430 1836 5483 unde

259 5519 372 5589 jam
428 5530 546 5571 tum
583 5533 759 5570 anuus
798 5518 981 5571 mundi
1008 5519 1160 5586 juxta
1195 5520 1340 5587 ipsos
1374 5521 1503 5574 679i
1539 5531 1781 5589 crept-rat
1808 5538 1837 5574 a

264 5626 456 5665 mense
484 5612 674 5671 tertio,
701 5625 823 5662 cum
870 5610 997 5663 anni
1037 5609 1240 5664 Christi
1289 5612 1425 5665 1282
1468 5618 1673 5667 ιιιινιιειε
1709 5616 1838 5668 ulti-

264 5719 391 5758 mus
419 5704 729 5758 December
756 5704 1101 5757 volvebatur.
1137 5703 1202 5758 Ut
1226 5720 1352 5758 vere
1377 5709 1405 5755 ιξ
1439 5708 1612 5758 ιδιιιιι
1640 5706 1839 5777 Pachy-

264 5813 350 5849 me
366 5811 475 5855 res.
519 5793 793 5862 Cregoras
823 5807 878 5850 et
909 5794 1234 5862 Phrantzes,
1282 5794 1487 5849 obiisse
1517 5794 1836 5852 Michaelem

260 5908 408 5945 anno
440 5890 600 5945 ϐἷῡι.
657 5910 675 5941 ι

1939 2030 2359 2097 intelligendum
2411 2028 2461 2078 id
2514 2037 2598 2079 est
2649 2040 2713 2077 cx
2777 2024 2967 2092 ntajuri
3019 2022 3283 2073 duntaxat
3320 2026 3513 2087 parte,

1938 2138 2043 2173 non
2091 2131 2311 2181 autem,
2374 2129 2432 2171 ut
2472 2119 2613 2170 alter
2649 2117 2881 2169 alterum
2940 2116 3107 2182 periei
3131 2123 3181 2167 te
3236 2113 3507 2174 adaequet.

1936 2214 2287 2267 Concurrunt
2314 2211 2460 2264 enim
2509 2211 2561 2263 in
2610 2219 2723 2262 octo
2754 2210 3017 2260 duntaxat
3050 2204 3331 2263 mensibus,
3370 2220 3510 2271 quu-

1939 2321 2057 2357 runt
2101 2305 2311 2373 primus
2342 2303 2634 2357 Juttunt'ius
2692 2302 2782 2354 sit.
2830 2302 2909 2354 Ab
2952 2302 3053 2353 hoc
3113 2298 3260 2351 enim
3323 2298 3516 2349 ineunt

1936 2396 2136 2450 Christi
2170 2396 2295 2448 anui
2331 2395 2556 2461 (Juliani
2589 2395 2884 2461 \ulgares),
2914 2391 3135 2460 quando
3168 2390 3276 2458 jam
3314 2404 3343 2442 a
3395 2386 3512 2441 Κιιο

1938 2485 2105 2539 laudis
2134 2483 2451 2553 Septembris
2483 2484 2772 2552 superioris
2800 2483 2948 2549 (autti
2984 2481 3136 2545 l5‘20)
3159 2479 3514 2532 inchoaverat

1936 2592 2115 2629 anuus
2146 2591 2267 2628 a'rtc
2301 2576 2625 2635 Cra'corum,
2670 2574 2762 2642 qui
2808 2572 3141 2640 riSpoudcrc
3178 2570 3268 2623 tali
3303 2566 3509 2623 Christi

1936 2684 2083 2722 anno
2118 2671 2362 2721 creditur
2398 2668 2786 2735 (dieiturque).
2836 2687 2853 2716 ι
2905 2666 3099 2719 Mirum
3155 2675 3241 2718 est
3268 2704 3281 2725 ,
3326 2663 3379 2715 in
3413 2662 3511 2714 litt-

1934 2762 2089 2829 jusce
2144 2761 2343 2829 regula:
2404 2776 2527 2822 usu,
2579 2774 2743 2827 quam
2794 2757 3017 2810 demum
3074 2756 3226 2808 novit
3280 2752 3510 2819 Optime,

1940 2856 2125 2907 minus
2152 2862 2469 2906 accuratum
2499 2852 2917 2919 exercitumque
2952 2849 3059 2918 75
3102 2864 3161 2902 se
3207 2847 3511 2916 praebuisse

1939 2944 2253 3010 Possinum,
2289 2945 2657 3012 incidisse-que
2688 2944 2743 2996 in
2776 2957 2992 2995 errores
3018 2942 3110 3010 qui
3160 2940 3319 2993 venia
3360 2938 3513 3007 digni

1940 3055 2047 3093 non
2080 3040 2359 3105 videntur,
2394 3042 2472 3092 uti
2503 3041 2613 3109 jant
2644 3038 3057 3092 adnotavimus.

2011 3176 2119 3229 Vll.
2167 3176 2460 3244 Imperium
2535 3174 2687 3228 solus
2757 3171 3055 3239 capessivit
3132 3170 3510 3225 Andronicus.

1865 3283 1907 3337 ς
1939 3267 2111 3322 Anxie
2146 3268 2422 3336 qumrcbat
2452 3284 2662 3330 secum,
2695 3283 2825 3319 itum
2871 3283 2991 3337 qua:
3030 3280 3208 3331 nuper
3238 3264 3384 3316 circa
3421 3279 3517 3331 pa—

1940 3377 2058 3415 cem
2111 3360 2480 3413 Eeclesiarunt
2514 3361 2646 3414 inita
2700 3360 2958 3422 fuerant,
2995 3356 3338 3409 rescinderct
3370 3366 3510 3407 aeta.

1944 3448 1998 3501 l.|
2033 3463 2162 3501 vero
2196 3459 2254 3500 ut
2301 3458 2700 3517 exsequeretur
2726 3489 2741 3513 ,
2784 3447 2958 3501 suasit
2992 3446 3157 3498 amita
3195 3445 3313 3513 ejus
3354 3444 3517 3496 Eulo-

1940 3538 2047 3609 εἰει,
2076 3555 2237 3606 quam
2274 3540 2702 3593 memoravimus
2744 3539 2924 3607 czipite
2948 3538 3001 3598 2,
3035 3553 3188 3589 ιιυιιι.
3227 3535 3275 3587 ιι.
3317 3534 3513 3587 Datum

1940 3634 2009 3686 ab
2046 3649 2107 3686 ea
2144 3634 2435 3686 consilium
2463 3640 2648 3685 narrat
2681 3631 3049 3700 Pacliymeres
3081 3629 3133 3680 in
3171 3627 3514 3688 Andronicn,

1940 3724 2081 3777 libro
2111 3740 2149 3787 t,
2175 3725 2351 3793 capite
2377 3726 2430 3787 2,
2461 3736 2519 3776 ut
2556 3724 2671 3792 ipse
2704 3738 2887 3777 curam
2916 3722 3206 3790 palamque
3238 3719 3513 3787 proﬁteris.

1940 3817 2160 3869 invitum
2194 3834 2247 3869 se
2294 3818 2461 3885 patris
2512 3817 2830 3867 auctoritate
2881 3814 2950 3865 ad
2998 3829 3058 3865 ea
3095 3810 3367 3879 probanda
3398 3823 3515 3877 prr-

1942 3919 2205 3974 tractum;
2244 3926 2381 3962 nunc
2419 3910 2713 3969 damnare,
2746 3921 2945 3976 proque
2977 3904 3172 3968 infecto
3203 3902 3391 3955 habere
3420 3901 3517 3953 rel-

1942 4001 2009 4052 let
2048 4001 2185 4065 quod
2211 4016 2490 4069 perperam
2524 4002 2734 4067 egisset.
2774 3998 2828 4051 In
2876 3999 3016 4051 hanc
3054 3997 3147 4049 illo
3180 3994 3511 4049 sententiam

1942 4092 2258 4156 concessit,
2312 4108 2615 4161 pacemque
2666 4089 2915 4143 violavit.
2972 4087 3143 4156 Igitur
3182 4085 3517 4138 illuccscenn

1942 4183 2307 4235 anniversaria
2352 4183 2438 4233 die
2463 4182 2657 4234 Christi
2685 4180 2900 4233 Domini
2938 4180 3108 4233 natali
3143 4180 3252 4244 (die
3283 4179 3354 4232 25
3410 4180 3513 4231 Dc-

1942 4273 2181 4327 cembris
2216 4274 2343 4325 anni
2378 4273 2560 4337 1283},
2593 4290 2709 4325 cum
2738 4272 2831 4325 illo
2858 4273 2989 4341 fes'o
3021 4272 3083 4323 de
3127 4286 3271 4322 more
3300 4282 3514 4338 οροιιιεο

1942 4376 2021 4419 ret
2060 4368 2273 4436 prodire
2330 4369 2624 4436 Augustum
2667 4374 2716 4418 et
2770 4366 3049 4435 mysticum
3100 4364 3423 4428 sacriﬁcium
3459 4364 3511 4414 in

1942 4460 2051 4511 a'de
2073 4476 2227 4511 sacra
2257 4460 2501 4526 palatina
2546 4464 2653 4511 ritu
2677 4459 2901 4512 solemni
2942 4458 3230 4518 celebrari,
3263 4459 3509 4505 neutrum

1943 4553 2129 4604 horum
2160 4562 2237 4602 est
2269 4552 2465 4620 factum
2498 4568 2515 4603 :
2555 4551 2881 4617 omisswque
2934 4547 3171 4613 mystica:
3220 4544 3516 4597 oblationis

1816 4612 1834 4656 ι
1867 4623 1911 4681 D
1944 4659 2067 4695 vera
2098 4646 2274 4696 fuerat
2307 4644 2469 4704 ratio,
2507 4659 2569 4694 ne
2609 4642 2924 4705 putriarc/ue
2948 4679 2962 4702 ,
2992 4654 3143 4707 quem
3198 4653 3357 4689 novus
3405 4636 3514 4688 Au-

1941 4744 2123 4804 gustus
2150 4736 2488 4787 exauctorari
2542 4733 2747 4785 volebat
2776 4771 2789 4790 .
2841 4733 2892 4783 in
2926 4729 3170 4799 palatino
3205 4730 3516 4780 recitaretur

1944 4842 2129 4879 nomen
2169 4829 2305 4878 inter
2328 4842 2503 4879 sacra.
2546 4824 2669 4878 llwc
2700 4833 2828 4877 sunt
2853 4820 3205 4885 Pacltymeris
3231 4820 3393 4872 verba
3422 4834 3513 4870 ca-

1942 4918 2049 4983 ltlic
2078 4918 2131 4969 5.

2013 5054 2443 5107 Machinationcs
2495 5054 2843 5122 imperatoris
2890 5058 3119 5103 noverat
3170 5049 3379 5102 Beccus
3416 5064 3511 5116 pa-

1946 5146 2202 5197 triarcha.
2267 5145 2570 5197 Consilium
2623 5159 2783 5197 suum
2827 5144 2993 5213 jussit
3040 5142 3141 5211 ipsi
3200 5143 3508 5195 renuntiati

1941 5240 2249 5307 Augustus,
2288 5254 2390 5289 non
2428 5245 2726 5304 contemptu
2785 5244 2878 5289 aut
2914 5237 3035 5288 odio
3078 5235 3253 5303 ipsius
3291 5234 3513 5303 patriar-

1944 5333 2082 5394 clire,
2140 5333 2232 5385 sed
2283 5332 2514 5400 periculo
2551 5332 2869 5400 reipublictz.
2907 5346 2968 5383 ac
3002 5346 3147 5381 mera
3201 5331 3510 5381 nrcessitatc

1945 5426 2059 5476 novi
2084 5425 2334 5491 ﬁrmandi
2360 5424 2707 5491 principatus.
2739 5422 2923 5490 Itaque
2948 5437 3071 5473 cum
3100 5420 3317 5473 aliunde
3341 5430 3508 5472 rectus

1944 5526 2074 5569 esset
2112 5516 2331 5579 Beccua,
2362 5532 2614 5585 quemque
2644 5524 2899 5584 prieterea
2932 5516 3147 5566 satietas
3174 5514 3293 5581 jam
3345 5513 3510 5579 cepis—

1942 5619 2019 5663 set
2057 5610 2435 5678 patriarchulis
2474 5609 2683 5661 honoris
2725 5606 2996 5675 (historici
3056 5604 3222 5658 verba
3255 5613 3382 5657 sunt
3416 5619 3507 5655 ca-

1944 5704 2056 5772 pite
2083 5702 2135 5770 1)
2169 5701 2420 5764 postridie
2449 5701 2566 5768 [esti
2590 5700 2702 5768 (die
2720 5699 2791 5753 26
2820 5697 3133 5751 Decembris
3155 5698 3281 5750 anni
3317 5696 3503 5759 1282),

1944 5796 2255 5849 descendens
2286 5795 2645 5859 patriarchio,
2694 5795 2745 5845 in
2806 5789 3200 5844 Panacltrantce
3251 5796 3515 5842 monaste-

1948 5892 2080 5942 rium
2121 5904 2175 5942 sc
2215 5885 2453 5941 contulit.
