4198 6440
188 435 255 492 88
1312 433 1518 492 ΠΤΛ.
1560 457 1624 468 --
1671 433 1761 491 DIE

1863 435 2169 495 ERTATIO
2225 437 2269 495 i.
3367 432 3440 500 90

178 541 385 608 Cyprii.
427 537 555 593 Haec
587 555 888 610 anonymus
913 541 1183 610 interpres
1227 543 1382 612 cujus
1415 541 1603 595 Latina
1643 559 1761 595 vero

1864 550 1931 601 ab
1959 550 2242 615 utroque).
2302 569 2319 598 ι
2379 546 2578 600 l'fadetu
2641 544 2916 597 habentur
2972 545 3025 595 iu
3079 540 3437 610 Opusculol.

175 635 259 682 sio
295 629 574 698 Lugluno
614 628 940 684 Batavorum
983 632 1049 684 ad
1105 646 1203 685 nos
1237 631 1552 685 transmissa
1582 642 1682 688 i-st.
1715 634 1760 685 si

180 727 455 786 novisset,
505 725 821 778 nitidiorem
869 726 1055 792 utique
1095 724 1362 778 Sermonis
1398 726 1760 786 Antirrhetici.

181 816 500 868 subsidium
540 816 739 868 Allatio
771 827 1088 884 prastante,
1133 816 1380 869 Latinam
1433 816 1764 883 interpreta-

182 913 393 962 tionem
423 911 772 964 adornasset.
802 911 907 962 Sed
934 910 1098 964 etiam
1131 909 1488 964 doctissimus
1507 911 1762 975 Allatius,

180 1006 518 1056 Sermonem
571 1004 716 1056 hunc
752 1003 796 1055 si
831 1003 1143 1070 expendere
1171 1003 1348 1056 eidem
1382 1002 1654 1065 licuisset,
1685 1005 1766 1055 die

183 1097 484 1161 ligentiore
512 1096 642 1149 crisi
686 1095 753 1148 de
783 1095 1011 1147 secunda
1041 1095 1154 1154 illa.
1178 1109 1342 1163 quam
1374 1094 1614 1164 vulgavit
1641 1111 1769 1149 ora-

179 1194 348 1247 tione,
383 1189 710 1255 indicasset.

259 1278 347 1332 ιν.
396 1279 862 1350 Georgii-Cyprii
920 1293 1128 1335 asserta
1185 1281 1406 1347 profero
1465 1280 1766 1350 prrcipua.

181 1388 301 1438 qua:
346 1373 632 1425 habentur
663 1374 714 1424 in
749 1372 1001 1426 Sermone
1028 1376 1413 1434 Antirrhetico.
1446 1388 1572 1426 cum
1607 1370 1764 1424 Βυρςί

185 1463 641 1518 refutatiouihus.
671 1465 766 1519 llis
790 1467 1301 1518 animadversiones
1333 1465 1497 1524 addo.
1521 1480 1587 1517 ex
1622 1461 1766 1516 Tho-

183 1573 283 1608 mas
320 1558 625 1623 Aquinatis
657 1559 908 1611 doctrina
940 1561 1264 1627 plerumque
1289 1559 1620 1626 desumptas.

251 1650 327 1714 (1)
372 1647 620 1715 Spiritus
648 1664 889 1714 sanctus,
921 1668 1036 1703 cum
1064 1653 1258 1704 dicitur
1300 1666 1364 1702 ex
1397 1652 1621 1703 essentia
1660 1647 1768 1703 Pa-

185 1742 298 1800 tris,
354 1751 505 1792 recte
534 1743 725 1810 pieque
755 1753 804 1793 et
853 1758 917 1795 εει
955 1744 1180 1796 essentia
1216 1741 1348 1796 Filii
1372 1744 1576 1796 dicetur
1606 1758 1622 1795 :
1658 1759 1766 1796 una

181 1833 451 1898 siquidem
479 1844 581 1896 est,
624 1843 672 1884 et
706 1836 781 1887 uti
811 1837 1060 1898 essentia,
1091 1835 1292 1888 nullam
1327 1837 1634 1889 divisionem
1667 1835 1766 1887 ad-

181 1929 362 1978 mittit.
400 1925 474 1977 Et
502 1927 645 1995 quod
688 1944 794 1980 una
825 1939 922 1990 est.
954 1932 1045 1998 qui
1089 1944 1151 1982 ea:
1183 1930 1410 1983 essentia
1440 1926 1622 1982 Patris
1650 1926 1768 1997 Spi-

184 2024 312 2072 ritus
348 2036 465 2073 esse
511 2021 851 2087 affirmatur.
884 2031 934 2074 et
979 2039 1043 2075 ea:
1073 2023 1296 2076 essentia
1351 2020 1484 2076 Filii
1519 2023 1770 2076 exsistere

180 2112 464 2162 asseritur.
496 2113 618 2163 Non
642 2120 916 2179 prapterea
952 2122 1129 2165 tamen
1160 2111 1390 2180 Spiritus
1409 2129 1470 2165 ex
1498 2114 1770 2180 hypostasi

181 2197 310 2252 Filii
359 2203 504 2264 erit;
540 2201 657 2254 licet
689 2212 1053 2256 asseveranter
1098 2205 1451 2265 exessentia.
1501 2213 1548 2258 et
1601 2206 1766 2274 hypo-

179 2296 305 2346 stasi
333 2293 523 2347 Patris
555 2295 783 2350 dicatur.
823 2314 842 2346 ο
897 2294 1066 2366 Magis
1104 2312 1234 2367 ergo
1286 2299 1436 2367 pium
1493 2308 1662 2358 esset,
1716 2309 1768 2351 te

176 2386 357 2454 judice
393 2389 592 2452 (verba
620 2399 747 2441 sunt
771 2389 969 2454 Berci),
1003 2391 1046 2444 si
1073 2400 1128 2443 et
1156 2407 1220 2443 es:
1243 2409 1341 2444 sua
1407 2393 1568 2460 ipsius
1599 2409 1770 2444 essen-

182 2480 251 2530 tia
287 2479 544 2548 Spiritus
583 2480 884 2536 diceretur.
918 2481 972 2535 Id
1002 2484 1148 2537 enim
1176 2485 1220 2538 si
1267 2499 1393 2538 vere
1428 2486 1768 2538 demonstre-

182 2581 287 2633 tur,
328 2588 470 2624 vere
505 2573 749 2624 auditori
784 2574 1058 2635 suadebit.
1111 2575 1316 2628 nullam
1349 2576 1420 2628 ob
1470 2577 1629 2629 aliam
1679 2593 1769 2628 ra-

185 2667 382 2717 tionem
423 2705 437 2725 .
498 2667 596 2717 sed
664 2667 1046 2719 tantummodo
1099 2669 1157 2720 ob
1217 2670 1472 2720 unitatem
1531 2671 1769 2721 essentia

189 2755 362 2810 Patris
385 2767 439 2810 et
471 2758 622 2818 Fit'ii,
639 2773 703 2810 ex
731 2761 1017 2827 utriusque
1038 2762 1274 2814 essentia
1296 2760 1561 2829 Spiritum
1583 2761 1689 2813 dici

185 2848 354 2914 Quare
389 2866 526 2903 vero
565 2852 757 2913 dicito,
797 2867 1006 2919 quaeso,
1040 2852 1183 2920 quod
1214 2868 1276 2905 ea:
1299 2855 1522 2905 essentia
1565 2852 1765 2912 Patris.

185 2953 226 2992 et
262 2957 320 2993 ex
350 2942 640 3011 [typostasi
673 2942 815 2993 illius
841 2942 1079 2994 dicitur?
1107 2943 1261 3008 Quod
1292 2960 1418 2996 vero
1445 2959 1508 2996 ea:
1543 2946 1766 2996 essentia

181 3029 324 3095 Filii,
359 3048 428 3083 ex
461 3033 738 3100 hypostasi
768 3031 912 3084 illius
940 3050 1042 3086 non
1077 3035 1325 3090 dicetur?
1363 3055 1379 3084 ι
1430 3037 1635 3089 Μαιδιιὶ
1669 3037 1768 3090 Pa-

184 3134 309 3184 tres.
335 3125 407 3177 de
441 3123 590 3176 Filio
617 3126 908 3177 adrersum
939 3129 1169 3178 Arianos
1192 3137 1440 3195 agentes.
1469 3139 1765 3197 utrumque

1865 651 2054 692 contra
2096 638 2410 691 Grazcorum
2445 652 2687 689 errores.

1939 731 2014 799 t2)
2055 730 2198 782 Licet
2232 733 2329 796 (ait
2373 730 2627 797 Cyprius)
2682 730 2920 782 divinam
2969 727 3294 796 Itypostasim
3356 725 3438 776 di«

1869 825 2085 876 ridimus
2130 825 2193 875 ab
2245 825 2471 875 essentia
2507 832 2560 874 at
2597 839 2698 874 non
2730 836 2926 874 carnea
2951 859 2964 880 ,
2999 833 3280 885 crassaque
3309 818 3439 866 (liri-

1866 920 2007 970 sione
2039 918 2317 968 essentiam
2350 916 2411 966 ab
2439 917 2704 983 ltypostast
2752 915 3058 981 partimur;
3093 926 3257 975 neque
3285 933 3295 957 ι
3323 908 3438 958 Itt'ii

1869 1011 1933 1060 ab
1963 1008 2128 1060 alter.»
2157 1019 2393 1076 sejuncto
2423 1009 2692 1071 propriam
2719 1007 3017 1058 exhibemus
3054 1003 3435 1054 exsistentiam.

1869 1099 2250 1154 Tantummodo
2274 1115 2336 1150 ea
2357 1099 2470 1150 sola
2499 1099 2706 1148 ratione
2728 1097 3079 1165 sejungimus.
3099 1111 3213 1163 qutr
3233 1094 3431 1162 srjnng'

1871 1202 2066 1245 natura
2093 1208 2187 1244 sua
2222 1201 2352 1259 apta
2389 1207 2492 1242 non
2525 1201 2668 1242 sunt.
2709 1189 2784 1242 Ita
2818 1205 2970 1242 sane.
3003 1191 3071 1242 At
3101 1189 3146 1240 si
3181 1189 3296 1238 ha-c
3333 1202 3435 1236 non

1870 1285 2032 1338 fuerit
2059 1286 2160 1337 nisi
2191 1301 2286 1352 per
2315 1285 2702 1351 cogitationem
2740 1281 3060 1341 distinctio;
3103 1297 3120 1328 ι
3153 1276 3438 1341 Quomodo

1870 1393 1999 1447 ξτες)
2033 1393 2358 1447 ιδ’-θαιρδςιιδ
2409 1376 2651 1443 Spiritus
2681 1376 2854 1427 sancti
2903 1389 2969 1427 ex
3025 1371 3266 1426 essentia
3322 1367 3439 1420 Filii

1870 1469 2056 1530 fuerit.
2088 1471 2131 1521 si
2165 1485 2228 1520 ex
2257 1469 2497 1521 essentia
2543 1468 2750 1535 absque
2812 1466 3097 1534 hypostasi
3164 1460 3443 1529 βιωτικά·-

1872 1565 2000 1620 tur?
2051 1584 2068 1614 ι
2102 1565 2342 1618 Persona
2383 1575 2640 1630 namque,
2679 1571 2776 1614 aut
2807 1559 3120 1629 hypostasis
3151 1556 3268 1609 Filii
3307 1553 3440 1604 tuhil

1869 1656 2016 1711 aliud
2056 1666 2157 1714 est,
2191 1671 2354 1721 quam
2411 1654 2648 1706 essentia
2684 1652 2995 1705 subsistens
3039 1649 3092 1702 in
3149 1647 3306 1706 Filio,
3350 1653 3442 1695 aut

1873 1750 2153 1804 liliationis
2185 1757 2438 1815 respectu
2473 1747 2668 1800 allecta
2709 1763 2719 1796 :
2765 1760 2887 1812 quze
2944 1741 3134 1794 liliatio
3177 1754 3276 1808 per
3311 1738 3415 1790 acti

1870 1863 1992 1898 vam
2051 1845 2412 1912 spirationem
2455 1844 2695 1894 relertur
2740 1840 2806 1892 ad
2849 1837 3118 1906 Spiritum
3165 1840 3436 1886 sanctum.

1874 1942 2006 1995 Vide
2036 1949 2200 2002 caput
2317 1951 2468 1988 num.
2501 1933 2533 1985 5
2568 1935 2664 1998 (7).

1941 2033 2018 2098 (5)
2059 2030 2274 2094 Quodsi
2303 2044 2519 2080 causam
2562 2027 2613 2076 in
2665 2025 2948 2076 essentia»:
2982 2020 3184 2087 referas
3210 2059 3223 2082 ,
3258 2025 3307 2069 et
3338 2033 3437 2069 non

1871 2126 1924 2176 in
1965 2122 2286 2192 [typostasim
2311 2138 2327 2185 ;
2355 2118 2612 2187 quomodo
2645 2117 2804 2170 Pater
2846 2116 3018 2182 potius
3057 2113 3280 2163 duorum
3318 2124 3414 2160 can

1869 2234 1928 2268 sa
1961 2216 2080 2276 erit,
2119 2220 2300 2265 etnon
2333 2212 2495 2263 etiam
2529 2211 2645 2275 ipsa
2694 2216 2877 2258 mutuo
2931 2205 3012 2255 sui
3068 2203 3231 2270 ipsius
3275 2215 3438 2250 eauti:

1870 2318 2044 2366 erunt.
2078 2316 2128 2359 et
2169 2305 2370 2363 Patris.
2403 2319 2523 2356 cum
2566 2318 2729 2352 unum
2759 2314 2904 2367 aque
2943 2301 3048 2349 sint
3098 2308 3314 2361 prorsus
3363 2305 3416 2341 se

1870 2401 2099 2454 eundum
2152 2395 2476 2450 essentiam?
2536 2413 2550 2444 ι
2607 2393 2704 2445 Hic
2758 2394 2992 2460 primum
3052 2387 3294 2439 dicimus
3337 2399 3351 2435 :
3395 2383 3436 2432 si

1871 2505 2090 2543 causam
2135 2489 2188 2540 in
2225 2489 2518 2539 essentiam
2567 2484 2693 2552 quis
2720 2497 2827 2533 non
2881 2479 3114 2537 deierat,
3168 2474 3434 2527 undi-nan

1872 2584 2092 2637 aliunde
2143 2595 2332 2635 comm
2393 2593 2515 2646 qua:
2555 2592 2620 2629 ex
2679 2589 2842 2628 causa
2885 2580 3054 2634 Sunt,
3095 2582 3220 2622 cum
3275 2581 3420 2616 caus.

1871 2674 2342 2731 consubstantiale
2372 2667 2767 2737 colli.getur?...
2797 2665 2950 2718 Nulla
2976 2661 3120 2730 cogit
3143 2658 3438 2713 ιιουοςιιίιεεε.

1873 2778 2097 2837 promer
2125 2767 2405 2819 essentiam
2432 2765 2483 2814 in
2506 2760 2745 2812 omnibus
2769 2757 2995 2810 similem
3029 2755 3226 2805 horum
3255 2749 3438 2806 trium.

1871 2873 2218 2914 communem
2246 2858 2423 2910 lacere
2451 2856 2616 2907 etiam
2659 2851 2898 2904 causalis
2928 2858 3167 2916 paterna:
3192 2841 3440 2897 essentia-

1872 2954 2262 3007 lecttnditatexn
2315 2966 2328 3002 :
2374 2963 2498 3000 cum
2547 2959 2909 3014 personatum
2959 2939 3330 3010 proprietates
3391 2945 3443 2987 et

1872 3044 2157 3099 secundum
2181 3041 2464 3094 essentiam
2512 3037 2746 3102 singulis
2777 3035 2959 3086 inesse
2985 3037 3310 3088 creduntur,
3335 3025 3446 3094 80

1872 3140 1917 3192 si
1949 3139 2158 3189 nullum
2195 3135 2250 3186 in
2311 3133 2419 3185 illis
2457 3130 2741 3189 accidens.
2794 3140 2974 3192 neque
3024 3120 3231 3174 deforis
3279 3118 3412 3168 adve

179 3227 586 3284 expresserunt
621 3217 673 3268 in
704 3216 985 3284 Symbolo,
1022 3217 1218 3270 Filium
1256 3234 1365 3271 esse
1394 3235 1458 3270 ea:
1500 3219 1685 3277 Patre.
1711 3229 1761 3270 et

1871 3228 2046 3288 uicus,
2078 3233 2132 3276 et
2164 3224 2414 3276 essentne
2445 3237 2541 3288 per
2575 3219 2759 3270 omnia
2798 3214 2980 3267 simile
3031 3228 3137 3264 non
3193 3209 3416 3275 deperdi

180 3326 234 3361 α
261 3309 581 3362 substantia
637 3308 818 3362 l’atris
852 3325 870 3360 :
902 3324 964 3362 ac
998 3325 1127 3364 sane
1179 3311 1271 3378 qui
1314 3313 1549 3379 primum
1606 3311 1758 3373 dicit.

177 3402 303 3454 dicit
331 3412 393 3455 et
427 3403 710 3458 alterum.
747 3412 800 3454 ct
833 3417 861 3454 c
892 3417 1180 3455 converso.
1227 3401 1339 3456 Cur
1369 3417 1502 3471 ergo
1535 3419 1640 3454 non
1671 3418 1761 3455 ea-

179 3492 293 3546 dem
333 3493 550 3544 militet
580 3491 648 3545 de
681 3491 887 3559 Spiritu
923 3503 1116 3546 sancto
1155 3496 1314 3554 ratio.
1354 3509 1518 3562 quem
1569 3495 1761 3548 Patres

180 3584 380 3637 docent
417 3601 532 3636 esse
566 3600 629 3636 η
670 3582 810 3634 Filio
851 3597 905 3636 ct
938 3601 1029 3652 per
1076 3583 1282 3645 Filium.
1312 3596 1366 3638 et
1402 3601 1522 3639 esse
1562 3602 1623 3636 ex
1645 3587 1762 3637 sub-

175 3681 373 3731 stantia
410 3678 498 3730 vel
531 3678 758 3728 essentia
785 3678 892 3745 79
917 3677 1085 3732 Filii?
1115 3679 1168 3731 ld
1199 3680 1250 3731 in
1278 3679 1412 3732 Filio
1435 3679 1759 3730 asserebant

180 3789 277 3825 una
313 3786 454 3826 voce
527 3771 741 3827 Patres.
801 3781 858 3822 ut
908 3770 1106 3823 Filium
1165 3772 1523 3825 ostenderent
1572 3788 1760 3824 verum

177 3863 369 3918 Deum.
409 3863 646 3914 minime
679 3877 703 3912 τι
743 3863 852 3914 Deo
884 3862 1089 3915 factum
1125 3878 1187 3915 ex
1237 3877 1343 3915 non
1377 3865 1758 3917 exstantibus:

177 3955 223 4007 id
254 3959 430 4008 etiam
469 3956 543 4008 de
579 3954 790 4022 Spiritu
826 3969 1016 4007 saneto
1060 3955 1166 4008 dici
1202 3965 1444 4022 oportet.
1507 3963 1566 4007 ut
1620 3972 1762 4008 unus

177 4061 297 4099 cum
342 4048 511 4100 Patre
541 4057 598 4098 ct
646 4046 784 4097 Filio
815 4045 956 4098 Deus
1007 4057 1305 4099 asseratur.
1335 4046 1418 4098 Eo
1466 4045 1548 4100 vel
1589 4047 1760 4099 maxi-

176 4153 258 4191 me
290 4138 551 4196 demum,
584 4137 733 4203 quod
767 4153 853 4190 res
883 4153 989 4189 una
1018 4147 1122 4200 est,
1168 4146 1219 4190 et
1263 4137 1672 4205 simplicissima
1707 4140 1757 4190 in

178 4228 354 4290 i'atre.
387 4237 443 4281 et
483 4230 542 4280 in
579 4227 720 4280 Filio
756 4231 1009 4291 essentia,
1037 4239 1092 4283 et
1121 4231 1418 4298 hypostasis
1459 4245 1478 4282 :
1509 4238 1569 4283 ut
1616 4230 1758 4285 nihil

172 4324 240 4374 sit
273 4322 427 4374 aliud
453 4337 712 4389 persona,
741 4337 902 4389 quam
958 4324 1184 4376 essentia
1240 4324 1569 4386 subsistens;
1613 4323 1760 4374 unde

174 4429 234 4464 es
279 4416 534 4466 essentia
597 4428 710 4464 non
766 4423 947 4480 potest
1001 4429 1124 4466 esse
1176 4430 1409 4483 persona
1467 4416 1760 4483 qitaepiain.

174 4505 300 4572 quin
347 4508 422 4560 sit
467 4521 540 4559 ex
583 4507 780 4558 eadem
827 4520 1084 4573 petsoua.
1143 4507 1302 4576 cujus
1356 4515 1441 4561 est
1495 4510 1754 4560 essentia.

1869 3332 1975 3372 tur.
2029 3336 2045 3366 ι
2095 3317 2229 3369 Ilem
2265 3324 2490 3367 sanctus
2529 3313 2770 3364 Thomas
2827 3307 3058 3362 miriﬁci:
3111 3306 3350 3358 illustrat
3392 3301 3423 3350 ii

1865 3411 1903 3474 l,
1933 3411 2058 3462 dist.
2101 3426 2175 3472 ιι,
2207 3406 2510 3473 apta-stione
2545 3405 2605 3466 l,
2643 3411 2748 3454 art.
2779 3402 2856 3454 ὃς
2898 3420 2925 3450 t'
2951 3400 3139 3472 Pater,
3171 3407 3227 3450 et
3269 3396 3411 3450 Ftiitt

1865 3506 2075 3571 spirant
2107 3501 2374 3568 Spiritum
2399 3505 2674 3558 sanctum,
2702 3495 2757 3548 in
2804 3502 3075 3562 quantum
3111 3501 3244 3544 sunt
3271 3506 3438 3542 Unum

1867 3595 1918 3646 in
1947 3594 2179 3662 potentia
2213 3591 2493 3656 spiratiea.
2529 3587 2782 3640 Potentia
2825 3595 3010 3638 autent
3047 3583 3312 3652 spirativa
3363 3583 3436 3632 dt-

1864 3687 1934 3740 cit
1955 3684 2156 3752 aliquid
2186 3683 2415 3734 medium
2444 3682 2587 3733 inter
2611 3679 2894 3731 essentiam
2940 3687 2994 3729 et
3023 3676 3398 3745 proprietatem
3423 3689 3437 3723 .'

1863 3794 1929 3829 co
1955 3778 2100 3844 quod
2134 3774 2268 3826 dicit
2294 3773 2576 3825 essentiam
2601 3772 2691 3824 sub
2721 3771 2927 3820 ratione
2963 3765 3323 3835 proprietatis.
3353 3763 3442 3814 Sic

1863 3872 2010 3922 cnim
2043 3877 2196 3919 actus
2241 3865 2536 3918 notionalis
2583 3864 2688 3931 (uel
2723 3860 3031 3926 generatio,
3064 3858 3148 3910 vel
3207 3856 3439 3924 spiratio

1863 3964 2060 4018 activa)
2119 3960 2185 4012 ab
2219 3957 2445 4010 essentia
2470 3955 2752 4024 egreditur
2786 3971 2801 4006 :
2835 3969 2946 4006 non
2978 3951 3124 4005 sicut
3157 3949 3225 4001 ah
3252 3956 3439 4016 agente

1864 4053 2032 4124 (quod
2066 4053 2218 4120 agit}.
2254 4049 2348 4104 sed
2386 4049 2530 4102 sicut
2565 4047 2634 4098 ab
2664 4061 2750 4106 eo.
2778 4062 2880 4115 quo
2913 4044 3113 4112 aqitur.
3139 4039 3438 4094 Generatio

1862 4147 2010 4200 enim
2062 4160 2169 4197 non
2219 4143 2492 4211 egreditut
2553 4141 2621 4192 ab
2677 4142 2938 4193 essentia.
2976 4138 3026 4188 in
3061 4141 3432 4203 quantumest

1865 4241 2122 4298 essentia.
2151 4239 2245 4291 sed
2285 4237 2338 4289 in
2376 4244 2644 4304 quantum
2675 4245 2758 4284 est
2788 4235 3115 4298 paternitas.
3152 4228 3215 4280 Et
3245 4229 3288 4280 si
3335 4228 3432 4279 isti

1865 4331 1995 4390 duo.
2033 4330 2243 4383 scilicet
2276 4326 2518 4379 essentia
2574 4332 2628 4375 et
2685 4321 3026 4388 paternitas,
3063 4318 3351 4370 ditl'i-rrent
3385 4318 3436 4367 in

1865 4423 2088 4481 divinis.
2120 4419 2478 4489 egrederetur
2522 4416 2592 4468 ab
2646 4426 2880 4481 utroque
2926 4412 3248 4481 generatio;
3281 4409 3374 4462 sed
3410 4425 3436 4458 ει

1864 4515 2193 4583 palemitate
2222 4511 2560 4571 immediate,
2587 4520 2638 4561 et
2671 4511 2737 4560 ab
2765 4506 3001 4559 essentia
3027 4505 3169 4556 sicut
3204 4517 3231 4554 a
3258 4501 3437 4569 primo

175 4597 416 4651 Sanctus
450 4596 722 4657 Thomas,
779 4597 920 4650 libro
973 4613 1046 4661 tv,
1090 4597 1288 4652 Contra
1340 4605 1537 4668 gentes.
1586 4601 1763 4668 capite
1797 4591 1839 4644 Ι)
1869 4606 2164 4674 principio.
2195 4603 2459 4656 Similiter
2488 4601 2636 4659 dico,
2688 4598 2833 4662 quod
2886 4597 3108 4665 spiratio
3148 4592 3435 4662 egreditur

170 4689 254 4750 ει,
292 4707 453 4743 num.
491 4691 549 4753 5,
578 4689 721 4743 hanc
764 4691 963 4744 rcl'ellit
1013 4689 1323 4746 Grtecorum
1358 4693 1746 4760 objectionem,

173 4784 435 4849 inimicus
471 4799 484 4835 :
520 4800 538 4831 ι
575 4781 804 4835 Joannis
835 4781 971 4843 XVI.
1003 4783 1137 4836 dicit
1189 4781 1360 4838 Filius
1412 4785 1480 4839 de
1539 4785 1747 4854 Spiritu

175 4887 363 4926 sancto
399 4894 411 4924 :
452 4873 557 4924 Ille
585 4889 666 4924 me
708 4874 1042 4938 clariﬁca‘bit,
1068 4877 1190 4940 quia
1231 4877 1293 4928 de
1340 4893 1452 4928 meo
1499 4878 1743 4945 accipiet.

173 4968 590 5019 efﬂuunt!“de
626 4967 789 5018 vobis.
821 4966 937 5020 Non
974 4979 1156 5019 autem
1204 4979 1385 5035 potest
1427 4969 1556 5028 dici.
1607 4969 1753 5035 quod

177 5063 408 5127 ςεριινίξιι
471 5061 529 5111 id
572 5062 712 5126 quod
753 5068 826 5112 est
874 5059 1024 5124 Filii,
1060 5077 1166 5114 non
1201 5071 1382 5114 tamen
1415 5080 1446 5114 a
1479 5061 1620 5114 Filio
1654 5080 1668 5116 ;
1699 5073 1759 5116 ιιι

174 5168 299 5220 puta
338 5155 382 5204 si
427 5155 674 5215 dicatur,
708 5154 851 5220 quod
901 5155 1134 5220 accipiat
1166 5158 1450 5207 essentiam
1497 5157 1751 5218 divinam,

175 5258 294 5306 quae
331 5252 415 5292 est
445 5240 598 5302 Filii,
633 5257 666 5291 a
697 5239 875 5293 l’atre.
903 5242 1033 5295 Nam
1067 5244 1321 5297 subditur
1353 5261 1366 5298 :
1401 5242 1590 5299 Omnia
1611 5263 1754 5314 qua:-

174 5347 378 5396 cunque
405 5331 566 5382 habet
596 5327 778 5393 Pater,
801 5349 914 5384 mea
955 5341 1114 5384 sunt:
1141 5346 1419 5402 propterea
1450 5335 1562 5386 dati
1590 5337 1752 5397 vobis,

177 5426 296 5484 quin
332 5424 398 5473 de
448 5439 568 5473 meo
603 5425 843 5489 accipiet.
882 5426 936 5475 Si
976 5428 1122 5478 enim
1166 5428 1370 5491 omnia,
1415 5443 1536 5495 quae
1575 5430 1754 5484 Patris

183 5526 334 5572 sum,
364 5525 419 5566 et
455 5515 585 5566 Filii
623 5525 770 5579 sunt,
803 5528 1018 5584 oportet
1041 5518 1184 5583 quod
1214 5522 1513 5574 auctoritas
1556 5520 1750 5583 Patris,

177 5608 486 5657 set-nmium
527 5621 692 5673 quam
745 5619 828 5660 est
876 5609 1210 5676 principium
1265 5611 1502 5679 Spiritus
1551 5615 1745 5673 sancti.

175 5700 246 5748 sit
280 5709 334 5749 el
385 5697 533 5750 Hlti.
571 5698 724 5749 Situ!
757 5713 886 5766 ergo
925 5712 978 5753 et
1013 5700 1255 5766 Spiritus
1301 5713 1524 5758 sanctus
1552 5703 1751 5772 accipit

180 5789 245 5839 de
277 5805 345 5840 eo
375 5790 529 5856 quod
562 5799 648 5842 cst
676 5787 874 5853 Patris.
909 5807 940 5844 a
969 5793 1128 5846 Patre
1158 5811 1171 5846 :
1213 5795 1286 5848 ita
1332 5794 1540 5865 accipit
1579 5795 1647 5849 de
1682 5811 1748 5850 eo

174 5883 320 5948 quod
362 5892 442 5936 est
485 5882 630 5946 Ftlzi,
664 5902 694 5936 a
722 5883 858 5938 Filio
914 5885 1176 5952 (divinam
1217 5887 1429 5944 scilicet
1491 5900 1740 5943 naturam

1876 4698 1943 4750 ab
1967 4695 2209 4753 essentia.
2248 4710 2355 4746 non
2397 4694 2536 4742 sicut
2575 4708 2600 4740 τι
2643 4691 2903 4756 spirante.
2936 4686 3031 4740 sed
3065 4685 3256 4738 sicuta
3294 4685 3438 4751 prin-

1867 4791 2002 4857 cipio
2027 4789 2335 4856 spirationis
2364 4801 2380 4837 :
2408 4786 2459 4836 in
2490 4795 2756 4851 quantum
2801 4783 2968 4834 habet
3026 4780 3300 4833 rationem
3336 4780 3434 4829 ali-

1866 4881 2022 4949 cujus
2056 4879 2334 4938 notionis.
2368 4893 2488 4944 qua:
2525 4885 2608 4927 est
2652 4873 2963 4926 conmionis
2990 4871 3138 4925 Patri
3183 4880 3238 4923 et
3275 4869 3434 4926 Filio.

1872 4987 1990 5040 quae
2031 4971 2230 5023 dicitur
2257 4969 2545 5022 communis
2569 4967 2813 5035 spiratio.
2853 4964 2910 5017 El
2943 4965 3014 5017 ita
3051 4963 3306 5025 spirativa
3345 4977 3434 5025 po-

1875 5061 2040 5115 tcntia
2070 5061 2204 5113 dicit
2239 5059 2532 5112 essentiam
2578 5058 2681 5110 sub
2725 5058 2936 5110 ratione
2975 5056 3096 5107 talis
3135 5052 3437 5120 pmprieta-

1865 5155 1954 5207 tis.
1990 5154 2055 5207 Et
2085 5153 2204 5205 ideo
2235 5151 2381 5215 dico,
2411 5149 2556 5218 quod
2591 5149 2840 5219 procedit
2877 5147 3121 5215 Spiritus
3149 5155 3372 5198 sanctus
3402 5159 3432 5195 a

1866 5243 2047 5302 Patre,
2075 5251 2128 5293 et
2163 5239 2298 5292 Filio
2331 5239 2422 5291 :iu
2455 5252 2722 5307 quantutn
2757 5247 2884 5290 sunt
2911 5255 3073 5289 unum
3102 5237 3155 5286 in
3180 5236 3428 5293 essentia.

1863 5347 1910 5388 et
1942 5338 1993 5388 in
2019 5335 2196 5394 aliqua
2221 5334 2453 5392 notione.
2485 5335 2697 5386 scilicet
2727 5330 3006 5383 communi
3032 5327 3352 5396 spiratione.
3406 5345 3423 5372 ι

1863 5425 1935 5478 Ita
1966 5428 2173 5478 scilicet
2202 5425 2405 5476 Βυρυιις
2437 5425 2560 5478 loco
2595 5424 2764 5477 citato
2803 5439 2916 5476 rem
2966 5422 3108 5474 hanc
3158 5418 3429 5486 intellige-

1860 5519 1973 5579 bat,
1996 5517 2439 5585 texpmtebatque.

1933 5611 2006 5676 (λι)
2056 5610 2228 5661 Multa
2264 5615 2385 5659 sunt
2427 5608 2594 5668 illius,
2622 5623 2684 5660 es:
2723 5606 2922 5675 aliquo.
2964 5604 3331 5675 signiﬁcata...
3358 5605 3428 5657 si-

1857 5704 2071 5772 gniﬁcat
2109 5704 2248 5754 enim
2286 5704 2340 5755 id
2366 5701 2502 5768 quod
2540 5715 2604 5753 es:
2651 5700 2831 5765 aliqua
2881 5700 3136 5760 subsistit,
3168 5711 3216 5749 et
3251 5713 3427 5750 essen-

1860 5797 1985 5846 tiam
2014 5795 2421 5859 consequitur...
2454 5791 2617 5845 Notat
2661 5791 2821 5840 etiam
2865 5804 2925 5841 ex
2973 5786 3427 5841 Consubstuntiuli

1859 5887 2364 5955 manifestationem,
2403 5894 2450 5940 et
2479 5883 2633 5955 quasi
2669 5884 3005 5938 ostensionem
3039 5899 3050 5934 :
3084 5898 3186 5949 qua
3222 5882 3425 5933 ratione
