4198 6440
690 437 751 500 9i
1623 427 1952 490 GEORGII
1995 426 2254 485 CYPilll
2296 424 2407 484 (1P.
2456 420 2969 483 P.-‘.TRi.-\RC!I.E
3865 411 3938 471 9!

694 558 941 620 dicimus;
981 556 1260 607 Dominum
1297 561 1549 607 naturam
1592 566 1654 603 ex
1704 548 1847 601 nobis
1888 544 2252 612 assumpsisse,
2290 551 2329 596 Α
2360 534 2512 596 dent,
2544 534 2812 603 quidquid
2868 548 2932 585 ea:
2972 529 3135 583 Patre
3188 543 3282 597 per
3342 523 3534 577 Filium
3594 518 3825 580 dicitur,
3880 531 3946 570 ex

699 660 792 701 aut
821 650 961 699 nobis
985 645 1507 700 consubstantialem.
1544 661 1562 694 ι
1590 642 1793 697 Verum
1821 641 2105 694 enimvero
2128 636 2263 706 quid

698 753 762 790 επ
784 739 960 808 aliqua
990 741 1318 793 cssentiulem
1345 736 1745 806 productionem
1773 734 1951 803 aptius
1976 747 2264 799 repra'sen-

700 830 831 883 tnln't
862 832 1273 897 (manifestabit,
1314 829 1612 899 ostendet).
1671 828 1775 881 nisi
1831 825 1961 880 illud
1996 824 2264 895 (neinpel,

703 925 797 977 hoc
825 927 953 993 quid
980 942 1045 980 ex
1082 927 1184 979 hoe
1229 926 1549 980 naturaliter
1578 924 1867 983 exsistere,
1907 930 1958 973 et
1993 919 2260 973 essentia-

701 1016 863 1070 liter?
894 1018 1158 1071 Praeterea
1210 1028 1304 1071 aut
1348 1032 1642 1073 commune
1680 1026 1763 1069 est
1800 1014 1944 1066 Patri
1991 1021 2046 1065 et
2102 1010 2261 1075 Filio,

704 1109 1038 1164 manifestari
1074 1122 1128 1165 et
1156 1111 1372 1165 ostendi
1418 1127 1482 1165 ex
1529 1119 1761 1175 utroque
1816 1107 2082 1173 Sis-Itum
2133 1120 2261 1156 san-

700 1212 846 1253 ctum
874 1221 885 1264 ;
915 1218 1015 1257 cur
1039 1220 1147 1256 non
1174 1206 1337 1257 etiam
1372 1206 1585 1272 utrique
1618 1217 1909 1253 commune
1934 1200 2119 1261 fueri'o,
2144 1197 2266 1265 δρί-

702 1294 865 1346 ritum
898 1306 1147 1347 sanctum
1175 1312 1239 1348 ex
1268 1305 1501 1362 utroque
1526 1295 1852 1353 subsistere,
1876 1304 1932 1345 et
1961 1290 2268 1345 exsistere?

699 1389 809 1443 Aut
840 1390 1173 1444 subsistendi
1197 1400 1248 1441 et
1273 1388 1574 1441 exsistendi
1609 1388 1889 1440 notionem
1916 1386 1958 1437 si
1988 1385 2166 1439 solum
2198 1384 2265 1437 ad

703 1480 917 1533 Patrem
956 1482 1191 1543 rs-l'eras;
1223 1496 1321 1533 cur
1347 1481 1513 1533 etiam
1545 1478 1875 1533 ostendendi
1915 1489 1971 1532 et
2030 1476 2265 1529 manifeo

704 1574 879 1625 standi
916 1572 1195 1626 nationem
1247 1572 1349 1626 soli
1399 1573 1537 1627 Filio
1564 1588 1678 1625 non
1726 1571 1985 1625 ud.‘.icas?
2017 1571 2121 1623 Sed
2155 1585 2267 1622 non

700 1666 1034 1716 conceles...
1065 1663 1310 1733 Denique
1333 1680 1397 1718 ex
1431 1675 1618 1717 nostra
1654 1675 1849 1717 natura
1875 1664 2019 1717 iacta
2047 1661 2265 1715 Domini

700 1758 1070 1811 manifestnlio
1109 1800 1121 1820 ,
1180 1766 1236 1811 et
1289 1760 1532 1811 ostensio
1590 1771 1815 1826 prorsus
1878 1758 2061 1811 innuit
2121 1757 2268 1811 illius

700 1850 1086 1902 exsistentiain'
1114 1855 1415 1905 secundum
1455 1851 1804 1905 hominem...
1835 1851 1959 1905 licec
1992 1852 2179 1919 itaque
2217 1853 2264 1905 si

705 1942 778 1994 ita
810 1958 866 1995 se
904 1943 1136 2004 habent;
1171 1946 1336 1998 etiam
1359 1961 1425 1997 ex
1451 1945 1590 1999 Filio
1629 1945 1870 2013 Spiritus
1893 1943 2268 1997 manifestatio

700 2045 757 2088 et
795 2037 1037 2089 ostensio
1081 2038 1494 2105 repriesentahit
1527 2039 1648 2108 ejus
1694 2053 1761 2091 ex
1803 2037 1938 2092 Filio
1988 2038 2267 2091 exsistun-

703 2130 854 2181 tiam.
910 2150 925 2181 ι
968 2132 1266 2199 Superiore
1322 2134 1501 2201 capite
1559 2148 1711 2187 num.
1748 2136 1781 2187 5
1852 2135 1953 2202 (ί),
1992 2134 2271 2186 'nonnulla

704 2225 924 2277 Patrum
961 2227 1273 2279 testimonia
1304 2227 1685 2288 indicavimus,
1712 2227 1915 2295 quibus
1946 2226 2269 2279 Divinarum

704 2333 1080 2384 personarunt‘
1116 2320 1495 2374 emanationes
1527 2319 1878 2387 appellantur
1923 2319 2265 2397 eﬂ'ulgentiq,

702 2412 1184 2478 cxplemlesccntiw.
1220 2427 1415 2481 nempe
1456 2415 1795 2475 ostcnsiones,
1837 2421 1891 2466 et
1948 2413 2264 2481 manifesta-

705 2507 889 2556 tiones.
922 2503 1057 2558 llinc
1079 2505 1536 2573 frequentissima:
1564 2507 1668 2575 81
1702 2506 1924 2569 Patrum
1957 2506 2269 2567 sententia,

703 2616 825 2663 qua:
860 2610 971 2650 tum
1012 2597 1282 2663 Verbum,
1322 2608 1433 2653 tum
1471 2599 1738 2670 Spiritum
1786 2610 2037 2653 sanctum
2076 2607 2276 2652 vocant

707 2692 935 2753 lumina,
979 2692 1266 2761 imagines.
1301 2693 1475 2761 sigilla
1500 2733 1513 2756 ,
1549 2693 1924 2754 characteres,
1954 2708 2019 2745 ac
2050 2692 2220 2745 facies
2258 2708 2273 2744 :

712 2784 893 2837 Patzis
933 2785 1121 2852 utique
1156 2784 1352 2838 Filium
1376 2829 1391 2851 ,
1426 2797 1481 2839 et
1511 2785 1634 2840 Filii
1678 2785 1951 2854 Spiritum
2000 2793 2274 2838 sanctum.

711 2878 1046 2929 Germanum
1097 2876 1342 2931 declarat
1386 2893 1608 2932 sensum
1655 2886 1876 2932 sanctus
1927 2877 2165 2931 Thomas
2222 2878 2274 2930 in

711 2967 989 3037 Opusculo
1024 2968 1066 3030 l,
1111 2978 1299 3022 contra
1337 2983 1552 3023 errores
1588 2968 1924 3023 Gnecornm.

780 3060 971 3129 (5)153:
1004 3070 1157 3130 patre
1181 3061 1410 3131 Cgrillus
1466 3061 1664 3124 scribit,
1732 3059 1985 3130 Spiritum
2037 3060 2279 3128 progredi

711 3155 869 3209 veluti
900 3171 962 3207 ex
991 3172 1099 3210 ore.
1127 3163 1173 3207 et
1211 3156 1349 3222 fonte
1390 3153 1569 3207 Patre.
1607 3154 1730 3207 [huc
1764 3169 1894 3207 \ero
1959 3162 2108 3215 sunt,
2157 3170 2279 3221 quae

713 3247 951 3315 Spiritus
1016 3247 1187 3299 sancti
1253 3260 1659 3314 processwnem
1710 3245 1875 3299 etiam
1932 3260 1960 3297 a
2014 3245 2151 3297 Filio
2181 3244 2349 3302 de-C

713 3352 1039 3394 monstrant.
1078 3360 1093 3389 ι
1122 3339 1335 3393 Etenim
1374 3339 1417 3392 si
1445 3340 1537 3408 qui
1584 3354 1650 3393 ex
1681 3354 1775 3392 ore
1824 3339 2002 3392 Patris
2058 3354 2276 3407 progre-

713 3433 864 3485 ditur
894 3434 1156 3500 Spiritus,
1188 3441 1241 3485 ct
1282 3432 1443 3485 Pater
1478 3447 1542 3486 os
1569 3435 1640 3485 sit
1670 3447 1686 3490 :
1718 3447 1783 3485 ex
1811 3432 1968 3485 Patre
1998 3430 2275 3484 exsisten-

714 3528 842 3578 tiam
874 3526 1056 3587 habet,
1090 3535 1336 3593 apertum
1392 3535 1662 3589 remanet,
1708 3525 1971 3590 Spiritum
2002 3532 2277 3586 sanctum,

713 3622 805 3688 qui
839 3620 1069 3689 Spiritus
1105 3621 1184 3672 ori
1223 3621 1316 3672 Dei
1341 3620 1567 3681 dicitur,
1608 3634 1673 3671 ex
1711 3619 1848 3671 Filio
1886 3633 2006 3671 esse
2036 3629 2088 3670 et
2140 3618 2281 3671 essi-

717 3714 970 3765 stentiam
1032 3712 1232 3766 habere
1264 3750 1277 3763 .
1312 3751 1324 3763 .
1364 3752 1377 3765 .
1450 3711 1503 3764 Si
1562 3725 1689 3763 vero
1742 3711 1867 3778 quia
1902 3712 2014 3778 fons
2052 3709 2281 3778 Spiritus

716 3814 799 3859 est.
829 3805 1009 3869 Pater,
1044 3814 1329 3873 pmpterea
1362 3821 1426 3857 ex
1464 3804 1620 3856 Patre
1660 3801 1900 3870 Spiritus
1951 3815 2074 3856 est:
2113 3818 2282 3870 quare

716 3913 825 3951 non
862 3908 915 3950 et
942 3915 969 3949 a
1006 3897 1165 3961 Filio,
1198 3913 1323 3951 eum
1375 3895 1577 3949 eaedem
1614 3895 1908 3962 Scriptura:
1938 3896 2282 3963 (Patresque)

718 3992 918 4059 fontem
971 3989 1215 4059 ejusdem
1265 3989 1503 4057 Spiritus
1563 3986 1767 4040 Filium
1820 3987 2277 4055 deprcedicant?»

720 4075 929 4137 Praesto
959 4094 1085 4135 snnt
1118 4083 1299 4153 Cyrilli
1336 4098 1363 4135 λ
1394 4081 1591 4151 Cyprio
1632 4081 1832 4134 laudati
1867 4079 2191 4133 testimonia.
2236 4078 2285 4131 Is

721 4178 869 4230 enim
912 4177 1059 4229 libro
1118 4176 1171 4227 in
1208 4175 1433 4228 Joannis
1459 4173 1801 4243 evangelium
1836 4170 1900 4223 ad
1951 4170 2163 4238 septimi
2200 4184 2287 4223 ca—

720 4268 848 4337 pitis
874 4284 1079 4321 comma
1099 4266 1187 4332 '58,
1212 4266 1488 4321 Christum
1520 4281 1636 4320 esse
1670 4266 1859 4330 {autem
1891 4263 2069 4325 docet,
2089 4272 2143 4314 et
2160 4261 2286 4329 Spi-

721 4363 906 4417 ritum-
926 4372 1171 4414 sanctum
1200 4376 1393 4429 aquam
1415 4360 1831 4427 interpretatur:
1854 4357 2015 4424 idque
2046 4354 2112 4407 ad
2142 4355 2285 4423 ejus-

726 4453 848 4505 dem
907 4452 1078 4504 sancti
1139 4449 1375 4517 Spiritus
1439 4457 1686 4499 naturam
1748 4444 2089 4499 referendum
2144 4458 2284 4506 esse,

725 4546 948 4597 adnotat
967 4544 1182 4611 dialogo
1211 4556 1301 4605 vn,
1328 4540 1394 4592 de
1425 4548 1606 4592 saneta
1633 4539 1893 4591 Trinitate
1928 4538 2071 4591 circa
2098 4536 2281 4589 ﬁnem.

726 4638 876 4689 Alios
899 4645 1185 4689 enumerat
1210 4634 1398 4686 Patres
1419 4631 1672 4685 Petavius
1693 4630 1834 4682 libro
1855 4646 1945 4691 tu,
1962 4644 2083 4696 cap.
2100 4629 2151 4686 4.
2172 4628 2287 4696 qni-

725 4730 832 4781 hus
858 4728 889 4778 ii
918 4725 1242 4778 aea'enscndi
1263 4732 1409 4786 sunt,
1430 4723 1519 4790 qui
1540 4721 1775 4789 Spiritus
1796 4719 1967 4773 sancti
1990 4719 2289 4786 processio-

727 4838 845 4874 nem
878 4836 905 4872 a
944 4820 1098 4872 Patre
1129 4828 1182 4870 et
1209 4833 1237 4869 a
1264 4816 1402 4869 Filio
1433 4815 1613 4867 verbis
1659 4813 1956 4875 declarant,
1994 4826 2114 4879 qua:
2138 4825 2292 4877 aqua:

728 4916 793 4967 de
821 4914 967 4965 fonte
995 4911 1266 4963 manantis
1282 4909 1624 4977 eruptionem
1658 4906 1919 4958 exhibent
1944 4920 1956 4955 :
1981 4900 2292 4970 cujusmodi

726 5015 855 5060 sunt
872 5003 1213 5063 ἁναϐλύζειν,
1236 5000 1578 5068 προχεῖσθαι,
1596 5000 1863 5067 προϊέναι,
1878 4995 2152 5059 scaturirc,
2174 5011 2297 5062 pro-

732 5099 905 5167 fundi,
927 5096 1155 5163 prodire.
1179 5094 1346 5155 Alias,
1368 5091 1739 5160 plurimasque
1762 5089 1901 5157 apud
1921 5088 2171 5141 eumdem
2195 5087 2294 5141 Pe-

732 5188 1149 5256 tavinm,capitc
1177 5186 1227 5246 5,
1249 5183 1548 5238 sententias
1572 5181 1813 5243 consule,
1841 5181 1996 5249 queis
2020 5179 2169 5238 odor,
2198 5194 2294 5230 va-

732 5299 826 5352 por
859 5292 911 5333 et
942 5280 1172 5349 qualitas
1197 5277 1503 5330 substantiw
1527 5273 1652 5327 Filii
1677 5273 1876 5325 dicitur
1909 5270 2147 5338 Spiritus
2168 5284 2296 5321 san-

732 5384 874 5436 ctus,
902 5374 1135 5441 itemque
1162 5365 1344 5440 ﬂatus,
1366 5379 1413 5422 et
1440 5370 1634 5421 halitus
1670 5369 1810 5429 oris;
1843 5380 1904 5417 ac
1931 5366 2150 5417 demum
2179 5377 2299 5429 Ope-

734 5470 870 5521 ratio
905 5468 1161 5534 ejusdem.
1196 5464 1378 5530 Longc
1413 5470 1573 5514 antea
1618 5458 1732 5511 hcce
1766 5457 1921 5518 vidit,
1951 5465 2002 5508 et
2041 5454 2299 5521 expendit

736 5561 918 5616 omnia
945 5569 1167 5610 sanctus
1190 5556 1429 5607 Thomas
1462 5553 1515 5605 in
1539 5548 1813 5618 Opusculo
1841 5556 2026 5600 contra
2058 5544 2295 5597 Gnrcos.

809 5653 884 5721 (ὓ)
915 5652 1031 5705 Non
1064 5659 1136 5703 est
1173 5648 1495 5716 prapositum
1546 5644 1803 5714 Nysseno,
1848 5637 2060 5690 Patrem
2094 5652 2300 5705 proces-

737 5746 882 5797 sione
914 5745 1140 5812 Spiritus
1174 5741 1436 5811 spoliare:
1477 5737 1730 5807 spoliaret
1780 5749 1920 5794 vero,
1973 5732 2018 5783 si
2074 5746 2188 5781 eam
2246 5730 2298 5781 in

743 5834 944 5888 Filium
972 5838 1293 5887 immutaret.
1320 5831 1476 5885 Nulla
1510 5832 1692 5883 locum
1757 5826 1921 5879 habet
1972 5822 2299 5881 immutatio,

743 5943 862 5997 qua:
887 5928 953 5982 sit
988 5944 1079 5998 per
1115 5926 1475 5981 divisionem:
1515 5921 1805 5991 Scripturte
1826 5931 2059 5985 namque
2082 5930 2301 5983 persua-

2367 642 2472 678 uno
2506 625 2612 677 Deo
2638 640 2779 684 esse.
2804 633 2861 678 et
2888 622 3016 677 dici.
3050 640 3070 673 ι
3110 615 3295 673 Virtus
3350 613 3634 684 spiratira,
3686 626 3807 678 qua
3862 620 3949 663 est

2366 717 2422 771 in
2447 717 2627 777 Patre.
2656 733 2686 769 ι
2707 716 2869 770 Patre
2900 711 3348 769 communicatur
3379 706 3541 767 Filio,
3575 718 3803 756 ruanens
3838 716 3946 753 una

2363 817 2420 862 et
2451 810 2639 861 eadem
2673 808 2726 859 in
2762 819 3018 874 utroque.

2438 901 2514 967 (7)
2548 899 2657 953 Sed
2674 915 2735 952 ea:
2770 896 2912 951 Filio
2935 897 3163 967 Spiritus
3193 894 3500 964 procedens,
3552 906 3618 942 ex
3649 887 3812 941 Patre
3844 900 3948 937 non

2366 992 2664 1061 procederet
2689 991 2807 1045 :sed
2829 992 3001 1059 potius
3019 998 3381 1060 generantur.
3400 987 3446 1038 si
3470 992 3518 1035 et
3552 971 3745 1038 Filius,
3766 994 3829 1030 ex
3846 994 3950 1045 quo

2367 1079 2616 1151 Spiritus,
2645 1099 2706 1135 ea:
2729 1081 2896 1135 Patre
2913 1087 3219 1151 generatur.
3244 1075 3495 1130 Nondum
3527 1070 3773 1138 intelligo
3816 1067 3947 1134 quid

2367 1174 2433 1226 ad
2452 1174 2734 1227 veritatem
2753 1174 2856 1226 ista
2884 1172 3102 1226 faciant.
3125 1168 3263 1233 Quid
3284 1168 3430 1220 enim
3457 1163 3681 1232 impedzt
3704 1176 3802 1211 nos
3824 1174 3951 1209 con-

2369 1276 2451 1319 tra
2487 1276 2829 1334 opponentes
2862 1264 3062 1318 dicere:
3094 1262 3148 1316 Si
3188 1277 3279 1330 per
3298 1257 3499 1311 Filium
3536 1253 3783 1323 procedi
3824 1250 3952 1316 5νὲ-

2369 1356 2508 1408 ritus
2546 1365 2784 1412 sanctos,
2814 1370 2920 1406 non
2949 1369 3015 1406 ex
3052 1353 3212 1406 Patre
3244 1348 3594 1418 procederet,
3628 1344 3721 1397 sed
3762 1342 3949 1408 potius

2370 1445 2820 1515 generantur?»
2873 1443 3275 1503 Diﬂicultatem,
3311 1441 3357 1493 si
3405 1454 3511 1507 qua
3560 1445 3667 1495 est,
3712 1434 3953 1485 Thomas

2368 1538 2608 1596 exhibet.
2661 1545 2853 1603 quaest.
2914 1534 3004 1597 10,
3048 1535 3116 1587 de
3167 1532 3437 1602 potentia,
3474 1539 3574 1582 art.
3612 1531 3664 1591 4,
3717 1542 3865 1578 unm.
3894 1523 3949 1576 Ξ.

2369 1628 2427 1683 Si
2459 1628 2628 1682 Filius
2664 1638 2740 1682 est
2774 1628 3089 1696 principium
3118 1624 3349 1692 Spiritus
3377 1622 3573 1681 sancti,
3618 1628 3712 1671 aut
3736 1620 3829 1668 hac
3860 1618 3954 1667 ha-

2371 1720 2509 1771 beta
2544 1735 2617 1781 se,
2673 1727 2766 1771 aut
2819 1718 2880 1769 ab
2909 1717 3035 1769 alio.
3070 1717 3107 1769 Α
3165 1730 3219 1767 se
3248 1729 3352 1766 non
3408 1711 3602 1764 habet:
3658 1726 3760 1760 non
3813 1707 3953 1757 cnim

2369 1808 2479 1876 82
2510 1807 2665 1866 Filio.
2694 1810 2744 1859 in
2775 1815 3031 1877 quantum
3067 1803 3239 1856 Filius
3276 1810 3374 1865 cst,
3409 1802 3645 1853 convenit
3676 1813 3785 1849 esse
3807 1796 3956 1864 prin-—

2312 1900 2348 1951 Β
2378 1900 2592 1969 cipium,
2622 1900 2710 1951 sed
2748 1899 2916 1966 magis
2946 1914 2976 1949 a
3003 1896 3283 1965 principio.
3316 1891 3373 1946 Si
3400 1901 3573 1944 autem
3602 1890 3755 1941 habet
3788 1904 3818 1938 η
3848 1884 3955 1937 Pa-

2373 2000 2472 2056 tre,
2505 1999 2707 2058 oportet
2738 1992 2875 2060 quod
2906 1993 2999 2042 hoc
3035 1990 3185 2041 modo
3216 1988 3287 2039 sit
3312 1984 3653 2055 principium,
3687 1981 3817 2033 sicut
3845 1979 3954 2031 Pa-

2375 2093 2473 2140 ter.
2510 2082 2676 2137 Pater
2703 2093 2878 2136 autem
2930 2092 3003 2136 est
3041 2082 3356 2150 principium
3390 2093 3482 2145 per
3511 2073 3907 2145 generationem
3934 2086 3954 2121 :

2374 2191 2497 2244 ergo
2523 2174 2690 2228 Filius
2724 2175 2818 2226 erit
2859 2173 3174 2241 principium
3208 2168 3435 2238 Spiritus
3466 2166 3639 2218 sancti
3679 2177 3771 2231 per
3798 2175 3956 2229 gene-

2377 2268 2662 2319 rationem.
2697 2265 2984 2335 Egregium
3038 2264 3223 2332 accipe
3253 2262 3475 2314 Thomas
3525 2269 3849 2326 responsum
3884 2252 3957 2305 ad

2374 2357 2429 2410 2.
2473 2354 2839 2419 «Dicendum,
2872 2354 3016 2420 quod
3042 2354 3211 2407 Filius
3235 2352 3339 2405 hoc
3358 2350 3522 2404 habet
3542 2364 3571 2401 a
3597 2348 3781 2410 Patre,
3808 2345 3957 2413 quod

2374 2463 2441 2502 ex
2476 2462 2534 2502 se
2580 2447 2843 2516 Spiritum
2875 2456 3126 2499 sanctum
3180 2443 3434 2497 emittat:
3470 2438 3614 2492 unde
3660 2446 3717 2491 et
3758 2436 3956 2490 eodem

2377 2539 2539 2593 modo
2567 2537 2819 2593 convenit
2845 2538 2914 2600 si,
2942 2538 3083 2591 sicut
3124 2545 3179 2589 et
3208 2533 3376 2589 Patri.
3410 2530 3516 2585 Sed
3545 2530 3707 2583 Pater
3732 2542 3839 2580 non
3871 2536 3960 2579 est

2378 2630 2699 2702 principium
2731 2629 2931 2684 divina:
2963 2642 3213 2698 persona
3270 2642 3374 2678 uno
3416 2623 3800 2682 tantummodo,
3859 2618 3959 2672 sed

2378 2723 2594 2776 duobus
2622 2722 2867 2775 :scilieet
2917 2735 3014 2789 per
3044 2719 3454 2788 generationem,
3483 2721 3540 2767 et
3590 2712 3958 2779 spirationern.

2378 2815 2531 2869 Unde
2556 2830 2660 2867 non
2685 2824 2861 2883 potest
2878 2812 3148 2873 concluJi,
3178 2808 3323 2877 quod
3354 2806 3526 2861 Filius
3548 2808 3619 2861 sit
3643 2803 3963 2871 principium

2380 2905 2609 2974 Spiritus
2639 2905 2808 2957 sancti
2836 2919 2926 2972 per
2963 2901 3355 2971 generationem
3386 2914 3404 2951 :
3451 2897 3546 2951 sed
3607 2904 3692 2948 est
3740 2891 3959 2946 fallacia

2380 2996 2802 3065 consequentis;
2861 3005 2917 3047 et
2976 2992 3251 3061 praecipue
3312 3004 3438 3042 cum
3500 3001 3600 3040 nec
3653 2984 3816 3037 etiam
3857 2981 3966 3034 Pa-

2381 3088 2558 3142 tersit
2621 3086 2949 3156 principium
2995 3082 3232 3152 Spiritus
3283 3078 3459 3133 sancti
3519 3093 3615 3147 per
3649 3073 3962 3144 generatio-

2382 3196 2529 3236 nem.
2560 3198 2591 3233 1

2454 3273 2527 3341 (8)
2559 3270 2780 3339 Propter
2816 3270 3090 3322 nominum
3121 3262 3562 3317 constructionem
3616 3257 3808 3313 soiam.
3839 3271 3963 3324 φιτ

2380 3372 2492 3432 post
2555 3361 2747 3415 Filium
2778 3360 3184 3429 appellationem
3217 3356 3455 3425 Spiritus
3494 3354 3673 3421 aﬂcrt;
3733 3360 3780 3401 et
3836 3365 3963 3417 pro-

2379 3466 2493 3523 pter
2523 3454 2771 3506 relativus
2798 3451 3200 3521 appellationes,
3236 3446 3413 3498 Patris
3448 3455 3495 3496 et
3564 3442 3706 3504 Filii,
3749 3440 3964 3492 nullum

2382 3549 2607 3599 medium
2638 3549 2775 3598 inter
2816 3561 2922 3597 sese
2952 3544 3331 3595 admittentes:
3390 3538 3663 3605 contiguus
3745 3532 3966 3599 (Filius)

2380 3649 2427 3691 et
2461 3655 2549 3705 per
2572 3639 2866 3705 contiguum
2903 3635 3122 3703 (Filium
3151 3632 3391 3700 Spiritus
3422 3629 3665 3693 sanctus)
3703 3642 3732 3675 a
3779 3632 3970 3676 sancto

2383 3729 2654 3799 (Nysseno
2689 3729 2742 3781 in
2791 3724 3033 3795 Epistola
3069 3723 3135 3776 ad
3200 3718 3513 3783 Ahlaviutn)
3538 3718 3710 3768 dictus
3740 3722 3813 3766 est
3845 3752 3858 3764 .
3900 3753 3913 3764 .
3954 3751 3967 3765 .

2383 3840 2486 3874 non
2547 3829 2759 3889 propter
2835 3815 3259 3883 consequentiam
3346 3808 3679 3862 exsistentia'.
3715 3808 3780 3859 At
3816 3804 3969 3856 enim

2384 3916 2659 3984 Nyssenus
2704 3911 2829 3964 talia
2864 3908 3115 3961 sanciens
3169 3905 3405 3972 (divinas
3458 3914 3653 3967 nempe
3704 3912 3975 3965 personas

2384 4007 2531 4059 nulla
2565 4021 2623 4058 re
2654 4004 2758 4056 alia
2790 4001 3011 4054 dilIt-rre
3050 3999 3305 4056 invicem,
3371 3992 3473 4046 nisi
3518 3990 3730 4042 ratione
3783 4003 3973 4040 causa:

2384 4098 2497 4150 sive
2560 4094 2857 4164 principii,
2899 4101 2953 4145 et
3008 4097 3128 4159 ejus
3184 4087 3327 4156 quod
3382 4101 3446 4137 ex
3515 4081 3781 4153 primipio
3839 4092 3973 4143 est;

2386 4202 2452 4240 ac
2505 4200 2695 4238 rursus
2728 4184 2847 4253 ejus
2899 4182 3047 4249 quod
3139 4178 3385 4247 proxime
3468 4184 3550 4227 est
3613 4189 3678 4226 ex
3770 4172 3975 4236 printo,

2386 4286 2443 4330 et
2522 4277 2646 4346 ejus
2737 4272 2880 4341 quod
2946 4281 3028 4324 est
3124 4284 3220 4336 per
3302 4264 3432 4318 illud
3501 4264 3645 4333 quod
3726 4259 3977 4327 proxime

2385 4374 2468 4419 est
2550 4378 2579 4416 a
2645 4360 2868 4432 primo),
2955 4359 3199 4425 adeoque
3264 4355 3476 4407 Patrem
3551 4368 3578 4403 a
3662 4350 3796 4403 Filia
3883 4350 3978 4399 tt;-

2386 4455 2580 4508 videns
2639 4468 2801 4505 causa
2900 4452 3016 4516 (seu
3054 4448 3263 4498 ratione
3315 4458 3514 4503 causa,
3544 4453 3601 4494 et
3647 4441 3765 4507 ejus
3820 4454 3909 4503 qui
3944 4442 3973 4488 .l

2391 4556 2476 4600 est
2522 4560 2552 4598 a
2598 4543 2784 4609 causa)
2821 4560 2833 4595 :
2873 4540 3070 4593 Filium
3126 4536 3386 4602 deinceps
3438 4547 3466 4583 a
3526 4532 3757 4598 Spiritu,
3821 4530 3973 4594 ριιψι

2389 4637 2627 4706 contigue
2689 4634 2828 4701 ipse,
2873 4648 2964 4700 per
3011 4629 3145 4681 illud
3198 4627 3336 4695 quod
3388 4626 3689 4687 contiguum
3723 4634 3795 4673 cst
3832 4625 3976 4685 ism;

2400 4727 2680 4781 manifeste
2731 4724 3071 4777 demonstrat
3158 4719 3476 4771 cxsistcntia:
3522 4717 3978 4781 conseqncafinm.

2399 4834 2507 4871 non
2566 4817 2737 4870 Solam
2801 4813 3084 4865 nominum
3137 4808 3674 4862 constructionem.»
3742 4806 3976 4874 Syr-ent

2401 4910 2565 4963 verba
2585 4907 2901 4977 expendens
2921 4902 3162 4973 Aquinas
3188 4902 3241 4954 in
3266 4899 3544 4969 Opuscolo
3569 4899 3585 4951 l
3608 4914 3799 4951 contra
3825 4897 3863 4950 C
3878 4916 3982 4951 ne-

2399 5019 2530 5059 eos:
2566 5002 2718 5054 Patet
2755 5014 2897 5067 ergo,
2934 4998 3031 5057 ait,
3070 4994 3207 5063 quod
3233 5009 3325 5063 per
3364 4994 3593 5061 primam
3618 4991 3977 5058 diﬁ'erentiam

2402 5096 2633 5164 Spiritus
2679 5100 2913 5151 sanctus,
2942 5097 2989 5139 et
3020 5085 3184 5139 Filius
3220 5102 3251 5137 a
3320 5083 3478 5134 Patre
3530 5083 3977 5149 distinguuntur:

2402 5201 2493 5255 per
2523 5182 2803 5237 secundam
2847 5187 3024 5231 autem
3058 5177 3399 5245 distinguitur
3431 5172 3661 5241 Spiritus
3700 5183 3914 5224 sanctus
3946 5190 3977 5222 η

2405 5272 2576 5333 Filio;
2609 5272 2733 5339 quia
2789 5269 2978 5320 scilicet
3008 5264 3168 5318 Filius
3200 5284 3230 5317 a
3264 5265 3423 5317 Patre
3450 5264 3678 5332 procedit
3725 5278 3826 5312 non
3881 5278 3988 5328 per

2405 5362 2658 5432 Spiritum
2690 5369 2955 5420 sanctum,
2990 5359 3077 5410 sed
3107 5356 3334 5426 Spiritus
3388 5366 3600 5408 sanctus
3625 5370 3715 5420 per
3746 5351 3985 5405 Filium.

2406 5455 2560 5510 Ullus
2608 5466 2738 5505 vero
2793 5466 2861 5503 ne
2903 5449 3105 5515 irrepat
3132 5464 3302 5507 error,
3344 5463 3453 5515 pra:
3504 5446 3680 5499 oculis
3722 5442 3989 5497 habenda

2408 5542 2652 5612 ejusdem
2676 5540 2899 5593 Thomas
2928 5538 3174 5590 doetiina
3205 5537 3258 5589 in
3297 5537 3335 5599 Ι,
3368 5537 3496 5589 dist.
3554 5537 3638 5596 iit.
3672 5543 3861 5602 qumst.
3930 5535 3993 5596 1,

2408 5634 2565 5687 artic.
2591 5632 2660 5684 '5:
2703 5648 2719 5679 r
2751 5627 3071 5690 Dicendum,
3102 5627 3244 5693 quod
3278 5642 3436 5678 omne
3483 5624 3723 5677 medium
3794 5623 4001 5688 aliquo

2411 5727 2570 5779 modo
2600 5722 2955 5789 distinguitur
2987 5722 3054 5773 ab
3086 5720 3195 5779 bis,
3248 5720 3388 5771 inter
3412 5733 3532 5784 qua:
3565 5715 3801 5767 medium
3838 5713 4002 5765 dic;-

2414 5826 2519 5867 tnr.
2563 5812 2697 5865 Cum
2736 5821 2914 5863 autem
2970 5809 3022 5862 in
3050 5808 3351 5876 Spfratiuue
3400 5806 3557 5859 Pater
3589 5815 3643 5857 et
3671 5804 3836 5856 Filius
3867 5804 4003 5855 sint

2413 5909 2511 5961 duo
2548 5905 2825 5975 spirantes,
2891 5902 2942 5956 in
2989 5911 3250 5970 quantum
3292 5909 3417 5954 sunt
3471 5914 3629 5949 unum
3658 5897 3705 5947 in
3744 5896 3997 5963 petentia
