4198 6440
175 414 243 476 93
1328 416 1518 474 VITA.
1567 438 1631 447 —
1682 414 1779 471 Di:

1879 415 2191 474 ill'l‘.\TlO
2236 418 2280 475 ι.
3385 419 3454 489 9;

181 535 437 603 rpirutica
468 552 485 595 ,-
537 549 826 600 possumus
856 534 1003 600 loqui
1051 532 1115 584 de
1172 542 1288 584 artu
1323 531 1626 591 spirutiouis
1687 546 1780 594 per
1813 545 1851 589 Α
1886 532 2107 595 quiens,
2143 533 2401 599 Spiritum
2433 544 2673 587 sam-tum
2704 552 2811 588 esse
2849 540 3125 599 ηηιιρὶηειη
3174 536 3374 594 Patri}.
3408 549 3460 591 ει

180 628 659 691 τηειιιιτιιςιιῗοιιοιιι
689 628 756 677 ad
785 626 919 689 ipsos
959 627 1261 691 spirantes:
1317 623 1397 674 vel
1453 622 1522 673 ad
1574 622 1765 683 ιιὶριτὲο

179 722 315 787 piam
347 720 640 785 spirandi.
682 719 821 770 sicut
851 719 1106 769 virtutem
1133 718 1292 785 cujus
1321 718 1390 769 sit
1426 715 1676 784 spiratio.
1697 713 1762 766 Si

179 822 361 863 autem
394 812 826 863 conside-remus
859 812 1029 868 ipsum
1062 810 1400 877 primipium.
1434 807 1644 860 scilicet
1674 822 1767 873 p0-

182 904 412 952 lt'ttltattl
458 902 803 967 spirativam,
831 916 954 953 eum
985 900 1036 951 in
1084 901 1185 952 hoe
1206 914 1313 950 non
1347 897 1767 964 distinguantur

181 994 338 1046 l'ater
405 1004 468 1046 et
528 994 733 1046 F-lius:
770 1010 875 1046 non
945 1003 1120 1059 potest
1154 991 1260 1045 diei
1323 991 1695 1057 spiratiuesse
1739 1006 1767 1044 a

182 1088 339 1139 l'atre
367 1086 655 1137 mediante
692 1086 848 1139 Filio.
900 1083 955 1137 Si
1005 1095 1187 1137 autem
1241 1083 1655 1136 consideremus
1688 1086 1769 1151 ip-

176 1196 256 1230 sos
292 1181 594 1245 Spirantes,
630 1180 723 1246 qui
761 1178 999 1231 distincti
1026 1186 1173 1237 sunt,
1237 1188 1285 1229 et
1323 1178 1625 1229 secundum
1664 1177 1769 1229 hoc

184 1273 435 1335 pr-brnt
478 1271 591 1341 83
643 1272 987 1338 suppositum
1053 1270 1386 1339 spirationi:
1428 1270 1506 1322 sic
1569 1279 1652 1321 est
1696 1267 1769 1320 ἰΙιί

183 1364 462 1419 nudatio,
494 1362 800 1415 secundum
857 1362 1001 1429 quod
1078 1372 1160 1414 est
1210 1362 1281 1413 ibi
1321 1363 1453 1414 ordo
1523 1369 1770 1421 notum;

182 1458 305 1523 quia
352 1456 533 1508 Filius
571 1468 650 1507 est
687 1473 749 1507 es
782 1456 964 1516 Patre,
1004 1466 1057 1509 et
1088 1455 1325 1523 Spiritus
1354 1436 1578 1507 sanctus
1607 1453 1770 1505 simul

185 1567 209 1599 a
251 1550 414 1601 I'atre
447 1560 500 1602 et
538 1566 567 1601 a
628 1550 785 1603 Filio.
825 1570 841 1599 ι
878 1549 989 1604 Cur
1034 1566 1163 1603 vero
1200 1549 1495 1619 Nysseuus,
1526 1563 1624 1601 cur
1681 1547 1770 1599 alii

184 1644 374 1697 f‘atres
460 1644 815 1710 frequentius
880 1644 1143 1706 dixerint,
1209 1645 1478 1714 Spiritum
1524 1651 1772 1695 sanctum

180 1752 297 1789 esse
334 1757 360 1786 η
397 1736 569 1789 Patre
598 1752 687 1799 per
721 1734 944 1798 Filium,
986 1738 1100 1791 sive
1136 1754 1227 1805 per
1259 1754 1377 1789 eum
1407 1739 1495 1805 qui
1540 1737 1775 1805 proxime

183 1838 252 1879 est
283 1846 313 1879 a
349 1830 529 1897 primo
554 1831 578 1883 Ρ
608 1829 897 1881 Rationem
928 1845 1070 1899 δεῦρο
1101 1830 1300 1881 dictam
1330 1828 1488 1881 εισι-ιι
1533 1826 1777 1893 Aquinas

1872 622 2028 683 l'ilii;
2056 625 2128 675 ita
2156 628 2294 692 quod
2326 644 2414 690 per
2444 628 2732 695 imag'nem
2763 628 2897 678 nihil
2924 630 3073 680 aliud
3104 630 3467 697 iulelligatur,’

1868 713 1979 783 84
2003 730 2163 782 quam
2195 717 2450 769 exsistens
2480 718 2542 769 ab
2572 719 2700 779 alio,
2736 726 2784 769 et
2814 719 2924 786 ejus
2954 720 3343 771 similitudinem
3373 738 3459 786 ῃρ-

1872 824 2009 860 rens.
2047 807 2105 860 Si
2163 816 2342 860 autem
2376 826 2468 878 per
2515 811 2800 879 imaginem
2858 810 3189 879 intelligatur
3252 813 3458 878 aliquid

1871 902 2124 953 exsistam
2160 901 2225 952 ab
2270 900 2461 957 altero.
2497 913 2543 954 et
2580 920 2642 955 ex
2675 904 2785 970 ipsa
2821 919 2930 955 sum
2993 904 3209 967 originis
3260 906 3461 955 ratione

1871 993 2067 1045 habens
2104 996 2241 1061 quod
2268 996 2667 1047 similitudinem
2697 1009 2843 1062 gerat
2897 998 3008 1063 ejus
3040 1015 3069 1048 a
3093 1013 3195 1064 quo
3229 998 3456 1052 exs’stit,

1874 1086 1925 1135 iu
1960 1095 2212 1150 quantum
2244 1091 2307 1139 ab
2335 1088 2524 1145 altero.
2562 1098 2616 1139 ut
2646 1086 2806 1139 Filius
2835 1092 3061 1153 genitus,
3086 1089 3223 1140 velut
3251 1090 3461 1139 rerhum

1874 1188 2178 1243 conceptum
2214 1195 2229 1231 :
2270 1189 2316 1232 et
2368 1182 2441 1232 sic
2485 1180 2628 1232 solus
2685 1180 2848 1232 Filius
2918 1183 3114 1231 dicitur
3144 1184 3320 1245 imago
3352 1220 3362 1233 .
3394 1220 3405 1231 .
3448 1220 3459 1231 .

1874 1266 1978 1322 Sed
2000 1272 2092 1322 hoc
2125 1272 2177 1322 iu
2210 1271 2408 1335 Spiritu
2440 1272 2530 1325 Dei
2569 1275 2877 1341 t't'f’ﬁt'nlttr
2906 1282 3120 1341 propter
3152 1274 3341 1324 dicina?
3393 1290 3463 1324 es-

1872 1364 2051 1414 sentia:
2102 1366 2378 1425 unitatem,
2447 1377 2494 1417 et
2546 1368 2979 1432 simplicitatem:
3013 1383 3075 1417 ex
3107 1383 3210 1433 qua
3236 1373 3462 1431 oportet,

1874 1455 2013 1522 quod
2048 1455 2307 1522 quidquid
2337 1464 2411 1507 est
2442 1456 2493 1507 in
2548 1455 2676 1516 Deo,
2707 1459 2774 1509 sit
2802 1456 2959 1509 Deus.
2995 1456 3307 1523 Atqnivero
3335 1454 3467 1506 satis

1874 1554 1981 1608 est,
2022 1546 2461 1616 qualemcunque
2496 1550 2763 1601 rationem
2792 1550 3041 1616 imaginis
3063 1545 3463 1600 accommodari

1877 1635 2106 1703 Spiritui
2144 1650 2332 1692 saneto
2359 1656 2465 1693 non
2495 1656 2677 1708 ansc,
2724 1642 2828 1692 nisi
2875 1640 2946 1691 ab
2978 1640 3071 1692 illo
3104 1648 3359 1691 naturam
3411 1648 3467 1689 et

1876 1733 2249 1786 exsistentiam
2282 1735 2537 1803 accipiat.
2569 1734 2727 1799 cujus
2763 1735 2939 1800 imago
2961 1734 3183 1783 dicitur.

1944 1828 2060 1895 (10)
2122 1827 2245 1880 [Lee
2284 1837 2412 1879 sunt
2449 1827 2722 1895 prmcipua
2753 1828 2805 1878 iu
2845 1827 3202 1877 .tntirrhetico
3235 1824 3456 1892 Georgii

186 1920 390 1971 ibidrtn
432 1920 497 1970 ad
569 1919 589 1969 1
621 1936 633 1970 ;
703 1936 721 1968 ι
752 1916 854 1971 Per
920 1918 1045 1983 hec,
1082 1919 1353 1987 inquiens,
1387 1915 1531 1986 quod
1578 1915 1779 1968 dicitur
1813 1906 1853 1962 Β
1882 1920 2067 1989 Cyprii
2104 1918 2359 1972 Sermone
2394 1928 2619 1980 asserta,
2654 1934 2777 1987 qum
2824 1917 3065 1971 Joannes
3118 1917 3323 1970 lleeeus
3376 1931 3469 1981 pa-

188 2011 436 2079 Spiritus
471 2023 700 2065 sanctus
764 2014 1064 2078 procedere
1127 2032 1157 2066 a
1199 2013 1357 2067 Patre
1388 2029 1480 2082 per
1538 2010 1777 2070 Filium,

188 2106 534 2175 designatur
579 2109 871 2160 auctoritas
903 2108 956 2159 in
992 2106 1151 2159 Patre
1195 2116 1431 2175 respectu
1465 2104 1587 2157 Filii
1612 2120 1628 2156 :
1650 2101 1778 2169 quia

190 2196 369 2250 Filius
401 2196 578 2251 habet
607 2212 635 2250 a
666 2198 847 2257 Patre,
881 2197 1028 2265 quod
1062 2196 1325 2266 Spiritum
1384 2206 1629 2249 sanetum
1666 2194 1781 2260 spi-

189 2299 288 2341 ret.
343 2288 431 2341 Ex
466 2288 577 2341 hoc
625 2298 950 2341 autemnon
1009 2289 1230 2357 ponitur
1280 2288 1530 2340 mediatio
1576 2286 1779 2352 aliqua,

185 2379 284 2431 nisi
352 2395 427 2432 ex
491 2390 650 2448 parte
709 2382 1141 2447 suppositarum,
1205 2396 1327 2448 qua:
1358 2380 1779 2445 distinguuntur

187 2485 278 2537 per
301 2470 436 2532 hoc,
468 2468 620 2537 quod
658 2486 820 2521 unum
843 2478 917 2521 est
949 2469 1013 2521 ab
1049 2470 1191 2523 alio:
1245 2469 1457 2522 ratione
1513 2467 1671 2534 cujus
1726 2467 1777 2519 in

189 2577 297 2614 uno
340 2570 434 2613 est
462 2562 773 2613 auctoritas
802 2570 1055 2627 reSpectu
1109 2562 1356 2615 alterius.
1398 2580 1415 2609 ι

256 2654 336 2721 (9}
372 2652 483 2707 Sed
508 2662 620 2706 esto
645 2670 662 2705 :
691 2670 792 2705 non
823 2654 1188 2706 assistentium
1213 2655 1405 2719 ipsam,
1435 2651 1525 2702 sed
1560 2666 1650 2716 per
1684 2648 1777 2701 Fi-

195 2748 323 2799 liam
423 2743 663 2811 Spiritus
731 2746 1116 2805 emicationem,
1180 2746 1283 2795 sive
1339 2743 1660 2811 eﬂ'ulsionem
1725 2743 1779 2793 in

192 2838 426 2890 dictione
458 2838 578 2901 (per
607 2836 741 2886 illud
781 2836 920 2901 quod
954 2836 1195 2903 contigue
1232 2834 1332 2899 est)
1381 2833 1565 2885 doceat
1624 2831 1777 2899 (Gre-

192 2931 377 2999 gorius
416 2926 746 2996 Nyssenus).
789 2926 902 2995 Ego
935 2942 1069 2980 vero
1100 2927 1447 2997 eﬁ‘ulsionem,
1480 2927 1593 2979 sive
1645 2927 1778 2978 emi-

192 3026 459 3077 cationem
488 3021 735 3090 Spiritus
764 3037 828 3075 ex
862 3019 1024 3075 Patre
1054 3038 1147 3091 per
1191 3020 1411 3083 Filium,
1446 3019 1602 3073 fateri
1638 3036 1780 3072 nun-

192 3134 353 3186 quam
393 3118 719 3189 eﬂ'ugerim;
756 3116 1057 3169 dummodo
1084 3114 1172 3167 illa
1195 3115 1489 3167 naturale."
1521 3114 1778 3166 exsisten-

196 3216 323 3266 tiam
392 3223 558 3267 notet
585 3253 597 3265 .
628 3253 641 3265 .
680 3252 694 3266 .
745 3210 800 3264 Si
833 3226 967 3264 vero
1021 3208 1294 3278 (Cyprius)
1340 3209 1687 3268 roluntatem,
1726 3216 1780 3261 et

1884 2014 2149 2077 triarcha,
2199 2028 2294 2066 sua
2324 2013 2378 2066 iu
2422 2013 2670 2064 oratione
2701 2012 2865 2062 citata
2890 2024 3065 2077 expen
3091 2011 3173 2069 lit,
3203 2026 3265 2061 ac
3301 2008 3462 2061 refel-

1882 2107 1963 2161 lit.
1993 2106 2211 2159 Addere
2234 2107 2340 2158 alia
2375 2104 2638 2157 nonnulla
2661 2105 2809 2159 licet.
2852 2119 2973 2171 qu.e
3001 2102 3201 2155 ibidem
3234 2101 3465 2171 Cyprius

1882 2202 2123 2255 disserit.
2155 2198 2292 2253 Illud
2324 2199 2562 2267 primum
2594 2197 2853 2264 profero:
2893 2195 3037 2263 quod
3086 2213 3116 2247 α
3157 2195 3319 2247 Patre
3348 2211 3464 2261 pcr-

1882 2297 2041 2364 fectus
2088 2296 2323 2361 proce.lit
2385 2292 2615 2356 Spiritus
2650 2298 2884 2341 sanctus.
2944 2288 3052 2341 Cur
3087 2289 3215 2339 addi
3279 2288 3465 2339 debent

1881 2392 2041 2442 etiam
2076 2386 2290 2441 Filius!
2325 2386 2473 2439 llauc
2500 2385 2700 2451 smpius
2720 2382 3027 2451 oppositam
3052 2382 3271 2448 egregie
3302 2381 3465 2433 solvit

1881 2480 2257 2535 difﬁcultatem
2286 2477 2548 2531 Thomas.
2584 2475 2672 2528 Sic
2703 2477 2778 2527 ait
2832 2476 2883 2527 in
2916 2475 2928 2526 Ι
2989 2474 3115 2527 dist.
3156 2474 3239 2529 ll,
3274 2481 3461 2536 quazst.

1884 2576 1933 2637 1,
1975 2584 2078 2625 art.
2115 2572 2137 2623 1
2173 2570 2239 2623 ad
2298 2570 2330 2624 9
2365 2586 2377 2621 :
2434 2587 2451 2617 ι
2485 2567 2809 2623 Dicendum,
2840 2565 2985 2633 quod
3040 2563 3198 2616 l'atcr
3238 2563 3465 2630 ρει-[ρπβ

1880 2664 2324 2731 spiratSpiritum
2355 2672 2625 2715 sanctum.
2669 2659 2775 2712 Sed
2813 2660 2939 2726 quia
2973 2657 3153 2709 omnis
3200 2656 3465 2722 perfectio

1882 2759 2060 2814 Patris
2078 2757 2517 2811 communieatur
2552 2755 2709 2811 Filio,
2747 2768 2865 2820 (μιν
2906 2769 3007 2802 non
3047 2758 3304 2817 repugnat
3353 2763 3464 2800 sua

1883 2852 2196 2921 proprietati
2226 2852 2371 2915 (cum
2423 2848 2562 2901 ratio
2600 2847 2744 2899 nulla
2802 2846 3107 2911 distinguat
3156 2844 3299 2895 inter
3343 2856 3461 2900 eos.

1883 2944 1985 2997 nisi
2012 2944 2234 3013 originis
2269 2942 2499 3003 relatioi,
2540 2948 2774 3007 oportet,
2806 2937 2949 3004 quod
2986 2936 3129 2988 sicut
3158 2934 3462 2987 communi-

1883 3047 1967 3092 cat
1996 3037 2099 3091 sibi
2135 3031 2864 3105 perfectionemdivinitatis,
2933 3031 3003 3081 ita
3068 3028 3233 3081 etiam
3286 3030 3459 3093 perte-

1885 3128 2112 3179 ctionem
2144 3124 2407 3192 spirandi.
2441 3122 2591 3175 Unde
2619 3136 2725 3173 non
2762 3131 2845 3173 est
2866 3128 3079 3186 prOpter
3110 3117 3461 3184 impcrfectio-

1887 3235 2003 3271 nem
2062 3217 2263 3279 Patris,
2325 3215 2469 3282 quod
2550 3214 2721 3267 Filius
2802 3217 3005 3280 spiret:
3072 3210 3167 3262 sed
3248 3218 3458 3277 pr0pter

193 3309 487 3360 comilium
531 3305 822 3373 intelligat.
890 3302 1348 3371 quemadmodum
1398 3275 1850 3369 luppedilaliO-c
1883 3275 2259 3377 perfectionem.
2300 3275 2447 3366 Filii,
2502 3304 2595 3371 qui
2633 3302 2799 3355 habet
2834 3275 3013 3353 totam
3070 3275 3456 3367 petfi‘etionetu

198 3417 309 3457 nes.
346 3400 659 3458 missiones,
697 3398 960 3460 dationes,
990 3402 1045 3446 et
1074 3393 1337 3463 quidquid
1378 3392 1523 3447 aliud
1552 3392 1616 3445 ad
1650 3407 1781 3445 con-

195 3493 520 3547 vellendam
583 3492 957 3545 exsistcntiam
1025 3488 1093 3542 ab
1144 3488 1338 3542 eodem
1415 3486 1779 3556 producitur;

198 3598 519 3656 sequantur
594 3586 674 3645 bi,
731 3585 933 3653 quibus
1003 3584 1116 3637 hmc
1174 3581 1497 3651 complacita
1576 3590 1775 3634 sunt.»

196 3678 311 3732 lam
368 3692 522 3745 saepe
606 3677 949 3738 adnotatum,
1028 3674 1336 3727 divinarum
1422 3687 1780 3741 p-rsonarum

197 3769 613 3825 emanationes.
708 3766 894 3833 utique
981 3766 1045 3817 ad
1124 3764 1519 3828 exsistcndum,
1602 3764 1781 3816 vocari

200 3861 531 3927 effusiones.
594 3864 653 3911 et
726 3856 1085 3908 emicatioues.
1176 3855 1306 3920 Qua:
1368 3869 1602 3923 namque
1668 3868 1786 3921 per-

205 3968 341 4005 sona
404 3950 682 4020 procedit,
716 3964 1005 4018 personam
1035 3948 1314 4017 exprimit,
1356 3963 1419 4001 ac
1474 3948 1786 4001 manifestat

208 4061 234 4097 a
276 4061 386 4112 qua
425 4044 701 4111 procedit.
736 4043 855 4106 Quo
900 4059 1063 4096 sensu
1128 4044 1368 4111 Spiritus
1404 4053 1625 4095 sanctus
1653 4040 1787 4093 dici-

210 4148 295 4187 tur
321 4137 507 4202 imago
536 4132 687 4185 Filii.
728 4155 745 4183 s
772 4132 995 4187 Constat
1016 4143 1196 4188 autem
1232 4134 1417 4199 (verba
1441 4141 1568 4185 sunt
1616 4132 1786 4184 sancti

208 4229 437 4281 ’fli0ni;e
461 4227 517 4279 iu
553 4224 817 4292 apuseulo
846 4226 1062 4287 citato),
1110 4226 1252 4294 quod
1293 4228 1470 4296 imago
1498 4226 1791 4279 deducitur

205 4322 270 4370 ali
322 4335 394 4371 eo
454 4317 619 4384 cnjus
652 4328 733 4367 est
770 4318 965 4385 imago.
1000 4317 1076 4370 Es
1099 4317 1201 4370 hoc
1265 4334 1415 4386 ergo,
1448 4318 1589 4386 quod
1622 4316 1793 4384 Spiri-

207 4423 292 4462 lus
330 4419 562 4463 sanctus
585 4418 670 4461 est
702 4412 880 4476 imago
913 4408 1079 4473 Filii,
1116 4412 1366 4479 Sequitur
1442 4413 1587 4479 quod
1614 4412 1792 4478 Spiri-

213 4516 297 4552 ιιις
362 4514 598 4553 :auctus
631 4500 701 4551 sit
733 4517 761 4551 a
805 4500 960 4553 Filio.
993 4501 1180 4554 Posset
1215 4514 1394 4554 autem
1452 4504 1647 4569 aliquis
1713 4503 1793 4555 ili-

1882 3401 2110 3455 Patris.i
2134 3400 2288 3452 Paria
2320 3408 2465 3453 sunt.
2487 3412 2605 3465 qurc
2646 3396 2913 3447 habentur
2937 3402 3127 3461 quam.
3162 3393 3244 3449 10,
3273 3392 3338 3443 de
3363 3408 3459 3458 ρ’)-

1887 3492 2078 3553 tentia,
2112 3500 2213 3545 art.
2250 3493 2281 3542 Δ
2312 3490 2377 3543 ad
2405 3489 2493 3541 ‘20.
2526 3499 2581 3541 et
2613 3488 2651 3543 Ι.
2685 3488 2742 3540 Ρ.
2773 3497 2966 3554 quiest.
2999 3485 3050 3544 ὖ.
3082 3494 3187 3537 art.
3224 3484 3287 3536 12
3318 3484 3381 3535 ad
3405 3485 3457 3533 at.

1956 3584 2068 3649 (11)
2097 3582 2427 3649 Multiplices
2481 3581 2701 3634 Patrum
2738 3578 3066 3637 locutiones,
3104 3576 3305 3643 quibus
3336 3592 3459 3641 pro-

1884 3678 2064 3731 cessio
2089 3674 2325 3744 Spiritus
2378 3672 2549 3727 sancti
2575 3670 2923 3739 exprimitur,
2972 3672 3041 3721 ita
3078 3669 3275 3736 passim
3305 3667 3460 3734 jubet

1887 3770 2123 3840 Cyprius
2161 3768 2621 3835 interpretandas,
2659 3775 2718 3818 ut
2763 3766 3000 3833 Spiritus
3060 3760 3279 3829 quidem
3334 3774 3456 3809 cou-

1888 3862 2310 3916 substantialitas
2344 3861 2420 3912 uti
2451 3875 2572 3913 cum
2616 3859 2794 3919 Patre,
2833 3860 2901 3911 ita
2932 3872 3055 3909 eum
3092 3854 3231 3907 Filio
3262 3853 3462 3905 intelli-

1889 3963 2069 4025 gatur,
2096 3952 2191 4007 sed
2224 3968 2327 4005 uua
2357 3967 2419 4003 cx
2454 3949 2615 4003 Patre
2645 3952 2834 4015 origo:
2864 3962 2973 4013 quo
3007 3956 3161 4015 pacto
3188 3945 3297 3996 duo
3348 3944 3459 3995 fra-

1894 4060 2002 4101 tres
2031 4045 2291 4099 dicuntur
2323 4043 2842 4100 consubstantiales,
2892 4055 3125 4109 quorum
3165 4049 3345 4090 tamen
3385 4036 3460 4087 al-

1894 4150 1975 4191 ter
2002 4137 2069 4191 ab
2103 4138 2272 4189 altero
2310 4151 2415 4187 non
2450 4137 2645 4187 Oritur.
2672 4134 2929 4199 Qu‘uimo
3003 4130 3185 4185 Basilii
3226 4140 3451 4181 sentcn-

1895 4234 1965 4284 tia
1999 4231 2215 4282 videtur
2252 4230 2303 4279 in
2339 4228 2567 4295 epistola
2603 4227 2691 4287 59.,
2735 4227 2799 4278 ad
2830 4224 3170 4278 Canouieas:
3202 4239 3304 4274 non
3359 4222 3463 4272 dici

1892 4320 2385 4379 consubstantialia,
2421 4338 2537 4389 qna'
2567 4320 2793 4388 fratrum
2823 4320 2961 4370 inter
2989 4333 3043 4370 se
3074 4319 3332 4368 rationem
3370 4316 3463 4365 ha—

1893 4418 2032 4475 bent,
2070 4423 2126 4465 ut
2187 4416 2404 4481 quidam
2446 4413 2749 4463 existimant
2774 4428 2790 4463 :
2820 4411 2909 4462 sed
2962 4426 3077 4460 ciam
3103 4424 3285 4465 causa,
3328 4416 3374 4457 ct
3414 4406 3464 4456 id

1896 4510 2033 4576 qvod
2084 4522 2147 4557 ea:
2194 4522 2354 4557 causa
2417 4504 2781 4555 exsistcntiam
2824 4502 2997 4561 habet,
3083 4500 3312 4565 ejusdem
3344 4507 3463 4547 sunt

210 4611 371 4646 rere:
404 4593 555 4660 quod
582 4602 669 4645 est
694 4594 867 4661 imago
896 4593 1038 4650 Filii.
1083 4594 1134 4646 in
1165 4607 1423 4662 quantum
1457 4597 1791 4647 assimilutur
1824 4613 1864 4667 υ
1897 4610 2125 4657 natura,
2156 4593 2626 4648 consubstantialia
2651 4593 2769 4644 dici.
2819 4590 2871 4642 In
2908 4590 3179 4658 hujusque
3219 4590 3466 4641 testimo-

211 4688 346 4740 Fiiiw
381 4689 677 4737 sectutdum
703 4684 931 4752 aliquem
965 4686 1227 4754 aﬂ'ectum,
1259 4702 1419 4754 quem
1462 4688 1610 4749 facit,
1648 4690 1788 4741 sicut

210 4791 258 4830 et
293 4778 470 4830 Filius
502 4794 515 4827 ε
551 4778 777 4844 \elquia
813 4786 888 4828 est
919 4794 948 4827 a
979 4774 1159 4839 Patre,
1184 4779 1319 4829 sicut
1344 4788 1393 4830 et
1432 4778 1619 4831 Filius.
1681 4780 1785 4833 Sed

209 4874 239 4922 ιι
285 4890 312 4921 c
380 4870 706 4922 ext-luditur
763 4885 857 4936 per
912 4854 1263 4923 aucuo‘ritates
1318 4882 1655 4933 sanctorum,
1694 4874 1784 4941 qui

208 4965 479 5029 Spiritum
519 4970 770 5013 sanctum
804 4960 991 5013 dicunt
1016 4962 1310 5013 naturalem
1341 4959 1471 5014 Filii
1505 4964 1785 5031 imaginem

206 5074 341 5108 (με,
382 5056 506 5107 Non
546 5054 695 5104 enim
756 5061 931 5121 potest
976 5053 1083 5105 dici
1122 5055 1297 5124 imago
1333 5059 1599 5109 naturalis
1666 5057 1784 5110 l-‘ilii

209 5152 298 5219 Spi
324 5163 428 5201 ‘Ins
450 5159 703 5206 sanctus,
758 5148 859 5199 nisi
916 5148 967 5200 in
999 5158 1258 5216 quantum
1315 5150 1595 5201 secundum
1632 5161 1788 5199 natu-

213 5260 327 5291 tam
386 5239 529 5291 leio
554 5238 906 5298 assimilatur,
934 5239 1208 5305 aeripieus
1241 5254 1269 5291 ιι
1325 5238 1465 5291 Filio
1513 5251 1783 5293 naturam.

214 5334 447 5397 S'mper
483 5332 634 5382 inim
660 5340 893 5397 oportet,
926 5330 1071 5397 quod
1112 5330 1286 5384 forma
1317 5333 1566 5397 imaginis
1594 5348 1788 5399 prove-

212 5428 325 5477 niat
354 5447 380 5476 υ
415 5425 595 5477 furu-a
636 5423 753 5489 ejus
807 5424 962 5490 cujus
1005 5434 1089 5476 est
1130 5426 1323 5492 imago.
1357 5443 1373 5473 ι
1422 5426 1645 5479 Veteres
1696 5426 1791 5478 Pa—

215 5530 347 5574 tres,
421 5514 519 5582 qui
604 5512 867 5581 Spiritum
933 5527 1177 5567 sanatum
1244 5524 1440 5569 vocant
1507 5518 1787 5574 sinceram,

215 5610 650 5667 exactissimam,
682 5605 975 5657 naturalem
1007 5603 1145 5667 Filii,
1182 5606 1418 5675 itemque
1452 5606 1627 5659 Patris
1653 5609 1789 5658 inm-

217 5704 416 5770 gineni,
488 5697 921 5759 similitudinem,
983 5698 1456 5763 assimulationem,
1545 5711 1790 5752 recenset

215 5806 443 5847 sanctus
479 5792 723 5845 Thomas
750 5790 950 5843 ibidem
991 5791 1165 5859 capite
1214 5790 1301 5853 10,
1337 5807 1446 5859 quo
1474 5791 1636 5842 etiam
1672 5790 1791 5842 l)(‘t)

218 5902 546 5953 germanum
576 5886 815 5940 declarat
843 5899 1101 5938 sensum:
1140 5884 1424 5939 Possumus
1476 5885 1665 5945 dicere,
1710 5884 1762 5937 iu

1892 4692 1967 4743 nii
1990 4704 2152 4743 sensu
2182 4687 2494 4742 enarrando
2527 4684 2762 4751 theologi
2790 4698 2897 4735 non
2930 4680 3281 4733 conveniunt.
3314 4679 3468 4731 Peta-

1895 4784 2014 4835 vius
2068 4782 2165 4835 lib.
2218 4796 2314 4840 vn.
2362 4794 2484 4846 cap.
2544 4779 2599 4839 4,
2636 4791 2791 4828 num.
2832 4776 2921 4837 1‘2,
2958 4775 3031 4825 ita
3063 4772 3245 4825 Basilii
3299 4773 3462 4822 verba

1889 4875 2124 4943 explicat
2149 4891 2161 4927 :
2188 4883 2245 4931 ut
2273 4872 2421 4925 illum
2446 4886 2506 4923 ea
2539 4868 2755 4936 proprie
2785 4864 3251 4917 causuhstautialia
3285 4864 3470 4915 dicere

1893 4966 2190 5026 existimet,
2211 4979 2331 5032 qua:
2369 4962 2600 5030 originis
2627 4958 2951 5012 habitudine
2982 4957 3327 5023 junguntur:
3366 4970 3470 5003 eas-

1896 5072 2007 5113 tera
2038 5074 2165 5110 vero
2222 5057 2401 5109 minus
2432 5058 2675 5123 praprio,
2725 5063 2783 5104 ut
2812 5053 2919 5102 duo
2957 5051 3171 5102 fratres.
3210 5048 3455 5100 Munachi

1895 5149 2078 5202 Sancti
2108 5146 2297 5204 Mauri,
2338 5147 2390 5197 in
2445 5143 2766 5197 Prufatioue
2818 5140 2882 5189 ad
2951 5148 3158 5189 touimn
3204 5134 3352 5201 ll|.§
3410 5134 3462 5191 5.

1892 5258 2040 5292 num.
2081 5239 2129 5300 1,
2157 5246 2366 5305 putant.
2404 5237 2506 5287 huc
2560 5244 2806 5283 sanctum
2838 5230 3049 5282 Patrem
3090 5243 3196 5278 nun
3236 5226 3465 5275 intiiiri

1896 5333 2037 5392 loco,
2095 5329 2241 5397 quod
2292 5328 2419 5380 alibi
2466 5331 2762 5384 asseverat,
2821 5321 3053 5372 homines
3085 5332 3195 5368 esse
3247 5317 3385 5366 inter
3413 5330 3467 5364 se

1894 5419 2403 5474 consubstantiales:
2468 5416 2560 5469 sed
2614 5429 2709 5467 eos
2780 5422 2986 5465 tantum
3040 5409 3311 5462 refeilerc.
3368 5406 3462 5472 qui

1894 5512 2360 5566 consubstantialis
2422 5510 2686 5561 notionem
2730 5506 2892 5559 rebus
2953 5504 3096 5555 inter
3124 5515 3179 5553 se
3220 5502 3461 5551 fraterni

1897 5610 2221 5679 cognatione
2250 5606 2451 5673 junctis
2473 5603 2581 5673 85
2618 5603 2691 5655 ita
2724 5600 2944 5668 proprie
2980 5596 3371 5650 attribui-baut.
3406 5602 3468 5645 ut

1895 5704 2097 5757 divinis
2131 5701 2303 5769 aptari
2325 5714 2428 5751 non
2455 5705 2666 5765 posset.
2707 5695 2945 5760 Utroque
2980 5704 3137 5741 sensu
3172 5686 3460 5754 permissu,

1898 5795 2160 5845 invictum
2187 5798 2294 5842 stat
2326 5784 2630 5854 argumenti
2674 5781 2910 5851 pondus.
2949 5776 3185 5830 Consule
3228 5792 3347 5845 qu.e
3380 5774 3463 5828 la-

1896 5886 2001 5938 tius
2036 5883 2237 5939 ibidem
2268 5878 2631 5944 disseruntur,
2668 5873 2693 5944 §
2726 5874 2775 5939 -l,
2814 5887 2960 5927 nutu.
2987 5869 3039 5926 '5.
