4198 6440
742 403 815 465 95

1666 401 1991 466 GEORGII
2034 402 2290 463 CYPRll
2335 403 2445 463 CP.
2488 402 3013 462 PATRIABCHJE

3928 406 3995 463 96

802 520 912 590 (l2)
946 521 1060 575 Alia
1080 521 1297 574 demum
1328 530 1410 576 est
1440 524 1838 591 argumentatio
1859 522 2069 592 Cyprii,
2094 537 2215 590 qua:
2238 536 2331 572 vo—
2360 530 2399 580 Α
2436 520 2604 583 istud,
2660 521 2976 588 donumque
3034 526 3276 574 creatum
3316 518 3592 572 communi
3623 515 3843 585 quidem
3868 531 3997 582 ope-

726 613 884 667 cibus
917 612 1190 665 innititur.
1225 614 1431 667 Docent
1453 614 1866 684 Scriptura-(ait
1896 613 2009 680 ille)
2039 613 2313 681 Spiritum

727 711 977 755 sanctum
1000 705 1277 771 procedere
1301 724 1330 757 a
1368 704 1564 758 Patre:
1584 722 1611 758 a
1648 704 1786 757 Filio
1812 719 1965 764 vero,
2001 711 2094 755 aut
2112 719 2206 769 per
2233 702 2318 754 Fi-

726 795 861 848 lium
901 797 1118 864 spirari,
1147 814 1419 861 emanare,
1447 799 1670 867 efﬂuere,
1712 797 1983 865 profundi,
2036 794 2317 861 explenda-

726 900 872 940 scers
932 887 1133 939 docent
1182 889 1397 943 Patres.
1465 889 1734 942 Nimirum
1792 888 1857 942 ad
1894 890 2011 956 ejus
2057 898 2314 940 attentam

730 978 1027 1044 originem,
1064 980 1139 1031 ait
1180 979 1292 1041 ille,
1322 980 1561 1048 pertinet
1592 984 1909 1050 processio:
1961 979 2315 1046 temporalem

733 1070 1047 1122 missis-nem
1082 1070 1200 1138 ejus
1230 1071 1476 1125 indicant
1510 1074 1629 1126 alia:
1665 1088 1845 1126 voces.
1908 1074 1974 1124 At
2010 1069 2316 1141 huiusmodi

733 1164 897 1215 etiam
941 1163 1168 1216 vocibus
1223 1172 1481 1217 aeternam
1532 1179 1595 1216 ac
1651 1163 2066 1217 substantialem
2118 1160 2315 1229 exponi

732 1253 999 1322 originem
1054 1254 1294 1323 Spiritus
1354 1255 1554 1316 sancti,
1623 1270 1743 1323 quae
1797 1255 2056 1323 processio
2084 1252 2313 1315 dicitur,

732 1344 942 1397 evincit
980 1356 1203 1399 sanctus
1230 1344 1489 1399 Thomas.
1520 1345 1653 1415 Ejus
1683 1346 1867 1413 accipe
1904 1344 2067 1397 verba
2094 1344 2146 1396 in
2178 1358 2315 1411 Opu-

728 1435 883 1489 scnlo
917 1436 971 1489 l:
1002 1455 1020 1486 ι
1056 1437 1135 1490 Ex
1160 1438 1456 1504 praemissis
1491 1438 1760 1499 (vocibus)
1819 1440 1879 1489 de
1908 1439 2216 1490 necessitate
2236 1451 2316 1488 se-

727 1527 923 1591 quitur,
950 1526 1094 1594 quod
1125 1526 1367 1595 Spiritus
1399 1533 1620 1581 sanctus
1657 1530 1903 1598 procedat
1934 1547 1963 1580 a
1988 1526 2150 1581 Filio.
2184 1526 2318 1579 Ver-

728 1615 859 1669 bum
891 1619 1038 1672 enim
1074 1622 1420 1687 processionis
1449 1622 1593 1673 inter
1622 1622 1825 1683 omnia,
1860 1635 1981 1689 qua:
2018 1618 2085 1671 ad
2143 1618 2314 1687 origi-

730 1724 853 1761 nem
893 1711 1191 1779 pertinent,
1220 1712 1391 1781 magis
1444 1712 1723 1766 invenitur
1749 1727 1871 1767 esse
1912 1726 2225 1774 commune,
2262 1717 2317 1762 et

730 1804 913 1854 minus
968 1802 1195 1875 modum
1270 1802 1502 1872 originis
1566 1804 1959 1858 determinare.
2036 1798 2313 1868 Quidquid

727 1892 873 1944 enim
909 1909 1211 1963 quocunque
1239 1898 1391 1948 modo
1415 1904 1498 1949 est
1527 1894 1595 1948 ab
1623 1894 1807 1963 aliquo
1838 1892 2144 1946 secundum
2185 1904 2316 1943 con-

727 1994 945 2039 suetum
979 1986 1478 2056 modumloquendi
1513 1987 1581 2039 ab
1616 1986 1735 2055 ipso
1765 1985 2044 2054 procedere
2068 1982 2303 2037 dicitur:

729 2076 842 2130 sive
865 2078 935 2131 sit
958 2077 1026 2130 ab
1056 2094 1123 2132 eo
1152 2079 1497 2141 naturaliter,
1527 2079 1671 2132 sicut
1700 2078 1898 2131 Petrus
1922 2076 2124 2129 dicitur
2148 2091 2176 2127 a
2204 2089 2305 2126 suo

730 2168 888 2221 Patre
926 2171 1300 2236 processiSse:
1341 2186 1437 2225 seu
1464 2187 1765 2229 emanasse.
1830 2171 1975 2222 sicut
2029 2169 2303 2235 Spiramen

728 2261 981 2327 procedit
1004 2276 1031 2312 a
1066 2263 1342 2328 Spirante:
1371 2279 1466 2316 seu
1494 2264 1768 2333 efﬂuxisse,
1793 2262 1935 2317 sicut
1959 2261 2153 2314 ﬂuvius
2177 2275 2305 2328 pro-

728 2353 875 2403 eedit
914 2370 940 2403 ιι
970 2351 1119 2406 fonte
1146 2372 1157 2406 :
1193 2354 1308 2407 sive
1338 2354 1721 2422 artiﬁcialiter,
1765 2354 1913 2407 sicut
1934 2352 2131 2405 domus
2182 2364 2307 2419 pro-

726 2443 872 2495 Cedit
898 2447 963 2496 ab
985 2444 1191 2500 artiﬁce
1217 2462 1232 2499 :
1265 2463 1358 2499 seu
1404 2446 1646 2499 localiter
1689 2456 1922 2509 tantum,
1971 2446 2114 2499 sicut
2143 2458 2305 2512 spon-

729 2552 823 2589 sus
858 2537 1059 2591 dicitur
1093 2537 1160 2592 de
1182 2540 1418 2593 thalamo
1449 2540 1776 2611 procedens.
1808 2540 1927 2594 Non
1946 2547 2127 2593 autem
2152 2538 2313 2608 quid-

728 2630 858 2696 quid
892 2640 966 2684 est
1014 2632 1076 2685 ab
1116 2633 1224 2686 alio
1259 2651 1569 2703 quocunque
1620 2634 1795 2698 modo,
1834 2644 2016 2702 potest
2048 2632 2155 2686 dici
2203 2632 2311 2701 spi-

727 2726 864 2787 rari,
902 2726 985 2778 vel
1031 2729 1301 2795 generari,
1343 2730 1428 2781 vel
1455 2731 1639 2799 ﬂuere.
1669 2730 1749 2782 vel
1787 2728 1964 2782 mitti:
1995 2736 2050 2780 et
2089 2734 2311 2796 propter

728 2816 831 2868 hoc
860 2817 1082 2870 terhum
1124 2821 1471 2886 processionis
1536 2820 1701 2872 etiam
1735 2819 1950 2888 origini
2000 2818 2308 2871 divinarum

729 2921 1199 2976 personarttm.est
1224 2912 1402 2978 magis
1435 2910 1859 2966 aceotnmodum
1890 2927 1903 2975 ;
1966 2910 2091 2979 quia
2124 2909 2311 2963 divina

729 3014 828 3065 per
853 3000 1161 3053 communia
1190 3002 1408 3065 melius,
1437 3018 1599 3071 quam
1624 3018 1718 3072 per
1745 3000 1997 3070 Specialia
2023 3000 2312 3069 designan-

733 3100 839 3142 tur.
883 3091 959 3143 Ex
986 3107 1318 3159 quocunque
1352 3109 1485 3163 ergo
1524 3109 1717 3148 eorum
1746 3109 1868 3162 qnte
1895 3104 2028 3147 sunt
2058 3100 2309 3146 ostensa:

727 3184 941 3235 scilicet
973 3184 1119 3250 quod
1154 3185 1393 3253 Spiritus
1449 3196 1671 3239 sanctus
1729 3186 1931 3239 exsistit
1962 3202 1993 3237 a
2038 3184 2193 3247 Filio,
2226 3182 2309 3237 vel

725 3275 864 3343 ﬂuit,
891 3276 970 3328 vel
995 3275 1253 3342 spiratur,
1278 3278 1360 3329 Vl‘l
1380 3287 1630 3341 emanat;
1662 3277 1729 3330 de
1753 3278 2078 3331 necessitate
2106 3276 2328 3329 conclu-

736 3367 907 3422 ditur.
952 3368 1099 3435 quod
1150 3369 1386 3437 Spiritus
1418 3380 1640 3423 sanctus
1706 3386 1735 3423 a
1794 3369 1930 3422 Filio
1994 3369 2260 3437 procedit.
2302 3386 2319 3418 ι

727 3459 934 3528 Nempe
967 3470 1077 3512 tum
1103 3462 1447 3527 processionis
1479 3478 1602 3526 vos,
1637 3473 1749 3515 tum
1786 3463 1903 3515 aliae
1927 3476 2086 3515 voces
2105 3477 2327 3513 emanat-

730 3552 1271 3622 tionis,spirationis,
1339 3556 1579 3625 e/ﬂuxus,
1651 3555 1993 3623 profusionis,
2079 3553 2327 3620 exsplen-

731 3642 1034 3707 descentia',
1064 3643 1384 3712 similesque
1416 3646 1685 3713 originem
1712 3645 2028 3715 signiﬁcant
2057 3644 2309 3713 alicujus,

730 3732 876 3798 quod
910 3734 1180 3802 procedit,
1209 3743 1449 3799 emanat,
1481 3739 1742 3804 spiratur,
1772 3735 1965 3797 elﬁuit,
1992 3734 2326 3803 exsplende-

731 3827 833 3879 seit
857 3843 869 3877 :
891 3835 945 3878 at
968 3842 1131 3882 voces
1163 3830 1278 3881 ista!
1298 3830 1632 3898 posteriores
1654 3828 1876 3881 modum
1906 3827 2192 3895 quemdam
2219 3827 2327 3879 ori.

732 3915 874 3981 ginis
905 3913 1333 3970 determinatam
1364 3916 1653 3979 exhibent,
1688 3916 2120 3969 commodiorem
2158 3914 2326 3979 signi-

737 4006 862 4058 licat
883 4021 984 4059 vos
1006 4009 1154 4075 prior
1180 4008 1566 4077 processionis,
1590 4022 1919 4076 quacunque
1942 4006 2222 4074 contingat
2238 4021 2323 4058 ra-

739 4084 910 4155 tione.
931 4100 1095 4170 Origo
1124 4100 1361 4170 Spiritus
1390 4104 1561 4155 sancti
1584 4102 1801 4170 proprio
1830 4110 2089 4167 certoque
2105 4101 2325 4154 nomine

736 4200 904 4255 caret,
956 4193 1261 4260 cuiusmodi
1312 4203 1395 4246 est
1448 4196 1797 4261 generationis
1832 4191 2180 4252 vocztbuium.
2213 4210 2346 4261 quo

741 4281 862 4334 lt‘ilii
883 4284 1149 4352 originem
1181 4285 1459 4353 appellant
1489 4299 1657 4338 saera:
1691 4284 2009 4351 Scriptura.
2032 4282 2169 4338 Hinc
2192 4301 2312 4339 eam

740 4374 1060 4442 Scriptume,
1130 4376 1430 4446 Patresque
1482 4379 1712 4431 vocibus
1765 4378 1931 4431 variis
1972 4376 2322 4431 Cll‘CUltlSCt'l-

740 4468 913 4519 buttt:
952 4483 1073 4536 qum
1101 4468 1321 4521 tletnum
1354 4469 1405 4521 id
1437 4485 1730 4523 commune
1762 4472 2086 4525 vocabulum
2108 4488 2319 4541 proces-

2424 612 2637 665 ratione
2663 609 2828 663 ellicit
2882 610 3225 663 sanctissima
3281 608 3555 663 Trinitas:
3609 607 3702 660 sed
3739 608 3861 673 ejus
3913 623 3998 659 ra-

2424 703 2573 754 tione
2602 701 2898 770 specialem
2966 702 3314 771 prtesentiam
3347 700 3562 753 obtinet
3590 713 3847 768 persona,
3880 713 3999 767 qua:

2423 794 2688 847 mittitur:
2723 810 2774 846 v.
2810 809 2893 861 gr.
2921 809 3151 862 persona
3186 792 3312 845 Filii
3336 791 3674 845 humanitate
3699 802 3996 858 assumpta,

2419 897 2474 939 et
2501 901 2733 955 persona
2755 885 2983 955 Spiritus
3004 888 3179 940 sancti
3249 887 3302 939 in
3334 887 3510 940 anima
3542 902 3637 955 per
3668 886 3918 953 gratiam,
3943 894 4001 938 ut

2420 980 2586 1046 paulo
2610 980 2786 1033 fusius
2819 980 2960 1033 infra
2999 979 3316 1033 dicendum.
3366 979 3516 1033 Hanc
3570 971 3871 1031 missionem
3912 993 4000 1030 re-

2422 1070 2564 1124 ferre
2621 1080 2786 1125 totam
2835 1070 2904 1124 ad
2953 1086 3091 1138 Opus
3132 1081 3444 1132 externum,
3484 1086 3574 1125 res
3606 1079 3688 1125 est
3718 1070 4000 1123 absurdis-

2421 1165 2593 1218 sima:
2639 1181 2764 1219 cum
2799 1181 2966 1219 sacrze
3000 1164 3296 1233 Scriptum
3315 1165 3516 1234 passim
3547 1174 3600 1217 et
3633 1161 3832 1216 Filium
3857 1162 3997 1215 mitti

2420 1258 2671 1323 doceant,
2700 1268 2754 1313 et
2774 1258 3029 1328 Spiritum
3050 1266 3314 1313 sanciunt.
3346 1258 3633 1324 Quatenus
3660 1272 3795 1324 ergo
3824 1258 3999 1308 missio

2423 1348 2660 1401 refertur
2720 1348 2786 1403 ad
2817 1366 3098 1419 personam
3129 1350 3391 1412 divinam,
3445 1365 3508 1403 ea
3540 1358 3620 1402 est
3666 1358 3904 1401 :eterna:
3944 1357 4001 1398 et

2420 1447 2693 1506 quatenus
2756 1422 2822 1492 ad
2861 1442 3106 1494 exterius
3121 1456 3260 1511 Opus
3284 1440 3543 1503 refertur,
3569 1439 3887 1505 temporalis
3915 1436 3966 1487 di
3986 1467 3999 1473 -

2422 1530 2609 1595 citur;
2640 1530 2784 1584 unde
2820 1531 3008 1585 futuro
3037 1542 3282 1601 tempore
3308 1530 3529 1583 dicebat
3558 1528 3838 1583 Christus:
3879 1526 4000 1592 Spi-

2421 1619 2589 1673 ritum
2646 1632 2901 1675 sanetutn
2944 1625 3154 1675 mittam
3194 1621 3357 1675 vobis.
3388 1621 3546 1675 Prior
3593 1619 3684 1673 illa
3741 1620 4001 1670 missionis

2421 1713 2793 1768 consideratio
2822 1728 2928 1767 non
2961 1724 3046 1768 est
3072 1714 3372 1779 imperium,
3400 1712 3678 1781 quomodo
3698 1713 3839 1765 servi
3873 1714 4001 1766 utit-

2423 1814 2614 1858 tuntur
2663 1820 2691 1857 a
2756 1795 3036 1859 demittis:
3089 1820 3199 1859 non
3240 1814 3323 1859 est
3360 1804 3661 1868 consilium,
3692 1817 3779 1857 aut
3821 1804 4000 1858 simile

2350 1883 2390 1939 Β
2420 1897 2724 1966 quidpiam,
2757 1897 3032 1965 quomodo
3058 1898 3248 1968 aegroti
3290 1898 3583 1952 mittuntur
3610 1912 3640 1949 a
3691 1897 3904 1949 medico
3934 1896 3999 1948 ad

2407 1991 2729 2044 sumendam
2780 1991 3133 2055 medicinam,
3164 2001 3257 2044 aut
3304 1991 3582 2060 quomodo
3612 2005 3643 2044 a
3696 1990 4000 2058 sapientio-

2410 2083 2563 2135 ribus
2606 2085 2901 2138 mittuntur
2955 2082 3020 2135 ad
3062 2084 3353 2137 lectionem
3379 2083 3473 2151 qui
3501 2082 3846 2135 edocentur:
3882 2084 3990 2135 erit

2407 2188 2537 2242 ergo
2564 2175 2829 2228 naturalis
2859 2176 3160 2245 productio,
3195 2176 3476 2245 quotnodo
3514 2174 3741 2227 arbores
3777 2175 3998 2225 mittere

2409 2268 2666 2321 dicuntur
2699 2268 2931 2337 radices,
2978 2270 3327 2323 et‘emittere
3354 2266 3517 2321 flores
3540 2306 3554 2320 .
3583 2265 3697 2320 Hoc
3723 2282 3883 2320 sensu
3918 2267 3986 2318 ab

2410 2368 2619 2412 aeterno
2648 2359 2843 2425 Filius,
2874 2360 3055 2429 quoad
3094 2359 3212 2427 ejus
3270 2360 3727 2419 incarnationem.
3764 2359 4001 2411 mittitur

2411 2468 2440 2505 a
2470 2451 2651 2515 Patre,
2689 2454 2817 2523 quia
2863 2454 2931 2507 2b
2980 2465 3188 2508 aeterno
3226 2453 3490 2516 nascitur,
3525 2462 3776 2505 naturam
3825 2449 4003 2503 homi-

2414 2543 2501 2596 nis
2527 2554 2775 2609 tempore
2803 2552 3010 2596 statuto
3046 2558 3332 2598 assumens
3357 2560 3373 2599 :
3401 2548 3455 2597 et
3488 2557 3515 2593 a
3551 2542 3708 2595 Patre
3759 2540 4001 2607 Filioque

2416 2634 2555 2689 mitti
2576 2634 2842 2704 Spiritum
2870 2645 3120 2689 sanctum
3146 2635 3283 2688 nihil
3312 2633 3459 2689 aliud
3488 2643 3593 2695 est,
3627 2648 3791 2701 quam
3820 2633 4000 2699 ipsum

2415 2725 2484 2779 ab
2518 2734 2752 2793 utroque
2784 2726 3107 2794 procedere,
3156 2736 3446 2779 externum
3509 2722 3731 2791 aliquod
3764 2737 3900 2790 opus
3943 2722 4004 2775 in

2415 2824 2661 2884 tempore
2688 2816 3036 2871 efﬁcientem.
3072 2815 3195 2871 Uno
3225 2816 3417 2880 verbo,
3465 2817 3643 2867 missio
3672 2815 3807 2867 nihil
3850 2813 4003 2867 aliud

2415 2916 2519 2969 est,
2548 2922 2713 2975 quam
2750 2917 2951 2961 teterna
2982 2906 3298 2976 productio,
3332 2905 3870 2973 communicatioque
3905 2918 4003 2956 na-

2418 3007 2591 3051 tune:
2624 3001 2678 3053 in
2718 3015 2832 3068 qua
2879 2999 3010 3052 illud
3042 3008 3146 3062 est,
3180 3009 3233 3051 ιιι
3264 3000 3317 3051 in
3351 3008 3596 3065 tempore
3620 3012 3757 3065 opus
3779 2994 4000 3064 aliquod

2427 3100 2721 3142 externum
2752 3099 3036 3159 appareat,
3060 3089 3204 3157 quod
3249 3101 3495 3157 personae
3532 3086 3710 3140 misse
3740 3095 4000 3154 tanquam

2429 3182 2700 3251 peculiare
2729 3182 3047 3235 ascribitur.
3078 3178 3389 3233 Doctissimi
3414 3179 3621 3231 Petavii
3647 3176 3810 3230 verba
3840 3192 4005 3227 usur-

2434 3289 2644 3342 pamus.
2708 3272 2829 3326 Haec
2891 3274 3079 3341 utique
3128 3287 3255 3326 vera
3274 3286 3338 3324 ac
3370 3269 3587 3339 pr0pria
3621 3280 3701 3322 est
3734 3270 4006 3322 missionis

2434 3366 2605 3428 notio,
2638 3379 2743 3432 qua
2774 3364 2874 3417 soli
2910 3362 3103 3427 Filius,
3166 3372 3221 3415 et
3255 3361 3492 3431 Spiritus
3528 3371 3750 3414 sanctus
3802 3360 4008 3412 divinis

2434 3458 2487 3510 in
2527 3457 2760 3525 eloquiis
2790 3457 2936 3508 missi
2963 3471 3073 3507 esse
3117 3455 3377 3508 dicuntur
3404 3472 3416 3507 :
3454 3468 3517 3506 ac
3550 3454 3710 3505 Pater
3743 3468 4008 3520 nusquam

2432 3549 2622 3619 legitur
2657 3552 2864 3613 missus,
2902 3549 3059 3601 utait
3092 3547 3448 3615 Augustinus,
3500 3546 3641 3599 libro
3673 3560 3732 3605 Il,
3773 3544 3843 3596 De
3880 3543 4005 3596 Tri-

2433 3642 2618 3703 nitate,
2652 3640 2829 3707 capite
2862 3641 2915 3692 5.
2950 3639 3084 3692 llinc
3114 3637 3415 3691 beatissimi
3461 3636 3715 3706 Cyrillus.
3748 3644 3803 3688 et
3853 3634 4007 3685 Basi-

2432 3734 2536 3787 lius
2592 3732 2946 3801 temporalem
2966 3729 3207 3799 Spiritus
3228 3729 3401 3784 sancti
3450 3728 3761 3781 missionem
3796 3726 4008 3779 edisse-

2433 3833 2581 3887 runt,
2606 3824 2774 3877 veluti
2805 3839 2871 3878 ex
2904 3835 3108 3877 interna
3141 3825 3489 3891 processione
3548 3833 4002 3891 eonsequentem.

2432 3916 2519 3969 Ait
2553 3916 2653 3969 iste
2696 3915 2791 3968 lib.
2826 3931 2908 3977 ιιι,
2942 3915 3204 3968 Adversus
3240 3914 3590 3973 Eunomium.
3622 3931 3771 3967 num.
3808 3915 3823 3966 Ι
3858 3934 3867 3964 :
3929 3912 4004 3965 Lit

2428 4010 2517 4077 qui
2552 4006 2830 4077 (Spiritus)
2887 4023 2996 4060 esse
3016 4009 3080 4061 ab
3116 4009 3209 4060 illo
3242 4010 3458 4078 (nempe
3515 4007 3673 4076 Filio)
3704 4008 3913 4066 habeat,
3948 4016 4008 4059 ct

2429 4100 2492 4152 ab
2542 4101 2655 4169 ipso
2714 4099 2966 4167 accipiat:
3020 4108 3068 4152 et
3136 4101 3419 4151 annuntiat
3465 4099 3627 4151 nobis.
3688 4099 3774 4150 Ait
3824 4099 3910 4151 ille
3944 4100 4007 4151 in

2429 4193 2712 4253 Thesauro,
2748 4207 2868 4258 pag.
2907 4192 3031 4244 358:
3064 4191 3146 4245 Ex
3178 4193 3287 4258 ipso
3315 4191 3495 4259 (Filio)
3550 4190 3873 4242 naturaliter
3900 4205 4000 4242 ex-

2425 4286 2611 4338 sistens
2642 4283 2921 4351 (Spiritus)
2951 4293 2997 4335 ct
3032 4285 3082 4334 in
3129 4293 3435 4335 creaturam
3470 4283 3533 4333 ab
3571 4285 3680 4350 ip;o
3718 4285 3925 4335 missus.

2411 4366 2417 4381 ’
2494 4377 2600 4446 87
2632 4375 2782 4441 Quod
2818 4376 2859 4427 si
2895 4376 3115 4429 demum
3154 4374 3414 4427 exteriori
3449 4374 3791 4426 solummodo
3843 4376 4006 4443 operi

2426 4470 2575 4521 nctio
2629 4469 2891 4520 missionis
2947 4466 3257 4534 alligetur;
3315 4466 3395 4518 vel
3444 4464 3485 4515 si
3544 4465 3595 4516 in
3630 4464 3885 4517 missione
3945 4464 4005 4516 id

738 4559 924 4621 sionis,
956 4560 1023 4610 ad
1052 4560 1320 4629 originem
1355 4563 1407 4613 in
1442 4561 1643 4615 divinis
1672 4563 2046 4631 esplicandam
2080 4567 2308 4635 aptissi-
2347 4568 2390 4623 D
2421 4573 2589 4610 unum
2626 4556 3031 4615 COllSiderelur.
3080 4557 3220 4623 illIO‘J
3255 4565 3477 4608 0510558
3514 4555 3840 4622 ρτῑυεὶιιῑυηι
3864 4554 4009 4606 εσθ-

744 4664 917 4707 ιιιιιιιι,
982 4648 1327 4717 rediguntur.
1388 4649 1525 4702 Hinc
1583 4666 1716 4703 vero
1750 4667 1871 4705 cum
1915 4653 2116 4721 passim
2172 4652 2318 4706 Seri-

741 4753 913 4809 ptura:
948 4741 1243 4810 Patresque
1272 4742 1529 4805 doceant,
1567 4742 1837 4811 Spiritum
1877 4753 2129 4797 sanctum
2171 4745 2316 4796 acci-

742 4851 870 4904 pere
906 4835 971 4888 de
1005 4836 1163 4898 Filio,
1186 4844 1291 4889 eta
1317 4836 1499 4897 Patre,
1542 4836 1812 4905 Filioque.
1841 4836 1958 4889 sive
1988 4852 2087 4904 per
2114 4836 2312 4890 Filium

741 4941 1019 4989 emanare,
1056 4927 1271 4995 spirari,
1302 4926 1591 4992 proﬂuere,
1626 4926 1908 4995 profundi,
1942 4927 2316 4996 exsplendes-

740 5033 900 5084 cere;
928 5018 1040 5087 86
1055 5034 1115 5070 ea:
1140 5018 1216 5070 Itis
1234 5019 1295 5069 de
1315 5019 1611 5071 necessitate
1635 5018 2048 5072 concludendum
2077 5021 2318 5089 Aquinas

741 5111 1023 5174 admonet,
1062 5110 1200 5177 quod
1235 5109 1467 5177 Spiritus
1489 5119 1701 5164 sant-tus
1726 5129 1757 5163 a
1793 5110 1931 5164 Filio
1954 5112 2210 5179 procedit.

816 5203 878 5255 ν.
907 5202 1013 5256 Sed
1064 5202 1145 5255 vel
1180 5202 1292 5271 ipsa
1325 5204 1543 5257 demum
1594 5203 1880 5270 temporali
1907 5204 2154 5273 ejusdem
2187 5204 2319 5257 mis-

744 5295 926 5356 sione,
990 5310 1096 5363 qua
1142 5295 1371 5348 nimium
1416 5296 1727 5348 abutuntur
1777 5296 1973 5356 (irzeci.
2006 5305 2208 5349 aeterna
2257 5310 2320 5349 ac

743 5387 1122 5441 substantialis
1148 5389 1321 5456 origo,
1354 5403 1448 5441 seu
1486 5390 1767 5457 processio
1794 5385 2035 5455 Spiritus
2060 5388 2236 5441 sant-ti
2288 5403 2317 5441 λ

746 5482 907 5535 Patre
934 5494 990 5536 et
1014 5499 1044 5536 a
1070 5484 1231 5547 Filio,
1287 5485 1369 5537 vel
1414 5499 1510 5552 per
1541 5481 1738 5538 Filium
1772 5485 2101 5538 ostenditur.
2134 5484 2186 5537 ιη
2218 5484 2319 5537 huc

748 5576 1032 5643 temporali
1074 5578 1331 5630 missione
1360 5593 1639 5645 personam
1672 5576 1971 5645 distingue,
2013 5592 2134 5645 qum
2182 5578 2320 5628 mitti

744 5666 986 5721 dicitur:
1042 5684 1105 5722 ac
1140 5670 1458 5733 terminum,
1485 5672 1599 5723 sive
1632 5684 1788 5737 opus,
1817 5669 2134 5737 donumque
2166 5684 2320 5723 crea-

746 5769 883 5821 tum,
935 5762 1088 5829 eujus
1134 5763 1346 5813 ratione
1416 5761 1573 5814 missa
1644 5775 1876 5830 persona
1920 5775 2048 5813 novo
2088 5761 2319 5828 quodam

748 5852 903 5906 mde
961 5856 1010 5905 in
1069 5855 1127 5906 iis
1167 5854 1351 5923 incipit
1406 5871 1533 5922 esse,
1580 5853 1645 5907 ad
1706 5867 1844 5923 quos
1876 5849 2135 5906 mittitur.
2169 5849 2317 5920 Opus

2426 4661 2567 4711 ctus,
2603 4649 2759 4717 cujus
2812 4648 3024 4699 ratione
3080 4662 3310 4713 persona
3376 4645 3556 4713 aliqua
3589 4645 3728 4698 mitti
3764 4646 4007 4708 dicitur;

2428 4744 2544 4798 lucc
2572 4744 2761 4813 utique
2798 4744 3032 4811 primum
3069 4740 3388 4809 impropria,
3416 4753 3477 4790 ac
3520 4737 3682 4789 nimis
3708 4736 3815 4788 late
3849 4752 4011 4788 sum-

2427 4846 2519 4906 pta
2556 4837 2815 4890 missionis
2843 4834 2981 4888 ratio
3008 4844 3088 4887 est
3115 4852 3126 4885 :
3174 4847 3236 4885 ac
3275 4830 3471 4883 deinde
3500 4830 3775 4898 propriam
3831 4829 4007 4892 illam,

2427 4945 2589 5001 quam
2645 4930 3075 4985 enucleavimns.
3146 4926 3277 4979 sitis
3334 4922 3578 4983 indicat;
3637 4936 3759 4973 cum
3825 4921 3875 4971 in
3903 4919 4010 4970 hac

2426 5022 2589 5075 etiam
2628 5020 2885 5073 missione
2920 5018 3219 5087 iutprOpria
3274 5030 3545 5080 numquam
3585 5013 3743 5064 Pater
3800 5011 4008 5077 legitur

2428 5111 2641 5171 missus.
2710 5110 2860 5163 missi
2909 5124 3040 5161 vero
3109 5108 3368 5159 dicuntur
3424 5104 3593 5155 Filius
3653 5111 3704 5154 et
3761 5100 4008 5167 Spiritus

2429 5212 2673 5257 sanctus.
2716 5200 2826 5253 Cur
2852 5200 3025 5253 vero?
3054 5200 3189 5265 Quia
3223 5198 3383 5250 Pater
3414 5214 3441 5248 a
3475 5196 3624 5246 nullo
3652 5204 3757 5252 est,
3798 5193 3862 5243 ab
3892 5192 4009 5245 alio

2426 5294 2600 5348 Filius
2630 5304 2684 5347 et
2715 5295 2953 5363 Spiritus
3006 5304 3229 5347 sanctus
3292 5292 3617 5359 procedunt.
3668 5286 3784 5351 Quo
3836 5301 4005 5338 sensu

2432 5388 2623 5449 Filius,
2668 5402 2790 5440 cum
2827 5402 3047 5438 carnem
3082 5384 3397 5452 assumpsit,
3434 5396 3537 5432 non
3571 5396 3598 5432 a
3659 5380 3817 5432 Patre
3860 5377 4003 5435 solo,

2429 5482 2521 5532 sed
2555 5479 2717 5531 etiam
2745 5493 2773 5529 a
2824 5477 3026 5543 Spiritu
3084 5487 3274 5528 sancto
3306 5476 3506 5525 missus
3559 5472 3805 5534 dicitur;
3852 5472 4003 5537 quod

2430 5571 2643 5627 hieuna
2678 5570 2801 5624 cum
2836 5572 3017 5631 Patre,
3051 5570 3160 5622 itno
3190 5581 3243 5621 et
3273 5584 3393 5620 cum
3429 5565 3585 5622 Filio.
3620 5573 3905 5615 externum
3940 5565 4003 5616 il-

2430 5664 2521 5717 lud
2549 5680 2686 5733 opus
2712 5664 3049 5716 elaboravit:
3084 5678 3145 5715 ac
3187 5660 3479 5727 cmteroqui
3537 5658 3706 5711 Filius
3741 5669 3823 5709 est
3878 5672 4004 5723 per-

2430 5773 2557 5809 sona
2582 5757 2902 5825 procedens.
2939 5756 3058 5820 Quo
3106 5754 3271 5806 etiam
3326 5767 3488 5805 st-nsu
3523 5767 3631 5803 non
3682 5749 4005 5802 dubitavere

2432 5851 2621 5905 Patres
2649 5850 2719 5903 ita
2745 5849 2917 5919 loqui,
2951 5857 3009 5901 ut
3043 5846 3211 5901 Filius
3246 5862 3271 5899 :t
3304 5844 3507 5913 seipso,
3536 5853 3586 5898 ct
3626 5844 3788 5896 ct'aut
3821 5840 3999 5908 S,-iri-
