4198 6440
179 385 248 444 97
1318 384 1515 443 \'l'T.\.
1560 405 1618 418 ’-
1667 385 1764 442 Dl:

1869 385 2174 444 lii’l‘ATlU
2207 385 2252 442 l.
3379 391 3450 451 98

185 515 276 557 tus
309 509 544 555 sanctus
578 516 603 554 a
636 499 814 569 scipso
870 499 1136 552 mittatur.
1173 499 1240 552 At
1295 500 1591 552 missionem
1632 499 1764 552 act-i-
1806 510 1838 557 .t
1872 501 2199 562 subsistens,
2253 514 2315 552 ac
2361 497 2597 566 Spiritus
2641 513 2889 566 persona.
2941 515 3063 568 quae
3118 499 3446 559 Trinitatem

185 596 411 663 pientes
472 594 643 647 Grazci
685 609 780 661 pro
834 592 947 644 sola
979 591 1246 645 donorum
1303 592 1612 657 largitimie,
1652 593 1763 643 sive

182 705 284 756 pro
320 687 444 739 sola
507 689 693 754 Operis
727 685 938 738 erterni
998 684 1306 741 eilicientia.
1360 683 1592 738 eludunt
1650 684 1766 735 sine

177 779 352 831 dubio
389 778 726 844 Scripturas,
769 794 892 845 qua-
923 778 1120 844 passim
1146 776 1364 838 docent,
1407 775 1626 836 Filium,
1664 775 1767 828 hoc

177 883 260 925 est
287 888 587 939 personam
627 869 772 932 Filii,
809 871 946 922 mitti
969 885 997 922 a
1031 870 1188 924 Patre
1217 889 1229 921 ;
1271 879 1326 922 et
1355 868 1617 938 Spiritum
1645 885 1768 920 san-

179 974 360 1024 ctum,
421 961 530 1014 hoc
573 973 652 1014 est
689 979 965 1030 personam
996 961 1131 1030 ejus,
1166 975 1192 1012 a
1235 959 1392 1013 Patre
1425 960 1588 1019 mitti,
1650 974 1700 1011 et
1737 976 1766 1013 a

181 1055 344 1108 Filio.
411 1053 573 1107 Ratio
613 1067 873 1121 prrit'rca
927 1053 1090 1106 haud
1135 1069 1374 1120 unquam
1437 1054 1770 1105 convenit-us

182 1159 244 1196 ac
280 1144 466 1196 solida
494 1154 696 1213 pra‘sto
732 1144 838 1196 illis
883 1143 1064 1203 luerit,
1097 1158 1201 1211 qua
1242 1143 1542 1202 declarent,
1579 1157 1676 1194 cur
1715 1140 1767 1191 iu

181 1235 396 1288 divinis
461 1237 702 1302 eloquiis
729 1252 791 1289 ac
818 1246 924 1288 tota
950 1235 1170 1290 Patrum
1203 1234 1516 1292 traditione.
1551 1231 1769 1285 nonnisi

177 1342 422 1393 persona
481 1328 787 1396 procedens
816 1327 884 1379 ab
914 1327 1036 1387 alia.
1070 1327 1210 1380 mitti
1252 1324 1616 1379 enuntietur?
1649 1323 1771 1376 H.cc

175 1419 337 1470 docct
399 1421 589 1470 omnia
649 1420 923 1472 latissime
1015 1419 1306 1489 Dionysius
1366 1419 1644 1491 Petavius,
1709 1417 1769 1468 li-

176 1511 275 1562 ltro
295 1526 414 1570 \ltl,
459 1509 533 1562 De
563 1510 844 1575 Trinitate,
867 1528 928 1566 ac
952 1512 1104 1566 brevi
1133 1513 1402 1565 sententia
1431 1513 1670 1578 Aquinas
1696 1512 1746 1562 in

179 1602 353 1670 prima
388 1601 634 1654 Summae
678 1603 994 1671 theologica:
1024 1616 1201 1672 parte,
1233 1613 1423 1671 quiest.
1467 1605 1554 1662 Ν.
1580 1613 1681 1655 art.
1716 1603 1767 1663 8,

246 1697 575 1750 Mi~sionent
611 1698 755 1750 illam
787 1699 1093 1750 divinarum
1142 1711 1508 1765 personarum
1544 1694 1769 1762 proprie

178 1789 382 1840 dit-tam
414 1789 491 1841 ita
526 1789 748 1842 demunt
777 1788 984 1856 accipe,
1013 1803 1074 1840 ac
1105 1787 1363 1854 intellige.
1393 1786 1573 1839 Belius
1601 1785 1771 1836 omni-

1871 594 2108 660 complet
2145 631 2158 644 .
2202 631 2216 644 .
2261 633 2272 644 .
2305 591 2519 644 Etenim
2565 590 2816 644 Christus
2850 593 3086 642 eumdem
3117 607 3176 644 se
3240 609 3445 646 missu-

1873 701 1990 738 rum
2024 686 2153 739 dicit
2207 701 2326 738 esse
2363 684 2643 748 Spiritum,
2711 683 2801 750 qui
2853 701 2883 733 a
2946 682 3111 735 Patr:
3169 685 3446 751 procedit:

1873 793 2048 844 tit-quc
2083 778 2247 829 alium
2277 793 2333 830 se
2373 777 2669 830 miswrum
2721 777 2940 845 quidem
2975 780 3070 836 ait,
3117 779 3282 832 alium
3315 795 3448 832 vero

1874 868 2088 921 Patrem
2142 886 2264 922 esse
2301 872 2622 928 mis:.uruttt.
2659 869 2790 922 Cum
2823 871 2980 930 enim,
3021 870 3211 936 inquit.
3242 874 3443 923 venerit

1875 962 2212 1022 l’aracletus,
2271 978 2426 1030 quem
2461 978 2551 1030 ego
2587 965 2792 1013 mittam
2848 961 2985 1013 robis
3027 979 3056 1012 a
3093 959 3277 1020 Patre,
3326 959 3446 1028 Spi-

1875 1053 2032 1102 ritum
2063 1053 2297 1104 veritatis
2324 1053 2414 1119 qui
2447 1068 2477 1102 a
2517 1049 2678 1102 Patre
2716 1053 2963 1117 procedit.
3001 1050 3114 1102 lloc
3153 1063 3334 1103 autent
3361 1053 3445 1104 vel

1874 1143 2210 1208 grammatici
2241 1142 2342 1208 ipsi
2380 1153 2450 1194 tta
2479 1141 2869 1208 citttceperint:
2902 1156 3016 1190 cum
3038 1141 3234 1192 venerit
3275 1141 3444 1192 Para-

1875 1233 2059 1294 cletus,
2091 1235 2177 1302 qui
2203 1251 2234 1284 α
2267 1231 2429 1285 Patre
2450 1233 2705 1302 procedit,
2730 1247 2882 1299 quem
2910 1247 3002 1300 ego
3036 1234 3239 1284 mittam
3261 1234 3400 1285 vobis
3425 1251 3443 1296 ;

1877 1331 1933 1373 ut
1984 1323 2334 1390 perspicuum
2387 1324 2478 1385 sit,
2509 1323 2762 1376 eumdem
2796 1321 2971 1389 ipsum
3004 1327 3071 1375 ali
3103 1322 3197 1374 illo
3214 1323 3443 1376 missum

1877 1415 1965 1478 iri,
1997 1417 2090 1482 qui
2127 1431 2155 1468 a
2191 1416 2350 1468 Patre
2385 1416 2656 1483 procedit.
2711 1415 2762 1467 Si
2800 1415 2965 1482 igitur
3000 1431 3230 1482 persona
3272 1416 3448 1484 Spiri-

1878 1516 1965 1559 tus
1997 1507 2168 1561 sant-ti
2201 1524 2229 1559 a
2271 1506 2428 1559 Patre
2461 1507 2726 1573 procedit,
2763 1508 2902 1560 hanc
2937 1515 2990 1558 et
3051 1507 3217 1560 Filius
3253 1509 3445 1563 mittit.

1875 1597 2029 1675 Quod
2070 1599 2114 1649 si
2138 1601 2366 1665 gratiam
2401 1599 2612 1650 minime
2639 1599 3007 1650 subsistentem
3041 1598 3212 1651 Filius
3245 1599 3444 1664 mittit;

1876 1691 2040 1742 etiam
2081 1705 2110 1742 a
2160 1691 2318 1746 Patte
2344 1707 2448 1743 non
2474 1691 2732 1758 Spiritus,
2777 1692 2871 1744 sed
2899 1693 3070 1760 gratia
3105 1692 3379 1759 procedet.
3422 1711 3441 1743 s

1880 1782 2003 1836 11η
2027 1783 2278 1836 Bessario
2300 1783 2762 1837 Iuculcntissime.
2793 1784 2983 1836 ltohur
3017 1784 3100 1837 Itis
3127 1785 3312 1844 adiicit
3345 1786 3448 1840 Pe-

177 1879 279 1933 bus
316 1881 486 1940 inest,
511 1888 569 1932 et
609 1881 765 1932 adest
798 1879 988 1931 intime
1038 1877 1178 1932 Deus
1243 1894 1337 1948 per
1365 1879 1667 1935 essentiam,
1721 1884 1766 1927 et
1803 1865 1842 1919 Β
1877 1873 2051 1924 larius
2069 1872 2136 1925 de
2166 1873 2508 1925 sanctissima
2538 1871 2828 1935 Trinitate,
2864 1874 2988 1928 loco
3015 1875 3202 1935 citato.
3240 1892 3360 1945 cap.
3391 1877 3446 1942 5,

177 1973 551 2037 praesentiam,
587 1988 648 2022 ac
680 1973 998 2039 potentiam:
1039 1971 1202 2034 idque
1238 1971 1401 2023 habet
1439 1987 1468 2022 a
1531 1969 1640 2022 Deo
1675 1984 1767 2035 p.1-

177 2073 259 2116 tre
295 2065 446 2117 Deus
470 2065 669 2126 Filius,
699 2075 751 2118 et
782 2065 948 2118 habet
967 2081 994 2116 a
1013 2065 1170 2118 Patre
1188 2072 1240 2116 ct
1275 2063 1410 2116 Filio
1432 2062 1570 2114 Deus
1591 2061 1764 2130 Spiri-

174 2169 261 2211 tus
300 2168 561 2211 sanctus.
595 2159 703 2212 Per
736 2161 1130 2212 charismatum
1179 2157 1555 2225 elargi'tionetn
1591 2172 1765 2209 novus

178 2253 465 2318 consurgit
490 2251 661 2304 veluti
688 2251 987 2318 praesentia:
1009 2251 1220 2312 modus,
1254 2251 1344 2318 qui
1367 2249 1534 2318 magis
1561 2250 1767 2302 minus-

180 2357 281 2410 que
300 2343 572 2410 specialis
587 2353 670 2395 est
689 2358 784 2409 pro
810 2342 918 2394 dati
945 2341 1610 2408 charismatispraesentia.
1630 2337 1764 2391 Uine

180 2435 423 2504 Spiritus
467 2446 758 2497 sauctus,a
807 2434 969 2488 Patre
1004 2443 1057 2487 et
1116 2450 1144 2488 a
1176 2435 1315 2489 Filio
1361 2437 1580 2497 missus,
1622 2449 1764 2486 novo

182 2529 342 2581 modo
364 2529 611 2580 absolute
631 2538 678 2580 et
697 2527 1008 2596 simpliciter
1031 2529 1207 2581 inesse
1225 2527 1428 2582 dicitur
1448 2539 1499 2580 et
1521 2527 1764 2580 habitare

182 2620 234 2674 in
265 2621 332 2672 iis
364 2620 464 2688 qui
519 2619 712 2688 gratiae
735 2617 1128 2677 sanctilicantis
1151 2616 1425 2669 charisma
1450 2617 1762 2683 accipiunt:

178 2712 264 2764 sed
290 2712 465 2763 etiam
489 2723 636 2761 novo
655 2707 840 2776 aliquo
860 2709 1021 2759 modo
1035 2722 1130 2774 per
1154 2706 1313 2758 (idem
1333 2707 1488 2759 estin
1517 2707 1766 2759 ﬁdelibus

90 2831 92 2834 ν
179 2802 590 2872 peccatoribus.
620 2808 677 2853 et
703 2815 798 2868 per
853 2799 1208 2853 dilectionem
1245 2801 1298 2852 iu
1350 2800 1762 2868 pceniteuzihus.

172 2897 467 2945 secundum
517 2891 668 2955 quid,
702 2901 759 2943 ut
816 2890 1092 2958 inquiunt,
1122 2898 1170 2941 et
1207 2891 1524 2959 imperfecte.
1568 2891 1762 2944 Verum

178 2983 467 3036 enimvero
526 2996 654 3033 cum
710 2980 827 3048 ipso
885 2979 1092 3044 Spiritu
1145 2992 1354 3062 sanctq,
1390 2984 1479 3050 qui
1510 2983 1761 3048 mittitur,

179 3090 539 3130 communem
600 3073 802 3126 habent
833 3073 992 3127 Pater
1050 3075 1212 3128 etiam
1249 3061 1505 3128 etii-Filius
1566 3093 1762 3129 novam

179 3168 347 3237 ipsam
384 3165 766 3233 praesentiam,
794 3175 847 3217 et
907 3165 1349 3219 inhabitatiouem
1398 3169 1607 3220 ratione
1633 3168 1759 3220 doni

177 3256 453 3318 concessi,
488 3255 641 3324 quod
673 3254 836 3308 simul
865 3254 931 3306 ad
984 3265 1135 3307 extra
1177 3266 1286 3308 tnta
1328 3269 1585 3323 operatur
1643 3273 1764 3309 sau-

175 3351 427 3404 ctissinta
458 3346 730 3400 Trinitas.
763 3349 832 3400 At
883 3363 1100 3400 rursum
1137 3348 1189 3399 in
1225 3348 1481 3414 praedicta
1539 3365 1767 3416 prwser-

177 3444 266 3494 tim
321 3457 428 3510 per
462 3441 702 3507 gratiam
729 3438 1158 3492 sanctificantetn
1191 3439 1767 3508 iubabitationcjnstis

174 3534 225 3586 in
277 3531 616 3585 hominibus
642 3530 922 3599 quidpiam
971 3531 1136 3583 etiam
1169 3531 1422 3593 inveniri,
1456 3532 1601 3598 quod
1637 3546 1766 3599 pro-

173 3627 352 3694 prium
392 3626 468 3679 sit
493 3640 745 3693 personae
776 3623 1015 3692 Spiritus
1056 3623 1252 3686 sancti,
1306 3625 1472 3676 veluti
1510 3625 1767 3692 specialis

174 3719 428 3785 quedam
485 3717 815 3771 substantia:
850 3717 967 3786 ejus
996 3717 1062 3768 ad
1092 3717 1324 3770 animam
1358 3717 1492 3788 justi
1528 3721 1767 3788 applica-

177 3811 270 3872 tio,
319 3809 689 3878 frequentius
723 3807 837 3877 88
867 3807 1067 3860 docent
1101 3809 1367 3878 theologi;
1422 3825 1487 3863 ac
1522 3811 1768 3864 luculen-

179 3903 389 3957 tissime
423 3902 956 3971 disseruntSylvius
987 3901 1040 3954 in
1083 3901 1319 3956 Primam
1346 3914 1553 3973 partem
1588 3905 1763 3958 sancti

179 3996 403 4049 Tuosne
436 4005 493 4048 et
525 3993 789 4047 Petavius
811 3993 933 4046 loco
981 3993 1170 4046 citato.

248 4090 403 4144 Hane
461 4087 791 4140 missionem
826 4085 1051 4154 pr0prie
1080 4085 1306 4152 dictam,
1336 4085 1389 4140 in
1423 4103 1599 4158 eaque
1629 4105 1766 4158 pra:-

181 4184 340 4251 cipuo
405 4179 580 4233 modo
623 4178 1086 4248 comprehensam
1120 4179 1317 4234 divina:
1343 4197 1610 4250 persoam.
1643 4200 1765 4250 quae

182 4278 438 4335 mittitur,
468 4271 898 4342 productionem
918 4280 1016 4325 aut
1044 4274 1453 4341 processionem
1484 4275 1551 4327 ab
1571 4275 1762 4339 altera,

183 4365 538 4420 validissimis
572 4363 912 4432 argumentis
937 4371 1096 4418 aetate
1127 4379 1224 4418 sua
1254 4375 1443 4418 contra
1481 4382 1611 4419 suos
1635 4383 1765 4437 gen-

183 4462 298 4512 tiles
331 4460 602 4511 tuebatur
624 4453 866 4509 Joannes
893 4455 1120 4521 Beccus,
1152 4456 1514 4527 pluribusque
1538 4458 1759 4514 Patrum

1870 1981 2021 2018 num.
2052 1967 2148 2019 19:
2187 1966 2281 2020 Est
2310 1970 2446 2020 enim
2476 1970 2932 2022 absurdissimum.
2981 1972 3252 2036 inquiens,
3284 1990 3448 2026 unam

1869 2057 2099 2126 Spiritus
2125 2076 2296 2112 vocem
2323 2063 2502 2113 eadem
2531 2063 2584 2112 in
2610 2064 2870 2114 sententia
2901 2065 2973 2115 sic
3005 2064 3244 2133 ambigue
3294 2083 3448 2117 usnr~

1871 2153 2012 2219 pari,
2050 2161 2104 2203 nt
2140 2154 2299 2205 altari
2325 2152 2515 2220 juncta
2553 2153 2704 2206 verbo
2743 2171 3017 2221 personam
3049 2158 3214 2223 ipsam
3245 2158 3449 2226 signi/i-

1869 2255 1944 2293 cct
1978 2262 1993 2295 .'
2025 2242 2093 2294 ad
2118 2242 2344 2295 alterum
2377 2242 2570 2305 relata,
2600 2244 2916 2314 qualitatem
2954 2258 3001 2299 et
3028 2250 3298 2316 gratiam;
3353 2249 3448 2301 Itoc

1869 2336 2082 2400 proprie
2146 2336 2304 2413 simul
2335 2346 2642 2399 usurpetur,
2677 2354 2739 2388 ac
2767 2339 3002 2406 tropice.
3038 2340 3176 2393 Nam
3205 2359 3320 2395 cum
3353 2359 3448 2395 no-

1875 2442 1991 2477 men
2015 2427 2173 2494 ipsius
2213 2426 2440 2494 Spiritus
2473 2431 2645 2482 sancti
2681 2433 2893 2499 proprie
2911 2447 2973 2483 ac
3001 2449 3094 2501 per
3125 2450 3178 2486 se
3212 2435 3448 2488 divinam

1869 2520 1983 2585 ejtts
2011 2519 2364 2573 substantiam
2389 2537 2776 2590 personamque
2803 2522 3085 2592 signiﬁcet,
3112 2532 3234 2578 nec’
3261 2529 3312 2578 in
3340 2527 3449 2594 plu-

1871 2614 2046 2680 risque
2093 2613 2219 2665 locis
2276 2613 2436 2666 aliter
2491 2616 2835 2684 interpretari
2868 2617 3147 2671 liceat:itt
3221 2621 3446 2685 cwteris,

1870 2718 1982 2769 qua:
2009 2703 2133 2754 bene
2167 2705 2334 2757 multa
2358 2715 2501 2766 sunt,
2534 2706 2618 2756 ubi
2649 2707 2892 2775 lli/randi,
2921 2707 3002 2760 uel
3027 2709 3094 2760 ad
3124 2725 3217 2762 nos
3249 2715 3447 2777 uenire,

1870 2804 2025 2862 atque
2051 2797 2102 2847 in
2138 2797 2279 2848 nobis
2310 2797 2551 2850 habitare
2581 2799 2773 2850 dicitur
2800 2800 2938 2852 idem
2968 2801 3058 2853 ille
3089 2799 3452 2868 Spiritussan-

1870 2898 1982 2938 ctus
2007 2887 2237 2957 figurate
2260 2899 2308 2941 et
2342 2891 2625 2959 impr0prie
2641 2893 2778 2944 sumi
2796 2903 3002 2961 putare.
3038 2911 3116 2947 res
3136 2905 3209 2948 est
3235 2898 3454 2966 periculi

1867 2984 2065 3046 plura,“
2127 2998 2188 3032 ne
2222 2984 2360 3050 quod
2392 2983 2444 3034 in
2478 2985 2592 3035 istis
2627 2982 2921 3052 Scriptum:
2978 2988 3286 3042 testimoniis
3342 2999 3452 3044 tute

1868 3072 1961 3122 tibi
2013 3074 2332 3138 permiseris,
2389 3076 2528 3125 idem
2583 3078 2636 3125 in
2673 3075 2794 3127 aliis
2829 3079 3041 3128 concedi
3073 3096 3166 3132 suo
3189 3082 3285 3134 sibi
3326 3083 3453 3150 jure

1869 3163 2133 3228 postulent
2181 3166 2430 3218 Itat'etici.
2468 3163 2575 3218 Sed
2627 3167 2680 3236 in
2718 3183 2846 3225 una.
2895 3171 3282 3238 continentique
3338 3174 3453 3242 89

1869 3256 2149 3313 sententia,
2199 3273 2356 3324 quam
2404 3272 2466 3308 ex
2522 3255 2745 3310 Joannis
2781 3257 3070 3328 Evangelia
3121 3263 3450 3316 doctissimus

1872 3343 2115 3396 Bessario
2153 3347 2335 3412 refert,
2376 3349 2570 3413 species
2596 3333 2598 3335 i
2626 3359 2702 3399 est
2756 3349 2994 3412 absurdi,
3049 3355 3451 3420 argumentique

1868 3437 2094 3502 ﬁrmitas
2144 3443 2336 3502 major.
2396 3438 2532 3491 Hinc
2566 3455 2697 3492 vero
2760 3443 3184 3509 exposcentibus
3224 3444 3447 3511 Cra-cis,

1873 3530 2093 3580 ubinam
2121 3528 2530 3596 Scripturarutn
2560 3532 2829 3586 habeatur
2857 3533 3092 3603 Spiritus
3115 3538 3288 3590 sancti
3321 3554 3451 3606 pro-

1869 3621 2049 3673 Ccssio
2082 3636 2110 3672 a
2150 3621 2309 3682 Filio,
2370 3623 2561 3696 reponi
2604 3633 2722 3678 tuto
2753 3625 2937 3690 debet,
2977 3626 3116 3680 hanc
3145 3643 3239 3682 eos
3267 3631 3450 3698 expri-

1881 3727 2029 3764 mere
2062 3716 2180 3766 sine
2222 3714 2394 3770 dubio
2423 3713 2597 3776 locos.
2623 3717 2714 3784 qui
2742 3716 2940 3771 docent
2962 3734 2991 3771 a
3024 3719 3162 3774 Filio
3180 3720 3444 3790 Spiritum

1869 3804 2143 3872 accipere,
2182 3805 2470 3875 ipsumque
2501 3823 2529 3860 a
2564 3808 2703 3862 Filio
2734 3811 2898 3877 mitti,
2939 3813 3157 3868 etdari.
3196 3815 3328 3871 Vide
3357 3833 3448 3871 ca-

1869 3907 1964 3964 put
1986 3897 2037 3958 9,
2068 3914 2218 3950 nunt.
2259 3899 2290 3951 8
2318 3899 2455 3964 (l0).

1943 3989 2025 4042 γι.
2059 3989 2261 4045 Locum
2304 3994 2481 4061 primo
2521 3994 2810 4051 dttlicilem
2845 4010 3070 4068 aspectu
3095 4039 3111 4064 ,
3143 4017 3308 4071 quem
3340 4002 3446 4058 sub

1864 4083 2091 4138 Joannis
2119 4084 2494 4155 Chrysostomi
2527 4092 2750 4144 nomine
2800 4093 3039 4149 aderunt
3076 4095 3275 4158 Graeci,
3323 4100 3440 4150 vcl-

1869 4176 1945 4227 uti
1993 4190 2305 4233 commento
2333 4196 2435 4235 suo
2461 4197 2790 4249 consonum,
2814 4186 2882 4239 ad
2908 4203 3135 4243 examen
3165 4200 3444 4258 postremo

1871 4284 2060 4322 vocare
2091 4271 2272 4326 liceat.
2313 4273 2564 4328 Sumitur
2602 4290 2666 4329 ex
2707 4276 2931 4332 bomilia
2955 4281 3190 4348 quadam
3220 4285 3287 4338 de
3320 4287 3442 4354 Spi-

1869 4363 1971 4412 ritu
2005 4373 2349 4432 sancto,qu:e
2370 4364 2425 4419 in
2455 4368 2700 4422 editione
2725 4369 3018 4426 Parisieusi
3049 4374 3442 4434 Montfaucouii

1868 4465 2094 4521 prostat.
2123 4467 2270 4512 torno
2302 4459 2391 4520 Ill.
2424 4460 2572 4517 inter
2601 4465 2809 4532 spuria.
2849 4465 2940 4519 Ait
2973 4477 3167 4522 auctor
3194 4485 3349 4524 num.
3386 4475 3436 4527 'l:

183 4548 518 4602 testimoniis
552 4547 914 4600 conlirtnatin
946 4545 1286 4618 Epigrapltis,
1310 4549 1423 4602 sive
1455 4547 1759 4612 Sententiis,
1796 4567 1836 4618 ο
1871 4564 1889 4596 t
1926 4547 1997 4599 De
2051 4566 2161 4602 meo
2217 4553 2436 4620 accipies
2466 4569 2484 4608 :
2518 4570 2582 4608 ex
2619 4558 2688 4610 iis
2715 4572 2837 4626 qua:
2891 4559 3024 4613 mihi
3073 4564 3442 4630 suppeditavit

180 4644 352 4710 capite
389 4639 447 4701 8,
510 4654 611 4693 eos
659 4639 847 4707 utique
883 4639 1159 4705 refellens,
1213 4640 1306 4709 qui
1337 4657 1455 4694 cum
1514 4643 1763 4695 audirent

181 4734 440 4800 Spiritum
505 4739 754 4782 sanctum
807 4745 868 4782 ex
919 4729 1060 4782 Filio
1101 4732 1261 4784 etiam
1312 4748 1563 4785 emanare
1607 4745 1763 4801 atqste

179 4828 407 4890 prodire,
453 4839 562 4875 non
623 4821 854 4873 dicinam
917 4821 1144 4890 Spiritus
1198 4833 1445 4877 naturam
1475 4842 1539 4878 ea:
1587 4825 1761 4880 divina

180 4918 480 4970 substantia
519 4925 817 4981 naturaque
867 4912 985 4966 Filii
1015 4916 1141 4967 ariri
1175 4925 1330 4983 atque
1377 4932 1629 4971 emanare
1687 4921 1764 4972 irt-

179 5014 314 5062 sulse
333 5009 655 5079 garriebant
673 5023 691 5059 :
723 5009 812 5058 sed
833 5006 1075 5075 spiritale
1101 5009 1362 5075 quoddam
1387 5011 1581 5063 donum
1599 5013 1760 5079 illius,

182 5109 264 5172 qui
295 5105 450 5173 digni
480 5110 629 5163 sunt,
660 5101 1018 5167 supervenire.
1052 5101 1359 5156 Adversum
1418 5103 1533 5157 ha:c
1568 5105 1758 5178 dispu-

184 5199 311 5249 tavit
331 5195 564 5264 quidetn
627 5201 812 5261 postea
843 5191 1141 5262 Gregorius
1166 5193 1446 5248 Palamas:
1476 5197 1570 5250 sed
1612 5197 1761 5251 hunc

183 5287 438 5340 Bessario
476 5286 591 5338 late
623 5283 873 5337 rcl’utavit
906 5283 959 5337 iu
1014 5284 1220 5354 synodo
1277 5285 1594 5341 Florentia:
1647 5305 1762 5342 st-s-

183 5380 333 5429 sione
368 5377 462 5439 “25‘,
491 5374 675 5442 capite
713 5373 763 5425 8.
821 5372 1018 5436 Pauca,
1053 5389 1225 5443 eaque
1278 5378 1493 5445 egregia
1546 5392 1609 5432 ac
1671 5379 1758 5431 di-

184 5473 511 5528 sertissima,
560 5467 823 5533 decerpo.
863 5485 880 5516 ς
922 5466 1060 5532 Quid
1095 5478 1149 5521 tu
1203 5472 1419 5522 tandem
1477 5471 1756 5539 intelligis,

186 5571 302 5610 cum
340 5557 505 5610 audis
547 5572 579 5607 a
633 5557 775 5607 Filio
835 5555 1093 5624 S;iritum
1153 5561 1341 5615 mitti!
1396 5560 1758 5628 Pchpimutm

185 5664 260 5703 est
289 5653 462 5712 enim,
502 5661 557 5703 te
591 5649 674 5701 vel
703 5649 926 5701 invitum
957 5666 1238 5718 personant
1264 5650 1408 5704 illius
1435 5652 1758 5721 intelligere:

185 5758 353 5810 neque
379 5743 532 5796 enim
571 5758 676 5793 non
716 5740 1005 5794 subsistens
1029 5744 1203 5810 gratia
1230 5744 1466 5796 mittitur
1504 5782 1518 5796 .
1554 5783 1568 5798 .
1607 5786 1616 5797 .
1651 5746 1755 5800 Sed

186 5836 281 5888 bac
318 5838 521 5894 ipsum,
585 5836 724 5894 quod
782 5836 1024 5900 mittitur,
1073 5835 1252 5888 divina
1295 5847 1486 5890 natura
1541 5848 1641 5902 est,
1704 5847 1758 5892 ct

1868 4640 1967 4690 soii
2031 4639 2245 4698 homini
2301 4642 2606 4710 Dominico,
2642 4660 2826 4705 sumet
2856 4650 2961 4705 sibi
2996 4653 3089 4720 qui
3131 4654 3303 4717 dedit,
3345 4658 3439 4726 qui

1868 4739 2013 4781 venit
2049 4745 2214 4800 super
2247 4748 2356 4798 tne,
2376 4743 2430 4787 et
2462 4736 2664 4790 mansit
2692 4738 2746 4794 in
2773 4752 2878 4803 me,
2909 4741 3001 4808 qui
3030 4742 3182 4794 unxit
3211 4759 3316 4805 me,
3345 4745 3439 4812 qui

1866 4822 2228 4876 sauctiticavit
2266 4841 2372 4891 nte,
2403 4827 2495 4896 qui
2525 4829 2678 4882 duxit
2704 4845 2788 4884 me
2818 4830 2870 4883 in
2897 4833 3201 4900 desertum,
3225 4839 3316 4905 qui
3360 4854 3443 4891 re-

1865 4913 2019 4967 duxit
2048 4930 2133 4969 me
2164 4917 2425 4972 viatorem
2460 4958 2473 4971 .
2503 4959 2518 4972 .
2562 4958 2578 4974 .
2639 4920 2712 4973 De
2743 4938 2854 4975 meo
2889 4927 3128 4993 accipiet,
3161 4938 3209 4980 et
3232 4947 3441 4983 annun-

1867 5006 2014 5057 tiabit
2041 5006 2209 5060 vobis.
2242 5007 2309 5062 Ut
2333 5010 2607 5081 ostendat,
2639 5014 2785 5081 quod
2831 5032 2940 5069 non
2976 5020 3151 5072 sancti
3202 5019 3440 5088 Spiritus

1864 5279 2015 5330 habet
2037 5282 2222 5346 Pater,
2251 5299 2366 5337 mea
2398 5294 2521 5337 sunt
2539 5303 2557 5350 ;
2581 5290 2767 5356 accepi
2793 5307 2855 5342 ea
2882 5292 2948 5345 de
2982 5293 3188 5360 Spiritu
3221 5307 3432 5353 sancto.

1865 5372 2159 5442 Propterea
2191 5374 2325 5438 dixi,
2383 5377 2459 5431 De
2517 5396 2628 5433 meo
2666 5385 2881 5452 accipiet
2916 5401 2935 5438 :
2984 5389 3245 5454 «ευοιιίωιι
3291 5392 3435 5447 Deus

1864 5479 2082 5518 carnem
2108 5468 2471 5524 sanctiﬁcavit
2494 5469 2698 5541 Spiritu
2731 5487 2944 5541 sancto,
2975 5491 3032 5533 et
3063 5483 3243 5536 emisit
3274 5483 3437 5538 Pater

1865 5563 2070 5612 donum
2120 5560 2360 5630 Spiritus
2410 5565 2466 5617 itt
2509 5582 2728 5621 carnem
2777 5571 3002 5626 Christi.
3044 5575 3201 5628 Venit
3251 5590 3434 5633 autem

1864 5653 2056 5721 gratia,
2083 5663 2138 5706 et
2172 5656 2358 5709 omnia
2402 5657 2542 5711 dona
2595 5662 2786 5716 indidit
2817 5665 3056 5721 Chrisso.
3115 5687 3136 5720 s
3183 5669 3262 5723 En
3317 5689 3438 5727 vero

1865 5749 2144 5813 (inquiunt
2189 5747 2421 5817 Graeci),
2482 5752 2842 5822 Cltrysostomi
2919 5764 3208 5816 auctoritas
3260 5778 3438 5829 aperte

1864 5850 2260 5908 t'tmttnonstrat,
2316 5847 2598 5900 secundum
2636 5850 3025 5909 humanitatem
3075 5855 3284 5912 Domini
3314 5859 3435 5924 dici,
